{"ticker": "SLM", "price": {"title": "SLM Historical Annual Stock Price Data", "value": 15.34, "historical": {"2021": {"Average Stock Price": "13.6119", "Year Open": "12.0900", "Year High": "15.3400", "Year Low": "12.0900", "Year Close": "15.3400", "Annual % Change": "23.81%"}, "2020": {"Average Stock Price": "8.7371", "Year Open": "8.9400", "Year High": "12.4500", "Year Low": "6.1000", "Year Close": "12.3900", "Annual % Change": "39.06%"}, "2019": {"Average Stock Price": "9.4744", "Year Open": "8.5300", "Year High": "11.4300", "Year Low": "7.8400", "Year Close": "8.9100", "Annual % Change": "7.22%"}, "2018": {"Average Stock Price": "11.0847", "Year Open": "11.3400", "Year High": "12.1400", "Year Low": "8.1200", "Year Close": "8.3100", "Annual % Change": "-26.46%"}, "2017": {"Average Stock Price": "11.2526", "Year Open": "11.3500", "Year High": "12.8500", "Year Low": "9.8400", "Year Close": "11.3000", "Annual % Change": "2.54%"}, "2016": {"Average Stock Price": "7.1868", "Year Open": "6.5400", "Year High": "11.5200", "Year Low": "5.3800", "Year Close": "11.0200", "Annual % Change": "69.02%"}, "2015": {"Average Stock Price": "8.7647", "Year Open": "10.3200", "Year High": "10.7000", "Year Low": "6.3100", "Year Close": "6.5200", "Annual % Change": "-36.02%"}, "2014": {"Average Stock Price": "8.9699", "Year Open": "9.2995", "Year High": "10.3350", "Year Low": "7.8306", "Year Close": "10.1900", "Annual % Change": "8.49%"}, "2013": {"Average Stock Price": "8.1050", "Year Open": "6.2187", "Year High": "9.5282", "Year Low": "5.9864", "Year Close": "9.3924", "Annual % Change": "53.42%"}, "2012": {"Average Stock Price": "5.6137", "Year Open": "4.9178", "Year High": "6.3438", "Year Low": "4.6069", "Year Close": "6.1222", "Annual % Change": "27.84%"}, "2011": {"Average Stock Price": "5.1900", "Year Open": "4.5890", "Year High": "6.0901", "Year Low": "4.0565", "Year Close": "4.7891", "Annual % Change": "6.43%"}, "2010": {"Average Stock Price": "4.1757", "Year Open": "4.1244", "Year High": "4.8535", "Year Low": "3.6312", "Year Close": "4.4996", "Annual % Change": "11.71%"}, "2009": {"Average Stock Price": "3.0031", "Year Open": "3.2416", "Year High": "4.2888", "Year Low": "1.1401", "Year Close": "4.0279", "Annual % Change": "26.63%"}, "2008": {"Average Stock Price": "5.7648", "Year Open": "6.9192", "Year High": "8.8277", "Year Low": "1.9621", "Year Close": "3.1808", "Annual % Change": "-55.81%"}, "2007": {"Average Stock Price": "16.6846", "Year Open": "17.0550", "Year High": "20.7219", "Year Low": "7.0229", "Year Close": "7.1980", "Annual % Change": "-58.70%"}, "2006": {"Average Stock Price": "18.5213", "Year Open": "19.9464", "Year High": "20.7720", "Year Low": "16.0793", "Year Close": "17.4303", "Annual % Change": "-11.47%"}, "2005": {"Average Stock Price": "18.2752", "Year Open": "19.5318", "Year High": "19.9500", "Year Low": "16.4689", "Year Close": "19.6891", "Annual % Change": "3.18%"}, "2004": {"Average Stock Price": "14.9962", "Year Open": "13.2380", "Year High": "19.3853", "Year Low": "13.2202", "Year Close": "19.0815", "Annual % Change": "41.69%"}, "2003": {"Average Stock Price": "13.7014", "Year Open": "12.5089", "Year High": "15.2383", "Year Low": "12.0920", "Year Close": "13.4668", "Annual % Change": "8.80%"}, "2002": {"Average Stock Price": "11.2975", "Year Open": "9.8034", "Year High": "12.7353", "Year Low": "9.4294", "Year Close": "12.3779", "Annual % Change": "23.66%"}, "2001": {"Average Stock Price": "8.9846", "Year Open": "7.4827", "Year High": "10.4122", "Year Low": "6.9252", "Year Close": "10.0095", "Annual % Change": "23.56%"}, "2000": {"Average Stock Price": "4.9798", "Year Open": "4.7427", "Year High": "8.1010", "Year Low": "3.3726", "Year Close": "8.1010", "Annual % Change": "60.94%"}, "1999": {"Average Stock Price": "5.3472", "Year Open": "5.6814", "Year High": "6.3891", "Year Low": "4.7808", "Year Close": "5.0334", "Annual % Change": "-11.98%"}, "1998": {"Average Stock Price": "5.0427", "Year Open": "4.7653", "Year High": "6.0758", "Year Low": "3.3357", "Year Close": "5.7184", "Annual % Change": "20.78%"}, "1997": {"Average Stock Price": "4.3498", "Year Open": "3.0763", "Year High": "5.5754", "Year Low": "3.0593", "Year Close": "4.7347", "Annual % Change": "49.38%"}, "1996": {"Average Stock Price": "2.6620", "Year Open": "2.2254", "Year High": "3.3272", "Year Low": "2.1699", "Year Close": "3.1696", "Annual % Change": "41.09%"}, "1995": {"Average Stock Price": "1.6713", "Year Open": "1.1318", "Year High": "2.4082", "Year Low": "1.1318", "Year Close": "2.2465", "Annual % Change": "103.08%"}, "1994": {"Average Stock Price": "1.3101", "Year Open": "1.5317", "Year High": "1.6934", "Year Low": "1.0678", "Year Close": "1.1062", "Annual % Change": "-27.59%"}, "1993": {"Average Stock Price": "1.6515", "Year Open": "2.3016", "Year High": "2.5358", "Year Low": "1.3615", "Year Close": "1.5276", "Annual % Change": "-34.83%"}, "1992": {"Average Stock Price": "2.2953", "Year Open": "2.4889", "Year High": "2.5825", "Year Low": "2.0297", "Year Close": "2.3442", "Annual % Change": "-6.93%"}, "1991": {"Average Stock Price": "1.9342", "Year Open": "1.6253", "Year High": "2.5654", "Year Low": "1.5147", "Year Close": "2.5188", "Annual % Change": "59.99%"}, "1990": {"Average Stock Price": "1.5375", "Year Open": "1.6508", "Year High": "1.9020", "Year Low": "1.1403", "Year Close": "1.5743", "Annual % Change": "-3.64%"}, "1989": {"Average Stock Price": "1.4267", "Year Open": "1.1453", "Year High": "1.7870", "Year Low": "1.1351", "Year Close": "1.6338", "Annual % Change": "41.81%"}}}, "market cap": {"value": "$5.76B"}, "income statement": {"Revenue": {"2020-12-31": "2353.10900", "2019-12-31": "2379.95900", "2018-12-31": "1883.45700", "2017-12-31": "1434.40100", "2016-12-31": "1146.06200", "2015-12-31": "1013.71100", "2014-12-31": "831.57800", "2013-12-31": "849.46800", "2012-12-31": "757.79200", "2011-12-31": "5659.00000", "2010-12-31": "6776.00000", "2009-12-31": "6091.00000", "2008-12-31": "7741.66500", "2007-12-31": "9119.49500", "2006-12-31": "8751.24300", "2005-12-31": "6517.51500"}, "Cost Of Goods Sold": {"2020-12-31": "541.66700", "2019-12-31": "707.71700", "2018-12-31": "522.28800", "2017-12-31": "308.08200", "2016-12-31": "185.90800", "2015-12-31": "128.61900", "2014-12-31": "95.81500", "2013-12-31": "89.08500", "2012-12-31": "82.91200", "2011-12-31": "2401.00000", "2010-12-31": "2275.00000", "2009-12-31": "3035.00000", "2008-12-31": "5905.41800", "2007-12-31": "7085.77200", "2006-12-31": "5122.85500", "2005-12-31": "3058.71800"}, "Gross Profit": {"2020-12-31": "1811.44200", "2019-12-31": "1672.24200", "2018-12-31": "1361.16900", "2017-12-31": "1126.31900", "2016-12-31": "960.15400", "2015-12-31": "885.09200", "2014-12-31": "735.76300", "2013-12-31": "760.38300", "2012-12-31": "674.88000", "2011-12-31": "3258.00000", "2010-12-31": "4501.00000", "2009-12-31": "3056.00000", "2008-12-31": "1836.24700", "2007-12-31": "2033.72300", "2006-12-31": "3628.38800", "2005-12-31": "3458.79700"}, "Research And Development Expenses": {"2020-12-31": "", "2019-12-31": "", "2018-12-31": "", "2017-12-31": "", "2016-12-31": "", "2015-12-31": "", "2014-12-31": "", "2013-12-31": "", "2012-12-31": "", "2011-12-31": "", "2010-12-31": "", "2009-12-31": "", "2008-12-31": "", "2007-12-31": "", "2006-12-31": "", "2005-12-31": ""}, "SG&A Expenses": {"2020-12-31": "631.22100", "2019-12-31": "928.50200", "2018-12-31": "801.84000", "2017-12-31": "634.85400", "2016-12-31": "545.71800", "2015-12-31": "439.15000", "2014-12-31": "360.41000", "2013-12-31": "339.81300", "2012-12-31": "319.88600", "2011-12-31": "2300.00000", "2010-12-31": "2627.00000", "2009-12-31": "2162.00000", "2008-12-31": "1749.12700", "2007-12-31": "2503.29800", "2006-12-31": "1633.11400", "2005-12-31": "1341.33400"}, "Other Operating Income Or Expenses": {"2020-12-31": "", "2019-12-31": "", "2018-12-31": "", "2017-12-31": "", "2016-12-31": "", "2015-12-31": "", "2014-12-31": "", "2013-12-31": "", "2012-12-31": "", "2011-12-31": "", "2010-12-31": "", "2009-12-31": "", "2008-12-31": "", "2007-12-31": "", "2006-12-31": "", "2005-12-31": ""}, "Operating Expenses": {"2020-12-31": "1172.88800", "2019-12-31": "1636.21900", "2018-12-31": "1324.12800", "2017-12-31": "942.93600", "2016-12-31": "731.62600", "2015-12-31": "567.76900", "2014-12-31": "456.22500", "2013-12-31": "428.89800", "2012-12-31": "415.92300", "2011-12-31": "4722.00000", "2010-12-31": "5601.00000", "2009-12-31": "5273.00000", "2008-12-31": "7704.21900", "2007-12-31": "9589.07000", "2006-12-31": "6755.96900", "2005-12-31": "4400.05200"}, "Operating Income": {"2020-12-31": "1180.22100", "2019-12-31": "743.74000", "2018-12-31": "559.32910", "2017-12-31": "491.46500", "2016-12-31": "414.43600", "2015-12-31": "445.94200", "2014-12-31": "375.35300", "2013-12-31": "420.57000", "2012-12-31": "341.86900", "2011-12-31": "937.00000", "2010-12-31": "1175.00000", "2009-12-31": "818.00000", "2008-12-31": "37.44630", "2007-12-31": "-469.57520", "2006-12-31": "1995.27400", "2005-12-31": "2117.46300"}, "Total Non-Operating Income/Expense": {"2020-12-31": "-26.21500", "2019-12-31": "", "2018-12-31": "", "2017-12-31": "", "2016-12-31": "", "2015-12-31": "-6.87800", "2014-12-31": "-41.60100", "2013-12-31": "-4.04300", "2012-12-31": "", "2011-12-31": "-12.00000", "2010-12-31": "-85.00000", "2009-12-31": "-10.00000", "2008-12-31": "-71.65900", "2007-12-31": "-22.50500", "2006-12-31": "", "2005-12-31": ""}, "Pre-Tax Income": {"2020-12-31": "1154.00600", "2019-12-31": "743.74000", "2018-12-31": "559.32900", "2017-12-31": "491.46500", "2016-12-31": "414.43600", "2015-12-31": "439.06400", "2014-12-31": "333.75200", "2013-12-31": "416.52700", "2012-12-31": "341.86900", "2011-12-31": "925.00000", "2010-12-31": "1090.00000", "2009-12-31": "808.00000", "2008-12-31": "-34.21300", "2007-12-31": "-492.08000", "2006-12-31": "1995.27400", "2005-12-31": "2117.46300"}, "Income Taxes": {"2020-12-31": "273.31600", "2019-12-31": "165.46400", "2018-12-31": "71.85300", "2017-12-31": "202.53100", "2016-12-31": "164.10900", "2015-12-31": "164.78000", "2014-12-31": "139.96700", "2013-12-31": "158.93400", "2012-12-31": "126.14300", "2011-12-31": "328.00000", "2010-12-31": "493.00000", "2009-12-31": "264.00000", "2008-12-31": "-36.69300", "2007-12-31": "408.27500", "2006-12-31": "834.31100", "2005-12-31": "728.76700"}, "Income After Taxes": {"2020-12-31": "880.68990", "2019-12-31": "578.27600", "2018-12-31": "487.47600", "2017-12-31": "288.93400", "2016-12-31": "250.32700", "2015-12-31": "274.28400", "2014-12-31": "193.78500", "2013-12-31": "257.59300", "2012-12-31": "215.72600", "2011-12-31": "597.00000", "2010-12-31": "597.00000", "2009-12-31": "544.00000", "2008-12-31": "2.48000", "2007-12-31": "-900.35500", "2006-12-31": "1160.96300", "2005-12-31": "1388.69600"}, "Other Income": {"2020-12-31": "", "2019-12-31": "", "2018-12-31": "", "2017-12-31": "", "2016-12-31": "", "2015-12-31": "", "2014-12-31": "", "2013-12-31": "", "2012-12-31": "", "2011-12-31": "", "2010-12-31": "", "2009-12-31": "", "2008-12-31": "", "2007-12-31": "", "2006-12-31": "", "2005-12-31": ""}, "Income From Continuous Operations": {"2020-12-31": "880.68990", "2019-12-31": "578.27600", "2018-12-31": "487.47600", "2017-12-31": "288.93400", "2016-12-31": "250.32700", "2015-12-31": "274.28400", "2014-12-31": "193.78500", "2013-12-31": "257.59300", "2012-12-31": "215.72600", "2011-12-31": "597.00000", "2010-12-31": "597.00000", "2009-12-31": "544.00000", "2008-12-31": "2.48000", "2007-12-31": "-900.35500", "2006-12-31": "1156.95600", "2005-12-31": "1382.28400"}, "Income From Discontinued Operations": {"2020-12-31": "", "2019-12-31": "", "2018-12-31": "", "2017-12-31": "", "2016-12-31": "", "2015-12-31": "", "2014-12-31": "", "2013-12-31": "", "2012-12-31": "", "2011-12-31": "35.00000", "2010-12-31": "-67.00000", "2009-12-31": "-220.00000", "2008-12-31": "-215.10600", "2007-12-31": "6.27600", "2006-12-31": "", "2005-12-31": ""}, "Net Income": {"2020-12-31": "870.95600", "2019-12-31": "561.43900", "2018-12-31": "471.83600", "2017-12-31": "273.22000", "2016-12-31": "229.12300", "2015-12-31": "254.68900", "2014-12-31": "181.28600", "2013-12-31": "258.94500", "2012-12-31": "217.62000", "2011-12-31": "615.00000", "2010-12-31": "458.00000", "2009-12-31": "178.00000", "2008-12-31": "-323.83200", "2007-12-31": "-933.53900", "2006-12-31": "1121.38900", "2005-12-31": "1360.38100"}, "EBITDA": {"2020-12-31": "", "2019-12-31": "", "2018-12-31": "", "2017-12-31": "", "2016-12-31": "", "2015-12-31": "", "2014-12-31": "", "2013-12-31": "", "2012-12-31": "", "2011-12-31": "", "2010-12-31": "", "2009-12-31": "", "2008-12-31": "", "2007-12-31": "", "2006-12-31": "", "2005-12-31": ""}, "EBIT": {"2020-12-31": "", "2019-12-31": "", "2018-12-31": "", "2017-12-31": "", "2016-12-31": "", "2015-12-31": "", "2014-12-31": "", "2013-12-31": "", "2012-12-31": "", "2011-12-31": "", "2010-12-31": "", "2009-12-31": "", "2008-12-31": "", "2007-12-31": "", "2006-12-31": "", "2005-12-31": ""}, "Basic Shares Outstanding": {"2020-12-31": "383.70500", "2019-12-31": "427.29200", "2018-12-31": "435.05400", "2017-12-31": "431.21600", "2016-12-31": "427.87600", "2015-12-31": "425.57400", "2014-12-31": "423.97000", "2013-12-31": "440.10800", "2012-12-31": "476.11800", "2011-12-31": "517.00000", "2010-12-31": "487.00000", "2009-12-31": "471.00000", "2008-12-31": "466.64200", "2007-12-31": "412.23300", "2006-12-31": "410.80500", "2005-12-31": "418.37400"}, "Shares Outstanding": {"2020-12-31": "387.19500", "2019-12-31": "430.67400", "2018-12-31": "439.68100", "2017-12-31": "438.55100", "2016-12-31": "432.91900", "2015-12-31": "432.23400", "2014-12-31": "432.26900", "2013-12-31": "448.54900", "2012-12-31": "482.89200", "2011-12-31": "523.00000", "2010-12-31": "488.00000", "2009-12-31": "472.00000", "2008-12-31": "466.64200", "2007-12-31": "412.23300", "2006-12-31": "451.17000", "2005-12-31": "460.26000"}, "Basic EPS": {"2020-12-31": "2.27000", "2019-12-31": "1.31000", "2018-12-31": "1.08000", "2017-12-31": "0.63000", "2016-12-31": "0.54000", "2015-12-31": "0.60000", "2014-12-31": "0.43000", "2013-12-31": "0.59000", "2012-12-31": "0.46000", "2011-12-31": "1.19000", "2010-12-31": "0.94000", "2009-12-31": "0.38000", "2008-12-31": "-0.69000", "2007-12-31": "-2.26000", "2006-12-31": "2.73000", "2005-12-31": "3.25000"}, "EPS - Earnings Per Share": {"2020-12-31": "2.25000", "2019-12-31": "1.30000", "2018-12-31": "1.07000", "2017-12-31": "0.62000", "2016-12-31": "0.53000", "2015-12-31": "0.59000", "2014-12-31": "0.42000", "2013-12-31": "0.58000", "2012-12-31": "0.45000", "2011-12-31": "1.18000", "2010-12-31": "0.94000", "2009-12-31": "0.38000", "2008-12-31": "-0.69000", "2007-12-31": "-2.26000", "2006-12-31": "2.63000", "2005-12-31": "3.05000"}}, "income statement, quarterly": {"Revenue": {"2020-12-31": "480.48700", "2020-09-30": "492.00500", "2020-06-30": "513.58900", "2020-03-31": "867.02700", "2019-12-31": "596.61990", "2019-09-30": "607.63200", "2019-06-30": "593.11300", "2019-03-31": "582.59400", "2018-12-31": "550.89700", "2018-09-30": "411.94600", "2018-06-30": "469.84900", "2018-03-31": "450.76500", "2017-12-31": "377.49010", "2017-09-30": "372.34000", "2017-06-30": "349.11500", "2017-03-31": "335.45600", "2016-12-31": "309.36400", "2016-09-30": "295.50300", "2016-06-30": "271.06600", "2016-03-31": "270.12900", "2015-12-31": "294.38500", "2015-09-30": "218.80900", "2015-06-30": "287.86200", "2015-03-31": "212.65500", "2014-12-31": "190.96500", "2014-09-30": "264.21200", "2014-06-30": "173.27200", "2014-03-31": "203.12900", "2013-12-31": "-1168.31400", "2013-09-30": "190.84000", "2013-06-30": "210.94200", "2013-03-31": "1616.00000", "2012-12-31": "-3646.20800", "2012-09-30": "1433.00000", "2012-06-30": "1602.00000", "2012-03-31": "1369.00000", "2011-12-31": "1865.00000", "2011-09-30": "1176.00000", "2011-06-30": "1132.00000", "2011-03-31": "1486.00000", "2010-12-31": "1966.26200", "2010-09-30": "1359.00000", "2010-06-30": "1832.16900", "2010-03-31": "1618.56900", "2009-12-31": "1689.20100", "2009-09-30": "1556.54100", "2009-06-30": "1249.99100", "2009-03-31": "1595.26700", "2008-12-31": "1750.55700", "2008-09-30": "1697.28600", "2008-06-30": "2331.09700", "2008-03-31": "1962.72500", "2007-12-31": "1218.53300", "2007-09-30": "2119.07600", "2007-06-30": "3316.12000", "2007-03-31": "2465.76600", "2006-12-31": "2037.80500", "2006-09-30": "2252.26400", "2006-06-30": "2695.02600", "2006-03-31": "1766.14800", "2005-12-31": "2012.01000", "2005-09-30": "1714.50000", "2005-06-30": "1505.93500", "2005-03-31": "1285.07000"}, "Cost Of Goods Sold": {"2020-12-31": "113.01800", "2020-09-30": "117.81100", "2020-06-30": "136.02000", "2020-03-31": "174.81700", "2019-12-31": "181.36500", "2019-09-30": "185.32600", "2019-06-30": "176.85400", "2019-03-31": "164.17200", "2018-12-31": "155.34600", "2018-09-30": "140.96400", "2018-06-30": "121.36100", "2018-03-31": "104.61700", "2017-12-31": "90.30500", "2017-09-30": "84.16300", "2017-06-30": "72.20200", "2017-03-31": "61.41200", "2016-12-31": "54.57900", "2016-09-30": "49.26200", "2016-06-30": "42.47500", "2016-03-31": "39.59200", "2015-12-31": "34.54100", "2015-09-30": "33.45900", "2015-06-30": "30.21700", "2015-03-31": "30.40200", "2014-12-31": "27.97300", "2014-09-30": "24.17700", "2014-06-30": "21.03400", "2014-03-31": "22.63100", "2013-12-31": "-524.29600", "2013-09-30": "20.91000", "2013-06-30": "21.47100", "2013-03-31": "571.00000", "2012-12-31": "-1884.08800", "2012-09-30": "645.00000", "2012-06-30": "656.00000", "2012-03-31": "666.00000", "2011-12-31": "624.00000", "2011-09-30": "591.00000", "2011-06-30": "592.00000", "2011-03-31": "594.00000", "2010-12-31": "535.68300", "2010-09-30": "639.00000", "2010-06-30": "568.93300", "2010-03-31": "531.38400", "2009-12-31": "515.12390", "2009-09-30": "673.87000", "2009-06-30": "819.45900", "2009-03-31": "1026.54700", "2008-12-31": "1529.52200", "2008-09-30": "1394.53300", "2008-06-30": "1365.91800", "2008-03-31": "1615.44500", "2007-12-31": "1976.64200", "2007-09-30": "1879.81100", "2007-06-30": "1697.22900", "2007-03-31": "1532.09000", "2006-12-31": "1462.73300", "2006-09-30": "1363.27100", "2006-06-30": "1204.06700", "2006-03-31": "1092.78400", "2005-12-31": "1002.13300", "2005-09-30": "828.12200", "2005-06-30": "664.25100", "2005-03-31": "564.21200"}, "Gross Profit": {"2020-12-31": "367.46900", "2020-09-30": "374.19400", "2020-06-30": "377.56900", "2020-03-31": "692.21000", "2019-12-31": "415.25490", "2019-09-30": "422.30600", "2019-06-30": "416.25900", "2019-03-31": "418.42200", "2018-12-31": "395.55090", "2018-09-30": "270.98200", "2018-06-30": "348.48800", "2018-03-31": "346.14800", "2017-12-31": "287.18510", "2017-09-30": "288.17700", "2017-06-30": "276.91300", "2017-03-31": "274.04400", "2016-12-31": "254.78500", "2016-09-30": "246.24100", "2016-06-30": "228.59100", "2016-03-31": "230.53700", "2015-12-31": "259.84400", "2015-09-30": "185.35000", "2015-06-30": "257.64500", "2015-03-31": "182.25300", "2014-12-31": "162.99200", "2014-09-30": "240.03500", "2014-06-30": "152.23800", "2014-03-31": "180.49800", "2013-12-31": "-644.01790", "2013-09-30": "169.93000", "2013-06-30": "189.47100", "2013-03-31": "1045.00000", "2012-12-31": "-1762.12000", "2012-09-30": "788.00000", "2012-06-30": "946.00000", "2012-03-31": "703.00000", "2011-12-31": "1241.00000", "2011-09-30": "585.00000", "2011-06-30": "540.00000", "2011-03-31": "892.00000", "2010-12-31": "1430.57900", "2010-09-30": "720.00000", "2010-06-30": "1263.23600", "2010-03-31": "1087.18500", "2009-12-31": "1174.07700", "2009-09-30": "882.67100", "2009-06-30": "430.53210", "2009-03-31": "568.72000", "2008-12-31": "221.03490", "2008-09-30": "302.75310", "2008-06-30": "965.17920", "2008-03-31": "347.28000", "2007-12-31": "-758.10930", "2007-09-30": "239.26510", "2007-06-30": "1618.89100", "2007-03-31": "933.67610", "2006-12-31": "575.07200", "2006-09-30": "888.99320", "2006-06-30": "1490.95900", "2006-03-31": "673.36400", "2005-12-31": "1009.87700", "2005-09-30": "886.37800", "2005-06-30": "841.68410", "2005-03-31": "720.85800"}, "Research And Development Expenses": {"2020-12-31": "", "2020-09-30": "", "2020-06-30": "", "2020-03-31": "", "2019-12-31": "", "2019-09-30": "", "2019-06-30": "", "2019-03-31": "", "2018-12-31": "", "2018-09-30": "", "2018-06-30": "", "2018-03-31": "", "2017-12-31": "", "2017-09-30": "", "2017-06-30": "", "2017-03-31": "", "2016-12-31": "", "2016-09-30": "", "2016-06-30": "", "2016-03-31": "", "2015-12-31": "", "2015-09-30": "", "2015-06-30": "", "2015-03-31": "", "2014-12-31": "", "2014-09-30": "", "2014-06-30": "", "2014-03-31": "", "2013-12-31": "", "2013-09-30": "", "2013-06-30": "", "2013-03-31": "", "2012-12-31": "", "2012-09-30": "", "2012-06-30": "", "2012-03-31": "", "2011-12-31": "", "2011-09-30": "", "2011-06-30": "", "2011-03-31": "", "2010-12-31": "", "2010-09-30": "", "2010-06-30": "", "2010-03-31": "", "2009-12-31": "", "2009-09-30": "", "2009-06-30": "", "2009-03-31": "", "2008-12-31": "", "2008-09-30": "", "2008-06-30": "", "2008-03-31": "", "2007-12-31": "", "2007-09-30": "", "2007-06-30": "", "2007-03-31": "", "2006-12-31": "", "2006-09-30": "", "2006-06-30": "", "2006-03-31": "", "2005-12-31": "", "2005-09-30": "", "2005-06-30": "", "2005-03-31": ""}, "SG&A Expenses": {"2020-12-31": "-194.62900", "2020-09-30": "123.85000", "2020-06-30": "493.44400", "2020-03-31": "208.55600", "2019-12-31": "239.23700", "2019-09-30": "253.14700", "2019-06-30": "232.18100", "2019-03-31": "203.93700", "2018-12-31": "203.59000", "2018-09-30": "220.77100", "2018-06-30": "198.58200", "2018-03-31": "178.89700", "2017-12-31": "174.34300", "2017-09-30": "171.07200", "2017-06-30": "161.46600", "2017-03-31": "127.97300", "2016-12-31": "142.16800", "2016-09-30": "141.49300", "2016-06-30": "136.57000", "2016-03-31": "125.48700", "2015-12-31": "115.62700", "2015-09-30": "120.36100", "2015-06-30": "105.35700", "2015-03-31": "97.80500", "2014-12-31": "102.96000", "2014-09-30": "86.97700", "2014-06-30": "61.49300", "2014-03-31": "102.83000", "2013-12-31": "-290.70900", "2013-09-30": "88.94400", "2013-06-30": "65.57800", "2013-03-31": "476.00000", "2012-12-31": "-1159.11400", "2012-09-30": "490.00000", "2012-06-30": "474.00000", "2012-03-31": "515.00000", "2011-12-31": "441.00000", "2011-09-30": "694.00000", "2011-06-30": "559.00000", "2011-03-31": "606.00000", "2010-12-31": "628.27700", "2010-09-30": "660.00000", "2010-06-30": "691.96800", "2010-03-31": "646.75500", "2009-12-31": "406.07200", "2009-09-30": "624.25700", "2009-06-30": "586.27600", "2009-03-31": "545.39500", "2008-12-31": "205.40400", "2008-09-30": "554.06100", "2008-06-30": "496.70300", "2008-03-31": "492.95900", "2007-12-31": "951.29490", "2007-09-30": "498.49900", "2007-06-30": "547.00000", "2007-03-31": "506.50400", "2006-12-31": "444.75210", "2006-09-30": "420.73600", "2006-06-30": "383.99800", "2006-03-31": "383.62800", "2005-12-31": "361.98100", "2005-09-30": "304.17800", "2005-06-30": "366.36100", "2005-03-31": "308.81400"}, "Other Operating Income Or Expenses": {"2020-12-31": "", "2020-09-30": "", "2020-06-30": "", "2020-03-31": "", "2019-12-31": "", "2019-09-30": "", "2019-06-30": "", "2019-03-31": "", "2018-12-31": "", "2018-09-30": "", "2018-06-30": "", "2018-03-31": "", "2017-12-31": "", "2017-09-30": "", "2017-06-30": "", "2017-03-31": "", "2016-12-31": "", "2016-09-30": "", "2016-06-30": "", "2016-03-31": "", "2015-12-31": "", "2015-09-30": "", "2015-06-30": "", "2015-03-31": "", "2014-12-31": "", "2014-09-30": "", "2014-06-30": "", "2014-03-31": "", "2013-12-31": "", "2013-09-30": "", "2013-06-30": "", "2013-03-31": "", "2012-12-31": "", "2012-09-30": "", "2012-06-30": "", "2012-03-31": "", "2011-12-31": "", "2011-09-30": "", "2011-06-30": "", "2011-03-31": "", "2010-12-31": "", "2010-09-30": "", "2010-06-30": "", "2010-03-31": "", "2009-12-31": "", "2009-09-30": "", "2009-06-30": "", "2009-03-31": "", "2008-12-31": "", "2008-09-30": "", "2008-06-30": "", "2008-03-31": "", "2007-12-31": "", "2007-09-30": "", "2007-06-30": "", "2007-03-31": "", "2006-12-31": "", "2006-09-30": "", "2006-06-30": "", "2006-03-31": "", "2005-12-31": "", "2005-09-30": "", "2005-06-30": "", "2005-03-31": ""}, "Operating Expenses": {"2020-12-31": "-81.61100", "2020-09-30": "241.66100", "2020-06-30": "629.46400", "2020-03-31": "383.37300", "2019-12-31": "420.60200", "2019-09-30": "438.47300", "2019-06-30": "409.03500", "2019-03-31": "368.10900", "2018-12-31": "358.93600", "2018-09-30": "361.73500", "2018-06-30": "319.94300", "2018-03-31": "283.51400", "2017-12-31": "264.64800", "2017-09-30": "255.23500", "2017-06-30": "233.66800", "2017-03-31": "189.38500", "2016-12-31": "196.74700", "2016-09-30": "190.75500", "2016-06-30": "179.04500", "2016-03-31": "165.07900", "2015-12-31": "150.16800", "2015-09-30": "153.82000", "2015-06-30": "135.57400", "2015-03-31": "128.20700", "2014-12-31": "130.93300", "2014-09-30": "111.15400", "2014-06-30": "82.52700", "2014-03-31": "127.22800", "2013-12-31": "-815.00500", "2013-09-30": "111.51100", "2013-06-30": "87.76300", "2013-03-31": "1050.00000", "2012-12-31": "-3045.07700", "2012-09-30": "1140.00000", "2012-06-30": "1135.00000", "2012-03-31": "1186.00000", "2011-12-31": "1068.00000", "2011-09-30": "1291.00000", "2011-06-30": "1157.00000", "2011-03-31": "1206.00000", "2010-12-31": "1173.53800", "2010-09-30": "1969.00000", "2010-06-30": "1270.61100", "2010-03-31": "1187.85100", "2009-12-31": "987.42190", "2009-09-30": "1307.90100", "2009-06-30": "1405.73500", "2009-03-31": "1571.94200", "2008-12-31": "1734.92600", "2008-09-30": "1948.59400", "2008-06-30": "1862.62100", "2008-03-31": "2108.40400", "2007-12-31": "2927.93700", "2007-09-30": "2378.31000", "2007-06-30": "2244.22900", "2007-03-31": "2038.59400", "2006-12-31": "1907.48500", "2006-09-30": "1784.00700", "2006-06-30": "1588.06500", "2006-03-31": "1476.41200", "2005-12-31": "1364.11400", "2005-09-30": "1132.30000", "2005-06-30": "1030.61200", "2005-03-31": "873.02600"}, "Operating Income": {"2020-12-31": "562.09800", "2020-09-30": "250.34400", "2020-06-30": "-115.87500", "2020-03-31": "483.65400", "2019-12-31": "176.01790", "2019-09-30": "169.15900", "2019-06-30": "184.07800", "2019-03-31": "214.48500", "2018-12-31": "191.96090", "2018-09-30": "50.21100", "2018-06-30": "149.90600", "2018-03-31": "167.25100", "2017-12-31": "112.84200", "2017-09-30": "117.10500", "2017-06-30": "115.44700", "2017-03-31": "146.07100", "2016-12-31": "112.61710", "2016-09-30": "104.74800", "2016-06-30": "92.02100", "2016-03-31": "105.05000", "2015-12-31": "144.21700", "2015-09-30": "64.98900", "2015-06-30": "152.28800", "2015-03-31": "84.44800", "2014-12-31": "60.03200", "2014-09-30": "153.05800", "2014-06-30": "90.74500", "2014-03-31": "75.90100", "2013-12-31": "-353.30900", "2013-09-30": "79.32900", "2013-06-30": "123.17900", "2013-03-31": "566.00000", "2012-12-31": "-601.13090", "2012-09-30": "293.00000", "2012-06-30": "467.00000", "2012-03-31": "183.00000", "2011-12-31": "797.00000", "2011-09-30": "-115.00000", "2011-06-30": "-25.00000", "2011-03-31": "280.00000", "2010-12-31": "792.72400", "2010-09-30": "-610.00000", "2010-06-30": "561.55790", "2010-03-31": "430.71800", "2009-12-31": "701.77890", "2009-09-30": "248.64000", "2009-06-30": "-155.74390", "2009-03-31": "23.32500", "2008-12-31": "15.63100", "2008-09-30": "-251.30800", "2008-06-30": "468.47620", "2008-03-31": "-145.67910", "2007-12-31": "-1709.40400", "2007-09-30": "-259.23390", "2007-06-30": "1071.89100", "2007-03-31": "427.17210", "2006-12-31": "130.31990", "2006-09-30": "468.25710", "2006-06-30": "1106.96100", "2006-03-31": "289.73600", "2005-12-31": "647.89610", "2005-09-30": "582.20000", "2005-06-30": "475.32310", "2005-03-31": "412.04390"}, "Total Non-Operating Income/Expense": {"2020-12-31": "-2.08800", "2020-09-30": "-24.12700", "2020-06-30": "", "2020-03-31": "", "2019-12-31": "", "2019-09-30": "", "2019-06-30": "", "2019-03-31": "", "2018-12-31": "", "2018-09-30": "", "2018-06-30": "", "2018-03-31": "", "2017-12-31": "", "2017-09-30": "-0.11700", "2017-06-30": "-0.11700", "2017-03-31": "-0.11700", "2016-12-31": "", "2016-09-30": "-0.22600", "2016-06-30": "-0.26100", "2016-03-31": "-0.26000", "2015-12-31": "0.54300", "2015-09-30": "-1.28000", "2015-06-30": "-1.11400", "2015-03-31": "-5.02700", "2014-12-31": "-11.46700", "2014-09-30": "-15.22900", "2014-06-30": "-14.67600", "2014-03-31": "-0.22900", "2013-12-31": "9.35800", "2013-09-30": "", "2013-06-30": "-0.08400", "2013-03-31": "-10.00000", "2012-12-31": "", "2012-09-30": "-2.00000", "2012-06-30": "-3.00000", "2012-03-31": "-5.00000", "2011-12-31": "-5.00000", "2011-09-30": "-1.00000", "2011-06-30": "-2.00000", "2011-03-31": "-4.00000", "2010-12-31": "-32.38800", "2010-09-30": "-10.00000", "2010-06-30": "-17.80800", "2010-03-31": "-24.80400", "2009-12-31": "-0.40200", "2009-09-30": "-2.49200", "2009-06-30": "-3.33300", "2009-03-31": "-3.77300", "2008-12-31": "6.26700", "2008-09-30": "-10.50800", "2008-06-30": "-46.74000", "2008-03-31": "-20.67800", "2007-12-31": "", "2007-09-30": "", "2007-06-30": "", "2007-03-31": "", "2006-12-31": "", "2006-09-30": "", "2006-06-30": "", "2006-03-31": "", "2005-12-31": "", "2005-09-30": "", "2005-06-30": "", "2005-03-31": ""}, "Pre-Tax Income": {"2020-12-31": "560.01000", "2020-09-30": "226.21700", "2020-06-30": "-115.87500", "2020-03-31": "483.65400", "2019-12-31": "176.01800", "2019-09-30": "169.15900", "2019-06-30": "184.07800", "2019-03-31": "214.48500", "2018-12-31": "191.96100", "2018-09-30": "50.21100", "2018-06-30": "149.90600", "2018-03-31": "167.25100", "2017-12-31": "113.19300", "2017-09-30": "116.98800", "2017-06-30": "115.33000", "2017-03-31": "145.95400", "2016-12-31": "113.36400", "2016-09-30": "104.52200", "2016-06-30": "91.76000", "2016-03-31": "104.79000", "2015-12-31": "144.76000", "2015-09-30": "63.70900", "2015-06-30": "151.17400", "2015-03-31": "79.42100", "2014-12-31": "44.18200", "2014-09-30": "137.82900", "2014-06-30": "76.06900", "2014-03-31": "75.67200", "2013-12-31": "-341.89700", "2013-09-30": "79.32900", "2013-06-30": "123.09500", "2013-03-31": "556.00000", "2012-12-31": "-591.13100", "2012-09-30": "291.00000", "2012-06-30": "464.00000", "2012-03-31": "178.00000", "2011-12-31": "792.00000", "2011-09-30": "-116.00000", "2011-06-30": "-27.00000", "2011-03-31": "276.00000", "2010-12-31": "760.33600", "2010-09-30": "-620.00000", "2010-06-30": "543.75000", "2010-03-31": "405.91400", "2009-12-31": "701.37700", "2009-09-30": "246.14800", "2009-06-30": "-159.07700", "2009-03-31": "19.55200", "2008-12-31": "-27.77600", "2008-09-30": "-261.81600", "2008-06-30": "421.73600", "2008-03-31": "-166.35700", "2007-12-31": "-1731.90900", "2007-09-30": "-259.23400", "2007-06-30": "1071.89100", "2007-03-31": "427.17200", "2006-12-31": "130.32000", "2006-09-30": "468.25700", "2006-06-30": "1106.96100", "2006-03-31": "289.73600", "2005-12-31": "647.89590", "2005-09-30": "582.20000", "2005-06-30": "475.32300", "2005-03-31": "412.04400"}, "Income Taxes": {"2020-12-31": "127.31000", "2020-09-30": "55.18900", "2020-06-30": "-30.66400", "2020-03-31": "121.48100", "2019-12-31": "34.66600", "2019-09-30": "40.70100", "2019-06-30": "33.80100", "2019-03-31": "56.29600", "2018-12-31": "44.44900", "2018-09-30": "-53.66700", "2018-06-30": "40.07400", "2018-03-31": "40.99700", "2017-12-31": "66.19000", "2017-09-30": "40.61700", "2017-06-30": "44.71300", "2017-03-31": "51.01100", "2016-12-31": "43.12200", "2016-09-30": "47.55700", "2016-06-30": "34.55500", "2016-03-31": "38.87500", "2015-12-31": "54.91500", "2015-09-30": "17.98500", "2015-06-30": "60.15800", "2015-03-31": "31.72200", "2014-12-31": "24.46500", "2014-09-30": "54.90300", "2014-06-30": "31.94100", "2014-03-31": "28.65800", "2013-12-31": "-129.31100", "2013-09-30": "30.27200", "2013-06-30": "46.97300", "2013-03-31": "211.00000", "2012-12-31": "-213.85700", "2012-09-30": "104.00000", "2012-06-30": "169.00000", "2012-03-31": "67.00000", "2011-12-31": "285.00000", "2011-09-30": "-46.00000", "2011-06-30": "-10.00000", "2011-03-31": "99.00000", "2010-12-31": "260.86200", "2010-09-30": "-126.00000", "2010-06-30": "198.97800", "2010-03-31": "159.16000", "2009-12-31": "232.20400", "2009-09-30": "80.42300", "2009-06-30": "-43.11000", "2009-03-31": "-5.51700", "2008-12-31": "-23.46000", "2008-09-30": "-103.81900", "2008-06-30": "153.07400", "2008-03-31": "-62.48800", "2007-12-31": "-90.91200", "2007-09-30": "84.44900", "2007-06-30": "104.72400", "2007-03-31": "310.01400", "2006-12-31": "111.75200", "2006-09-30": "203.68600", "2006-06-30": "381.82800", "2006-03-31": "137.04500", "2005-12-31": "215.90700", "2005-09-30": "149.82100", "2005-06-30": "176.57300", "2005-03-31": "186.46600"}, "Income After Taxes": {"2020-12-31": "432.70000", "2020-09-30": "171.02800", "2020-06-30": "-85.21100", "2020-03-31": "362.17300", "2019-12-31": "141.35200", "2019-09-30": "128.45800", "2019-06-30": "150.27700", "2019-03-31": "158.18900", "2018-12-31": "147.51200", "2018-09-30": "103.87800", "2018-06-30": "109.83200", "2018-03-31": "126.25400", "2017-12-31": "47.00300", "2017-09-30": "76.37100", "2017-06-30": "70.61700", "2017-03-31": "94.94300", "2016-12-31": "70.24200", "2016-09-30": "56.96500", "2016-06-30": "57.20500", "2016-03-31": "65.91500", "2015-12-31": "89.84500", "2015-09-30": "45.72400", "2015-06-30": "91.01600", "2015-03-31": "47.69900", "2014-12-31": "19.71700", "2014-09-30": "82.92600", "2014-06-30": "44.12800", "2014-03-31": "47.01400", "2013-12-31": "-212.58600", "2013-09-30": "49.05700", "2013-06-30": "76.12200", "2013-03-31": "345.00000", "2012-12-31": "-377.27400", "2012-09-30": "187.00000", "2012-06-30": "295.00000", "2012-03-31": "111.00000", "2011-12-31": "507.00000", "2011-09-30": "-70.00000", "2011-06-30": "-17.00000", "2011-03-31": "177.00000", "2010-12-31": "499.47400", "2010-09-30": "-494.00000", "2010-06-30": "344.77200", "2010-03-31": "246.75400", "2009-12-31": "469.17300", "2009-09-30": "165.72500", "2009-06-30": "-115.96700", "2009-03-31": "25.06900", "2008-12-31": "-4.31600", "2008-09-30": "-157.99700", "2008-06-30": "268.66200", "2008-03-31": "-103.86900", "2007-12-31": "-1640.99700", "2007-09-30": "-343.68300", "2007-06-30": "967.16700", "2007-03-31": "117.15800", "2006-12-31": "18.56810", "2006-09-30": "264.57100", "2006-06-30": "725.13310", "2006-03-31": "152.69100", "2005-12-31": "431.98880", "2005-09-30": "432.37900", "2005-06-30": "298.75000", "2005-03-31": "225.57800"}, "Other Income": {"2020-12-31": "", "2020-09-30": "", "2020-06-30": "", "2020-03-31": "", "2019-12-31": "", "2019-09-30": "", "2019-06-30": "", "2019-03-31": "", "2018-12-31": "", "2018-09-30": "", "2018-06-30": "", "2018-03-31": "", "2017-12-31": "", "2017-09-30": "", "2017-06-30": "", "2017-03-31": "", "2016-12-31": "", "2016-09-30": "", "2016-06-30": "", "2016-03-31": "", "2015-12-31": "", "2015-09-30": "", "2015-06-30": "", "2015-03-31": "", "2014-12-31": "", "2014-09-30": "", "2014-06-30": "", "2014-03-31": "", "2013-12-31": "", "2013-09-30": "", "2013-06-30": "", "2013-03-31": "", "2012-12-31": "", "2012-09-30": "", "2012-06-30": "", "2012-03-31": "", "2011-12-31": "", "2011-09-30": "", "2011-06-30": "", "2011-03-31": "", "2010-12-31": "", "2010-09-30": "", "2010-06-30": "", "2010-03-31": "", "2009-12-31": "", "2009-09-30": "", "2009-06-30": "", "2009-03-31": "", "2008-12-31": "", "2008-09-30": "", "2008-06-30": "", "2008-03-31": "", "2007-12-31": "", "2007-09-30": "", "2007-06-30": "", "2007-03-31": "", "2006-12-31": "", "2006-09-30": "", "2006-06-30": "", "2006-03-31": "", "2005-12-31": "", "2005-09-30": "", "2005-06-30": "", "2005-03-31": ""}, "Income From Continuous Operations": {"2020-12-31": "432.70000", "2020-09-30": "171.02800", "2020-06-30": "-85.21100", "2020-03-31": "362.17300", "2019-12-31": "141.35200", "2019-09-30": "128.45800", "2019-06-30": "150.27700", "2019-03-31": "158.18900", "2018-12-31": "147.51200", "2018-09-30": "103.87800", "2018-06-30": "109.83200", "2018-03-31": "126.25400", "2017-12-31": "47.00300", "2017-09-30": "76.37100", "2017-06-30": "70.61700", "2017-03-31": "94.94300", "2016-12-31": "70.24200", "2016-09-30": "56.96500", "2016-06-30": "57.20500", "2016-03-31": "65.91500", "2015-12-31": "89.84500", "2015-09-30": "45.72400", "2015-06-30": "91.01600", "2015-03-31": "47.69900", "2014-12-31": "19.71700", "2014-09-30": "82.92600", "2014-06-30": "44.12800", "2014-03-31": "47.01400", "2013-12-31": "-212.58600", "2013-09-30": "49.05700", "2013-06-30": "76.12200", "2013-03-31": "345.00000", "2012-12-31": "-377.27400", "2012-09-30": "187.00000", "2012-06-30": "295.00000", "2012-03-31": "111.00000", "2011-12-31": "507.00000", "2011-09-30": "-70.00000", "2011-06-30": "-17.00000", "2011-03-31": "177.00000", "2010-12-31": "499.47400", "2010-09-30": "-494.00000", "2010-06-30": "344.77200", "2010-03-31": "246.75400", "2009-12-31": "469.17300", "2009-09-30": "165.72500", "2009-06-30": "-115.96700", "2009-03-31": "25.06900", "2008-12-31": "-4.38100", "2008-09-30": "-157.99700", "2008-06-30": "268.66200", "2008-03-31": "-103.80400", "2007-12-31": "-1639.21900", "2007-09-30": "-343.76000", "2007-06-30": "966.47100", "2007-03-31": "116.15300", "2006-12-31": "18.10510", "2006-09-30": "263.47200", "2006-06-30": "723.77810", "2006-03-31": "151.60100", "2005-12-31": "431.03480", "2005-09-30": "431.35000", "2005-06-30": "296.51500", "2005-03-31": "223.38400"}, "Income From Discontinued Operations": {"2020-12-31": "", "2020-09-30": "", "2020-06-30": "", "2020-03-31": "", "2019-12-31": "", "2019-09-30": "", "2019-06-30": "", "2019-03-31": "", "2018-12-31": "", "2018-09-30": "", "2018-06-30": "", "2018-03-31": "", "2017-12-31": "", "2017-09-30": "", "2017-06-30": "", "2017-03-31": "", "2016-12-31": "", "2016-09-30": "", "2016-06-30": "", "2016-03-31": "", "2015-12-31": "", "2015-09-30": "", "2015-06-30": "", "2015-03-31": "", "2014-12-31": "", "2014-09-30": "", "2014-06-30": "", "2014-03-31": "", "2013-12-31": "", "2013-09-30": "", "2013-06-30": "", "2013-03-31": "1.00000", "2012-12-31": "", "2012-09-30": "", "2012-06-30": "-4.00000", "2012-03-31": "", "2011-12-31": "3.00000", "2011-09-30": "23.00000", "2011-06-30": "11.00000", "2011-03-31": "-2.00000", "2010-12-31": "-52.43200", "2010-09-30": "-1.00000", "2010-06-30": "-6.95400", "2010-03-31": "-6.61400", "2009-12-31": "-160.86700", "2009-09-30": "-6.41700", "2009-06-30": "-6.54200", "2009-03-31": "-46.17400", "2008-12-31": "", "2008-09-30": "", "2008-06-30": "", "2008-03-31": "", "2007-12-31": "", "2007-09-30": "", "2007-06-30": "", "2007-03-31": "", "2006-12-31": "", "2006-09-30": "", "2006-06-30": "", "2006-03-31": "", "2005-12-31": "", "2005-09-30": "", "2005-06-30": "", "2005-03-31": ""}, "Net Income": {"2020-12-31": "430.96600", "2020-09-30": "168.97000", "2020-06-30": "-87.68900", "2020-03-31": "358.70900", "2019-12-31": "137.46710", "2019-09-30": "124.30500", "2019-06-30": "145.94600", "2019-03-31": "153.72100", "2018-12-31": "143.31300", "2018-09-30": "99.75400", "2018-06-30": "105.91200", "2018-03-31": "122.85700", "2017-12-31": "43.86600", "2017-09-30": "73.34300", "2017-06-30": "66.64300", "2017-03-31": "89.36800", "2016-12-31": "64.73600", "2016-09-30": "51.64900", "2016-06-30": "51.96200", "2016-03-31": "60.77600", "2015-12-31": "84.85600", "2015-09-30": "40.81100", "2015-06-30": "86.14600", "2015-03-31": "42.87600", "2014-12-31": "14.86200", "2014-09-30": "78.07600", "2014-06-30": "40.90000", "2014-03-31": "47.44800", "2013-12-31": "-207.91400", "2013-09-30": "49.39000", "2013-06-30": "76.46900", "2013-03-31": "341.00000", "2012-12-31": "-359.38000", "2012-09-30": "183.00000", "2012-06-30": "287.00000", "2012-03-31": "107.00000", "2011-12-31": "506.00000", "2011-09-30": "-52.00000", "2011-06-30": "-10.00000", "2011-03-31": "171.00000", "2010-12-31": "431.43100", "2010-09-30": "-514.00000", "2010-06-30": "319.10700", "2010-03-31": "221.46200", "2009-12-31": "257.81800", "2009-09-30": "116.48300", "2009-06-30": "-148.52000", "2009-03-31": "-47.78100", "2008-12-31": "-243.33300", "2008-09-30": "-186.01500", "2008-06-30": "238.34500", "2008-03-31": "-132.82900", "2007-12-31": "-1644.88000", "2007-09-30": "-353.03400", "2007-06-30": "957.31500", "2007-03-31": "107.06000", "2006-12-31": "8.84700", "2006-09-30": "254.25100", "2006-06-30": "714.99100", "2006-03-31": "143.30000", "2005-12-31": "423.20300", "2005-09-30": "424.06200", "2005-06-30": "292.60700", "2005-03-31": "220.50900"}, "EBITDA": {"2020-12-31": "", "2020-09-30": "", "2020-06-30": "", "2020-03-31": "", "2019-12-31": "", "2019-09-30": "", "2019-06-30": "", "2019-03-31": "", "2018-12-31": "", "2018-09-30": "", "2018-06-30": "", "2018-03-31": "", "2017-12-31": "", "2017-09-30": "", "2017-06-30": "", "2017-03-31": "", "2016-12-31": "", "2016-09-30": "", "2016-06-30": "", "2016-03-31": "", "2015-12-31": "", "2015-09-30": "", "2015-06-30": "", "2015-03-31": "", "2014-12-31": "", "2014-09-30": "", "2014-06-30": "", "2014-03-31": "", "2013-12-31": "", "2013-09-30": "", "2013-06-30": "", "2013-03-31": "", "2012-12-31": "", "2012-09-30": "", "2012-06-30": "", "2012-03-31": "", "2011-12-31": "", "2011-09-30": "", "2011-06-30": "", "2011-03-31": "", "2010-12-31": "", "2010-09-30": "", "2010-06-30": "", "2010-03-31": "", "2009-12-31": "", "2009-09-30": "", "2009-06-30": "", "2009-03-31": "", "2008-12-31": "", "2008-09-30": "", "2008-06-30": "", "2008-03-31": "", "2007-12-31": "", "2007-09-30": "", "2007-06-30": "", "2007-03-31": "", "2006-12-31": "", "2006-09-30": "", "2006-06-30": "", "2006-03-31": "", "2005-12-31": "", "2005-09-30": "", "2005-06-30": "", "2005-03-31": ""}, "EBIT": {"2020-12-31": "", "2020-09-30": "", "2020-06-30": "", "2020-03-31": "", "2019-12-31": "", "2019-09-30": "", "2019-06-30": "", "2019-03-31": "", "2018-12-31": "", "2018-09-30": "", "2018-06-30": "", "2018-03-31": "", "2017-12-31": "", "2017-09-30": "", "2017-06-30": "", "2017-03-31": "", "2016-12-31": "", "2016-09-30": "", "2016-06-30": "", "2016-03-31": "", "2015-12-31": "", "2015-09-30": "", "2015-06-30": "", "2015-03-31": "", "2014-12-31": "", "2014-09-30": "", "2014-06-30": "", "2014-03-31": "", "2013-12-31": "", "2013-09-30": "", "2013-06-30": "", "2013-03-31": "", "2012-12-31": "", "2012-09-30": "", "2012-06-30": "", "2012-03-31": "", "2011-12-31": "", "2011-09-30": "", "2011-06-30": "", "2011-03-31": "", "2010-12-31": "", "2010-09-30": "", "2010-06-30": "", "2010-03-31": "", "2009-12-31": "", "2009-09-30": "", "2009-06-30": "", "2009-03-31": "", "2008-12-31": "", "2008-09-30": "", "2008-06-30": "", "2008-03-31": "", "2007-12-31": "", "2007-09-30": "", "2007-06-30": "", "2007-03-31": "", "2006-12-31": "", "2006-09-30": "", "2006-06-30": "", "2006-03-31": "", "2005-12-31": "", "2005-09-30": "", "2005-06-30": "", "2005-03-31": ""}, "Basic Shares Outstanding": {"2020-12-31": "375.12000", "2020-09-30": "375.09400", "2020-06-30": "375.00900", "2020-03-31": "409.78600", "2019-12-31": "427.29200", "2019-09-30": "424.14900", "2019-06-30": "429.27800", "2019-03-31": "434.57400", "2018-12-31": "435.05400", "2018-09-30": "435.46800", "2018-06-30": "435.18700", "2018-03-31": "433.95200", "2017-12-31": "431.21600", "2017-09-30": "431.71800", "2017-06-30": "431.24500", "2017-03-31": "429.89100", "2016-12-31": "427.87600", "2016-09-30": "428.07700", "2016-06-30": "427.94200", "2016-03-31": "427.11100", "2015-12-31": "425.57400", "2015-09-30": "426.01900", "2015-06-30": "425.68800", "2015-03-31": "424.42800", "2014-12-31": "423.97000", "2014-09-30": "423.07900", "2014-06-30": "422.80500", "2014-03-31": "426.71700", "2013-12-31": "440.10800", "2013-09-30": "436.10900", "2013-06-30": "439.97200", "2013-03-31": "451.00000", "2012-12-31": "476.11800", "2012-09-30": "464.00000", "2012-06-30": "482.00000", "2012-03-31": "503.00000", "2011-12-31": "517.00000", "2011-09-30": "511.00000", "2011-06-30": "524.00000", "2011-03-31": "527.00000", "2010-12-31": "487.00000", "2010-09-30": "485.00000", "2010-06-30": "484.83200", "2010-03-31": "484.25900", "2009-12-31": "471.00000", "2009-09-30": "470.28000", "2009-06-30": "466.79900", "2009-03-31": "466.76100", "2008-12-31": "466.64200", "2008-09-30": "466.64600", "2008-06-30": "466.64900", "2008-03-31": "466.58000", "2007-12-31": "412.23300", "2007-09-30": "412.94400", "2007-06-30": "411.87000", "2007-03-31": "411.04000", "2006-12-31": "410.80500", "2006-09-30": "410.03400", "2006-06-30": "410.95700", "2006-03-31": "412.67500", "2005-12-31": "418.37400", "2005-09-30": "417.23500", "2005-06-30": "419.49700", "2005-03-31": "420.92400"}, "Shares Outstanding": {"2020-12-31": "380.65300", "2020-09-30": "377.91800", "2020-06-30": "375.00900", "2020-03-31": "412.75500", "2019-12-31": "430.67400", "2019-09-30": "427.33600", "2019-06-30": "432.25300", "2019-03-31": "438.24800", "2018-12-31": "439.68100", "2018-09-30": "440.01900", "2018-06-30": "439.44500", "2018-03-31": "438.97700", "2017-12-31": "438.55100", "2017-09-30": "438.41900", "2017-06-30": "438.11500", "2017-03-31": "438.73500", "2016-12-31": "432.91900", "2016-09-30": "433.52300", "2016-06-30": "431.79600", "2016-03-31": "430.90300", "2015-12-31": "432.23400", "2015-09-30": "432.54700", "2015-06-30": "432.74200", "2015-03-31": "432.30200", "2014-12-31": "432.26900", "2014-09-30": "431.60400", "2014-06-30": "430.75000", "2014-03-31": "434.65000", "2013-12-31": "448.54900", "2013-09-30": "444.93900", "2013-06-30": "448.06400", "2013-03-31": "458.00000", "2012-12-31": "482.89200", "2012-09-30": "471.00000", "2012-06-30": "488.00000", "2012-03-31": "510.00000", "2011-12-31": "523.00000", "2011-09-30": "511.00000", "2011-06-30": "524.00000", "2011-03-31": "532.00000", "2010-12-31": "488.00000", "2010-09-30": "485.00000", "2010-06-30": "527.39100", "2010-03-31": "526.63100", "2009-12-31": "472.00000", "2009-09-30": "471.05800", "2009-06-30": "466.79900", "2009-03-31": "466.76100", "2008-12-31": "466.64200", "2008-09-30": "466.64600", "2008-06-30": "517.95400", "2008-03-31": "466.58000", "2007-12-31": "412.23300", "2007-09-30": "412.94400", "2007-06-30": "452.40600", "2007-03-31": "418.44900", "2006-12-31": "451.17000", "2006-09-30": "449.84100", "2006-06-30": "454.31400", "2006-03-31": "422.97400", "2005-12-31": "460.26000", "2005-09-30": "458.79800", "2005-06-30": "461.90000", "2005-03-31": "463.01400"}, "Basic EPS": {"2020-12-31": "1.15000", "2020-09-30": "0.45000", "2020-06-30": "-0.23000", "2020-03-31": "0.88000", "2019-12-31": "0.33000", "2019-09-30": "0.29000", "2019-06-30": "0.34000", "2019-03-31": "0.35000", "2018-12-31": "0.33000", "2018-09-30": "0.23000", "2018-06-30": "0.24000", "2018-03-31": "0.28000", "2017-12-31": "0.10000", "2017-09-30": "0.17000", "2017-06-30": "0.15000", "2017-03-31": "0.21000", "2016-12-31": "0.16000", "2016-09-30": "0.12000", "2016-06-30": "0.12000", "2016-03-31": "0.14000", "2015-12-31": "0.20000", "2015-09-30": "0.10000", "2015-06-30": "0.20000", "2015-03-31": "0.10000", "2014-12-31": "0.04000", "2014-09-30": "0.18000", "2014-06-30": "0.10000", "2014-03-31": "0.11000", "2013-12-31": "-0.45000", "2013-09-30": "0.11000", "2013-06-30": "0.17000", "2013-03-31": "0.76000", "2012-12-31": "-0.73000", "2012-09-30": "0.39000", "2012-06-30": "0.59000", "2012-03-31": "0.21000", "2011-12-31": "0.99000", "2011-09-30": "-0.10000", "2011-06-30": "-0.02000", "2011-03-31": "0.32000", "2010-12-31": "0.88000", "2010-09-30": "-1.06000", "2010-06-30": "0.66000", "2010-03-31": "0.46000", "2009-12-31": "0.55000", "2009-09-30": "0.25000", "2009-06-30": "-0.32000", "2009-03-31": "-0.10000", "2008-12-31": "-0.52000", "2008-09-30": "-0.40000", "2008-06-30": "0.51000", "2008-03-31": "-0.28000", "2007-12-31": "-3.99000", "2007-09-30": "-0.85000", "2007-06-30": "2.32000", "2007-03-31": "0.26000", "2006-12-31": "0.02000", "2006-09-30": "0.62000", "2006-06-30": "1.74000", "2006-03-31": "0.35000", "2005-12-31": "1.01000", "2005-09-30": "1.02000", "2005-06-30": "0.70000", "2005-03-31": "0.52000"}, "EPS - Earnings Per Share": {"2020-12-31": "1.13000", "2020-09-30": "0.45000", "2020-06-30": "-0.23000", "2020-03-31": "0.87000", "2019-12-31": "0.32000", "2019-09-30": "0.29000", "2019-06-30": "0.34000", "2019-03-31": "0.35000", "2018-12-31": "0.32000", "2018-09-30": "0.23000", "2018-06-30": "0.24000", "2018-03-31": "0.28000", "2017-12-31": "0.10000", "2017-09-30": "0.17000", "2017-06-30": "0.15000", "2017-03-31": "0.20000", "2016-12-31": "0.15000", "2016-09-30": "0.12000", "2016-06-30": "0.12000", "2016-03-31": "0.14000", "2015-12-31": "0.20000", "2015-09-30": "0.09000", "2015-06-30": "0.20000", "2015-03-31": "0.10000", "2014-12-31": "0.04000", "2014-09-30": "0.18000", "2014-06-30": "0.09000", "2014-03-31": "0.11000", "2013-12-31": "-0.44000", "2013-09-30": "0.11000", "2013-06-30": "0.17000", "2013-03-31": "0.74000", "2012-12-31": "-0.74000", "2012-09-30": "0.39000", "2012-06-30": "0.59000", "2012-03-31": "0.21000", "2011-12-31": "0.98000", "2011-09-30": "-0.10000", "2011-06-30": "-0.02000", "2011-03-31": "0.32000", "2010-12-31": "0.92000", "2010-09-30": "-1.06000", "2010-06-30": "0.63000", "2010-03-31": "0.45000", "2009-12-31": "0.55000", "2009-09-30": "0.25000", "2009-06-30": "-0.32000", "2009-03-31": "-0.10000", "2008-12-31": "-0.51000", "2008-09-30": "-0.40000", "2008-06-30": "0.50000", "2008-03-31": "-0.28000", "2007-12-31": "-2.70000", "2007-09-30": "-0.85000", "2007-06-30": "1.03000", "2007-03-31": "0.26000", "2006-12-31": "0.17000", "2006-09-30": "0.60000", "2006-06-30": "1.52000", "2006-03-31": "0.34000", "2005-12-31": "0.95000", "2005-09-30": "0.95000", "2005-06-30": "0.66000", "2005-03-31": "0.49000"}}, "balance sheet": {"Cash On Hand": {"2020-12-31": "4626.63200", "2019-12-31": "5720.76000", "2018-12-31": "2681.89500", "2017-12-31": "1636.17500", "2016-12-31": "1972.51000", "2015-12-31": "2444.19900", "2014-12-31": "2364.58400", "2013-12-31": "2182.86500", "2012-12-31": "8911.00000", "2011-12-31": "8667.00000", "2010-12-31": "10598.00000", "2009-12-31": "11238.88000", "2008-12-31": "7605.28800", "2007-12-31": "12182.14000", "2006-12-31": "6044.54800", "2005-12-31": "5798.75700"}, "Receivables": {"2020-12-31": "", "2019-12-31": "", "2018-12-31": "", "2017-12-31": "", "2016-12-31": "", "2015-12-31": "", "2014-12-31": "", "2013-12-31": "", "2012-12-31": "", "2011-12-31": "", "2010-12-31": "", "2009-12-31": "", "2008-12-31": "", "2007-12-31": "", "2006-12-31": "", "2005-12-31": ""}, "Inventory": {"2020-12-31": "", "2019-12-31": "", "2018-12-31": "", "2017-12-31": "", "2016-12-31": "", "2015-12-31": "", "2014-12-31": "", "2013-12-31": "", "2012-12-31": "", "2011-12-31": "", "2010-12-31": "", "2009-12-31": "", "2008-12-31": "", "2007-12-31": "", "2006-12-31": "", "2005-12-31": ""}, "Pre-Paid Expenses": {"2020-12-31": "", "2019-12-31": "", "2018-12-31": "", "2017-12-31": "", "2016-12-31": "", "2015-12-31": "", "2014-12-31": "", "2013-12-31": "", "2012-12-31": "", "2011-12-31": "", "2010-12-31": "", "2009-12-31": "", "2008-12-31": "", "2007-12-31": "", "2006-12-31": "", "2005-12-31": ""}, "Other Current Assets": {"2020-12-31": "", "2019-12-31": "", "2018-12-31": "", "2017-12-31": "", "2016-12-31": "", "2015-12-31": "", "2014-12-31": "", "2013-12-31": "", "2012-12-31": "", "2011-12-31": "", "2010-12-31": "", "2009-12-31": "", "2008-12-31": "", "2007-12-31": "", "2006-12-31": "", "2005-12-31": ""}, "Total Current Assets": {"2020-12-31": "28475.92000", "2019-12-31": "31897.68000", "2018-12-31": "26225.57000", "2017-12-31": "21339.31000", "2016-12-31": "18136.07000", "2015-12-31": "14825.36000", "2014-12-31": "12584.38000", "2013-12-31": "2539.14800", "2012-12-31": "171457.00000", "2011-12-31": "183087.00000", "2010-12-31": "194903.00000", "2009-12-31": "156873.60000", "2008-12-31": "155337.00000", "2007-12-31": "140552.80000", "2006-12-31": "106614.70000", "2005-12-31": "91946.54000"}, "Property, Plant, And Equipment": {"2020-12-31": "154.67000", "2019-12-31": "134.74900", "2018-12-31": "105.50400", "2017-12-31": "89.74800", "2016-12-31": "87.06300", "2015-12-31": "81.27300", "2014-12-31": "78.47000", "2013-12-31": "74.18800", "2012-12-31": "", "2011-12-31": "", "2010-12-31": "", "2009-12-31": "", "2008-12-31": "", "2007-12-31": "", "2006-12-31": "", "2005-12-31": ""}, "Long-Term Investments": {"2020-12-31": "2077.42800", "2019-12-31": "572.08900", "2018-12-31": "231.79900", "2017-12-31": "244.08800", "2016-12-31": "208.60300", "2015-12-31": "195.39100", "2014-12-31": "168.93400", "2013-12-31": "8033.48200", "2012-12-31": "1082.00000", "2011-12-31": "1122.00000", "2010-12-31": "956.00000", "2009-12-31": "2013.82800", "2008-12-31": "1041.40500", "2007-12-31": "2964.38000", "2006-12-31": "2563.45100", "2005-12-31": "2368.99900"}, "Goodwill And Intangible Assets": {"2020-12-31": "", "2019-12-31": "", "2018-12-31": "", "2017-12-31": "", "2016-12-31": "", "2015-12-31": "", "2014-12-31": "3.22500", "2013-12-31": "6.51500", "2012-12-31": "448.00000", "2011-12-31": "478.00000", "2010-12-31": "478.00000", "2009-12-31": "1177.31000", "2008-12-31": "1249.21900", "2007-12-31": "1300.68900", "2006-12-31": "1371.60600", "2005-12-31": "1105.10400"}, "Other Long-Term Assets": {"2020-12-31": "62.40700", "2019-12-31": "81.96200", "2018-12-31": "75.29800", "2017-12-31": "106.43900", "2016-12-31": "101.26700", "2015-12-31": "112.07200", "2014-12-31": "137.23600", "2013-12-31": "53.33100", "2012-12-31": "8273.00000", "2011-12-31": "8658.00000", "2010-12-31": "8970.00000", "2009-12-31": "9920.59100", "2008-12-31": "11140.78000", "2007-12-31": "10747.11000", "2006-12-31": "5585.94300", "2005-12-31": "3918.05300"}, "Total Long-Term Assets": {"2020-12-31": "2294.50500", "2019-12-31": "788.80000", "2018-12-31": "412.60100", "2017-12-31": "440.27500", "2016-12-31": "396.93300", "2015-12-31": "388.73600", "2014-12-31": "387.86500", "2013-12-31": "8167.51600", "2012-12-31": "9803.00000", "2011-12-31": "10258.00000", "2010-12-31": "10404.00000", "2009-12-31": "13111.73000", "2008-12-31": "13431.40000", "2007-12-31": "15012.18000", "2006-12-31": "9521.00000", "2005-12-31": "7392.15600"}, "Total Assets": {"2020-12-31": "30770.42000", "2019-12-31": "32686.48000", "2018-12-31": "26638.17000", "2017-12-31": "21779.58000", "2016-12-31": "18533.00000", "2015-12-31": "15214.10000", "2014-12-31": "12972.24000", "2013-12-31": "10706.66000", "2012-12-31": "181260.00000", "2011-12-31": "193345.00000", "2010-12-31": "205307.00000", "2009-12-31": "169985.30000", "2008-12-31": "168768.40000", "2007-12-31": "155565.00000", "2006-12-31": "116135.70000", "2005-12-31": "99338.69000"}, "Total Current Liabilities": {"2020-12-31": "22666.04000", "2019-12-31": "24573.21000", "2018-12-31": "18943.16000", "2017-12-31": "15505.38000", "2016-12-31": "13435.67000", "2015-12-31": "11987.88000", "2014-12-31": "10540.55000", "2013-12-31": "9001.55000", "2012-12-31": "19856.00000", "2011-12-31": "29573.00000", "2010-12-31": "33616.00000", "2009-12-31": "30896.81000", "2008-12-31": "41933.04000", "2007-12-31": "35947.41000", "2006-12-31": "3528.26300", "2005-12-31": "3809.65500"}, "Long Term Debt": {"2020-12-31": "5189.21700", "2019-12-31": "4354.03700", "2018-12-31": "4284.30400", "2017-12-31": "3275.27000", "2016-12-31": "2167.97900", "2015-12-31": "579.10100", "2014-12-31": "", "2013-12-31": "", "2012-12-31": "152401.00000", "2011-12-31": "154393.00000", "2010-12-31": "163543.00000", "2009-12-31": "130546.30000", "2008-12-31": "118224.80000", "2007-12-31": "111098.10000", "2006-12-31": "104558.50000", "2005-12-31": "88119.09000"}, "Other Non-Current Liabilities": {"2020-12-31": "352.33200", "2019-12-31": "447.39300", "2018-12-31": "438.05500", "2017-12-31": "422.39000", "2016-12-31": "397.97500", "2015-12-31": "384.13000", "2014-12-31": "410.23100", "2013-12-31": "376.76600", "2012-12-31": "3937.00000", "2011-12-31": "4128.00000", "2010-12-31": "3136.00000", "2009-12-31": "3263.59300", "2008-12-31": "3604.26000", "2007-12-31": "3284.54500", "2006-12-31": "3679.78100", "2005-12-31": "3609.33200"}, "Total Long Term Liabilities": {"2020-12-31": "5541.54900", "2019-12-31": "4801.43000", "2018-12-31": "4722.35900", "2017-12-31": "3697.66000", "2016-12-31": "2565.95400", "2015-12-31": "963.23100", "2014-12-31": "410.23100", "2013-12-31": "376.76600", "2012-12-31": "156338.00000", "2011-12-31": "158521.00000", "2010-12-31": "166679.00000", "2009-12-31": "133809.90000", "2008-12-31": "121829.10000", "2007-12-31": "114394.00000", "2006-12-31": "108247.40000", "2005-12-31": "91737.61000"}, "Total Liabilities": {"2020-12-31": "28207.59000", "2019-12-31": "29374.64000", "2018-12-31": "23665.52000", "2017-12-31": "19305.33000", "2016-12-31": "16185.95000", "2015-12-31": "13117.78000", "2014-12-31": "11142.29000", "2013-12-31": "9540.52100", "2012-12-31": "176194.00000", "2011-12-31": "188094.00000", "2010-12-31": "200295.00000", "2009-12-31": "164706.70000", "2008-12-31": "163762.10000", "2007-12-31": "150341.50000", "2006-12-31": "111775.70000", "2005-12-31": "95547.26000"}, "Common Stock Net": {"2020-12-31": "91.34600", "2019-12-31": "90.72000", "2018-12-31": "89.97200", "2017-12-31": "88.69300", "2016-12-31": "87.32700", "2015-12-31": "86.13600", "2014-12-31": "84.96100", "2013-12-31": "", "2012-12-31": "107.00000", "2011-12-31": "106.00000", "2010-12-31": "119.00000", "2009-12-31": "110.44400", "2008-12-31": "106.88300", "2007-12-31": "106.49900", "2006-12-31": "86.62300", "2005-12-31": "85.29700"}, "Retained Earnings (Accumulated Deficit)": {"2020-12-31": "1722.36500", "2019-12-31": "1850.51200", "2018-12-31": "1340.01700", "2017-12-31": "868.18200", "2016-12-31": "595.32200", "2015-12-31": "366.60900", "2014-12-31": "113.06600", "2013-12-31": "", "2012-12-31": "1451.00000", "2011-12-31": "770.00000", "2010-12-31": "309.00000", "2009-12-31": "604.46700", "2008-12-31": "426.17500", "2007-12-31": "557.20400", "2006-12-31": "1834.71800", "2005-12-31": "1111.74300"}, "Comprehensive Income": {"2020-12-31": "-34.20000", "2019-12-31": "-12.36700", "2018-12-31": "10.62300", "2017-12-31": "2.74800", "2016-12-31": "-8.67100", "2015-12-31": "-16.05900", "2014-12-31": "-11.39300", "2013-12-31": "-3.02400", "2012-12-31": "-6.00000", "2011-12-31": "-14.00000", "2010-12-31": "-45.00000", "2009-12-31": "-40.82500", "2008-12-31": "-76.47600", "2007-12-31": "236.36400", "2006-12-31": "349.11100", "2005-12-31": "367.91000"}, "Other Share Holders Equity": {"2020-12-31": "", "2019-12-31": "", "2018-12-31": "", "2017-12-31": "", "2016-12-31": "", "2015-12-31": "", "2014-12-31": "", "2013-12-31": "1164.49500", "2012-12-31": "", "2011-12-31": "", "2010-12-31": "", "2009-12-31": "", "2008-12-31": "", "2007-12-31": "", "2006-12-31": "", "2005-12-31": ""}, "Share Holder Equity": {"2020-12-31": "2562.83500", "2019-12-31": "3311.83600", "2018-12-31": "2972.65600", "2017-12-31": "2474.25600", "2016-12-31": "2347.05800", "2015-12-31": "2096.32300", "2014-12-31": "1829.95800", "2013-12-31": "1166.14300", "2012-12-31": "5066.00000", "2011-12-31": "5251.00000", "2010-12-31": "5012.00000", "2009-12-31": "5278.62200", "2008-12-31": "5006.34000", "2007-12-31": "5223.53500", "2006-12-31": "4360.04200", "2005-12-31": "3791.42500"}, "Total Liabilities And Share Holders Equity": {"2020-12-31": "30770.42000", "2019-12-31": "32686.48000", "2018-12-31": "26638.17000", "2017-12-31": "21779.58000", "2016-12-31": "18533.00000", "2015-12-31": "15214.10000", "2014-12-31": "12972.24000", "2013-12-31": "10706.66000", "2012-12-31": "181260.00000", "2011-12-31": "193345.00000", "2010-12-31": "205307.00000", "2009-12-31": "169985.30000", "2008-12-31": "168768.40000", "2007-12-31": "155565.00000", "2006-12-31": "116135.70000", "2005-12-31": "99338.69000"}}, "balance sheet, quarterly": {"Cash On Hand": {"2020-12-31": "4626.63200", "2020-09-30": "4528.14400", "2020-06-30": "5118.41400", "2020-03-31": "7493.72800", "2019-12-31": "5720.76000", "2019-09-30": "3994.45400", "2019-06-30": "4139.95500", "2019-03-31": "2309.80900", "2018-12-31": "2681.89500", "2018-09-30": "1954.71200", "2018-06-30": "2158.44800", "2018-03-31": "1555.73300", "2017-12-31": "1636.17500", "2017-09-30": "1314.38900", "2017-06-30": "1380.63400", "2017-03-31": "1171.72200", "2016-12-31": "1972.51000", "2016-09-30": "1493.19400", "2016-06-30": "1077.21200", "2016-03-31": "963.09200", "2015-12-31": "2444.19900", "2015-09-30": "1307.40200", "2015-06-30": "1278.86300", "2015-03-31": "875.62200", "2014-12-31": "2364.58400", "2014-09-30": "1570.37800", "2014-06-30": "1524.17600", "2014-03-31": "7536.00000", "2013-12-31": "2182.86500", "2013-09-30": "8616.00000", "2013-06-30": "7436.00000", "2013-03-31": "8513.00000", "2012-12-31": "8911.00000", "2012-09-30": "9414.00000", "2012-06-30": "9737.00000", "2012-03-31": "8927.00000", "2011-12-31": "8667.00000", "2011-09-30": "9370.00000", "2011-06-30": "10219.63000", "2011-03-31": "10264.72000", "2010-12-31": "10598.00000", "2010-09-30": "11713.06000", "2010-06-30": "12519.95000", "2010-03-31": "12956.30000", "2009-12-31": "11238.88000", "2009-09-30": "10947.58000", "2009-06-30": "11385.66000", "2009-03-31": "6919.34700", "2008-12-31": "7605.28800", "2008-09-30": "7793.27100", "2008-06-30": "8824.65500", "2008-03-31": "7992.96200", "2007-12-31": "12182.14000", "2007-09-30": "12794.32000", "2007-06-30": "6981.04900", "2007-03-31": "7398.12800", "2006-12-31": "6044.54800", "2006-09-30": "6347.28700", "2006-06-30": "6877.15800", "2006-03-31": "5350.52600", "2005-12-31": "5798.75700", "2005-09-30": "4266.22500", "2005-06-30": "3440.08300", "2005-03-31": "2960.22300"}, "Receivables": {"2020-12-31": "", "2020-09-30": "", "2020-06-30": "", "2020-03-31": "", "2019-12-31": "", "2019-09-30": "", "2019-06-30": "", "2019-03-31": "", "2018-12-31": "", "2018-09-30": "", "2018-06-30": "", "2018-03-31": "", "2017-12-31": "", "2017-09-30": "", "2017-06-30": "", "2017-03-31": "", "2016-12-31": "", "2016-09-30": "", "2016-06-30": "", "2016-03-31": "", "2015-12-31": "", "2015-09-30": "", "2015-06-30": "", "2015-03-31": "", "2014-12-31": "", "2014-09-30": "", "2014-06-30": "", "2014-03-31": "", "2013-12-31": "", "2013-09-30": "", "2013-06-30": "", "2013-03-31": "", "2012-12-31": "", "2012-09-30": "", "2012-06-30": "", "2012-03-31": "", "2011-12-31": "", "2011-09-30": "", "2011-06-30": "", "2011-03-31": "", "2010-12-31": "", "2010-09-30": "", "2010-06-30": "", "2010-03-31": "", "2009-12-31": "", "2009-09-30": "", "2009-06-30": "", "2009-03-31": "", "2008-12-31": "", "2008-09-30": "", "2008-06-30": "", "2008-03-31": "", "2007-12-31": "", "2007-09-30": "", "2007-06-30": "", "2007-03-31": "", "2006-12-31": "", "2006-09-30": "", "2006-06-30": "", "2006-03-31": "", "2005-12-31": "", "2005-09-30": "", "2005-06-30": "", "2005-03-31": ""}, "Inventory": {"2020-12-31": "", "2020-09-30": "", "2020-06-30": "", "2020-03-31": "", "2019-12-31": "", "2019-09-30": "", "2019-06-30": "", "2019-03-31": "", "2018-12-31": "", "2018-09-30": "", "2018-06-30": "", "2018-03-31": "", "2017-12-31": "", "2017-09-30": "", "2017-06-30": "", "2017-03-31": "", "2016-12-31": "", "2016-09-30": "", "2016-06-30": "", "2016-03-31": "", "2015-12-31": "", "2015-09-30": "", "2015-06-30": "", "2015-03-31": "", "2014-12-31": "", "2014-09-30": "", "2014-06-30": "", "2014-03-31": "", "2013-12-31": "", "2013-09-30": "", "2013-06-30": "", "2013-03-31": "", "2012-12-31": "", "2012-09-30": "", "2012-06-30": "", "2012-03-31": "", "2011-12-31": "", "2011-09-30": "", "2011-06-30": "", "2011-03-31": "", "2010-12-31": "", "2010-09-30": "", "2010-06-30": "", "2010-03-31": "", "2009-12-31": "", "2009-09-30": "", "2009-06-30": "", "2009-03-31": "", "2008-12-31": "", "2008-09-30": "", "2008-06-30": "", "2008-03-31": "", "2007-12-31": "", "2007-09-30": "", "2007-06-30": "", "2007-03-31": "", "2006-12-31": "", "2006-09-30": "", "2006-06-30": "", "2006-03-31": "", "2005-12-31": "", "2005-09-30": "", "2005-06-30": "", "2005-03-31": ""}, "Pre-Paid Expenses": {"2020-12-31": "", "2020-09-30": "", "2020-06-30": "", "2020-03-31": "", "2019-12-31": "", "2019-09-30": "", "2019-06-30": "", "2019-03-31": "", "2018-12-31": "", "2018-09-30": "", "2018-06-30": "", "2018-03-31": "", "2017-12-31": "", "2017-09-30": "", "2017-06-30": "", "2017-03-31": "", "2016-12-31": "", "2016-09-30": "", "2016-06-30": "", "2016-03-31": "", "2015-12-31": "", "2015-09-30": "", "2015-06-30": "", "2015-03-31": "", "2014-12-31": "", "2014-09-30": "", "2014-06-30": "", "2014-03-31": "", "2013-12-31": "", "2013-09-30": "", "2013-06-30": "", "2013-03-31": "", "2012-12-31": "", "2012-09-30": "", "2012-06-30": "", "2012-03-31": "", "2011-12-31": "", "2011-09-30": "", "2011-06-30": "", "2011-03-31": "", "2010-12-31": "", "2010-09-30": "", "2010-06-30": "", "2010-03-31": "", "2009-12-31": "", "2009-09-30": "", "2009-06-30": "", "2009-03-31": "", "2008-12-31": "", "2008-09-30": "", "2008-06-30": "", "2008-03-31": "", "2007-12-31": "", "2007-09-30": "", "2007-06-30": "", "2007-03-31": "", "2006-12-31": "", "2006-09-30": "", "2006-06-30": "", "2006-03-31": "", "2005-12-31": "", "2005-09-30": "", "2005-06-30": "", "2005-03-31": ""}, "Other Current Assets": {"2020-12-31": "", "2020-09-30": "", "2020-06-30": "", "2020-03-31": "", "2019-12-31": "", "2019-09-30": "", "2019-06-30": "", "2019-03-31": "", "2018-12-31": "", "2018-09-30": "", "2018-06-30": "", "2018-03-31": "", "2017-12-31": "", "2017-09-30": "", "2017-06-30": "", "2017-03-31": "", "2016-12-31": "", "2016-09-30": "", "2016-06-30": "", "2016-03-31": "", "2015-12-31": "", "2015-09-30": "", "2015-06-30": "", "2015-03-31": "", "2014-12-31": "", "2014-09-30": "", "2014-06-30": "", "2014-03-31": "", "2013-12-31": "", "2013-09-30": "", "2013-06-30": "", "2013-03-31": "", "2012-12-31": "", "2012-09-30": "", "2012-06-30": "", "2012-03-31": "", "2011-12-31": "", "2011-09-30": "", "2011-06-30": "", "2011-03-31": "", "2010-12-31": "", "2010-09-30": "", "2010-06-30": "", "2010-03-31": "", "2009-12-31": "", "2009-09-30": "", "2009-06-30": "", "2009-03-31": "", "2008-12-31": "", "2008-09-30": "", "2008-06-30": "", "2008-03-31": "", "2007-12-31": "", "2007-09-30": "", "2007-06-30": "", "2007-03-31": "", "2006-12-31": "", "2006-09-30": "", "2006-06-30": "", "2006-03-31": "", "2005-12-31": "", "2005-09-30": "", "2005-06-30": "", "2005-03-31": ""}, "Total Current Assets": {"2020-12-31": "28475.92000", "2020-09-30": "28243.98000", "2020-06-30": "28043.93000", "2020-03-31": "30785.06000", "2019-12-31": "31897.68000", "2019-09-30": "30368.54000", "2019-06-30": "28942.63000", "2019-03-31": "27150.81000", "2018-12-31": "26225.57000", "2018-09-30": "25280.68000", "2018-06-30": "23781.66000", "2018-03-31": "22955.03000", "2017-12-31": "21339.31000", "2017-09-30": "20589.08000", "2017-06-30": "19100.47000", "2017-03-31": "18833.43000", "2016-12-31": "18136.07000", "2016-09-30": "17335.89000", "2016-06-30": "15202.84000", "2016-03-31": "14909.49000", "2015-12-31": "14825.36000", "2015-09-30": "14051.68000", "2015-06-30": "2070.01200", "2015-03-31": "1644.13400", "2014-12-31": "12584.38000", "2014-09-30": "11372.95000", "2014-06-30": "11041.81000", "2014-03-31": "148328.00000", "2013-12-31": "2539.14800", "2013-09-30": "152718.00000", "2013-06-30": "153043.00000", "2013-03-31": "165173.00000", "2012-12-31": "171457.00000", "2012-09-30": "174262.00000", "2012-06-30": "179024.00000", "2012-03-31": "181593.00000", "2011-12-31": "183087.00000", "2011-09-30": "186186.00000", "2011-06-30": "188607.30000", "2011-03-31": "191788.90000", "2010-12-31": "194903.00000", "2010-09-30": "193848.00000", "2010-06-30": "196163.30000", "2010-03-31": "195177.40000", "2009-12-31": "156873.60000", "2009-09-30": "170247.60000", "2009-06-30": "166031.70000", "2009-03-31": "157978.50000", "2008-12-31": "155337.00000", "2008-09-30": "149891.20000", "2008-06-30": "144016.00000", "2008-03-31": "140146.50000", "2007-12-31": "140552.80000", "2007-09-30": "133142.50000", "2007-06-30": "118785.10000", "2007-03-31": "113329.80000", "2006-12-31": "106614.70000", "2006-09-30": "95642.30000", "2006-06-30": "90206.41000", "2006-03-31": "88109.43000", "2005-12-31": "91946.54000", "2005-09-30": "86986.66000", "2005-06-30": "77232.62000", "2005-03-31": "73961.21000"}, "Property, Plant, And Equipment": {"2020-12-31": "154.67000", "2020-09-30": "148.77300", "2020-06-30": "147.73800", "2020-03-31": "143.62200", "2019-12-31": "134.74900", "2019-09-30": "135.20800", "2019-06-30": "129.65800", "2019-03-31": "130.53600", "2018-12-31": "105.50400", "2018-09-30": "105.05800", "2018-06-30": "101.33500", "2018-03-31": "97.21100", "2017-12-31": "89.74800", "2017-09-30": "88.97500", "2017-06-30": "88.97800", "2017-03-31": "87.98200", "2016-12-31": "87.06300", "2016-09-30": "86.72100", "2016-06-30": "86.51200", "2016-03-31": "81.26100", "2015-12-31": "81.27300", "2015-09-30": "80.22400", "2015-06-30": "80.43200", "2015-03-31": "79.82200", "2014-12-31": "78.47000", "2014-09-30": "78.80600", "2014-06-30": "77.83300", "2014-03-31": "", "2013-12-31": "74.18800", "2013-09-30": "", "2013-06-30": "", "2013-03-31": "", "2012-12-31": "", "2012-09-30": "", "2012-06-30": "", "2012-03-31": "", "2011-12-31": "", "2011-09-30": "", "2011-06-30": "", "2011-03-31": "", "2010-12-31": "", "2010-09-30": "", "2010-06-30": "", "2010-03-31": "", "2009-12-31": "", "2009-09-30": "", "2009-06-30": "", "2009-03-31": "", "2008-12-31": "", "2008-09-30": "", "2008-06-30": "", "2008-03-31": "", "2007-12-31": "", "2007-09-30": "", "2007-06-30": "", "2007-03-31": "", "2006-12-31": "", "2006-09-30": "", "2006-06-30": "", "2006-03-31": "", "2005-12-31": "", "2005-09-30": "", "2005-06-30": "", "2005-03-31": ""}, "Long-Term Investments": {"2020-12-31": "2077.42800", "2020-09-30": "2171.93800", "2020-06-30": "2102.91500", "2020-03-31": "697.43490", "2019-12-31": "572.08900", "2019-09-30": "541.46800", "2019-06-30": "331.54100", "2019-03-31": "207.90700", "2018-12-31": "231.79900", "2018-09-30": "172.37000", "2018-06-30": "178.14500", "2018-03-31": "229.11400", "2017-12-31": "244.08800", "2017-09-30": "232.54900", "2017-06-30": "229.47900", "2017-03-31": "216.89600", "2016-12-31": "208.60300", "2016-09-30": "213.17600", "2016-06-30": "206.78500", "2016-03-31": "203.59700", "2015-12-31": "195.39100", "2015-09-30": "190.94400", "2015-06-30": "10596.75000", "2015-03-31": "11079.84000", "2014-12-31": "168.93400", "2014-09-30": "153.89300", "2014-06-30": "149.39900", "2014-03-31": "787.00000", "2013-12-31": "8033.48200", "2013-09-30": "996.00000", "2013-06-30": "938.00000", "2013-03-31": "1006.00000", "2012-12-31": "1082.00000", "2012-09-30": "1200.00000", "2012-06-30": "1103.00000", "2012-03-31": "999.00000", "2011-12-31": "1122.00000", "2011-09-30": "1427.00000", "2011-06-30": "1139.40900", "2011-03-31": "891.61800", "2010-12-31": "956.00000", "2010-09-30": "1117.11100", "2010-06-30": "1413.07700", "2010-03-31": "1401.05900", "2009-12-31": "2013.82800", "2009-09-30": "1834.81000", "2009-06-30": "2072.48200", "2009-03-31": "684.39100", "2008-12-31": "1041.40500", "2008-09-30": "1117.72900", "2008-06-30": "2789.68100", "2008-03-31": "1496.47800", "2007-12-31": "2964.38000", "2007-09-30": "4245.04700", "2007-06-30": "1885.38300", "2007-03-31": "2437.06000", "2006-12-31": "2563.45100", "2006-09-30": "1858.88700", "2006-06-30": "2816.84600", "2006-03-31": "2064.29100", "2005-12-31": "2368.99900", "2005-09-30": "2213.71400", "2005-06-30": "2620.56700", "2005-03-31": "2499.16500"}, "Goodwill And Intangible Assets": {"2020-12-31": "", "2020-09-30": "", "2020-06-30": "", "2020-03-31": "", "2019-12-31": "", "2019-09-30": "", "2019-06-30": "", "2019-03-31": "", "2018-12-31": "", "2018-09-30": "", "2018-06-30": "", "2018-03-31": "", "2017-12-31": "", "2017-09-30": "", "2017-06-30": "", "2017-03-31": "", "2016-12-31": "", "2016-09-30": "", "2016-06-30": "", "2016-03-31": "1.48500", "2015-12-31": "", "2015-09-30": "2.11500", "2015-06-30": "2.48500", "2015-03-31": "2.85500", "2014-12-31": "3.22500", "2014-09-30": "3.73300", "2014-06-30": "4.24100", "2014-03-31": "421.00000", "2013-12-31": "6.51500", "2013-09-30": "436.00000", "2013-06-30": "440.00000", "2013-03-31": "444.00000", "2012-12-31": "448.00000", "2012-09-30": "462.00000", "2012-06-30": "467.00000", "2012-03-31": "471.00000", "2011-12-31": "478.00000", "2011-09-30": "484.00000", "2011-06-30": "479.91700", "2011-03-31": "472.34500", "2010-12-31": "478.00000", "2010-09-30": "488.22000", "2010-06-30": "1157.88800", "2010-03-31": "1167.59900", "2009-12-31": "1177.31000", "2009-09-30": "1224.27200", "2009-06-30": "1233.87100", "2009-03-31": "1239.55600", "2008-12-31": "1249.21900", "2008-09-30": "1259.54100", "2008-06-30": "1304.94100", "2008-03-31": "1319.72300", "2007-12-31": "1300.68900", "2007-09-30": "1354.14100", "2007-06-30": "", "2007-03-31": "1364.01600", "2006-12-31": "1371.60600", "2006-09-30": "1333.12300", "2006-06-30": "1080.70300", "2006-03-31": "1091.30100", "2005-12-31": "1105.10400", "2005-09-30": "1063.91600", "2005-06-30": "1003.42700", "2005-03-31": "1014.98600"}, "Other Long-Term Assets": {"2020-12-31": "62.40700", "2020-09-30": "77.72900", "2020-06-30": "117.53100", "2020-03-31": "134.78000", "2019-12-31": "81.96200", "2019-09-30": "114.99400", "2019-06-30": "181.39400", "2019-03-31": "124.36700", "2018-12-31": "75.29800", "2018-09-30": "133.07100", "2018-06-30": "128.03600", "2018-03-31": "124.96900", "2017-12-31": "106.43900", "2017-09-30": "105.56100", "2017-06-30": "94.36700", "2017-03-31": "98.19700", "2016-12-31": "101.26700", "2016-09-30": "109.82800", "2016-06-30": "133.79400", "2016-03-31": "128.94400", "2015-12-31": "112.07200", "2015-09-30": "125.58400", "2015-06-30": "125.27900", "2015-03-31": "126.86800", "2014-12-31": "137.23600", "2014-09-30": "105.56600", "2014-06-30": "106.06000", "2014-03-31": "6936.00000", "2013-12-31": "53.33100", "2013-09-30": "7420.00000", "2013-06-30": "7047.00000", "2013-03-31": "7463.00000", "2012-12-31": "8273.00000", "2012-09-30": "8279.00000", "2012-06-30": "8485.00000", "2012-03-31": "8629.00000", "2011-12-31": "8658.00000", "2011-09-30": "9447.00000", "2011-06-30": "10129.93000", "2011-03-31": "10201.97000", "2010-12-31": "8970.00000", "2010-09-30": "10653.45000", "2010-06-30": "8584.40400", "2010-03-31": "9767.04000", "2009-12-31": "9920.59100", "2009-09-30": "13137.21000", "2009-06-30": "11845.74000", "2009-03-31": "11648.90000", "2008-12-31": "11140.78000", "2008-09-30": "12722.64000", "2008-06-30": "15451.67000", "2008-03-31": "16210.29000", "2007-12-31": "10747.11000", "2007-09-30": "12073.66000", "2007-06-30": "12131.77000", "2007-03-31": "9745.59700", "2006-12-31": "5585.94300", "2006-09-30": "8218.39000", "2006-06-30": "7802.70600", "2006-03-31": "6500.56700", "2005-12-31": "3918.05300", "2005-09-30": "6056.06000", "2005-06-30": "5902.13900", "2005-03-31": "6321.59600"}, "Total Long-Term Assets": {"2020-12-31": "2294.50500", "2020-09-30": "2398.44000", "2020-06-30": "2368.18400", "2020-03-31": "975.83690", "2019-12-31": "788.80000", "2019-09-30": "791.67000", "2019-06-30": "642.59300", "2019-03-31": "462.81000", "2018-12-31": "412.60100", "2018-09-30": "410.49900", "2018-06-30": "407.51600", "2018-03-31": "451.29400", "2017-12-31": "440.27500", "2017-09-30": "427.08500", "2017-06-30": "412.82400", "2017-03-31": "403.07500", "2016-12-31": "396.93300", "2016-09-30": "409.72500", "2016-06-30": "427.09100", "2016-03-31": "415.28700", "2015-12-31": "388.73600", "2015-09-30": "398.86700", "2015-06-30": "10804.95000", "2015-03-31": "11289.39000", "2014-12-31": "387.86500", "2014-09-30": "341.99800", "2014-06-30": "337.53300", "2014-03-31": "8144.00000", "2013-12-31": "8167.51600", "2013-09-30": "8852.00000", "2013-06-30": "8425.00000", "2013-03-31": "8913.00000", "2012-12-31": "9803.00000", "2012-09-30": "9941.00000", "2012-06-30": "10055.00000", "2012-03-31": "10099.00000", "2011-12-31": "10258.00000", "2011-09-30": "11358.00000", "2011-06-30": "11749.26000", "2011-03-31": "11565.94000", "2010-12-31": "10404.00000", "2010-09-30": "12258.78000", "2010-06-30": "11155.37000", "2010-03-31": "12335.70000", "2009-12-31": "13111.73000", "2009-09-30": "16196.29000", "2009-06-30": "15152.10000", "2009-03-31": "13572.84000", "2008-12-31": "13431.40000", "2008-09-30": "15099.91000", "2008-06-30": "19546.29000", "2008-03-31": "19026.49000", "2007-12-31": "15012.18000", "2007-09-30": "17672.85000", "2007-06-30": "14017.16000", "2007-03-31": "13546.67000", "2006-12-31": "9521.00000", "2006-09-30": "11410.40000", "2006-06-30": "11700.26000", "2006-03-31": "9656.15900", "2005-12-31": "7392.15600", "2005-09-30": "9333.69000", "2005-06-30": "9526.13300", "2005-03-31": "9835.74700"}, "Total Assets": {"2020-12-31": "30770.42000", "2020-09-30": "30642.42000", "2020-06-30": "30412.11000", "2020-03-31": "31760.89000", "2019-12-31": "32686.48000", "2019-09-30": "31160.21000", "2019-06-30": "29585.23000", "2019-03-31": "27613.63000", "2018-12-31": "26638.17000", "2018-09-30": "25691.18000", "2018-06-30": "24189.18000", "2018-03-31": "23406.32000", "2017-12-31": "21779.58000", "2017-09-30": "21016.17000", "2017-06-30": "19513.30000", "2017-03-31": "19236.50000", "2016-12-31": "18533.00000", "2016-09-30": "17745.61000", "2016-06-30": "15629.93000", "2016-03-31": "15324.77000", "2015-12-31": "15214.10000", "2015-09-30": "14450.54000", "2015-06-30": "12874.96000", "2015-03-31": "12933.52000", "2014-12-31": "12972.24000", "2014-09-30": "11714.95000", "2014-06-30": "11379.34000", "2014-03-31": "156472.00000", "2013-12-31": "10706.66000", "2013-09-30": "161570.00000", "2013-06-30": "161468.00000", "2013-03-31": "174086.00000", "2012-12-31": "181260.00000", "2012-09-30": "184203.00000", "2012-06-30": "189079.00000", "2012-03-31": "191692.00000", "2011-12-31": "193345.00000", "2011-09-30": "197544.00000", "2011-06-30": "200356.60000", "2011-03-31": "203354.80000", "2010-12-31": "205307.00000", "2010-09-30": "206106.80000", "2010-06-30": "207318.70000", "2010-03-31": "207513.10000", "2009-12-31": "169985.30000", "2009-09-30": "186443.90000", "2009-06-30": "181183.80000", "2009-03-31": "171551.30000", "2008-12-31": "168768.40000", "2008-09-30": "164991.10000", "2008-06-30": "163562.20000", "2008-03-31": "159173.00000", "2007-12-31": "155565.00000", "2007-09-30": "150815.40000", "2007-06-30": "132802.30000", "2007-03-31": "126876.50000", "2006-12-31": "116135.70000", "2006-09-30": "107052.70000", "2006-06-30": "101906.70000", "2006-03-31": "97765.59000", "2005-12-31": "99338.69000", "2005-09-30": "96320.36000", "2005-06-30": "86758.74000", "2005-03-31": "83796.95000"}, "Total Current Liabilities": {"2020-12-31": "22666.04000", "2020-09-30": "23109.92000", "2020-06-30": "23592.12000", "2020-03-31": "24445.61000", "2019-12-31": "24573.21000", "2019-09-30": "22926.48000", "2019-06-30": "21178.13000", "2019-03-31": "19663.99000", "2018-12-31": "18943.16000", "2018-09-30": "17873.29000", "2018-06-30": "16745.96000", "2018-03-31": "16498.65000", "2017-12-31": "15505.38000", "2017-09-30": "15334.05000", "2017-06-30": "13794.82000", "2017-03-31": "13361.87000", "2016-12-31": "13435.67000", "2016-09-30": "13291.34000", "2016-06-30": "11900.08000", "2016-03-31": "12069.86000", "2015-12-31": "11987.88000", "2015-09-30": "11320.88000", "2015-06-30": "10340.61000", "2015-03-31": "10467.75000", "2014-12-31": "10540.55000", "2014-09-30": "9173.02200", "2014-06-30": "8890.20900", "2014-03-31": "11626.00000", "2013-12-31": "9001.55000", "2013-09-30": "15572.00000", "2013-06-30": "16558.00000", "2013-03-31": "17254.00000", "2012-12-31": "19856.00000", "2012-09-30": "20457.00000", "2012-06-30": "24493.00000", "2012-03-31": "27123.00000", "2011-12-31": "29573.00000", "2011-09-30": "31745.00000", "2011-06-30": "30765.69000", "2011-03-31": "32316.86000", "2010-12-31": "33616.00000", "2010-09-30": "45388.43000", "2010-06-30": "46472.43000", "2010-03-31": "41102.39000", "2009-12-31": "30896.81000", "2009-09-30": "53406.55000", "2009-06-30": "47331.57000", "2009-03-31": "46331.46000", "2008-12-31": "41933.04000", "2008-09-30": "38267.55000", "2008-06-30": "37191.76000", "2008-03-31": "38095.93000", "2007-12-31": "35947.41000", "2007-09-30": "33008.38000", "2007-06-30": "9758.46500", "2007-03-31": "4428.98000", "2006-12-31": "3528.26300", "2006-09-30": "3669.84200", "2006-06-30": "3801.26600", "2006-03-31": "3362.54800", "2005-12-31": "3809.65500", "2005-09-30": "4652.33400", "2005-06-30": "4679.61200", "2005-03-31": "5516.17700"}, "Long Term Debt": {"2020-12-31": "5189.21700", "2020-09-30": "4947.64700", "2020-06-30": "4449.76700", "2020-03-31": "4708.03600", "2019-12-31": "4354.03700", "2019-09-30": "4601.88800", "2019-06-30": "4862.76300", "2019-03-31": "4476.40600", "2018-12-31": "4284.30400", "2018-09-30": "4532.22100", "2018-06-30": "4217.11900", "2018-03-31": "3744.34500", "2017-12-31": "3275.27000", "2017-09-30": "2738.66200", "2017-06-30": "2872.23100", "2017-03-31": "2837.34700", "2016-12-31": "2167.97900", "2016-09-30": "1577.68900", "2016-06-30": "1038.02900", "2016-03-31": "558.51300", "2015-12-31": "579.10100", "2015-09-30": "593.68700", "2015-06-30": "", "2015-03-31": "", "2014-12-31": "", "2014-09-30": "", "2014-06-30": "", "2014-03-31": "136177.00000", "2013-12-31": "", "2013-09-30": "136944.00000", "2013-06-30": "135879.00000", "2013-03-31": "147887.00000", "2012-12-31": "152401.00000", "2012-09-30": "154786.00000", "2012-06-30": "155476.00000", "2012-03-31": "155588.00000", "2011-12-31": "154393.00000", "2011-09-30": "156810.00000", "2011-06-30": "160765.30000", "2011-03-31": "161886.30000", "2010-12-31": "163543.00000", "2010-09-30": "153003.90000", "2010-06-30": "152250.90000", "2010-03-31": "157983.30000", "2009-12-31": "130546.30000", "2009-09-30": "124647.80000", "2009-06-30": "125880.00000", "2009-03-31": "116669.40000", "2008-12-31": "118224.80000", "2008-09-30": "118069.90000", "2008-06-30": "117920.80000", "2008-03-31": "112485.10000", "2007-12-31": "111098.10000", "2007-09-30": "108861.00000", "2007-06-30": "114365.60000", "2007-03-31": "114070.80000", "2006-12-31": "104558.50000", "2006-09-30": "94816.56000", "2006-06-30": "90506.78000", "2006-03-31": "87083.11000", "2005-12-31": "88119.09000", "2005-09-30": "84499.74000", "2005-06-30": "75017.12000", "2005-03-31": "72241.08000"}, "Other Non-Current Liabilities": {"2020-12-31": "352.33200", "2020-09-30": "384.40500", "2020-06-30": "353.30500", "2020-03-31": "486.66200", "2019-12-31": "447.39300", "2019-09-30": "448.71800", "2019-06-30": "447.01300", "2019-03-31": "418.68800", "2018-12-31": "438.05500", "2018-09-30": "445.33400", "2018-06-30": "417.62600", "2018-03-31": "408.33100", "2017-12-31": "422.39000", "2017-09-30": "425.21200", "2017-06-30": "368.40200", "2017-03-31": "367.51300", "2016-12-31": "397.97500", "2016-09-30": "417.27000", "2016-06-30": "415.00200", "2016-03-31": "410.07000", "2015-12-31": "384.13000", "2015-09-30": "421.10800", "2015-06-30": "386.33400", "2015-03-31": "405.51300", "2014-12-31": "410.23100", "2014-09-30": "440.38400", "2014-06-30": "427.39900", "2014-03-31": "3071.00000", "2013-12-31": "376.76600", "2013-09-30": "3422.00000", "2013-06-30": "3597.00000", "2013-03-31": "3791.00000", "2012-12-31": "3937.00000", "2012-09-30": "4014.00000", "2012-06-30": "4172.00000", "2012-03-31": "3936.00000", "2011-12-31": "4128.00000", "2011-09-30": "4207.00000", "2011-06-30": "3814.39000", "2011-03-31": "3944.55600", "2010-12-31": "3136.00000", "2010-09-30": "3140.33000", "2010-06-30": "3508.61700", "2010-03-31": "3671.73400", "2009-12-31": "3263.59300", "2009-09-30": "3400.52700", "2009-06-30": "3120.63600", "2009-03-31": "3586.61000", "2008-12-31": "3604.26000", "2008-09-30": "3297.99800", "2008-06-30": "2905.16500", "2008-03-31": "3377.22900", "2007-12-31": "3284.54500", "2007-09-30": "3934.26700", "2007-06-30": "3320.09800", "2007-03-31": "3990.87800", "2006-12-31": "3679.78100", "2006-09-30": "4053.93100", "2006-06-30": "3229.47700", "2006-03-31": "3555.31800", "2005-12-31": "3609.33200", "2005-09-30": "3330.76300", "2005-06-30": "3336.94300", "2005-03-31": "2901.84300"}, "Total Long Term Liabilities": {"2020-12-31": "5541.54900", "2020-09-30": "5332.05200", "2020-06-30": "4803.07200", "2020-03-31": "5194.69800", "2019-12-31": "4801.43000", "2019-09-30": "5050.60600", "2019-06-30": "5309.77600", "2019-03-31": "4895.09400", "2018-12-31": "4722.35900", "2018-09-30": "4977.55500", "2018-06-30": "4634.74500", "2018-03-31": "4152.67600", "2017-12-31": "3697.66000", "2017-09-30": "3163.87400", "2017-06-30": "3240.63300", "2017-03-31": "3204.86000", "2016-12-31": "2565.95400", "2016-09-30": "1994.95900", "2016-06-30": "1453.03100", "2016-03-31": "968.58300", "2015-12-31": "963.23100", "2015-09-30": "1014.79500", "2015-06-30": "386.33400", "2015-03-31": "405.51300", "2014-12-31": "410.23100", "2014-09-30": "440.38400", "2014-06-30": "427.39900", "2014-03-31": "139248.00000", "2013-12-31": "376.76600", "2013-09-30": "140366.00000", "2013-06-30": "139476.00000", "2013-03-31": "151678.00000", "2012-12-31": "156338.00000", "2012-09-30": "158800.00000", "2012-06-30": "159648.00000", "2012-03-31": "159524.00000", "2011-12-31": "158521.00000", "2011-09-30": "161017.00000", "2011-06-30": "164579.70000", "2011-03-31": "165830.90000", "2010-12-31": "166679.00000", "2010-09-30": "156144.30000", "2010-06-30": "155759.50000", "2010-03-31": "161655.00000", "2009-12-31": "133809.90000", "2009-09-30": "128048.30000", "2009-06-30": "129000.70000", "2009-03-31": "120256.00000", "2008-12-31": "121829.10000", "2008-09-30": "121376.40000", "2008-06-30": "120835.50000", "2008-03-31": "115868.90000", "2007-12-31": "114394.00000", "2007-09-30": "112805.30000", "2007-06-30": "117695.80000", "2007-03-31": "118070.70000", "2006-12-31": "108247.40000", "2006-09-30": "98879.83000", "2006-06-30": "93745.63000", "2006-03-31": "90648.11000", "2005-12-31": "91737.61000", "2005-09-30": "87844.23000", "2005-06-30": "78427.39000", "2005-03-31": "75215.79000"}, "Total Liabilities": {"2020-12-31": "28207.59000", "2020-09-30": "28441.97000", "2020-06-30": "28395.19000", "2020-03-31": "29640.31000", "2019-12-31": "29374.64000", "2019-09-30": "27977.08000", "2019-06-30": "26487.91000", "2019-03-31": "24566.09000", "2018-12-31": "23665.52000", "2018-09-30": "22850.85000", "2018-06-30": "21460.47000", "2018-03-31": "20796.49000", "2017-12-31": "19305.33000", "2017-09-30": "18594.33000", "2017-06-30": "17175.59000", "2017-03-31": "16801.14000", "2016-12-31": "16185.95000", "2016-09-30": "15486.12000", "2016-06-30": "13433.02000", "2016-03-31": "13180.85000", "2015-12-31": "13117.78000", "2015-09-30": "12453.21000", "2015-06-30": "10912.79000", "2015-03-31": "11067.61000", "2014-12-31": "11142.29000", "2014-09-30": "9896.52400", "2014-06-30": "9641.07500", "2014-03-31": "150874.00000", "2013-12-31": "9540.52100", "2013-09-30": "155938.00000", "2013-06-30": "156034.00000", "2013-03-31": "168932.00000", "2012-12-31": "176194.00000", "2012-09-30": "179257.00000", "2012-06-30": "184141.00000", "2012-03-31": "186647.00000", "2011-12-31": "188094.00000", "2011-09-30": "192762.00000", "2011-06-30": "195345.40000", "2011-03-31": "198147.70000", "2010-12-31": "200295.00000", "2010-09-30": "201532.70000", "2010-06-30": "202232.00000", "2010-03-31": "202757.40000", "2009-12-31": "164706.70000", "2009-09-30": "181454.90000", "2009-06-30": "176332.30000", "2009-03-31": "166587.50000", "2008-12-31": "163762.10000", "2008-09-30": "159644.00000", "2008-06-30": "158027.20000", "2008-03-31": "153964.80000", "2007-12-31": "150341.50000", "2007-09-30": "145813.70000", "2007-06-30": "127454.20000", "2007-03-31": "122499.70000", "2006-12-31": "111775.70000", "2006-09-30": "102549.70000", "2006-06-30": "97546.90000", "2006-03-31": "94010.66000", "2005-12-31": "95547.26000", "2005-09-30": "92496.56000", "2005-06-30": "83107.01000", "2005-03-31": "80731.97000"}, "Common Stock Net": {"2020-12-31": "91.34600", "2020-09-30": "91.31900", "2020-06-30": "91.31700", "2020-03-31": "91.28800", "2019-12-31": "90.72000", "2019-09-30": "90.70700", "2019-06-30": "90.70200", "2019-03-31": "90.66600", "2018-12-31": "89.97200", "2018-09-30": "89.96200", "2018-06-30": "89.88200", "2018-03-31": "89.80500", "2017-12-31": "88.69300", "2017-09-30": "88.45800", "2017-06-30": "88.37300", "2017-03-31": "88.07500", "2016-12-31": "87.32700", "2016-09-30": "86.88100", "2016-06-30": "86.76900", "2016-03-31": "86.68400", "2015-12-31": "86.13600", "2015-09-30": "86.07500", "2015-06-30": "86.00300", "2015-03-31": "85.58700", "2014-12-31": "84.96100", "2014-09-30": "84.77700", "2014-06-30": "84.65900", "2014-03-31": "110.00000", "2013-12-31": "", "2013-09-30": "109.00000", "2013-06-30": "109.00000", "2013-03-31": "108.00000", "2012-12-31": "107.00000", "2012-09-30": "107.00000", "2012-06-30": "107.00000", "2012-03-31": "106.00000", "2011-12-31": "106.00000", "2011-09-30": "106.00000", "2011-06-30": "105.72500", "2011-03-31": "105.49900", "2010-12-31": "119.00000", "2010-09-30": "110.75800", "2010-06-30": "110.71500", "2010-03-31": "110.68200", "2009-12-31": "110.44400", "2009-09-30": "108.36200", "2009-06-30": "106.96900", "2009-03-31": "106.94000", "2008-12-31": "106.88300", "2008-09-30": "106.88400", "2008-06-30": "106.80200", "2008-03-31": "106.73600", "2007-12-31": "106.49900", "2007-09-30": "87.93200", "2007-06-30": "87.21900", "2007-03-31": "86.91800", "2006-12-31": "86.62300", "2006-09-30": "86.31800", "2006-06-30": "86.15100", "2006-03-31": "85.86600", "2005-12-31": "85.29700", "2005-09-30": "97.70500", "2005-06-30": "97.34100", "2005-03-31": "96.98400"}, "Retained Earnings (Accumulated Deficit)": {"2020-12-31": "1722.36500", "2020-09-30": "1302.65400", "2020-06-30": "1133.26900", "2020-03-31": "1243.72200", "2019-12-31": "1850.51200", "2019-09-30": "1725.67400", "2019-06-30": "1600.85500", "2019-03-31": "1480.71800", "2018-12-31": "1340.01700", "2018-09-30": "1196.89500", "2018-06-30": "1096.35900", "2018-03-31": "990.44700", "2017-12-31": "868.18200", "2017-09-30": "824.31600", "2017-06-30": "750.97300", "2017-03-31": "684.16500", "2016-12-31": "595.32200", "2016-09-30": "530.59400", "2016-06-30": "478.94700", "2016-03-31": "426.98600", "2015-12-31": "366.60900", "2015-09-30": "281.76100", "2015-06-30": "240.96700", "2015-03-31": "154.82400", "2014-12-31": "113.06600", "2014-09-30": "98.21000", "2014-06-30": "20.16700", "2014-03-31": "2733.00000", "2013-12-31": "", "2013-09-30": "2385.00000", "2013-06-30": "2195.00000", "2013-03-31": "1723.00000", "2012-12-31": "1451.00000", "2012-09-30": "1165.00000", "2012-06-30": "1040.00000", "2012-03-31": "814.00000", "2011-12-31": "770.00000", "2011-09-30": "315.00000", "2011-06-30": "417.70200", "2011-03-31": "479.65500", "2010-12-31": "309.00000", "2010-09-30": "-122.56500", "2010-06-30": "391.16900", "2010-03-31": "72.06200", "2009-12-31": "604.46700", "2009-09-30": "346.34700", "2009-06-30": "229.86500", "2009-03-31": "378.38700", "2008-12-31": "426.17500", "2008-09-30": "669.50900", "2008-06-30": "855.52700", "2008-03-31": "617.18400", "2007-12-31": "557.20400", "2007-09-30": "2437.63900", "2007-06-30": "2790.67400", "2007-03-31": "1833.35900", "2006-12-31": "1834.71800", "2006-09-30": "1928.20400", "2006-06-30": "1775.94800", "2006-03-31": "1163.57000", "2005-12-31": "1111.74300", "2005-09-30": "3195.03400", "2005-06-30": "2862.73000", "2005-03-31": "2662.31600"}, "Comprehensive Income": {"2020-12-31": "-34.20000", "2020-09-30": "-38.94100", "2020-06-30": "-44.07100", "2020-03-31": "-43.27400", "2019-12-31": "-12.36700", "2019-09-30": "-20.18300", "2019-06-30": "-13.57900", "2019-03-31": "2.17700", "2018-12-31": "10.62300", "2018-09-30": "27.01200", "2018-06-30": "23.21600", "2018-03-31": "15.60100", "2017-12-31": "2.74800", "2017-09-30": "-4.41700", "2017-06-30": "-7.85200", "2017-03-31": "-6.69100", "2016-12-31": "-8.67100", "2016-09-30": "-27.81300", "2016-06-30": "-33.85300", "2016-03-31": "-29.26900", "2015-12-31": "-16.05900", "2015-09-30": "-23.51500", "2015-06-30": "-11.44800", "2015-03-31": "-20.58400", "2014-12-31": "-11.39300", "2014-09-30": "-1.85200", "2014-06-30": "-0.36500", "2014-03-31": "7.00000", "2013-12-31": "-3.02400", "2013-09-30": "8.00000", "2013-06-30": "9.00000", "2013-03-31": "-4.00000", "2012-12-31": "-6.00000", "2012-09-30": "-8.00000", "2012-06-30": "-10.00000", "2012-03-31": "-9.00000", "2011-12-31": "-14.00000", "2011-09-30": "-20.00000", "2011-06-30": "-29.63600", "2011-03-31": "-35.40100", "2010-12-31": "-45.00000", "2010-09-30": "-44.15900", "2010-06-30": "-43.33300", "2010-03-31": "-42.51100", "2009-12-31": "-40.82500", "2009-09-30": "-44.14300", "2009-06-30": "-48.68300", "2009-03-31": "-70.45000", "2008-12-31": "-76.47600", "2008-09-30": "46.68700", "2008-06-30": "61.99400", "2008-03-31": "-2.39400", "2007-12-31": "236.36400", "2007-09-30": "245.35200", "2007-06-30": "265.38800", "2007-03-31": "300.88400", "2006-12-31": "349.11100", "2006-09-30": "460.52700", "2006-06-30": "370.20400", "2006-03-31": "328.49600", "2005-12-31": "367.91000", "2005-09-30": "407.76800", "2005-06-30": "473.12100", "2005-03-31": "374.57400"}, "Other Share Holders Equity": {"2020-12-31": "", "2020-09-30": "", "2020-06-30": "", "2020-03-31": "", "2019-12-31": "", "2019-09-30": "", "2019-06-30": "", "2019-03-31": "", "2018-12-31": "", "2018-09-30": "", "2018-06-30": "", "2018-03-31": "", "2017-12-31": "", "2017-09-30": "", "2017-06-30": "", "2017-03-31": "", "2016-12-31": "", "2016-09-30": "", "2016-06-30": "", "2016-03-31": "", "2015-12-31": "", "2015-09-30": "", "2015-06-30": "", "2015-03-31": "", "2014-12-31": "", "2014-09-30": "", "2014-06-30": "", "2014-03-31": "", "2013-12-31": "1164.49500", "2013-09-30": "", "2013-06-30": "", "2013-03-31": "", "2012-12-31": "", "2012-09-30": "", "2012-06-30": "", "2012-03-31": "", "2011-12-31": "", "2011-09-30": "", "2011-06-30": "", "2011-03-31": "", "2010-12-31": "", "2010-09-30": "", "2010-06-30": "", "2010-03-31": "", "2009-12-31": "", "2009-09-30": "", "2009-06-30": "", "2009-03-31": "", "2008-12-31": "", "2008-09-30": "", "2008-06-30": "", "2008-03-31": "", "2007-12-31": "", "2007-09-30": "", "2007-06-30": "", "2007-03-31": "", "2006-12-31": "", "2006-09-30": "", "2006-06-30": "", "2006-03-31": "", "2005-12-31": "", "2005-09-30": "", "2005-06-30": "", "2005-03-31": ""}, "Share Holder Equity": {"2020-12-31": "2562.83500", "2020-09-30": "2200.44600", "2020-06-30": "2016.91900", "2020-03-31": "2120.58300", "2019-12-31": "3311.83600", "2019-09-30": "3183.13200", "2019-06-30": "3097.31600", "2019-03-31": "3047.53400", "2018-12-31": "2972.65600", "2018-09-30": "2840.33500", "2018-06-30": "2728.70200", "2018-03-31": "2609.83300", "2017-12-31": "2474.25600", "2017-09-30": "2421.84000", "2017-06-30": "2337.71000", "2017-03-31": "2435.35600", "2016-12-31": "2347.05800", "2016-09-30": "2259.49600", "2016-06-30": "2196.91100", "2016-03-31": "2143.92500", "2015-12-31": "2096.32300", "2015-09-30": "1997.33400", "2015-06-30": "1962.17300", "2015-03-31": "1865.91300", "2014-12-31": "1829.95800", "2014-09-30": "1818.42800", "2014-06-30": "1738.26400", "2014-03-31": "5598.00000", "2013-12-31": "1166.14300", "2013-09-30": "5632.00000", "2013-06-30": "5434.00000", "2013-03-31": "5154.00000", "2012-12-31": "5066.00000", "2012-09-30": "4946.00000", "2012-06-30": "4938.00000", "2012-03-31": "5045.00000", "2011-12-31": "5251.00000", "2011-09-30": "4782.00000", "2011-06-30": "5011.23900", "2011-03-31": "5207.08700", "2010-12-31": "5012.00000", "2010-09-30": "4574.07700", "2010-06-30": "5086.74800", "2010-03-31": "4755.69600", "2009-12-31": "5278.62200", "2009-09-30": "4989.02500", "2009-06-30": "4851.53900", "2009-03-31": "4963.85900", "2008-12-31": "5006.34000", "2008-09-30": "5347.12400", "2008-06-30": "5535.00400", "2008-03-31": "5208.16700", "2007-12-31": "5223.53500", "2007-09-30": "5001.70700", "2007-06-30": "5348.06100", "2007-03-31": "4376.78200", "2006-12-31": "4360.04200", "2006-09-30": "4503.02300", "2006-06-30": "4359.76800", "2006-03-31": "3754.92800", "2005-12-31": "3791.42500", "2005-09-30": "3823.79800", "2005-06-30": "3651.73800", "2005-03-31": "3064.98200"}, "Total Liabilities And Share Holders Equity": {"2020-12-31": "30770.42000", "2020-09-30": "30642.42000", "2020-06-30": "30412.11000", "2020-03-31": "31760.89000", "2019-12-31": "32686.48000", "2019-09-30": "31160.21000", "2019-06-30": "29585.23000", "2019-03-31": "27613.63000", "2018-12-31": "26638.17000", "2018-09-30": "25691.18000", "2018-06-30": "24189.18000", "2018-03-31": "23406.32000", "2017-12-31": "21779.58000", "2017-09-30": "21016.17000", "2017-06-30": "19513.30000", "2017-03-31": "19236.50000", "2016-12-31": "18533.00000", "2016-09-30": "17745.61000", "2016-06-30": "15629.93000", "2016-03-31": "15324.77000", "2015-12-31": "15214.10000", "2015-09-30": "14450.54000", "2015-06-30": "12874.96000", "2015-03-31": "12933.52000", "2014-12-31": "12972.24000", "2014-09-30": "11714.95000", "2014-06-30": "11379.34000", "2014-03-31": "156472.00000", "2013-12-31": "10706.66000", "2013-09-30": "161570.00000", "2013-06-30": "161468.00000", "2013-03-31": "174086.00000", "2012-12-31": "181260.00000", "2012-09-30": "184203.00000", "2012-06-30": "189079.00000", "2012-03-31": "191692.00000", "2011-12-31": "193345.00000", "2011-09-30": "197544.00000", "2011-06-30": "200356.60000", "2011-03-31": "203354.80000", "2010-12-31": "205307.00000", "2010-09-30": "206106.80000", "2010-06-30": "207318.70000", "2010-03-31": "207513.10000", "2009-12-31": "169985.30000", "2009-09-30": "186443.90000", "2009-06-30": "181183.80000", "2009-03-31": "171551.30000", "2008-12-31": "168768.40000", "2008-09-30": "164991.10000", "2008-06-30": "163562.20000", "2008-03-31": "159173.00000", "2007-12-31": "155565.00000", "2007-09-30": "150815.40000", "2007-06-30": "132802.30000", "2007-03-31": "126876.50000", "2006-12-31": "116135.70000", "2006-09-30": "107052.70000", "2006-06-30": "101906.70000", "2006-03-31": "97765.59000", "2005-12-31": "99338.69000", "2005-09-30": "96320.36000", "2005-06-30": "86758.74000", "2005-03-31": "83796.95000"}}, "cash flow statement": {"Net Income/Loss": {"2020-12-31": "0.00000", "2019-12-31": "578.27600", "2018-12-31": "487.47600", "2017-12-31": "288.93400", "2016-12-31": "250.32700", "2015-12-31": "274.28400", "2014-12-31": "193.78500", "2013-12-31": "257.59300", "2012-12-31": "215.72600", "2011-12-31": "632.00000", "2010-12-31": "530.00000", "2009-12-31": "324.00000", "2008-12-31": "-212.62600", "2007-12-31": "-894.07900", "2006-12-31": "1156.95600", "2005-12-31": "1382.28400"}, "Total Depreciation And Amortization - Cash Flow": {"2020-12-31": "", "2019-12-31": "48.69200", "2018-12-31": "40.62900", "2017-12-31": "32.19900", "2016-12-31": "28.80800", "2015-12-31": "27.22600", "2014-12-31": "22.18100", "2013-12-31": "14.18800", "2012-12-31": "27.55400", "2011-12-31": "21.00000", "2010-12-31": "699.00000", "2009-12-31": "76.00000", "2008-12-31": "49.67400", "2007-12-31": "", "2006-12-31": "", "2005-12-31": ""}, "Other Non-Cash Items": {"2020-12-31": "", "2019-12-31": "371.46200", "2018-12-31": "313.54400", "2017-12-31": "200.35300", "2016-12-31": "88.02700", "2015-12-31": "26.22200", "2014-12-31": "64.92200", "2013-12-31": "35.45000", "2012-12-31": "79.48500", "2011-12-31": "1458.00000", "2010-12-31": "725.00000", "2009-12-31": "2024.00000", "2008-12-31": "2493.77300", "2007-12-31": "2183.33600", "2006-12-31": "803.40000", "2005-12-31": "-97.72600"}, "Total Non-Cash Items": {"2020-12-31": "", "2019-12-31": "420.15400", "2018-12-31": "354.17300", "2017-12-31": "232.55200", "2016-12-31": "116.83500", "2015-12-31": "53.44800", "2014-12-31": "87.10300", "2013-12-31": "49.63800", "2012-12-31": "107.03900", "2011-12-31": "1479.00000", "2010-12-31": "1424.00000", "2009-12-31": "2100.00000", "2008-12-31": "2543.44700", "2007-12-31": "2183.33600", "2006-12-31": "803.40000", "2005-12-31": "-97.72600"}, "Change In Accounts Receivable": {"2020-12-31": "", "2019-12-31": "-963.88500", "2018-12-31": "-866.52100", "2017-12-31": "-703.08100", "2016-12-31": "-582.59100", "2015-12-31": "-513.00600", "2014-12-31": "-452.37300", "2013-12-31": "-478.44900", "2012-12-31": "-403.24000", "2011-12-31": "463.00000", "2010-12-31": "-9652.00000", "2009-12-31": "-18206.00000", "2008-12-31": "-8066.95100", "2007-12-31": "-1413.42400", "2006-12-31": "-2015.24700", "2005-12-31": "-1484.06600"}, "Change In Inventories": {"2020-12-31": "", "2019-12-31": "", "2018-12-31": "", "2017-12-31": "", "2016-12-31": "", "2015-12-31": "", "2014-12-31": "", "2013-12-31": "", "2012-12-31": "", "2011-12-31": "", "2010-12-31": "", "2009-12-31": "", "2008-12-31": "", "2007-12-31": "", "2006-12-31": "", "2005-12-31": ""}, "Change In Accounts Payable": {"2020-12-31": "", "2019-12-31": "13.81700", "2018-12-31": "25.97900", "2017-12-31": "14.30400", "2016-12-31": "3.73600", "2015-12-31": "0.30300", "2014-12-31": "2.98500", "2013-12-31": "0.23900", "2012-12-31": "2.09500", "2011-12-31": "75.00000", "2010-12-31": "-77.00000", "2009-12-31": "-517.00000", "2008-12-31": "-200.50100", "2007-12-31": "214.40100", "2006-12-31": "277.61700", "2005-12-31": "260.50500"}, "Change In Assets/Liabilities": {"2020-12-31": "", "2019-12-31": "-33.81200", "2018-12-31": "-60.14400", "2017-12-31": "-43.81400", "2016-12-31": "-26.31600", "2015-12-31": "-22.67800", "2014-12-31": "-91.77500", "2013-12-31": "184.21500", "2012-12-31": "89.12700", "2011-12-31": "432.00000", "2010-12-31": "1083.00000", "2009-12-31": "385.00000", "2008-12-31": "244.88700", "2007-12-31": "-138.43700", "2006-12-31": "585.69500", "2005-12-31": "697.83300"}, "Total Change In Assets/Liabilities": {"2020-12-31": "", "2019-12-31": "-1014.07100", "2018-12-31": "-944.39000", "2017-12-31": "-692.64500", "2016-12-31": "-566.18490", "2015-12-31": "-412.79500", "2014-12-31": "-717.66110", "2013-12-31": "-237.21100", "2012-12-31": "-223.21500", "2011-12-31": "970.00000", "2010-12-31": "-8646.00000", "2009-12-31": "-18338.00000", "2008-12-31": "-8022.56500", "2007-12-31": "-1337.46000", "2006-12-31": "-1151.93500", "2005-12-31": "-525.72800"}, "Cash Flow From Operating Activities": {"2020-12-31": "", "2019-12-31": "-15.64100", "2018-12-31": "-102.74100", "2017-12-31": "-171.15900", "2016-12-31": "-199.02300", "2015-12-31": "-85.06300", "2014-12-31": "-436.77300", "2013-12-31": "70.02000", "2012-12-31": "99.55000", "2011-12-31": "3081.00000", "2010-12-31": "-6692.00000", "2009-12-31": "-15914.00000", "2008-12-31": "-5691.74400", "2007-12-31": "-48.20300", "2006-12-31": "808.42100", "2005-12-31": "758.83000"}, "Net Change In Property, Plant, And Equipment": {"2020-12-31": "", "2019-12-31": "", "2018-12-31": "", "2017-12-31": "", "2016-12-31": "", "2015-12-31": "", "2014-12-31": "", "2013-12-31": "", "2012-12-31": "", "2011-12-31": "", "2010-12-31": "", "2009-12-31": "", "2008-12-31": "", "2007-12-31": "", "2006-12-31": "", "2005-12-31": ""}, "Net Change In Intangible Assets": {"2020-12-31": "", "2019-12-31": "", "2018-12-31": "", "2017-12-31": "", "2016-12-31": "", "2015-12-31": "", "2014-12-31": "", "2013-12-31": "", "2012-12-31": "", "2011-12-31": "", "2010-12-31": "", "2009-12-31": "", "2008-12-31": "", "2007-12-31": "", "2006-12-31": "", "2005-12-31": ""}, "Net Acquisitions/Divestitures": {"2020-12-31": "", "2019-12-31": "", "2018-12-31": "", "2017-12-31": "", "2016-12-31": "", "2015-12-31": "", "2014-12-31": "", "2013-12-31": "", "2012-12-31": "", "2011-12-31": "", "2010-12-31": "", "2009-12-31": "", "2008-12-31": "-37.86800", "2007-12-31": "", "2006-12-31": "-339.83600", "2005-12-31": "-237.91900"}, "Net Change In Short-term Investments": {"2020-12-31": "", "2019-12-31": "", "2018-12-31": "", "2017-12-31": "", "2016-12-31": "", "2015-12-31": "", "2014-12-31": "", "2013-12-31": "", "2012-12-31": "", "2011-12-31": "", "2010-12-31": "", "2009-12-31": "", "2008-12-31": "", "2007-12-31": "", "2006-12-31": "", "2005-12-31": ""}, "Net Change In Long-Term Investments": {"2020-12-31": "", "2019-12-31": "-305.49900", "2018-12-31": "62.02100", "2017-12-31": "-38.28300", "2016-12-31": "-17.04600", "2015-12-31": "-30.37700", "2014-12-31": "-61.39600", "2013-12-31": "535.63100", "2012-12-31": "-6.03600", "2011-12-31": "39.00000", "2010-12-31": "1156.00000", "2009-12-31": "-348.00000", "2008-12-31": "1531.78100", "2007-12-31": "-556.17190", "2006-12-31": "64.79690", "2005-12-31": "1067.32000"}, "Net Change In Investments - Total": {"2020-12-31": "", "2019-12-31": "-305.49900", "2018-12-31": "62.02100", "2017-12-31": "-38.28300", "2016-12-31": "-17.04600", "2015-12-31": "-30.37700", "2014-12-31": "-61.39600", "2013-12-31": "535.63100", "2012-12-31": "-6.03600", "2011-12-31": "39.00000", "2010-12-31": "1156.00000", "2009-12-31": "-348.00000", "2008-12-31": "1531.78100", "2007-12-31": "-556.17190", "2006-12-31": "64.79690", "2005-12-31": "1067.32000"}, "Investing Activities - Other": {"2020-12-31": "", "2019-12-31": "-2001.21500", "2018-12-31": "-3316.88400", "2017-12-31": "-3121.86700", "2016-12-31": "-3291.81700", "2015-12-31": "-1817.13200", "2014-12-31": "-1326.97500", "2013-12-31": "-1266.74700", "2012-12-31": "-997.33790", "2011-12-31": "9435.00000", "2010-12-31": "6258.00000", "2009-12-31": "659.00000", "2008-12-31": "-12161.20000", "2007-12-31": "-30700.20000", "2006-12-31": "-14190.88000", "2005-12-31": "-17733.14000"}, "Cash Flow From Investing Activities": {"2020-12-31": "", "2019-12-31": "-2306.71400", "2018-12-31": "-3254.86300", "2017-12-31": "-3160.15000", "2016-12-31": "-3308.86300", "2015-12-31": "-1847.50900", "2014-12-31": "-1388.37100", "2013-12-31": "-731.11600", "2012-12-31": "-1003.37400", "2011-12-31": "9474.00000", "2010-12-31": "7414.00000", "2009-12-31": "311.00000", "2008-12-31": "-10667.29000", "2007-12-31": "-31256.37000", "2006-12-31": "-14465.92000", "2005-12-31": "-16903.73000"}, "Net Long-Term Debt": {"2020-12-31": "", "2019-12-31": "62.70200", "2018-12-31": "1002.38700", "2017-12-31": "1102.22200", "2016-12-31": "1588.00600", "2015-12-31": "578.70500", "2014-12-31": "", "2013-12-31": "", "2012-12-31": "", "2011-12-31": "-12999.00000", "2010-12-31": "-13210.00000", "2009-12-31": "2137.00000", "2008-12-31": "5731.81800", "2007-12-31": "15893.54000", "2006-12-31": "14401.49000", "2005-12-31": "14655.36000"}, "Net Current Debt": {"2020-12-31": "", "2019-12-31": "289.23000", "2018-12-31": "", "2017-12-31": "", "2016-12-31": "-500.17500", "2015-12-31": "500.17500", "2014-12-31": "", "2013-12-31": "", "2012-12-31": "", "2011-12-31": "-2084.00000", "2010-12-31": "9688.00000", "2009-12-31": "16341.00000", "2008-12-31": "6796.08000", "2007-12-31": "19325.34000", "2006-12-31": "-66.25880", "2005-12-31": "1227.28500"}, "Debt Issuance/Retirement Net - Total": {"2020-12-31": "", "2019-12-31": "351.93200", "2018-12-31": "1002.38700", "2017-12-31": "1102.22200", "2016-12-31": "1087.83100", "2015-12-31": "1078.88000", "2014-12-31": "", "2013-12-31": "", "2012-12-31": "", "2011-12-31": "-15083.00000", "2010-12-31": "-3522.00000", "2009-12-31": "18478.00000", "2008-12-31": "12527.90000", "2007-12-31": "35218.88000", "2006-12-31": "14335.23000", "2005-12-31": "15882.64000"}, "Net Common Equity Issued/Repurchased": {"2020-12-31": "", "2019-12-31": "-167.20100", "2018-12-31": "", "2017-12-31": "", "2016-12-31": "", "2015-12-31": "", "2014-12-31": "", "2013-12-31": "", "2012-12-31": "", "2011-12-31": "-300.00000", "2010-12-31": "", "2009-12-31": "", "2008-12-31": "5.97900", "2007-12-31": "-97.28300", "2006-12-31": "-290.33500", "2005-12-31": "-482.39800"}, "Net Total Equity Issued/Repurchased": {"2020-12-31": "", "2019-12-31": "-167.20100", "2018-12-31": "", "2017-12-31": "-165.00000", "2016-12-31": "", "2015-12-31": "", "2014-12-31": "", "2013-12-31": "", "2012-12-31": "", "2011-12-31": "-300.00000", "2010-12-31": "", "2009-12-31": "", "2008-12-31": "151.32400", "2007-12-31": "871.39110", "2006-12-31": "-290.33500", "2005-12-31": "-85.65300"}, "Total Common And Preferred Stock Dividends Paid": {"2020-12-31": "", "2019-12-31": "-67.95100", "2018-12-31": "-15.64000", "2017-12-31": "-15.71400", "2016-12-31": "-21.20400", "2015-12-31": "-19.59500", "2014-12-31": "-12.93300", "2013-12-31": "-120.00000", "2012-12-31": "-420.00000", "2011-12-31": "-172.00000", "2010-12-31": "-72.00000", "2009-12-31": "-116.00000", "2008-12-31": "-110.55600", "2007-12-31": "-139.15500", "2006-12-31": "-433.33400", "2005-12-31": "-376.90400"}, "Financial Activities - Other": {"2020-12-31": "", "2019-12-31": "5244.44000", "2018-12-31": "3416.57700", "2017-12-31": "2073.46600", "2016-12-31": "1969.57000", "2015-12-31": "929.72600", "2014-12-31": "2014.99200", "2013-12-31": "1364.87900", "2012-12-31": "1457.01200", "2011-12-31": "1451.00000", "2010-12-31": "1145.00000", "2009-12-31": "-759.00000", "2008-12-31": "278.33400", "2007-12-31": "314.26800", "2006-12-31": "168.51200", "2005-12-31": "-172.01500"}, "Cash Flow From Financial Activities": {"2020-12-31": "", "2019-12-31": "5361.22000", "2018-12-31": "4403.32400", "2017-12-31": "2994.97400", "2016-12-31": "3036.19700", "2015-12-31": "1989.01100", "2014-12-31": "2002.05900", "2013-12-31": "1244.87900", "2012-12-31": "1037.01200", "2011-12-31": "-14104.00000", "2010-12-31": "-2449.00000", "2009-12-31": "17603.00000", "2008-12-31": "12847.00000", "2007-12-31": "36265.38000", "2006-12-31": "13780.07000", "2005-12-31": "15248.07000"}, "Net Cash Flow": {"2020-12-31": "", "2019-12-31": "3038.86500", "2018-12-31": "1045.72000", "2017-12-31": "-336.33500", "2016-12-31": "-471.68900", "2015-12-31": "56.43900", "2014-12-31": "176.91500", "2013-12-31": "583.78300", "2012-12-31": "133.18800", "2011-12-31": "-1549.00000", "2010-12-31": "-1727.00000", "2009-12-31": "2000.00000", "2008-12-31": "-3512.02900", "2007-12-31": "4960.80900", "2006-12-31": "122.56700", "2005-12-31": "-896.83200"}, "Stock-Based Compensation": {"2020-12-31": "", "2019-12-31": "30.60000", "2018-12-31": "31.52400", "2017-12-31": "27.89900", "2016-12-31": "22.94400", "2015-12-31": "21.59800", "2014-12-31": "24.97100", "2013-12-31": "15.68100", "2012-12-31": "19.10200", "2011-12-31": "56.00000", "2010-12-31": "40.00000", "2009-12-31": "51.00000", "2008-12-31": "86.27100", "2007-12-31": "74.62100", "2006-12-31": "81.16300", "2005-12-31": "19.59200"}, "Common Stock Dividends Paid": {"2020-12-31": "", "2019-12-31": "-51.11400", "2018-12-31": "0.00000", "2017-12-31": "0.00000", "2016-12-31": "", "2015-12-31": "", "2014-12-31": "", "2013-12-31": "-120.00000", "2012-12-31": "-420.00000", "2011-12-31": "-154.00000", "2010-12-31": "0.00000", "2009-12-31": "", "2008-12-31": "", "2007-12-31": "-102.65800", "2006-12-31": "-398.41400", "2005-12-31": "-355.36800"}}, "cash flow statement, quarterly": {"Net Income/Loss": {"2020-12-31": -447.99, "2020-09-30": 171.028, "2020-06-30": -85.211, "2020-03-31": "362.17300", "2019-12-31": 141.352, "2019-09-30": 128.458, "2019-06-30": 150.277, "2019-03-31": "158.18900", "2018-12-31": 147.512, "2018-09-30": 103.878, "2018-06-30": 109.832, "2018-03-31": "126.25400", "2017-12-31": 47.003, "2017-09-30": 76.371, "2017-06-30": 70.617, "2017-03-31": "94.94300", "2016-12-31": 70.242, "2016-09-30": 56.965, "2016-06-30": 57.205, "2016-03-31": "65.91500", "2015-12-31": 89.845, "2015-09-30": 45.724, "2015-06-30": 91.016, "2015-03-31": "47.69900", "2014-12-31": 19.717, "2014-09-30": 82.926, "2014-06-30": 44.128, "2014-03-31": "47.01400", "2013-12-31": 59.87, "2013-09-30": 49.056, "2013-06-30": -197.333, "2013-03-31": "346.00000", "2012-12-31": -373.274, "2012-09-30": 187, "2012-06-30": 291, "2012-03-31": "111.00000", "2011-12-31": 510, "2011-09-30": -47, "2011-06-30": -6, "2011-03-31": "175.00000", "2010-12-31": 447, "2010-09-30": -494.958, "2010-06-30": 337.818, "2010-03-31": "240.14000", "2009-12-31": 308.306, "2009-09-30": 159.308, "2009-06-30": -122.509, "2009-03-31": "-21.10500", "2008-12-31": -219.422, "2008-09-30": -157.997, "2008-06-30": 268.662, "2008-03-31": "-103.86900", "2007-12-31": -1632.943, "2007-09-30": -343.76, "2007-06-30": 966.471, "2007-03-31": "116.15300", "2006-12-31": 18.105, "2006-09-30": 263.472, "2006-06-30": 723.778, "2006-03-31": "151.60100", "2005-12-31": 431.035, "2005-09-30": 431.35, "2005-06-30": 296.515, "2005-03-31": "223.38400"}, "Total Depreciation And Amortization - Cash Flow": {"2020-12-31": -52.808, "2020-09-30": 14.886, "2020-06-30": 15.497, "2020-03-31": "22.42500", "2019-12-31": 13.65, "2019-09-30": 12.971, "2019-06-30": 11.28, "2019-03-31": "10.79100", "2018-12-31": 11.04, "2018-09-30": 10.592, "2018-06-30": 9.708, "2018-03-31": "9.28900", "2017-12-31": 8.202, "2017-09-30": 8.45, "2017-06-30": 8.134, "2017-03-31": "7.41300", "2016-12-31": 6.842, "2016-09-30": 10.216, "2016-06-30": 5.084, "2016-03-31": "6.66600", "2015-12-31": 6.998, "2015-09-30": 7.057, "2015-06-30": 7.482, "2015-03-31": "5.68900", "2014-12-31": 5.682, "2014-09-30": 5.321, "2014-06-30": 5.093, "2014-03-31": "6.08500", "2013-12-31": 5.641, "2013-09-30": 3.226, "2013-06-30": 2.321, "2013-03-31": "3.00000", "2012-12-31": 14.554, "2012-09-30": 4, "2012-06-30": 4, "2012-03-31": "5.00000", "2011-12-31": 3, "2011-09-30": 6, "2011-06-30": 6, "2011-03-31": "6.00000", "2010-12-31": 10, "2010-09-30": 669.578, "2010-06-30": 9.71, "2010-03-31": "9.71200", "2009-12-31": 46.824, "2009-09-30": 29.176, "2009-06-30": 0, "2009-03-31": "", "2008-12-31": 49.674, "2008-09-30": 0, "2008-06-30": 0, "2008-03-31": "", "2007-12-31": 0, "2007-09-30": 0, "2007-06-30": 0, "2007-03-31": "", "2006-12-31": 0, "2006-09-30": 0, "2006-06-30": 0, "2006-03-31": "", "2005-12-31": 0, "2005-09-30": 0, "2005-06-30": 0, "2005-03-31": ""}, "Other Non-Cash Items": {"2020-12-31": -555.162, "2020-09-30": 74.739, "2020-06-30": 324.673, "2020-03-31": "155.75000", "2019-12-31": -14.445, "2019-09-30": 136.989, "2019-06-30": 120.967, "2019-03-31": "127.95100", "2018-12-31": -26.33, "2018-09-30": 118.593, "2018-06-30": 114.863, "2018-03-31": "106.41800", "2017-12-31": -100.045, "2017-09-30": 103.259, "2017-06-30": 106.286, "2017-03-31": "90.85300", "2016-12-31": -150.905, "2016-09-30": 84.608, "2016-06-30": 76.629, "2016-03-31": "77.69500", "2015-12-31": -152.852, "2015-09-30": 50.534, "2015-06-30": 78.231, "2015-03-31": "50.30900", "2014-12-31": -127.085, "2014-09-30": 74.742, "2014-06-30": 41.093, "2014-03-31": "76.17200", "2013-12-31": -138.421, "2013-09-30": 53.679, "2013-06-30": 79.192, "2013-03-31": "41.00000", "2012-12-31": -672.515, "2012-09-30": 283, "2012-06-30": 38, "2012-03-31": "431.00000", "2011-12-31": -202, "2011-09-30": 671, "2011-06-30": 642, "2011-03-31": "347.00000", "2010-12-31": 85, "2010-09-30": 489.977, "2010-06-30": -7.211, "2010-03-31": "157.23400", "2009-12-31": 29.303, "2009-09-30": 360.053, "2009-06-30": 1010.089, "2009-03-31": "624.55500", "2008-12-31": 1470.003, "2008-09-30": 401.633, "2008-06-30": -22.883, "2008-03-31": "645.02000", "2007-12-31": 1524.587, "2007-09-30": 785.851, "2007-06-30": -597.021, "2007-03-31": "469.91900", "2006-12-31": 391.6189, "2006-09-30": 215.7201, "2006-06-30": 20.097, "2006-03-31": "175.96400", "2005-12-31": 5.49, "2005-09-30": -172.191, "2005-06-30": 112.945, "2005-03-31": "-43.97000"}, "Total Non-Cash Items": {"2020-12-31": -607.97, "2020-09-30": 89.625, "2020-06-30": 340.17, "2020-03-31": "178.17500", "2019-12-31": -0.795, "2019-09-30": 149.96, "2019-06-30": 132.247, "2019-03-31": "138.74200", "2018-12-31": -15.29, "2018-09-30": 129.185, "2018-06-30": 124.571, "2018-03-31": "115.70700", "2017-12-31": -91.843, "2017-09-30": 111.709, "2017-06-30": 114.42, "2017-03-31": "98.26600", "2016-12-31": -144.063, "2016-09-30": 94.824, "2016-06-30": 81.713, "2016-03-31": "84.36100", "2015-12-31": -145.854, "2015-09-30": 57.591, "2015-06-30": 85.713, "2015-03-31": "55.99800", "2014-12-31": -121.403, "2014-09-30": 80.063, "2014-06-30": 46.186, "2014-03-31": "82.25700", "2013-12-31": -132.78, "2013-09-30": 56.905, "2013-06-30": 81.513, "2013-03-31": "44.00000", "2012-12-31": -657.961, "2012-09-30": 287, "2012-06-30": 42, "2012-03-31": "436.00000", "2011-12-31": -199, "2011-09-30": 677, "2011-06-30": 648, "2011-03-31": "353.00000", "2010-12-31": 95, "2010-09-30": 1159.555, "2010-06-30": 2.499, "2010-03-31": "166.94600", "2009-12-31": 76.127, "2009-09-30": 389.229, "2009-06-30": 1010.089, "2009-03-31": "624.55500", "2008-12-31": 1519.677, "2008-09-30": 401.633, "2008-06-30": -22.883, "2008-03-31": "645.02000", "2007-12-31": 1524.587, "2007-09-30": 785.851, "2007-06-30": -597.021, "2007-03-31": "469.91900", "2006-12-31": 391.619, "2006-09-30": 215.72, "2006-06-30": 20.097, "2006-03-31": "175.96400", "2005-12-31": 5.49, "2005-09-30": -172.191, "2005-06-30": 112.945, "2005-03-31": "-43.97000"}, "Change In Accounts Receivable": {"2020-12-31": 906.665, "2020-09-30": -203.808, "2020-06-30": -227.64, "2020-03-31": "-475.21700", "2019-12-31": -244.33, "2019-09-30": -240.669, "2019-06-30": -239.706, "2019-03-31": "-239.18000", "2018-12-31": -235.502, "2018-09-30": -221.146, "2018-06-30": -208.097, "2018-03-31": "-201.77600", "2017-12-31": -196.63, "2017-09-30": -181.767, "2017-06-30": -171.629, "2017-03-31": "-153.05500", "2016-12-31": -152.15, "2016-09-30": -152.859, "2016-06-30": -130.325, "2016-03-31": "-147.25700", "2015-12-31": -119.869, "2015-09-30": -125.252, "2015-06-30": -146.07, "2015-03-31": "-121.81500", "2014-12-31": -111.137, "2014-09-30": -129.501, "2014-06-30": -101.778, "2014-03-31": "-109.95700", "2013-12-31": -101.762, "2013-09-30": -108.301, "2013-06-30": -287.386, "2013-03-31": "19.00000", "2012-12-31": -607.24, "2012-09-30": 100, "2012-06-30": 99, "2012-03-31": "5.00000", "2011-12-31": 327, "2011-09-30": 43, "2011-06-30": 197, "2011-03-31": "-104.00000", "2010-12-31": 1642, "2010-09-30": -664.39, "2010-06-30": -3749.157, "2010-03-31": "-6880.45300", "2009-12-31": -2601.33, "2009-09-30": -5915.098, "2009-06-30": -3735.664, "2009-03-31": "-5953.90800", "2008-12-31": -4045.6, "2008-09-30": -4183.091, "2008-06-30": 103.963, "2008-03-31": "57.77700", "2007-12-31": 317.126, "2007-09-30": -312.834, "2007-06-30": -595.186, "2007-03-31": "-822.53000", "2006-12-31": -412.625, "2006-09-30": -429.443, "2006-06-30": -928.405, "2006-03-31": "-244.77400", "2005-12-31": -606.414, "2005-09-30": -177.221, "2005-06-30": -451.671, "2005-03-31": "-248.76000"}, "Change In Inventories": {"2020-12-31": 0, "2020-09-30": 0, "2020-06-30": 0, "2020-03-31": "", "2019-12-31": 0, "2019-09-30": 0, "2019-06-30": 0, "2019-03-31": "", "2018-12-31": 0, "2018-09-30": 0, "2018-06-30": 0, "2018-03-31": "", "2017-12-31": 0, "2017-09-30": 0, "2017-06-30": 0, "2017-03-31": "", "2016-12-31": 0, "2016-09-30": 0, "2016-06-30": 0, "2016-03-31": "", "2015-12-31": 0, "2015-09-30": 0, "2015-06-30": 0, "2015-03-31": "", "2014-12-31": 0, "2014-09-30": 0, "2014-06-30": 0, "2014-03-31": "", "2013-12-31": 0, "2013-09-30": 0, "2013-06-30": 0, "2013-03-31": "", "2012-12-31": 0, "2012-09-30": 0, "2012-06-30": 0, "2012-03-31": "", "2011-12-31": 0, "2011-09-30": 0, "2011-06-30": 0, "2011-03-31": "", "2010-12-31": 0, "2010-09-30": 0, "2010-06-30": 0, "2010-03-31": "", "2009-12-31": 0, "2009-09-30": 0, "2009-06-30": 0, "2009-03-31": "", "2008-12-31": 0, "2008-09-30": 0, "2008-06-30": 0, "2008-03-31": "", "2007-12-31": 0, "2007-09-30": 0, "2007-06-30": 0, "2007-03-31": "", "2006-12-31": 0, "2006-09-30": 0, "2006-06-30": 0, "2006-03-31": "", "2005-12-31": 0, "2005-09-30": 0, "2005-06-30": 0, "2005-03-31": ""}, "Change In Accounts Payable": {"2020-12-31": -0.038, "2020-09-30": 11.95, "2020-06-30": -30.522, "2020-03-31": "18.61000", "2019-12-31": -8.014, "2019-09-30": 14.794, "2019-06-30": -0.368, "2019-03-31": "7.40500", "2018-12-31": -1.286, "2018-09-30": 15.97, "2018-06-30": 0.261, "2018-03-31": "11.03400", "2017-12-31": -0.936, "2017-09-30": 11.965, "2017-06-30": -2.871, "2017-03-31": "6.14600", "2016-12-31": -6.466, "2016-09-30": 7.278, "2016-06-30": -6.155, "2016-03-31": "9.07900", "2015-12-31": -6.924, "2015-09-30": 7.579, "2015-06-30": -6.893, "2015-03-31": "6.54100", "2014-12-31": 0.346, "2014-09-30": 5.57, "2014-06-30": -6.838, "2014-03-31": "3.90700", "2013-12-31": 0.369, "2013-09-30": 1.368, "2013-06-30": -3.498, "2013-03-31": "2.00000", "2012-12-31": 57.095, "2012-09-30": -84, "2012-06-30": -10, "2012-03-31": "39.00000", "2011-12-31": -7, "2011-09-30": 12, "2011-06-30": -76, "2011-03-31": "146.00000", "2010-12-31": -94, "2010-09-30": -17.677, "2010-06-30": -45.156, "2010-03-31": "79.83300", "2009-12-31": -77.08, "2009-09-30": -30.811, "2009-06-30": -124.886, "2009-03-31": "-284.22300", "2008-12-31": -8.166, "2008-09-30": -25.851, "2008-06-30": -23.225, "2008-03-31": "-143.25900", "2007-12-31": 57.319, "2007-09-30": -46.293, "2007-06-30": 96.192, "2007-03-31": "107.18300", "2006-12-31": 110.199, "2006-09-30": 64.806, "2006-06-30": 72.359, "2006-03-31": "30.25300", "2005-12-31": 177.741, "2005-09-30": 76.828, "2005-06-30": -1.259, "2005-03-31": "7.19500"}, "Change In Assets/Liabilities": {"2020-12-31": 114.633, "2020-09-30": 4.453, "2020-06-30": -180.469, "2020-03-31": "61.38300", "2019-12-31": 18.747, "2019-09-30": -14.159, "2019-06-30": 6.094, "2019-03-31": "-44.49400", "2018-12-31": 8.418, "2018-09-30": -1.261, "2018-06-30": -3.083, "2018-03-31": "-64.21800", "2017-12-31": -14.188, "2017-09-30": 26.883, "2017-06-30": -2.649, "2017-03-31": "-53.86000", "2016-12-31": -20.352, "2016-09-30": -1.884, "2016-06-30": 0.811, "2016-03-31": "-4.89100", "2015-12-31": -27.462, "2015-09-30": 18.224, "2015-06-30": -13.977, "2015-03-31": "0.53700", "2014-12-31": -73.876, "2014-09-30": 19.096, "2014-06-30": -18.356, "2014-03-31": "-18.63900", "2013-12-31": -28.679, "2013-09-30": 267.201, "2013-06-30": -172.307, "2013-03-31": "118.00000", "2012-12-31": -349.873, "2012-09-30": 314, "2012-06-30": 125, "2012-03-31": "0.00000", "2011-12-31": 376, "2011-09-30": 22, "2011-06-30": -155, "2011-03-31": "189.00000", "2010-12-31": -129, "2010-09-30": -68.139, "2010-06-30": 436.021, "2010-03-31": "844.11800", "2009-12-31": 296.833, "2009-09-30": 359.44, "2009-06-30": -437.796, "2009-03-31": "166.52300", "2008-12-31": -28.082, "2008-09-30": 673.851, "2008-06-30": -168.569, "2008-03-31": "-232.31300", "2007-12-31": -920.417, "2007-09-30": 832.776, "2007-06-30": -369.887, "2007-03-31": "319.09100", "2006-12-31": -51.428, "2006-09-30": 1032.718, "2006-06-30": -71.152, "2006-03-31": "-324.44300", "2005-12-31": 229.531, "2005-09-30": -242.246, "2005-06-30": 780.924, "2005-03-31": "-70.37600"}, "Total Change In Assets/Liabilities": {"2020-12-31": 1265.111, "2020-09-30": -407.659, "2020-06-30": -461.518, "2020-03-31": "-395.93400", "2019-12-31": -78.797, "2019-09-30": -292.775, "2019-06-30": -362.283, "2019-03-31": "-280.21600", "2018-12-31": -142.563, "2018-09-30": -245.969, "2018-06-30": -299.739, "2018-03-31": "-256.11900", "2017-12-31": 0.702, "2017-09-30": -205.471, "2017-06-30": -285.418, "2017-03-31": "-202.45800", "2016-12-31": 16.6311, "2016-09-30": -184.701, "2016-06-30": -197.927, "2016-03-31": "-200.18800", "2015-12-31": 99.778, "2015-09-30": -148.259, "2015-06-30": -241.436, "2015-03-31": "-122.87800", "2014-12-31": -96.8651, "2014-09-30": -169.353, "2014-06-30": -203.925, "2014-03-31": "-247.51800", "2013-12-31": 136.074, "2013-09-30": -38.779, "2013-06-30": -473.506, "2013-03-31": "139.00000", "2012-12-31": -811.215, "2012-09-30": 330, "2012-06-30": 214, "2012-03-31": "44.00000", "2011-12-31": 696, "2011-09-30": 77, "2011-06-30": -34, "2011-03-31": "231.00000", "2010-12-31": 1419, "2010-09-30": -750.207, "2010-06-30": -3358.291, "2010-03-31": "-5956.50200", "2009-12-31": -2381.58, "2009-09-30": -5586.46, "2009-06-30": -4298.352, "2009-03-31": "-6071.60800", "2008-12-31": -4081.848, "2008-09-30": -3535.091, "2008-06-30": -87.831, "2008-03-31": "-317.79500", "2007-12-31": -545.972, "2007-09-30": 473.649, "2007-06-30": -868.881, "2007-03-31": "-396.25600", "2006-12-31": -353.854, "2006-09-30": 668.081, "2006-06-30": -927.198, "2006-03-31": "-538.96400", "2005-12-31": -199.1421, "2005-09-30": -342.6389, "2005-06-30": 327.994, "2005-03-31": "-311.94100"}, "Cash Flow From Operating Activities": {"2020-12-31": 209.151, "2020-09-30": -147.006, "2020-06-30": -206.559, "2020-03-31": "144.41400", "2019-12-31": 61.76, "2019-09-30": -14.357, "2019-06-30": -79.759, "2019-03-31": "16.71500", "2018-12-31": -10.341, "2018-09-30": -12.906, "2018-06-30": -65.336, "2018-03-31": "-14.15800", "2017-12-31": -44.138, "2017-09-30": -17.391, "2017-06-30": -100.381, "2017-03-31": "-9.24900", "2016-12-31": -57.19, "2016-09-30": -32.912, "2016-06-30": -59.009, "2016-03-31": "-49.91200", "2015-12-31": 43.769, "2015-09-30": -44.944, "2015-06-30": -64.707, "2015-03-31": "-19.18100", "2014-12-31": -198.551, "2014-09-30": -6.364, "2014-06-30": -113.611, "2014-03-31": "-118.24700", "2013-12-31": 63.164, "2013-09-30": 67.182, "2013-06-30": -589.326, "2013-03-31": "529.00000", "2012-12-31": -1842.45, "2012-09-30": 804, "2012-06-30": 547, "2012-03-31": "591.00000", "2011-12-31": 1007, "2011-09-30": 707, "2011-06-30": 608, "2011-03-31": "759.00000", "2010-12-31": 1961, "2010-09-30": -85.611, "2010-06-30": -3017.973, "2010-03-31": "-5549.41600", "2009-12-31": -1997.15, "2009-09-30": -5037.926, "2009-06-30": -3410.766, "2009-03-31": "-5468.15800", "2008-12-31": -2781.593, "2008-09-30": -3291.455, "2008-06-30": 157.948, "2008-03-31": "223.35600", "2007-12-31": -654.328, "2007-09-30": 915.74, "2007-06-30": -499.431, "2007-03-31": "189.81600", "2006-12-31": 55.87, "2006-09-30": 1147.273, "2006-06-30": -183.323, "2006-03-31": "-211.39900", "2005-12-31": 237.383, "2005-09-30": -83.48, "2005-06-30": 737.454, "2005-03-31": "-132.52700"}, "Net Change In Property, Plant, And Equipment": {"2020-12-31": 0, "2020-09-30": 0, "2020-06-30": 0, "2020-03-31": "", "2019-12-31": 0, "2019-09-30": 0, "2019-06-30": 0, "2019-03-31": "", "2018-12-31": 0, "2018-09-30": 0, "2018-06-30": 0, "2018-03-31": "", "2017-12-31": 0, "2017-09-30": 0, "2017-06-30": 0, "2017-03-31": "", "2016-12-31": 0, "2016-09-30": 0, "2016-06-30": 0, "2016-03-31": "", "2015-12-31": 0, "2015-09-30": 0, "2015-06-30": 0, "2015-03-31": "", "2014-12-31": 0, "2014-09-30": 0, "2014-06-30": 0, "2014-03-31": "", "2013-12-31": 0, "2013-09-30": 0, "2013-06-30": 0, "2013-03-31": "", "2012-12-31": 0, "2012-09-30": 0, "2012-06-30": 0, "2012-03-31": "", "2011-12-31": 0, "2011-09-30": 0, "2011-06-30": 0, "2011-03-31": "", "2010-12-31": 0, "2010-09-30": 0, "2010-06-30": 0, "2010-03-31": "", "2009-12-31": 0, "2009-09-30": 0, "2009-06-30": 0, "2009-03-31": "", "2008-12-31": 0, "2008-09-30": 0, "2008-06-30": 0, "2008-03-31": "", "2007-12-31": 0, "2007-09-30": 0, "2007-06-30": 0, "2007-03-31": "", "2006-12-31": 0, "2006-09-30": 0, "2006-06-30": 0, "2006-03-31": "", "2005-12-31": 0, "2005-09-30": 0, "2005-06-30": 0, "2005-03-31": ""}, "Net Change In Intangible Assets": {"2020-12-31": 0, "2020-09-30": 0, "2020-06-30": 0, "2020-03-31": "", "2019-12-31": 0, "2019-09-30": 0, "2019-06-30": 0, "2019-03-31": "", "2018-12-31": 0, "2018-09-30": 0, "2018-06-30": 0, "2018-03-31": "", "2017-12-31": 0, "2017-09-30": 0, "2017-06-30": 0, "2017-03-31": "", "2016-12-31": 0, "2016-09-30": 0, "2016-06-30": 0, "2016-03-31": "", "2015-12-31": 0, "2015-09-30": 0, "2015-06-30": 0, "2015-03-31": "", "2014-12-31": 0, "2014-09-30": 0, "2014-06-30": 0, "2014-03-31": "", "2013-12-31": 0, "2013-09-30": 0, "2013-06-30": 0, "2013-03-31": "", "2012-12-31": 0, "2012-09-30": 0, "2012-06-30": 0, "2012-03-31": "", "2011-12-31": 0, "2011-09-30": 0, "2011-06-30": 0, "2011-03-31": "", "2010-12-31": 0, "2010-09-30": 0, "2010-06-30": 0, "2010-03-31": "", "2009-12-31": 0, "2009-09-30": 0, "2009-06-30": 0, "2009-03-31": "", "2008-12-31": 0, "2008-09-30": 0, "2008-06-30": 0, "2008-03-31": "", "2007-12-31": 0, "2007-09-30": 0, "2007-06-30": 0, "2007-03-31": "", "2006-12-31": 0, "2006-09-30": 0, "2006-06-30": 0, "2006-03-31": "", "2005-12-31": 0, "2005-09-30": 0, "2005-06-30": 0, "2005-03-31": ""}, "Net Acquisitions/Divestitures": {"2020-12-31": -16.922, "2020-09-30": 0, "2020-06-30": 16.922, "2020-03-31": "", "2019-12-31": 0, "2019-09-30": 0, "2019-06-30": 0, "2019-03-31": "", "2018-12-31": 0, "2018-09-30": 0, "2018-06-30": 0, "2018-03-31": "", "2017-12-31": 0, "2017-09-30": 0, "2017-06-30": 0, "2017-03-31": "", "2016-12-31": 0, "2016-09-30": 0, "2016-06-30": 0, "2016-03-31": "", "2015-12-31": 0, "2015-09-30": 0, "2015-06-30": 0, "2015-03-31": "", "2014-12-31": 0, "2014-09-30": 0, "2014-06-30": 0, "2014-03-31": "", "2013-12-31": 0, "2013-09-30": 0, "2013-06-30": 0, "2013-03-31": "", "2012-12-31": 0, "2012-09-30": 0, "2012-06-30": 0, "2012-03-31": "", "2011-12-31": 0, "2011-09-30": 0, "2011-06-30": 0, "2011-03-31": "", "2010-12-31": 0, "2010-09-30": 0, "2010-06-30": 0, "2010-03-31": "", "2009-12-31": 0, "2009-09-30": 0, "2009-06-30": 0, "2009-03-31": "", "2008-12-31": 0, "2008-09-30": 0, "2008-06-30": 0, "2008-03-31": "-37.86800", "2007-12-31": 0, "2007-09-30": 0, "2007-06-30": 0, "2007-03-31": "", "2006-12-31": -50.674, "2006-09-30": -289.162, "2006-06-30": 0, "2006-03-31": "", "2005-12-31": -59.075, "2005-09-30": -178.844, "2005-06-30": 0, "2005-03-31": ""}, "Net Change In Short-term Investments": {"2020-12-31": 0, "2020-09-30": 0, "2020-06-30": 0, "2020-03-31": "", "2019-12-31": 0, "2019-09-30": 0, "2019-06-30": 0, "2019-03-31": "", "2018-12-31": 0, "2018-09-30": 0, "2018-06-30": 0, "2018-03-31": "", "2017-12-31": 0, "2017-09-30": 0, "2017-06-30": 0, "2017-03-31": "", "2016-12-31": 0, "2016-09-30": 0, "2016-06-30": 0, "2016-03-31": "", "2015-12-31": 0, "2015-09-30": 0, "2015-06-30": 0, "2015-03-31": "", "2014-12-31": 0, "2014-09-30": 0, "2014-06-30": 0, "2014-03-31": "", "2013-12-31": 0, "2013-09-30": 0, "2013-06-30": 0, "2013-03-31": "", "2012-12-31": 0, "2012-09-30": 0, "2012-06-30": 0, "2012-03-31": "", "2011-12-31": 0, "2011-09-30": 0, "2011-06-30": 0, "2011-03-31": "", "2010-12-31": 0, "2010-09-30": 0, "2010-06-30": 0, "2010-03-31": "", "2009-12-31": 0, "2009-09-30": 0, "2009-06-30": 0, "2009-03-31": "", "2008-12-31": 0, "2008-09-30": 0, "2008-06-30": 0, "2008-03-31": "", "2007-12-31": 0, "2007-09-30": 0, "2007-06-30": 0, "2007-03-31": "", "2006-12-31": 0, "2006-09-30": 0, "2006-06-30": 0, "2006-03-31": "", "2005-12-31": 0, "2005-09-30": 0, "2005-06-30": 0, "2005-03-31": ""}, "Net Change In Long-Term Investments": {"2020-12-31": 1520.931, "2020-09-30": -69.92, "2020-06-30": -1407.095, "2020-03-31": "-43.91600", "2019-12-31": -31.909, "2019-09-30": -123.902, "2019-06-30": -120.775, "2019-03-31": "-28.91300", "2018-12-31": -0.908, "2018-09-30": 3.606, "2018-06-30": 48.952, "2018-03-31": "10.37100", "2017-12-31": -12.166, "2017-09-30": -2.969, "2017-06-30": -12.837, "2017-03-31": "-10.31100", "2016-12-31": -2.597, "2016-09-30": -6.579, "2016-06-30": -2.346, "2016-03-31": "-5.52400", "2015-12-31": -6.537, "2015-09-30": -15.539, "2015-06-30": -6.753, "2015-03-31": "-1.54800", "2014-12-31": -12.805, "2014-09-30": -5.216, "2014-06-30": -19.695, "2014-03-31": "-23.68000", "2013-12-31": 554.355, "2013-09-30": -13.754, "2013-06-30": -0.97, "2013-03-31": "-4.00000", "2012-12-31": -2.036, "2012-09-30": -6, "2012-06-30": 6, "2012-03-31": "-4.00000", "2011-12-31": 4, "2011-09-30": 15, "2011-06-30": 21, "2011-03-31": "-1.00000", "2010-12-31": 114, "2010-09-30": 194.502, "2010-06-30": 325.4121, "2010-03-31": "522.08590", "2009-12-31": -270.5078, "2009-09-30": 200.4453, "2009-06-30": -626.75, "2009-03-31": "348.81250", "2008-12-31": -24.157, "2008-09-30": 1335.7661, "2008-06-30": -1260.9021, "2008-03-31": "1481.07400", "2007-12-31": 873.1641, "2007-09-30": -2274.3282, "2007-06-30": 646.3828, "2007-03-31": "198.60940", "2006-12-31": -525.5039, "2006-09-30": 885.1231, "2006-06-30": -782.9258, "2006-03-31": "488.10350", "2005-12-31": -22.172, "2005-09-30": 81.312, "2005-06-30": -110.185, "2005-03-31": "1118.36500"}, "Net Change In Investments - Total": {"2020-12-31": 1520.931, "2020-09-30": -69.92, "2020-06-30": -1407.095, "2020-03-31": "-43.91600", "2019-12-31": -31.909, "2019-09-30": -123.902, "2019-06-30": -120.775, "2019-03-31": "-28.91300", "2018-12-31": -0.908, "2018-09-30": 3.606, "2018-06-30": 48.952, "2018-03-31": "10.37100", "2017-12-31": -12.166, "2017-09-30": -2.969, "2017-06-30": -12.837, "2017-03-31": "-10.31100", "2016-12-31": -2.597, "2016-09-30": -6.579, "2016-06-30": -2.346, "2016-03-31": "-5.52400", "2015-12-31": -6.537, "2015-09-30": -15.539, "2015-06-30": -6.753, "2015-03-31": "-1.54800", "2014-12-31": -12.805, "2014-09-30": -5.216, "2014-06-30": -19.695, "2014-03-31": "-23.68000", "2013-12-31": 554.355, "2013-09-30": -13.754, "2013-06-30": -0.97, "2013-03-31": "-4.00000", "2012-12-31": -2.036, "2012-09-30": -6, "2012-06-30": 6, "2012-03-31": "-4.00000", "2011-12-31": 4, "2011-09-30": 15, "2011-06-30": 21, "2011-03-31": "-1.00000", "2010-12-31": 114, "2010-09-30": 194.502, "2010-06-30": 325.4121, "2010-03-31": "522.08590", "2009-12-31": -270.5078, "2009-09-30": 200.4453, "2009-06-30": -626.75, "2009-03-31": "348.81250", "2008-12-31": -24.157, "2008-09-30": 1335.7661, "2008-06-30": -1260.9021, "2008-03-31": "1481.07400", "2007-12-31": 873.1641, "2007-09-30": -2274.3282, "2007-06-30": 646.3828, "2007-03-31": "198.60940", "2006-12-31": -525.5039, "2006-09-30": 885.1231, "2006-06-30": -782.9258, "2006-03-31": "488.10350", "2005-12-31": -22.172, "2005-09-30": 81.312, "2005-06-30": -110.185, "2005-03-31": "1118.36500"}, "Investing Activities - Other": {"2020-12-31": -2116.903, "2020-09-30": -394.207, "2020-06-30": 348.972, "2020-03-31": "2162.13800", "2019-12-31": 310.453, "2019-09-30": -1417.907, "2019-06-30": 271.003, "2019-03-31": "-1164.76400", "2018-12-31": -38.694, "2018-09-30": -1629.885, "2018-06-30": -96.968, "2018-03-31": "-1551.33700", "2017-12-31": -335.499, "2017-09-30": -1447.637, "2017-06-30": 33.425, "2017-03-31": "-1372.15600", "2016-12-31": -218.715, "2016-09-30": -1493.845, "2016-06-30": -123.571, "2016-03-31": "-1455.68600", "2015-12-31": 434.26, "2015-09-30": -1479.8789, "2015-06-30": 594.8169, "2015-03-31": "-1366.33000", "2014-12-31": -350.458, "2014-09-30": -187.4579, "2014-06-30": -154.5201, "2014-03-31": "-634.53900", "2013-12-31": -610.609, "2013-09-30": -830.524, "2013-06-30": -2013.614, "2013-03-31": "2188.00000", "2012-12-31": -9385.3379, "2012-09-30": 4445, "2012-06-30": 1998, "2012-03-31": "1945.00000", "2011-12-31": 2300, "2011-09-30": 1849, "2011-06-30": 2827, "2011-03-31": "2459.00000", "2010-12-31": 2080, "2010-09-30": 2082.714, "2010-06-30": 1063.742, "2010-03-31": "1031.54400", "2009-12-31": 1106.5796, "2009-09-30": 57.8566, "2009-06-30": -793.4341, "2009-03-31": "287.99790", "2008-12-31": 256.4, "2008-09-30": -3103.165, "2008-06-30": -2885.142, "2008-03-31": "-6429.29300", "2007-12-31": -5323.72, "2007-09-30": -9415.64, "2007-06-30": -6773.254, "2007-03-31": "-9187.58600", "2006-12-31": -8017.523, "2006-09-30": -6208.6585, "2006-06-30": -903.0922, "2006-03-31": "938.39370", "2005-12-31": -2264.29, "2005-09-30": -8822.598, "2005-06-30": -2793.288, "2005-03-31": "-3852.96400"}, "Cash Flow From Investing Activities": {"2020-12-31": -612.894, "2020-09-30": -464.127, "2020-06-30": -1041.201, "2020-03-31": "2118.22200", "2019-12-31": 278.544, "2019-09-30": -1541.809, "2019-06-30": 150.228, "2019-03-31": "-1193.67700", "2018-12-31": -39.602, "2018-09-30": -1626.279, "2018-06-30": -48.016, "2018-03-31": "-1540.96600", "2017-12-31": -347.665, "2017-09-30": -1450.606, "2017-06-30": 20.588, "2017-03-31": "-1382.46700", "2016-12-31": -221.312, "2016-09-30": -1500.424, "2016-06-30": -125.917, "2016-03-31": "-1461.21000", "2015-12-31": 427.723, "2015-09-30": -1495.418, "2015-06-30": 588.064, "2015-03-31": "-1367.87800", "2014-12-31": -363.263, "2014-09-30": -192.674, "2014-06-30": -174.215, "2014-03-31": "-658.21900", "2013-12-31": -56.254, "2013-09-30": -844.278, "2013-06-30": -2014.584, "2013-03-31": "2184.00000", "2012-12-31": -9387.374, "2012-09-30": 4439, "2012-06-30": 2004, "2012-03-31": "1941.00000", "2011-12-31": 2304, "2011-09-30": 1864, "2011-06-30": 2848, "2011-03-31": "2458.00000", "2010-12-31": 2194, "2010-09-30": 2277.216, "2010-06-30": 1389.157, "2010-03-31": "1553.62700", "2009-12-31": 836.071, "2009-09-30": 258.297, "2009-06-30": -1420.179, "2009-03-31": "636.81100", "2008-12-31": 232.23, "2008-09-30": -1767.392, "2008-06-30": -4146.042, "2008-03-31": "-4986.08600", "2007-12-31": -4450.55, "2007-09-30": -11689.96, "2007-06-30": -6126.884, "2007-03-31": "-8988.97600", "2006-12-31": -8593.698, "2006-09-30": -5612.707, "2006-06-30": -1686.011, "2006-03-31": "1426.49600", "2005-12-31": -2345.52, "2005-09-30": -8920.136, "2005-06-30": -2903.478, "2005-03-31": "-2734.59600"}, "Net Long-Term Debt": {"2020-12-31": -588.243, "2020-09-30": 496.303, "2020-06-30": -260.506, "2020-03-31": "352.44600", "2019-12-31": -249.83, "2019-09-30": -262.297, "2019-06-30": 384.654, "2019-03-31": "190.17500", "2018-12-31": -249.335, "2018-09-30": 313.039, "2018-06-30": 471.082, "2018-03-31": "467.60100", "2017-12-31": 535.083, "2017-09-30": -134.538, "2017-06-30": 33.567, "2017-03-31": "668.11000", "2016-12-31": 590.022, "2016-09-30": 539.209, "2016-06-30": 479.051, "2016-03-31": "-20.27600", "2015-12-31": -14.781, "2015-09-30": 593.486, "2015-06-30": 0, "2015-03-31": "", "2014-12-31": 0, "2014-09-30": 0, "2014-06-30": 0, "2014-03-31": "", "2013-12-31": 0, "2013-09-30": 0, "2013-06-30": 538, "2013-03-31": "-538.00000", "2012-12-31": 744, "2012-09-30": -934, "2012-06-30": 762, "2012-03-31": "-572.00000", "2011-12-31": -5200, "2011-09-30": -2946, "2011-06-30": -3111, "2011-03-31": "-1742.00000", "2010-12-31": -5119, "2010-09-30": -3491.111, "2010-06-30": -2966.069, "2010-03-31": "-1633.82000", "2009-12-31": -1236.695, "2009-09-30": -2133.124, "2009-06-30": 7476.351, "2009-03-31": "-1969.53200", "2008-12-31": -1377.536, "2008-09-30": 2559.412, "2008-06-30": 3532.883, "2008-03-31": "1017.05900", "2007-12-31": 2746.15, "2007-09-30": 46.07, "2007-06-30": 2593.44, "2007-03-31": "10507.88000", "2006-12-31": 8661.011, "2006-09-30": 3731.886, "2006-06-30": 3201.087, "2006-03-31": "-1192.49400", "2005-12-31": 2144.16, "2005-09-30": 9868.118, "2005-06-30": 3875.973, "2005-03-31": "-1232.89100"}, "Net Current Debt": {"2020-12-31": 289.23, "2020-09-30": 0, "2020-06-30": 0, "2020-03-31": "-289.23000", "2019-12-31": -8.57, "2019-09-30": 297.8, "2019-06-30": 0, "2019-03-31": "", "2018-12-31": 0, "2018-09-30": 0, "2018-06-30": 0, "2018-03-31": "", "2017-12-31": -300, "2017-09-30": 300, "2017-06-30": 0, "2017-03-31": "", "2016-12-31": -350, "2016-09-30": 350, "2016-06-30": -526.5, "2016-03-31": "26.32500", "2015-12-31": -209.8299, "2015-09-30": 710.1089, "2015-06-30": -0.104, "2015-03-31": "", "2014-12-31": 0, "2014-09-30": 0, "2014-06-30": 0, "2014-03-31": "", "2013-12-31": 0, "2013-09-30": 0, "2013-06-30": 2156, "2013-03-31": "-2156.00000", "2012-12-31": 8919, "2012-09-30": -4276, "2012-06-30": -3173, "2012-03-31": "-1470.00000", "2011-12-31": 948, "2011-09-30": -858, "2011-06-30": -24, "2011-03-31": "-2150.00000", "2010-12-31": -159, "2010-09-30": -364.2, "2010-06-30": 3544.187, "2010-03-31": "6667.01300", "2009-12-31": 3056.45, "2009-09-30": 5465.401, "2009-06-30": 1084.416, "2009-03-31": "6734.73300", "2008-12-31": 4040.405, "2008-09-30": 1946.139, "2008-06-30": 2131.07, "2008-03-31": "-1321.53400", "2007-12-31": 749.5, "2007-09-30": 15975.672, "2007-06-30": 3040.7571, "2007-03-31": "-440.58910", "2006-12-31": -67.1973, "2006-09-30": 7.5694, "2006-06-30": 0.3017, "2006-03-31": "-6.93260", "2005-12-31": 1315.992, "2005-09-30": -112.0586, "2005-06-30": -1622.9944, "2005-03-31": "1646.34600"}, "Debt Issuance/Retirement Net - Total": {"2020-12-31": -299.013, "2020-09-30": 496.303, "2020-06-30": -260.506, "2020-03-31": "63.21600", "2019-12-31": -258.4, "2019-09-30": 35.503, "2019-06-30": 384.654, "2019-03-31": "190.17500", "2018-12-31": -249.335, "2018-09-30": 313.039, "2018-06-30": 471.082, "2018-03-31": "467.60100", "2017-12-31": 235.083, "2017-09-30": 165.462, "2017-06-30": 33.567, "2017-03-31": "668.11000", "2016-12-31": 240.022, "2016-09-30": 889.209, "2016-06-30": -47.449, "2016-03-31": "6.04900", "2015-12-31": -224.611, "2015-09-30": 1303.595, "2015-06-30": -0.104, "2015-03-31": "", "2014-12-31": 0, "2014-09-30": 0, "2014-06-30": 0, "2014-03-31": "", "2013-12-31": 0, "2013-09-30": 0, "2013-06-30": 2694, "2013-03-31": "-2694.00000", "2012-12-31": 9663, "2012-09-30": -5210, "2012-06-30": -2411, "2012-03-31": "-2042.00000", "2011-12-31": -4252, "2011-09-30": -3804, "2011-06-30": -3135, "2011-03-31": "-3892.00000", "2010-12-31": -5278, "2010-09-30": -3855.313, "2010-06-30": 578.12, "2010-03-31": "5033.19300", "2009-12-31": 1819.76, "2009-09-30": 3332.27, "2009-06-30": 8560.769, "2009-03-31": "4765.20100", "2008-12-31": 2662.872, "2008-09-30": 4505.549, "2008-06-30": 5663.9541, "2008-03-31": "-304.47510", "2007-12-31": 3495.65, "2007-09-30": 16021.74, "2007-06-30": 5634.2, "2007-03-31": "10067.29000", "2006-12-31": 8593.812, "2006-09-30": 3739.456, "2006-06-30": 3201.389, "2006-03-31": "-1199.42700", "2005-12-31": 3460.15, "2005-09-30": 9756.056, "2005-06-30": 2252.9789, "2005-03-31": "413.45510"}, "Net Common Equity Issued/Repurchased": {"2020-12-31": 558.167, "2020-09-30": 0, "2020-06-30": 0, "2020-03-31": "-558.16700", "2019-12-31": -9.604, "2019-09-30": -37.477, "2019-06-30": -60.12, "2019-03-31": "-60.00000", "2018-12-31": 0, "2018-09-30": 0, "2018-06-30": 0, "2018-03-31": "", "2017-12-31": 0, "2017-09-30": 0, "2017-06-30": 0, "2017-03-31": "", "2016-12-31": 0, "2016-09-30": 0, "2016-06-30": 0, "2016-03-31": "", "2015-12-31": 0, "2015-09-30": 0, "2015-06-30": 0, "2015-03-31": "", "2014-12-31": 0, "2014-09-30": 0, "2014-06-30": 0, "2014-03-31": "", "2013-12-31": 0, "2013-09-30": 0, "2013-06-30": 199, "2013-03-31": "-199.00000", "2012-12-31": 730, "2012-09-30": -121, "2012-06-30": -341, "2012-03-31": "-268.00000", "2011-12-31": 0, "2011-09-30": -144, "2011-06-30": -156, "2011-03-31": "", "2010-12-31": 0, "2010-09-30": -0.194, "2010-06-30": 0.183, "2010-03-31": "0.01100", "2009-12-31": -0.006, "2009-09-30": 0.001, "2009-06-30": 0.005, "2009-03-31": "", "2008-12-31": -0.004, "2008-09-30": 1.58, "2008-06-30": 3.647, "2008-03-31": "0.75600", "2007-12-31": 70.605, "2007-09-30": -198.371, "2007-06-30": 125.074, "2007-03-31": "-94.59100", "2006-12-31": 35.063, "2006-09-30": -129.074, "2006-06-30": -86.42, "2006-03-31": "-109.90400", "2005-12-31": -141.342, "2005-09-30": -111.525, "2005-06-30": -106.389, "2005-03-31": "-123.14200"}, "Net Total Equity Issued/Repurchased": {"2020-12-31": 558.167, "2020-09-30": 0, "2020-06-30": 0, "2020-03-31": "-558.16700", "2019-12-31": -9.604, "2019-09-30": -37.477, "2019-06-30": -60.12, "2019-03-31": "-60.00000", "2018-12-31": 0, "2018-09-30": 0, "2018-06-30": 0, "2018-03-31": "", "2017-12-31": 0, "2017-09-30": 0, "2017-06-30": -165, "2017-03-31": "", "2016-12-31": 0, "2016-09-30": 0, "2016-06-30": 0, "2016-03-31": "", "2015-12-31": 0, "2015-09-30": 0, "2015-06-30": 0, "2015-03-31": "", "2014-12-31": 0, "2014-09-30": 0, "2014-06-30": 0, "2014-03-31": "", "2013-12-31": 0, "2013-09-30": 0, "2013-06-30": 199, "2013-03-31": "-199.00000", "2012-12-31": 730, "2012-09-30": -121, "2012-06-30": -341, "2012-03-31": "-268.00000", "2011-12-31": 0, "2011-09-30": -144, "2011-06-30": -156, "2011-03-31": "", "2010-12-31": 0, "2010-09-30": -0.194, "2010-06-30": 0.183, "2010-03-31": "0.01100", "2009-12-31": -0.006, "2009-09-30": 0.001, "2009-06-30": 0.005, "2009-03-31": "", "2008-12-31": -0.004, "2008-09-30": 1.58, "2008-06-30": 3.647, "2008-03-31": "146.10100", "2007-12-31": 1039.2791, "2007-09-30": -198.371, "2007-06-30": 125.074, "2007-03-31": "-94.59100", "2006-12-31": 35.063, "2006-09-30": -129.074, "2006-06-30": -86.42, "2006-03-31": "-109.90400", "2005-12-31": -141.507, "2005-09-30": -111.615, "2005-06-30": 290.611, "2005-03-31": "-123.14200"}, "Total Common And Preferred Stock Dividends Paid": {"2020-12-31": 43.097, "2020-09-30": -13.311, "2020-06-30": -13.727, "2020-03-31": "-16.05900", "2019-12-31": -16.514, "2019-09-30": -16.814, "2019-06-30": -17.135, "2019-03-31": "-17.48800", "2018-12-31": -4.199, "2018-09-30": -4.124, "2018-06-30": -3.92, "2018-03-31": "-3.39700", "2017-12-31": -3.137, "2017-09-30": -3.028, "2017-06-30": -3.974, "2017-03-31": "-5.57500", "2016-12-31": -5.506, "2016-09-30": -5.316, "2016-06-30": -5.243, "2016-03-31": "-5.13900", "2015-12-31": -4.989, "2015-09-30": -4.913, "2015-06-30": -4.87, "2015-03-31": "-4.82300", "2014-12-31": -4.855, "2014-09-30": -4.85, "2014-06-30": -3.228, "2014-03-31": "", "2013-12-31": 0, "2013-09-30": 0, "2013-06-30": -47, "2013-03-31": "-73.00000", "2012-12-31": -225, "2012-09-30": -62, "2012-06-30": -65, "2012-03-31": "-68.00000", "2011-12-31": -56, "2011-09-30": -56, "2011-06-30": -56, "2011-03-31": "-4.00000", "2010-12-31": -16, "2010-09-30": -18.905, "2010-06-30": -18.578, "2010-03-31": "-18.51700", "2009-12-31": -32.085, "2009-09-30": -32.042, "2009-06-30": -25.638, "2009-03-31": "-26.23500", "2008-12-31": -27.153, "2008-09-30": -27.31, "2008-06-30": -27.23, "2008-03-31": "-28.86300", "2007-12-31": -9.458, "2007-09-30": -9.111, "2007-06-30": -8.995, "2007-03-31": "-111.59100", "2006-12-31": -111.428, "2006-09-30": -111.053, "2006-06-30": -111.238, "2006-03-31": "-99.61500", "2005-12-31": -99.145, "2005-09-30": -98.888, "2005-06-30": -96.063, "2005-03-31": "-82.80800"}, "Financial Activities - Other": {"2020-12-31": 1308.759, "2020-09-30": -462.519, "2020-06-30": -856.222, "2020-03-31": "9.98200", "2019-12-31": 1670.52, "2019-09-30": 1429.453, "2019-06-30": 1452.278, "2019-03-31": "692.18900", "2018-12-31": 1030.66, "2018-09-30": 1126.534, "2018-06-30": 248.905, "2018-03-31": "1010.47800", "2017-12-31": 481.643, "2017-09-30": 1239.318, "2017-06-30": 424.112, "2017-03-31": "-71.60700", "2016-12-31": 533.578, "2016-09-30": 1061.466, "2016-06-30": 342.053, "2016-03-31": "32.47300", "2015-12-31": 892.53, "2015-09-30": 244.614, "2015-06-30": -115.142, "2015-03-31": "-92.27600", "2014-12-31": 1356.071, "2014-09-30": 250.09, "2014-06-30": 580.091, "2014-03-31": "-171.26000", "2013-12-31": 1028.096, "2013-09-30": 392.462, "2013-06-30": -93.679, "2013-03-31": "38.00000", "2012-12-31": 906.012, "2012-09-30": 213, "2012-06-30": 243, "2012-03-31": "95.00000", "2011-12-31": 268, "2011-09-30": 811, "2011-06-30": 164, "2011-03-31": "208.00000", "2010-12-31": -393, "2010-09-30": 1290.781, "2010-06-30": 495.228, "2010-03-31": "-248.00900", "2009-12-31": 256.413, "2009-09-30": 526.44, "2009-06-30": -628.0331, "2009-03-31": "-913.81990", "2008-12-31": 87.791, "2008-09-30": -648.318, "2008-06-30": -351.103, "2008-03-31": "1189.96400", "2007-12-31": 366.487, "2007-09-30": 74.698, "2007-06-30": -122.853, "2007-03-31": "-4.06400", "2006-12-31": 251.859, "2006-09-30": -31.76, "2006-06-30": -32.159, "2006-03-31": "-19.42800", "2005-12-31": -172.015, "2005-09-30": 0, "2005-06-30": 0, "2005-03-31": ""}, "Cash Flow From Financial Activities": {"2020-12-31": 1611.01, "2020-09-30": 20.473, "2020-06-30": -1130.455, "2020-03-31": "-501.02800", "2019-12-31": 1386.002, "2019-09-30": 1410.665, "2019-06-30": 1759.677, "2019-03-31": "804.87600", "2018-12-31": 777.126, "2018-09-30": 1435.449, "2018-06-30": 716.067, "2018-03-31": "1474.68200", "2017-12-31": 713.589, "2017-09-30": 1401.752, "2017-06-30": 288.705, "2017-03-31": "590.92800", "2016-12-31": 768.094, "2016-09-30": 1945.359, "2016-06-30": 289.361, "2016-03-31": "33.38300", "2015-12-31": 662.93, "2015-09-30": 1543.296, "2015-06-30": -120.116, "2015-03-31": "-97.09900", "2014-12-31": 1351.216, "2014-09-30": 245.24, "2014-06-30": 576.863, "2014-03-31": "-171.26000", "2013-12-31": 1028.096, "2013-09-30": 392.462, "2013-06-30": 2752.321, "2013-03-31": "-2928.00000", "2012-12-31": 11074.012, "2012-09-30": -5180, "2012-06-30": -2574, "2012-03-31": "-2283.00000", "2011-12-31": -4040, "2011-09-30": -3193, "2011-06-30": -3183, "2011-03-31": "-3688.00000", "2010-12-31": -5687, "2010-09-30": -2583.631, "2010-06-30": 1054.953, "2010-03-31": "4766.67800", "2009-12-31": 2044.08, "2009-09-30": 3826.67, "2009-06-30": 7907.104, "2009-03-31": "3825.14600", "2008-12-31": 2723.5, "2008-09-30": 3831.506, "2008-06-30": 5289.267, "2008-03-31": "1002.72700", "2007-12-31": 4891.95, "2007-09-30": 15888.96, "2007-06-30": 5627.424, "2007-03-31": "9857.04600", "2006-12-31": 8769.302, "2006-09-30": 3467.57, "2006-06-30": 2971.572, "2006-03-31": "-1428.37400", "2005-12-31": 3047.49, "2005-09-30": 9545.551, "2005-06-30": 2447.524, "2005-03-31": "207.50500"}, "Net Cash Flow": {"2020-12-31": 1207.267, "2020-09-30": -590.66, "2020-06-30": -2378.215, "2020-03-31": "1761.60800", "2019-12-31": 1726.306, "2019-09-30": -145.501, "2019-06-30": 1830.146, "2019-03-31": "-372.08600", "2018-12-31": 727.183, "2018-09-30": -203.736, "2018-06-30": 602.715, "2018-03-31": "-80.44200", "2017-12-31": 321.786, "2017-09-30": -66.245, "2017-06-30": 208.912, "2017-03-31": "-800.78800", "2016-12-31": 489.592, "2016-09-30": 412.023, "2016-06-30": 104.435, "2016-03-31": "-1477.73900", "2015-12-31": 1134.422, "2015-09-30": 2.934, "2015-06-30": 403.241, "2015-03-31": "-1484.15800", "2014-12-31": 789.402, "2014-09-30": 46.202, "2014-06-30": 289.037, "2014-03-31": "-947.72600", "2013-12-31": 1035.006, "2013-09-30": -384.634, "2013-06-30": 148.411, "2013-03-31": "-215.00000", "2012-12-31": -155.812, "2012-09-30": 63, "2012-06-30": -23, "2012-03-31": "249.00000", "2011-12-31": -729, "2011-09-30": -622, "2011-06-30": 273, "2011-03-31": "-471.00000", "2010-12-31": -1532, "2010-09-30": -392.026, "2010-06-30": -573.863, "2010-03-31": "770.88900", "2009-12-31": 883.004, "2009-09-30": -952.959, "2009-06-30": 3076.156, "2009-03-31": "-1006.20100", "2008-12-31": 174.149, "2008-09-30": -1227.348, "2008-06-30": 1301.173, "2008-03-31": "-3760.00300", "2007-12-31": -212.923, "2007-09-30": 5114.731, "2007-06-30": -998.885, "2007-03-31": "1057.88600", "2006-12-31": 231.47, "2006-09-30": -997.864, "2006-06-30": 1102.238, "2006-03-31": "-213.27700", "2005-12-31": 939.355, "2005-09-30": 541.931, "2005-06-30": 281.5, "2005-03-31": "-2659.61800"}, "Stock-Based Compensation": {"2020-12-31": -30.253, "2020-09-30": 9.244, "2020-06-30": 7.399, "2020-03-31": "13.61000", "2019-12-31": 5.759, "2019-09-30": 5.368, "2019-06-30": 5.582, "2019-03-31": "13.89100", "2018-12-31": 5.696, "2018-09-30": 5.567, "2018-06-30": 5.516, "2018-03-31": "14.74500", "2017-12-31": 6.126, "2017-09-30": 6.273, "2017-06-30": 6.075, "2017-03-31": "9.42500", "2016-12-31": 4.994, "2016-09-30": 5.402, "2016-06-30": 6.332, "2016-03-31": "6.21600", "2015-12-31": 5.175, "2015-09-30": 5.213, "2015-06-30": 5.07, "2015-03-31": "6.14000", "2014-12-31": 4.844, "2014-09-30": 11.659, "2014-06-30": 1.22, "2014-03-31": "7.24800", "2013-12-31": 3.261, "2013-09-30": 3.191, "2013-06-30": -9.771, "2013-03-31": "19.00000", "2012-12-31": -21.898, "2012-09-30": 9, "2012-06-30": 10, "2012-03-31": "22.00000", "2011-12-31": 8, "2011-09-30": 11, "2011-06-30": 12, "2011-03-31": "25.00000", "2010-12-31": 9, "2010-09-30": 4.903, "2010-06-30": 13.819, "2010-03-31": "12.27800", "2009-12-31": 10.927, "2009-09-30": 9.929, "2009-06-30": 16.901, "2009-03-31": "13.24300", "2008-12-31": 16.334, "2008-09-30": 21.857, "2008-06-30": 27.431, "2008-03-31": "20.64900", "2007-12-31": 9.428, "2007-09-30": 12.353, "2007-06-30": 26.739, "2007-03-31": "26.10100", "2006-12-31": 19.082, "2006-09-30": 20.467, "2006-06-30": 18.846, "2006-03-31": "22.76800", "2005-12-31": 19.592, "2005-09-30": 0, "2005-06-30": 0, "2005-03-31": ""}, "Common Stock Dividends Paid": {"2020-12-31": 35.097, "2020-09-30": -11.253, "2020-06-30": -11.249, "2020-03-31": "-12.59500", "2019-12-31": -12.629, "2019-09-30": -12.661, "2019-06-30": -12.804, "2019-03-31": "-13.02000", "2018-12-31": 0, "2018-09-30": 0, "2018-06-30": 0, "2018-03-31": "", "2017-12-31": 0, "2017-09-30": 0, "2017-06-30": 0, "2017-03-31": "", "2016-12-31": 0, "2016-09-30": 0, "2016-06-30": 0, "2016-03-31": "", "2015-12-31": 0, "2015-09-30": 0, "2015-06-30": 0, "2015-03-31": "", "2014-12-31": 0, "2014-09-30": 0, "2014-06-30": 0, "2014-03-31": "", "2013-12-31": 0, "2013-09-30": 0, "2013-06-30": -52, "2013-03-31": "-68.00000", "2012-12-31": -240, "2012-09-30": -57, "2012-06-30": -60, "2012-03-31": "-63.00000", "2011-12-31": -51, "2011-09-30": -51, "2011-06-30": -52, "2011-03-31": "0.00000", "2010-12-31": 0, "2010-09-30": 0, "2010-06-30": 0, "2010-03-31": "", "2009-12-31": 0, "2009-09-30": 0, "2009-06-30": 0, "2009-03-31": "", "2008-12-31": 0, "2008-09-30": 0, "2008-06-30": 0, "2008-03-31": "", "2007-12-31": 0, "2007-09-30": 0, "2007-06-30": 0, "2007-03-31": "-102.65800", "2006-12-31": -102.333, "2006-09-30": -101.995, "2006-06-30": -102.613, "2006-03-31": "-91.47300", "2005-12-31": -91.484, "2005-09-30": -91.758, "2005-06-30": -92.193, "2005-03-31": "-79.93300"}}, "financial ratios": {"Current Ratio": {"2019-12-31": "", "2018-12-31": "", "2017-12-31": "", "2016-12-31": "", "2015-12-31": "", "2014-12-31": "", "2013-12-31": "", "2012-12-31": "", "2011-12-31": "", "2010-12-31": "", "2009-12-31": "", "2008-12-31": "", "2007-12-31": "", "2006-12-31": "", "2005-12-31": ""}, "Long-term Debt / Capital": {"2019-12-31": "0.56800", "2018-12-31": "0.59040", "2017-12-31": "0.56970", "2016-12-31": "0.48020", "2015-12-31": "0.21650", "2014-12-31": "", "2013-12-31": "", "2012-12-31": "0.96780", "2011-12-31": "0.96710", "2010-12-31": "0.97030", "2009-12-31": "0.96110", "2008-12-31": "0.95940", "2007-12-31": "0.95510", "2006-12-31": "0.96000", "2005-12-31": "0.95870"}, "Debt/Equity Ratio": {"2019-12-31": "1.40200", "2018-12-31": "1.44120", "2017-12-31": "1.32370", "2016-12-31": "0.92370", "2015-12-31": "0.51480", "2014-12-31": "", "2013-12-31": "", "2012-12-31": "34.00260", "2011-12-31": "35.03450", "2010-12-31": "39.33740", "2009-12-31": "30.58430", "2008-12-31": "31.99100", "2007-12-31": "28.15060", "2006-12-31": "24.79030", "2005-12-31": "24.24650"}, "Gross Margin": {"2019-12-31": "", "2018-12-31": "", "2017-12-31": "", "2016-12-31": "", "2015-12-31": "", "2014-12-31": "", "2013-12-31": "", "2012-12-31": "", "2011-12-31": "", "2010-12-31": "", "2009-12-31": "", "2008-12-31": "", "2007-12-31": "", "2006-12-31": "", "2005-12-31": ""}, "Operating Margin": {"2019-12-31": "", "2018-12-31": "", "2017-12-31": "", "2016-12-31": "", "2015-12-31": "", "2014-12-31": "", "2013-12-31": "", "2012-12-31": "", "2011-12-31": "", "2010-12-31": "", "2009-12-31": "", "2008-12-31": "", "2007-12-31": "", "2006-12-31": "", "2005-12-31": ""}, "EBIT Margin": {"2019-12-31": "", "2018-12-31": "", "2017-12-31": "", "2016-12-31": "", "2015-12-31": "", "2014-12-31": "", "2013-12-31": "", "2012-12-31": "", "2011-12-31": "", "2010-12-31": "", "2009-12-31": "", "2008-12-31": "", "2007-12-31": "", "2006-12-31": "", "2005-12-31": ""}, "EBITDA Margin": {"2019-12-31": "", "2018-12-31": "", "2017-12-31": "", "2016-12-31": "", "2015-12-31": "", "2014-12-31": "", "2013-12-31": "", "2012-12-31": "", "2011-12-31": "", "2010-12-31": "", "2009-12-31": "", "2008-12-31": "", "2007-12-31": "", "2006-12-31": "", "2005-12-31": ""}, "Pre-Tax Profit Margin": {"2019-12-31": "56.42970", "2018-12-31": "50.10540", "2017-12-31": "52.25270", "2016-12-31": "51.75610", "2015-12-31": "55.22560", "2014-12-31": "51.32800", "2013-12-31": "60.27500", "2012-12-31": "56.15790", "2011-12-31": "47.12180", "2010-12-31": "35.36670", "2009-12-31": "41.71400", "2008-12-31": "-3.06400", "2007-12-31": "-48.31820", "2006-12-31": "59.71330", "2005-12-31": "65.03680"}, "Net Profit Margin": {"2019-12-31": "42.59800", "2018-12-31": "42.26770", "2017-12-31": "29.04880", "2016-12-31": "28.61360", "2015-12-31": "32.03490", "2014-12-31": "27.88010", "2013-12-31": "37.47160", "2012-12-31": "35.74780", "2011-12-31": "31.32960", "2010-12-31": "14.86050", "2009-12-31": "9.18950", "2008-12-31": "-29.00170", "2007-12-31": "-91.66590", "2006-12-31": "33.56020", "2005-12-31": "41.78340"}, "Asset Turnover": {"2019-12-31": "0.04030", "2018-12-31": "0.04190", "2017-12-31": "0.04320", "2016-12-31": "0.04320", "2015-12-31": "0.05230", "2014-12-31": "0.05010", "2013-12-31": "0.06450", "2012-12-31": "0.00340", "2011-12-31": "0.01020", "2010-12-31": "0.01500", "2009-12-31": "0.01140", "2008-12-31": "0.00660", "2007-12-31": "0.00650", "2006-12-31": "0.02880", "2005-12-31": "0.03280"}, "Inventory Turnover Ratio": {"2019-12-31": "", "2018-12-31": "", "2017-12-31": "", "2016-12-31": "", "2015-12-31": "", "2014-12-31": "", "2013-12-31": "", "2012-12-31": "", "2011-12-31": "", "2010-12-31": "", "2009-12-31": "", "2008-12-31": "", "2007-12-31": "", "2006-12-31": "", "2005-12-31": ""}, "Receiveable Turnover": {"2019-12-31": "", "2018-12-31": "", "2017-12-31": "", "2016-12-31": "", "2015-12-31": "", "2014-12-31": "", "2013-12-31": "", "2012-12-31": "", "2011-12-31": "", "2010-12-31": "", "2009-12-31": "", "2008-12-31": "", "2007-12-31": "", "2006-12-31": "", "2005-12-31": ""}, "Days Sales In Receivables": {"2019-12-31": "", "2018-12-31": "", "2017-12-31": "", "2016-12-31": "", "2015-12-31": "", "2014-12-31": "", "2013-12-31": "", "2012-12-31": "", "2011-12-31": "", "2010-12-31": "", "2009-12-31": "", "2008-12-31": "", "2007-12-31": "", "2006-12-31": "", "2005-12-31": ""}, "ROE - Return On Equity": {"2019-12-31": "19.85950", "2018-12-31": "18.94840", "2017-12-31": "13.92950", "2016-12-31": "14.04710", "2015-12-31": "17.91160", "2014-12-31": "15.31950", "2013-12-31": "22.08930", "2012-12-31": "4.79280", "2011-12-31": "12.74010", "2010-12-31": "13.42480", "2009-12-31": "13.93710", "2008-12-31": "0.07530", "2007-12-31": "-24.60970", "2006-12-31": "30.48600", "2005-12-31": "42.84260"}, "Return On Tangible Equity": {"2019-12-31": "17.46090", "2018-12-31": "16.39870", "2017-12-31": "11.67760", "2016-12-31": "10.66560", "2015-12-31": "13.08410", "2014-12-31": "10.60830", "2013-12-31": "22.21340", "2012-12-31": "4.67140", "2011-12-31": "12.50790", "2010-12-31": "13.16720", "2009-12-31": "13.26400", "2008-12-31": "0.06600", "2007-12-31": "-22.95160", "2006-12-31": "38.71440", "2005-12-31": "51.45630"}, "ROA - Return On Assets": {"2019-12-31": "1.76920", "2018-12-31": "1.83000", "2017-12-31": "1.32660", "2016-12-31": "1.35070", "2015-12-31": "1.80280", "2014-12-31": "1.49380", "2013-12-31": "2.40590", "2012-12-31": "0.11900", "2011-12-31": "0.30880", "2010-12-31": "0.29080", "2009-12-31": "0.32000", "2008-12-31": "0.00150", "2007-12-31": "-0.57880", "2006-12-31": "0.99620", "2005-12-31": "1.39150"}, "ROI - Return On Investment": {"2019-12-31": "7.54350", "2018-12-31": "6.71740", "2017-12-31": "5.02540", "2016-12-31": "5.54430", "2015-12-31": "10.25200", "2014-12-31": "10.58960", "2013-12-31": "22.08930", "2012-12-31": "0.13700", "2011-12-31": "0.37400", "2010-12-31": "0.35420", "2009-12-31": "0.40050", "2008-12-31": "0.00200", "2007-12-31": "-0.77400", "2006-12-31": "1.06220", "2005-12-31": "1.50390"}, "Book Value Per Share": {"2019-12-31": "7.86470", "2018-12-31": "6.82270", "2017-12-31": "5.72210", "2016-12-31": "5.47230", "2015-12-31": "4.91750", "2014-12-31": "4.32210", "2013-12-31": "", "2012-12-31": "11.18320", "2011-12-31": "10.31630", "2010-12-31": "9.51040", "2009-12-31": "10.88380", "2008-12-31": "10.70980", "2007-12-31": "11.19630", "2006-12-31": "10.61830", "2005-12-31": "9.17720"}, "Operating Cash Flow Per Share": {"2019-12-31": 0.1974, "2018-12-31": 0.1566, "2017-12-31": 0.0694, "2016-12-31": -0.2629, "2015-12-31": 0.8136, "2014-12-31": -1.1665, "2013-12-31": -0.0501, "2012-12-31": -5.6848, "2011-12-31": 19.6041, "2010-12-31": 20.003, "2009-12-31": -21.5189, "2008-12-31": -12.0803, "2007-12-31": -1.9087, "2006-12-31": 0.1431, "2005-12-31": 1.6487}, "Free Cash Flow Per Share": {"2019-12-31": 0.1974, "2018-12-31": 0.1566, "2017-12-31": 0.0694, "2016-12-31": -0.2629, "2015-12-31": 0.8136, "2014-12-31": -1.1665, "2013-12-31": -0.0501, "2012-12-31": -5.6848, "2011-12-31": 19.6041, "2010-12-31": 20.003, "2009-12-31": -21.5189, "2008-12-31": -12.0803, "2007-12-31": -1.9087, "2006-12-31": 0.1431, "2005-12-31": 1.6487}}, "financial ratios, quarterly": {"Current Ratio": {"2020-09-30": "", "2020-06-30": "", "2020-03-31": "", "2019-12-31": "", "2019-09-30": "", "2019-06-30": "", "2019-03-31": "", "2018-12-31": "", "2018-09-30": "", "2018-06-30": "", "2018-03-31": "", "2017-12-31": "", "2017-09-30": "", "2017-06-30": "", "2017-03-31": "", "2016-12-31": "", "2016-09-30": "", "2016-06-30": "", "2016-03-31": "", "2015-12-31": "", "2015-09-30": "", "2015-06-30": "", "2015-03-31": "", "2014-12-31": "", "2014-09-30": "", "2014-06-30": "", "2014-03-31": "", "2013-12-31": "", "2013-09-30": "", "2013-06-30": "", "2013-03-31": "", "2012-12-31": "", "2012-09-30": "", "2012-06-30": "", "2012-03-31": "", "2011-12-31": "", "2011-09-30": "", "2011-06-30": "", "2011-03-31": "", "2010-12-31": "", "2010-09-30": "", "2010-06-30": "", "2010-03-31": "", "2009-12-31": "", "2009-09-30": "", "2009-06-30": "", "2009-03-31": "", "2008-12-31": "", "2008-09-30": "", "2008-06-30": "", "2008-03-31": "", "2007-12-31": "", "2007-09-30": "", "2007-06-30": "", "2007-03-31": "", "2006-12-31": "", "2006-09-30": "", "2006-06-30": "", "2006-03-31": "", "2005-12-31": "", "2005-09-30": "", "2005-06-30": "", "2005-03-31": ""}, "Long-term Debt / Capital": {"2020-09-30": "0.69220", "2020-06-30": "0.68810", "2020-03-31": "0.68950", "2019-12-31": "0.56800", "2019-09-30": "0.59110", "2019-06-30": "0.61090", "2019-03-31": "0.59500", "2018-12-31": "0.59040", "2018-09-30": "0.61470", "2018-06-30": "0.60710", "2018-03-31": "0.58930", "2017-12-31": "0.56970", "2017-09-30": "0.53070", "2017-06-30": "0.55130", "2017-03-31": "0.53810", "2016-12-31": "0.48020", "2016-09-30": "0.41120", "2016-06-30": "0.32090", "2016-03-31": "0.20670", "2015-12-31": "0.21650", "2015-09-30": "0.22910", "2015-06-30": "", "2015-03-31": "", "2014-12-31": "", "2014-09-30": "", "2014-06-30": "", "2014-03-31": "0.96050", "2013-12-31": "", "2013-09-30": "0.96050", "2013-06-30": "0.96150", "2013-03-31": "0.96630", "2012-12-31": "0.96780", "2012-09-30": "0.96900", "2012-06-30": "0.96920", "2012-03-31": "0.96860", "2011-12-31": "0.96710", "2011-09-30": "0.97040", "2011-06-30": "0.96980", "2011-03-31": "0.96880", "2010-12-31": "0.97030", "2010-09-30": "0.97100", "2010-06-30": "0.96770", "2010-03-31": "0.97080", "2009-12-31": "0.96110", "2009-09-30": "0.96150", "2009-06-30": "0.96290", "2009-03-31": "0.95920", "2008-12-31": "0.95940", "2008-09-30": "0.95670", "2008-06-30": "0.95520", "2008-03-31": "0.95570", "2007-12-31": "0.95510", "2007-09-30": "0.95610", "2007-06-30": "0.95530", "2007-03-31": "0.96300", "2006-12-31": "0.96000", "2006-09-30": "0.95470", "2006-06-30": "0.95400", "2006-03-31": "0.95870", "2005-12-31": "0.95870", "2005-09-30": "0.95670", "2005-06-30": "0.95360", "2005-03-31": "0.95930"}, "Debt/Equity Ratio": {"2020-09-30": "2.24850", "2020-06-30": "2.20620", "2020-03-31": "2.22020", "2019-12-31": "1.40200", "2019-09-30": "1.53930", "2019-06-30": "1.57000", "2019-03-31": "1.46890", "2018-12-31": "1.44120", "2018-09-30": "1.59570", "2018-06-30": "1.54550", "2018-03-31": "1.43470", "2017-12-31": "1.32370", "2017-09-30": "1.25470", "2017-06-30": "1.22870", "2017-03-31": "1.16510", "2016-12-31": "0.92370", "2016-09-30": "0.85320", "2016-06-30": "0.47250", "2016-03-31": "0.50610", "2015-12-31": "0.51480", "2015-09-30": "0.65270", "2015-06-30": "", "2015-03-31": "", "2014-12-31": "", "2014-09-30": "", "2014-06-30": "", "2014-03-31": "26.40280", "2013-12-31": "", "2013-09-30": "27.08030", "2013-06-30": "28.05250", "2013-03-31": "32.04130", "2012-12-31": "34.00260", "2012-09-30": "35.43130", "2012-06-30": "36.44570", "2012-03-31": "36.21630", "2011-12-31": "35.03450", "2011-09-30": "39.43020", "2011-06-30": "38.22030", "2011-03-31": "37.29590", "2010-12-31": "39.33740", "2010-09-30": "43.37320", "2010-06-30": "39.06690", "2010-03-31": "41.86260", "2009-12-31": "30.58430", "2009-09-30": "35.68920", "2009-06-30": "35.70240", "2009-03-31": "32.83750", "2008-12-31": "31.99100", "2008-09-30": "29.23770", "2008-06-30": "28.02390", "2008-03-31": "28.91250", "2007-12-31": "28.15060", "2007-09-30": "28.36420", "2007-06-30": "23.20920", "2007-03-31": "27.07460", "2006-12-31": "24.79030", "2006-09-30": "21.87120", "2006-06-30": "21.63140", "2006-03-31": "24.08720", "2005-12-31": "24.24650", "2005-09-30": "23.31510", "2005-06-30": "21.82430", "2005-03-31": "25.36960"}, "Gross Margin": {"2020-09-30": "", "2020-06-30": "", "2020-03-31": "", "2019-12-31": "", "2019-09-30": "", "2019-06-30": "", "2019-03-31": "", "2018-12-31": "", "2018-09-30": "", "2018-06-30": "", "2018-03-31": "", "2017-12-31": "", "2017-09-30": "", "2017-06-30": "", "2017-03-31": "", "2016-12-31": "", "2016-09-30": "", "2016-06-30": "", "2016-03-31": "", "2015-12-31": "", "2015-09-30": "", "2015-06-30": "", "2015-03-31": "", "2014-12-31": "", "2014-09-30": "", "2014-06-30": "", "2014-03-31": "", "2013-12-31": "", "2013-09-30": "", "2013-06-30": "", "2013-03-31": "", "2012-12-31": "", "2012-09-30": "", "2012-06-30": "", "2012-03-31": "", "2011-12-31": "", "2011-09-30": "", "2011-06-30": "", "2011-03-31": "", "2010-12-31": "", "2010-09-30": "", "2010-06-30": "", "2010-03-31": "", "2009-12-31": "", "2009-09-30": "", "2009-06-30": "", "2009-03-31": "", "2008-12-31": "", "2008-09-30": "", "2008-06-30": "", "2008-03-31": "", "2007-12-31": "", "2007-09-30": "", "2007-06-30": "", "2007-03-31": "", "2006-12-31": "", "2006-09-30": "", "2006-06-30": "", "2006-03-31": "", "2005-12-31": "", "2005-09-30": "", "2005-06-30": "", "2005-03-31": ""}, "Operating Margin": {"2020-09-30": "", "2020-06-30": "", "2020-03-31": "", "2019-12-31": "", "2019-09-30": "", "2019-06-30": "", "2019-03-31": "", "2018-12-31": "", "2018-09-30": "", "2018-06-30": "", "2018-03-31": "", "2017-12-31": "", "2017-09-30": "", "2017-06-30": "", "2017-03-31": "", "2016-12-31": "", "2016-09-30": "", "2016-06-30": "", "2016-03-31": "", "2015-12-31": "", "2015-09-30": "", "2015-06-30": "", "2015-03-31": "", "2014-12-31": "", "2014-09-30": "", "2014-06-30": "", "2014-03-31": "", "2013-12-31": "", "2013-09-30": "", "2013-06-30": "", "2013-03-31": "", "2012-12-31": "", "2012-09-30": "", "2012-06-30": "", "2012-03-31": "", "2011-12-31": "", "2011-09-30": "", "2011-06-30": "", "2011-03-31": "", "2010-12-31": "", "2010-09-30": "", "2010-06-30": "", "2010-03-31": "", "2009-12-31": "", "2009-09-30": "", "2009-06-30": "", "2009-03-31": "", "2008-12-31": "", "2008-09-30": "", "2008-06-30": "", "2008-03-31": "", "2007-12-31": "", "2007-09-30": "", "2007-06-30": "", "2007-03-31": "", "2006-12-31": "", "2006-09-30": "", "2006-06-30": "", "2006-03-31": "", "2005-12-31": "", "2005-09-30": "", "2005-06-30": "", "2005-03-31": ""}, "EBIT Margin": {"2020-09-30": "", "2020-06-30": "", "2020-03-31": "", "2019-12-31": "", "2019-09-30": "", "2019-06-30": "", "2019-03-31": "", "2018-12-31": "", "2018-09-30": "", "2018-06-30": "", "2018-03-31": "", "2017-12-31": "", "2017-09-30": "", "2017-06-30": "", "2017-03-31": "", "2016-12-31": "", "2016-09-30": "", "2016-06-30": "", "2016-03-31": "", "2015-12-31": "", "2015-09-30": "", "2015-06-30": "", "2015-03-31": "", "2014-12-31": "", "2014-09-30": "", "2014-06-30": "", "2014-03-31": "", "2013-12-31": "", "2013-09-30": "", "2013-06-30": "", "2013-03-31": "", "2012-12-31": "", "2012-09-30": "", "2012-06-30": "", "2012-03-31": "", "2011-12-31": "", "2011-09-30": "", "2011-06-30": "", "2011-03-31": "", "2010-12-31": "", "2010-09-30": "", "2010-06-30": "", "2010-03-31": "", "2009-12-31": "", "2009-09-30": "", "2009-06-30": "", "2009-03-31": "", "2008-12-31": "", "2008-09-30": "", "2008-06-30": "", "2008-03-31": "", "2007-12-31": "", "2007-09-30": "", "2007-06-30": "", "2007-03-31": "", "2006-12-31": "", "2006-09-30": "", "2006-06-30": "", "2006-03-31": "", "2005-12-31": "", "2005-09-30": "", "2005-06-30": "", "2005-03-31": ""}, "EBITDA Margin": {"2020-09-30": "", "2020-06-30": "", "2020-03-31": "", "2019-12-31": "", "2019-09-30": "", "2019-06-30": "", "2019-03-31": "", "2018-12-31": "", "2018-09-30": "", "2018-06-30": "", "2018-03-31": "", "2017-12-31": "", "2017-09-30": "", "2017-06-30": "", "2017-03-31": "", "2016-12-31": "", "2016-09-30": "", "2016-06-30": "", "2016-03-31": "", "2015-12-31": "", "2015-09-30": "", "2015-06-30": "", "2015-03-31": "", "2014-12-31": "", "2014-09-30": "", "2014-06-30": "", "2014-03-31": "", "2013-12-31": "", "2013-09-30": "", "2013-06-30": "", "2013-03-31": "", "2012-12-31": "", "2012-09-30": "", "2012-06-30": "", "2012-03-31": "", "2011-12-31": "", "2011-09-30": "", "2011-06-30": "", "2011-03-31": "", "2010-12-31": "", "2010-09-30": "", "2010-06-30": "", "2010-03-31": "", "2009-12-31": "", "2009-09-30": "", "2009-06-30": "", "2009-03-31": "", "2008-12-31": "", "2008-09-30": "", "2008-06-30": "", "2008-03-31": "", "2007-12-31": "", "2007-09-30": "", "2007-06-30": "", "2007-03-31": "", "2006-12-31": "", "2006-09-30": "", "2006-06-30": "", "2006-03-31": "", "2005-12-31": "", "2005-09-30": "", "2005-06-30": "", "2005-03-31": ""}, "Pre-Tax Profit Margin": {"2020-09-30": "59.87210", "2020-06-30": "-451.19150", "2020-03-31": "76.65460", "2019-12-31": "55.40440", "2019-09-30": "52.40690", "2019-06-30": "57.01060", "2019-03-31": "60.48100", "2018-12-31": "56.80460", "2018-09-30": "24.98870", "2018-06-30": "52.55780", "2018-03-31": "57.23520", "2017-12-31": "48.81930", "2017-09-30": "50.15630", "2017-06-30": "50.87390", "2017-03-31": "58.67550", "2016-12-31": "53.58510", "2016-09-30": "51.12180", "2016-06-30": "49.12260", "2016-03-31": "52.94160", "2015-12-31": "63.08670", "2015-09-30": "40.35970", "2015-06-30": "62.44610", "2015-03-31": "47.94940", "2014-12-31": "33.33640", "2014-09-30": "61.22010", "2014-06-30": "50.30220", "2014-03-31": "53.53940", "2013-12-31": "75.47930", "2013-09-30": "53.05370", "2013-06-30": "64.62160", "2013-03-31": "69.15420", "2012-12-31": "55.64970", "2012-09-30": "56.17760", "2012-06-30": "66.00290", "2012-03-31": "39.55560", "2011-12-31": "83.45630", "2011-09-30": "-65.90910", "2011-06-30": "-10.84340", "2011-03-31": "46.85910", "2010-12-31": "68.44090", "2010-09-30": "-171.27070", "2010-06-30": "61.71990", "2010-03-31": "55.75240", "2009-12-31": "77.53490", "2009-09-30": "43.83410", "2009-06-30": "-104.36750", "2009-03-31": "6.13990", "2008-12-31": "88.51510", "2008-09-30": "-226.00740", "2008-06-30": "51.29590", "2008-03-31": "-79.22930", "2007-12-31": "129.99520", "2007-09-30": "-268.17770", "2007-06-30": "72.88350", "2007-03-31": "54.53170", "2006-12-31": "26.97760", "2006-09-30": "56.98280", "2006-06-30": "77.75990", "2006-03-31": "47.26180", "2005-12-31": "68.59240", "2005-09-30": "66.60100", "2005-06-30": "62.31820", "2005-03-31": "61.10380"}, "Net Profit Margin": {"2020-09-30": "44.72070", "2020-06-30": "-341.44150", "2020-03-31": "56.85200", "2019-12-31": "43.26990", "2019-09-30": "38.51080", "2019-06-30": "45.20080", "2019-03-31": "43.34660", "2018-12-31": "42.40880", "2018-09-30": "49.64490", "2018-06-30": "37.13330", "2018-03-31": "42.04310", "2017-12-31": "18.91910", "2017-09-30": "31.44440", "2017-06-30": "29.39730", "2017-03-31": "35.92710", "2016-12-31": "30.59950", "2016-09-30": "25.26160", "2016-06-30": "27.81720", "2016-03-31": "30.70500", "2015-12-31": "36.98040", "2015-09-30": "25.85380", "2015-06-30": "35.58470", "2015-03-31": "25.88580", "2014-12-31": "11.21370", "2014-09-30": "34.67930", "2014-06-30": "27.04600", "2014-03-31": "33.57040", "2013-12-31": "45.90040", "2013-09-30": "33.03100", "2013-06-30": "40.14420", "2013-03-31": "42.41290", "2012-12-31": "33.83240", "2012-09-30": "35.32820", "2012-06-30": "40.82500", "2012-03-31": "23.77780", "2011-12-31": "53.31930", "2011-09-30": "-29.54550", "2011-06-30": "-4.01610", "2011-03-31": "29.03230", "2010-12-31": "38.83480", "2010-09-30": "-141.98900", "2010-06-30": "36.22110", "2010-03-31": "30.41790", "2009-12-31": "28.50090", "2009-09-30": "20.74330", "2009-06-30": "-97.44130", "2009-03-31": "-15.00470", "2008-12-31": "775.44110", "2008-09-30": "-160.57370", "2008-06-30": "28.99000", "2008-03-31": "-63.26120", "2007-12-31": "123.46290", "2007-09-30": "-365.21390", "2007-06-30": "65.09290", "2007-03-31": "13.66700", "2006-12-31": "1.83140", "2006-09-30": "30.94020", "2006-06-30": "50.22550", "2006-03-31": "23.37510", "2005-12-31": "44.80430", "2005-09-30": "48.51080", "2005-06-30": "38.36280", "2005-03-31": "32.70020"}, "Asset Turnover": {"2020-09-30": "0.01230", "2020-06-30": "0.00080", "2020-03-31": "0.01990", "2019-12-31": "0.00970", "2019-09-30": "0.01040", "2019-06-30": "0.01090", "2019-03-31": "0.01280", "2018-12-31": "0.01270", "2018-09-30": "0.00780", "2018-06-30": "0.01180", "2018-03-31": "0.01250", "2017-12-31": "0.01060", "2017-09-30": "0.01110", "2017-06-30": "0.01160", "2017-03-31": "0.01290", "2016-12-31": "0.01140", "2016-09-30": "0.01150", "2016-06-30": "0.01200", "2016-03-31": "0.01290", "2015-12-31": "0.01510", "2015-09-30": "0.01090", "2015-06-30": "0.01880", "2015-03-31": "0.01280", "2014-12-31": "0.01020", "2014-09-30": "0.01920", "2014-06-30": "0.01330", "2014-03-31": "0.00090", "2013-12-31": "-0.04230", "2013-09-30": "0.00090", "2013-06-30": "0.00120", "2013-03-31": "0.00460", "2012-12-31": "-0.00590", "2012-09-30": "0.00280", "2012-06-30": "0.00370", "2012-03-31": "0.00230", "2011-12-31": "0.00490", "2011-09-30": "0.00090", "2011-06-30": "0.00120", "2011-03-31": "0.00290", "2010-12-31": "0.00540", "2010-09-30": "0.00180", "2010-06-30": "0.00420", "2010-03-31": "0.00350", "2009-12-31": "0.00530", "2009-09-30": "0.00300", "2009-06-30": "0.00080", "2009-03-31": "0.00190", "2008-12-31": "-0.00020", "2008-09-30": "0.00070", "2008-06-30": "0.00500", "2008-03-31": "0.00130", "2007-12-31": "-0.00860", "2007-09-30": "0.00060", "2007-06-30": "0.01110", "2007-03-31": "0.00620", "2006-12-31": "0.00420", "2006-09-30": "0.00770", "2006-06-30": "0.01400", "2006-03-31": "0.00630", "2005-12-31": "0.00950", "2005-09-30": "0.00910", "2005-06-30": "0.00880", "2005-03-31": "0.00800"}, "Inventory Turnover Ratio": {"2020-09-30": "", "2020-06-30": "", "2020-03-31": "", "2019-12-31": "", "2019-09-30": "", "2019-06-30": "", "2019-03-31": "", "2018-12-31": "", "2018-09-30": "", "2018-06-30": "", "2018-03-31": "", "2017-12-31": "", "2017-09-30": "", "2017-06-30": "", "2017-03-31": "", "2016-12-31": "", "2016-09-30": "", "2016-06-30": "", "2016-03-31": "", "2015-12-31": "", "2015-09-30": "", "2015-06-30": "", "2015-03-31": "", "2014-12-31": "", "2014-09-30": "", "2014-06-30": "", "2014-03-31": "", "2013-12-31": "", "2013-09-30": "", "2013-06-30": "", "2013-03-31": "", "2012-12-31": "", "2012-09-30": "", "2012-06-30": "", "2012-03-31": "", "2011-12-31": "", "2011-09-30": "", "2011-06-30": "", "2011-03-31": "", "2010-12-31": "", "2010-09-30": "", "2010-06-30": "", "2010-03-31": "", "2009-12-31": "", "2009-09-30": "", "2009-06-30": "", "2009-03-31": "", "2008-12-31": "", "2008-09-30": "", "2008-06-30": "", "2008-03-31": "", "2007-12-31": "", "2007-09-30": "", "2007-06-30": "", "2007-03-31": "", "2006-12-31": "", "2006-09-30": "", "2006-06-30": "", "2006-03-31": "", "2005-12-31": "", "2005-09-30": "", "2005-06-30": "", "2005-03-31": ""}, "Receiveable Turnover": {"2020-09-30": "", "2020-06-30": "", "2020-03-31": "", "2019-12-31": "", "2019-09-30": "", "2019-06-30": "", "2019-03-31": "", "2018-12-31": "", "2018-09-30": "", "2018-06-30": "", "2018-03-31": "", "2017-12-31": "", "2017-09-30": "", "2017-06-30": "", "2017-03-31": "", "2016-12-31": "", "2016-09-30": "", "2016-06-30": "", "2016-03-31": "", "2015-12-31": "", "2015-09-30": "", "2015-06-30": "", "2015-03-31": "", "2014-12-31": "", "2014-09-30": "", "2014-06-30": "", "2014-03-31": "", "2013-12-31": "", "2013-09-30": "", "2013-06-30": "", "2013-03-31": "", "2012-12-31": "", "2012-09-30": "", "2012-06-30": "", "2012-03-31": "", "2011-12-31": "", "2011-09-30": "", "2011-06-30": "", "2011-03-31": "", "2010-12-31": "", "2010-09-30": "", "2010-06-30": "", "2010-03-31": "", "2009-12-31": "", "2009-09-30": "", "2009-06-30": "", "2009-03-31": "", "2008-12-31": "", "2008-09-30": "", "2008-06-30": "", "2008-03-31": "", "2007-12-31": "", "2007-09-30": "", "2007-06-30": "", "2007-03-31": "", "2006-12-31": "", "2006-09-30": "", "2006-06-30": "", "2006-03-31": "", "2005-12-31": "", "2005-09-30": "", "2005-06-30": "", "2005-03-31": ""}, "Days Sales In Receivables": {"2020-09-30": "", "2020-06-30": "", "2020-03-31": "", "2019-12-31": "", "2019-09-30": "", "2019-06-30": "", "2019-03-31": "", "2018-12-31": "", "2018-09-30": "", "2018-06-30": "", "2018-03-31": "", "2017-12-31": "", "2017-09-30": "", "2017-06-30": "", "2017-03-31": "", "2016-12-31": "", "2016-09-30": "", "2016-06-30": "", "2016-03-31": "", "2015-12-31": "", "2015-09-30": "", "2015-06-30": "", "2015-03-31": "", "2014-12-31": "", "2014-09-30": "", "2014-06-30": "", "2014-03-31": "", "2013-12-31": "", "2013-09-30": "", "2013-06-30": "", "2013-03-31": "", "2012-12-31": "", "2012-09-30": "", "2012-06-30": "", "2012-03-31": "", "2011-12-31": "", "2011-09-30": "", "2011-06-30": "", "2011-03-31": "", "2010-12-31": "", "2010-09-30": "", "2010-06-30": "", "2010-03-31": "", "2009-12-31": "", "2009-09-30": "", "2009-06-30": "", "2009-03-31": "", "2008-12-31": "", "2008-09-30": "", "2008-06-30": "", "2008-03-31": "", "2007-12-31": "", "2007-09-30": "", "2007-06-30": "", "2007-03-31": "", "2006-12-31": "", "2006-09-30": "", "2006-06-30": "", "2006-03-31": "", "2005-12-31": "", "2005-09-30": "", "2005-06-30": "", "2005-03-31": ""}, "ROE - Return On Equity": {"2020-09-30": "9.49920", "2020-06-30": "-5.27000", "2020-03-31": "21.04940", "2019-12-31": "4.85440", "2019-09-30": "4.61560", "2019-06-30": "5.57140", "2019-03-31": "5.97500", "2018-12-31": "5.73380", "2018-09-30": "4.25670", "2018-06-30": "4.71640", "2018-03-31": "5.71330", "2017-12-31": "2.26600", "2017-09-30": "3.77730", "2017-06-30": "3.64440", "2017-03-31": "5.07620", "2016-12-31": "3.94160", "2016-09-30": "3.36180", "2016-06-30": "3.50540", "2016-03-31": "4.17470", "2015-12-31": "5.86710", "2015-09-30": "3.19230", "2015-06-30": "6.51430", "2015-03-31": "3.66660", "2014-12-31": "1.55870", "2014-09-30": "6.61590", "2014-06-30": "3.76110", "2014-03-31": "0.93410", "2013-12-31": "-18.22980", "2013-09-30": "0.96820", "2013-06-30": "1.56340", "2013-03-31": "7.51800", "2012-12-31": "-8.38200", "2012-09-30": "4.26840", "2012-06-30": "6.74590", "2012-03-31": "2.47770", "2011-12-31": "10.81950", "2011-09-30": "-1.65990", "2011-06-30": "-0.38230", "2011-03-31": "3.81290", "2010-12-31": "11.23170", "2010-09-30": "-15.44370", "2010-06-30": "9.28960", "2010-03-31": "7.29970", "2009-12-31": "12.02010", "2009-09-30": "4.85760", "2009-06-30": "-3.69700", "2009-03-31": "0.77160", "2008-12-31": "-0.13310", "2008-09-30": "-4.34970", "2008-06-30": "7.03300", "2008-03-31": "-2.97160", "2007-12-31": "-44.80530", "2007-09-30": "-7.74810", "2007-06-30": "20.20610", "2007-03-31": "3.04720", "2006-12-31": "0.47710", "2006-09-30": "6.69050", "2006-06-30": "19.07310", "2006-03-31": "4.75250", "2005-12-31": "13.35950", "2005-09-30": "13.23650", "2005-06-30": "9.60610", "2005-03-31": "7.70290"}, "Return On Tangible Equity": {"2020-09-30": "7.77240", "2020-06-30": "-4.22480", "2020-03-31": "17.07890", "2019-12-31": "4.26810", "2019-09-30": "4.03560", "2019-06-30": "4.85180", "2019-03-31": "5.19070", "2018-12-31": "4.96230", "2018-09-30": "3.65720", "2018-06-30": "4.02510", "2018-03-31": "4.83760", "2017-12-31": "1.89970", "2017-09-30": "3.15340", "2017-06-30": "3.02080", "2017-03-31": "3.89850", "2016-12-31": "2.99280", "2016-09-30": "2.52110", "2016-06-30": "2.60390", "2016-03-31": "3.07660", "2015-12-31": "4.28580", "2015-09-30": "2.29170", "2015-06-30": "4.64440", "2015-03-31": "2.56030", "2014-12-31": "1.07940", "2014-09-30": "4.56970", "2014-06-30": "2.54480", "2014-03-31": "0.90810", "2013-12-31": "-18.33230", "2013-09-30": "0.94410", "2013-06-30": "1.52430", "2013-03-31": "7.32480", "2012-12-31": "-8.16960", "2012-09-30": "4.17040", "2012-06-30": "6.59810", "2012-03-31": "2.42680", "2011-12-31": "10.62230", "2011-09-30": "-1.62870", "2011-06-30": "-0.37520", "2011-03-31": "3.73830", "2010-12-31": "11.01620", "2010-09-30": "-12.09050", "2010-06-30": "8.77540", "2010-03-31": "6.87700", "2009-12-31": "11.43960", "2009-09-30": "4.40200", "2009-06-30": "-3.20560", "2009-03-31": "0.67310", "2008-12-31": "-0.11660", "2008-09-30": "-3.86530", "2008-06-30": "6.35130", "2008-03-31": "-2.66960", "2007-12-31": "-41.78650", "2007-09-30": "-9.42440", "2007-06-30": "18.07140", "2007-03-31": "3.85540", "2006-12-31": "0.60580", "2006-09-30": "8.31170", "2006-06-30": "22.07270", "2006-03-31": "5.69150", "2005-12-31": "16.04550", "2005-09-30": "15.62930", "2005-06-30": "11.19640", "2005-03-31": "10.89680"}, "ROA - Return On Assets": {"2020-09-30": "0.55810", "2020-06-30": "-0.28020", "2020-03-31": "1.14030", "2019-12-31": "0.43240", "2019-09-30": "0.41230", "2019-06-30": "0.50790", "2019-03-31": "0.57290", "2018-12-31": "0.55380", "2018-09-30": "0.40430", "2018-06-30": "0.45410", "2018-03-31": "0.53940", "2017-12-31": "0.21580", "2017-09-30": "0.36340", "2017-06-30": "0.36190", "2017-03-31": "0.49360", "2016-12-31": "0.37900", "2016-09-30": "0.32100", "2016-06-30": "0.36600", "2016-03-31": "0.43010", "2015-12-31": "0.59050", "2015-09-30": "0.31640", "2015-06-30": "0.70690", "2015-03-31": "0.36880", "2014-12-31": "0.15200", "2014-09-30": "0.70790", "2014-06-30": "0.38780", "2014-03-31": "0.03000", "2013-12-31": "-1.98550", "2013-09-30": "0.03040", "2013-06-30": "0.04710", "2013-03-31": "0.19820", "2012-12-31": "-0.20810", "2012-09-30": "0.10150", "2012-06-30": "0.15600", "2012-03-31": "0.05790", "2011-12-31": "0.26220", "2011-09-30": "-0.03540", "2011-06-30": "-0.00850", "2011-03-31": "0.08700", "2010-12-31": "0.24330", "2010-09-30": "-0.23970", "2010-06-30": "0.16630", "2010-03-31": "0.11890", "2009-12-31": "0.27600", "2009-09-30": "0.08890", "2009-06-30": "-0.06400", "2009-03-31": "0.01460", "2008-12-31": "-0.00260", "2008-09-30": "-0.09580", "2008-06-30": "0.16430", "2008-03-31": "-0.06520", "2007-12-31": "-1.05370", "2007-09-30": "-0.22790", "2007-06-30": "0.72780", "2007-03-31": "0.09150", "2006-12-31": "0.01560", "2006-09-30": "0.24610", "2006-06-30": "0.71020", "2006-03-31": "0.15510", "2005-12-31": "0.43390", "2005-09-30": "0.44780", "2005-06-30": "0.34180", "2005-03-31": "0.26660"}, "ROI - Return On Investment": {"2020-09-30": "2.39260", "2020-06-30": "-1.31770", "2020-03-31": "5.30380", "2019-12-31": "1.84390", "2019-09-30": "1.65010", "2019-06-30": "1.88790", "2019-03-31": "2.10250", "2018-12-31": "2.03270", "2018-09-30": "1.40900", "2018-06-30": "1.58130", "2018-03-31": "1.98690", "2017-12-31": "0.81750", "2017-09-30": "1.47990", "2017-06-30": "1.35540", "2017-03-31": "1.80070", "2016-12-31": "1.55570", "2016-09-30": "1.48460", "2016-06-30": "1.76830", "2016-03-31": "2.43910", "2015-12-31": "3.35820", "2015-09-30": "1.76470", "2015-06-30": "4.63850", "2015-03-31": "2.55630", "2014-12-31": "1.07750", "2014-09-30": "4.56030", "2014-06-30": "2.53860", "2014-03-31": "0.03320", "2013-12-31": "-18.22980", "2013-09-30": "0.03440", "2013-06-30": "0.05390", "2013-03-31": "0.22540", "2012-12-31": "-0.23960", "2012-09-30": "0.11710", "2012-06-30": "0.18390", "2012-03-31": "0.06910", "2011-12-31": "0.31760", "2011-09-30": "-0.04330", "2011-06-30": "-0.01030", "2011-03-31": "0.10590", "2010-12-31": "0.29630", "2010-09-30": "-0.31350", "2010-06-30": "0.21910", "2010-03-31": "0.15160", "2009-12-31": "0.34540", "2009-09-30": "0.12780", "2009-06-30": "-0.08870", "2009-03-31": "0.02060", "2008-12-31": "-0.00360", "2008-09-30": "-0.12800", "2008-06-30": "0.21760", "2008-03-31": "-0.08820", "2007-12-31": "-1.40920", "2007-09-30": "-0.30190", "2007-06-30": "0.80730", "2007-03-31": "0.09810", "2006-12-31": "0.01660", "2006-09-30": "0.26530", "2006-06-30": "0.76290", "2006-03-31": "0.16690", "2005-12-31": "0.46900", "2005-09-30": "0.48840", "2005-06-30": "0.37690", "2005-03-31": "0.29660"}, "Book Value Per Share": {"2020-09-30": "5.86470", "2020-06-30": "5.37560", "2020-03-31": "5.65340", "2019-12-31": "7.86470", "2019-09-30": "7.53940", "2019-06-30": "7.26050", "2019-03-31": "7.04800", "2018-12-31": "6.82270", "2018-09-30": "6.51900", "2018-06-30": "6.26710", "2018-03-31": "5.99690", "2017-12-31": "5.72210", "2017-09-30": "5.60740", "2017-06-30": "5.41760", "2017-03-31": "5.64920", "2016-12-31": "5.47230", "2016-09-30": "5.27550", "2016-06-30": "5.13180", "2016-03-31": "5.01030", "2015-12-31": "4.91750", "2015-09-30": "4.68860", "2015-06-30": "4.60600", "2015-03-31": "4.39040", "2014-12-31": "4.32210", "2014-09-30": "4.29890", "2014-06-30": "4.10940", "2014-03-31": "13.26540", "2013-12-31": "", "2013-09-30": "12.91740", "2013-06-30": "12.46330", "2013-03-31": "11.58200", "2012-12-31": "11.18320", "2012-09-30": "10.70560", "2012-06-30": "10.50640", "2012-03-31": "10.23330", "2011-12-31": "10.31630", "2011-09-30": "9.39490", "2011-06-30": "9.67140", "2011-03-31": "9.87140", "2010-12-31": "9.51040", "2010-09-30": "9.41600", "2010-06-30": "10.47100", "2010-03-31": "9.78850", "2009-12-31": "10.88380", "2009-09-30": "10.51010", "2009-06-30": "10.37290", "2009-03-31": "10.61580", "2008-12-31": "10.70980", "2008-09-30": "11.43850", "2008-06-30": "11.83790", "2008-03-31": "11.14340", "2007-12-31": "11.19630", "2007-09-30": "12.07800", "2007-06-30": "12.96130", "2007-03-31": "10.62490", "2006-12-31": "10.61830", "2006-09-30": "11.00010", "2006-06-30": "10.59030", "2006-03-31": "9.09780", "2005-12-31": "9.17720", "2005-09-30": "9.13480", "2005-06-30": "8.69100", "2005-03-31": "7.26330"}, "Operating Cash Flow Per Share": {"2020-09-30": -0.3877, "2020-06-30": -0.5156, "2020-03-31": "0.34990", "2019-12-31": 0.1448, "2019-09-30": -0.0353, "2019-06-30": -0.1839, "2019-03-31": "0.03810", "2018-12-31": -0.0237, "2018-09-30": -0.0291, "2018-06-30": -0.1486, "2018-03-31": "-0.03230", "2017-12-31": -0.1006, "2017-09-30": -0.0395, "2017-06-30": -0.2291, "2017-03-31": "-0.02110", "2016-12-31": -0.1325, "2016-09-30": -0.0749, "2016-06-30": -0.1365, "2016-03-31": "-0.11580", "2015-12-31": 0.101, "2015-09-30": -0.1039, "2015-06-30": -0.1495, "2015-03-31": "-0.04440", "2014-12-31": -0.4585, "2014-09-30": -0.0136, "2014-06-30": -0.2662, "2014-03-31": "-0.27210", "2013-12-31": 0.1407, "2013-09-30": 0.15, "2013-06-30": -1.2896, "2013-03-31": "1.15500", "2012-12-31": -3.9169, "2012-09-30": 1.7911, "2012-06-30": 1.1732, "2012-03-31": "1.15880", "2011-12-31": 1.8323, "2011-09-30": 1.4499, "2011-06-30": 1.1821, "2011-03-31": "1.42670", "2010-12-31": 4.1281, "2010-09-30": -1.5963, "2010-06-30": -5.7073, "2010-03-31": "-10.53760", "2009-12-31": -4.1723, "2009-09-30": -10.5229, "2009-06-30": -7.3058, "2009-03-31": "-11.71510", "2008-12-31": -5.9609, "2008-09-30": -6.9725, "2008-06-30": 0.2575, "2008-03-31": "0.47870", "2007-12-31": -1.5847, "2007-09-30": 2.1522, "2007-06-30": -1.138, "2007-03-31": "0.45360", "2006-12-31": 0.1189, "2006-09-30": 2.5417, "2006-06-30": -0.369, "2006-03-31": "-0.49980", "2005-12-31": 0.5121, "2005-09-30": -0.173, "2005-06-30": 1.5958, "2005-03-31": "-0.28620"}, "Free Cash Flow Per Share": {"2020-09-30": -0.3877, "2020-06-30": -0.5156, "2020-03-31": "0.34990", "2019-12-31": 0.1448, "2019-09-30": -0.0353, "2019-06-30": -0.1839, "2019-03-31": "0.03810", "2018-12-31": -0.0237, "2018-09-30": -0.0291, "2018-06-30": -0.1486, "2018-03-31": "-0.03230", "2017-12-31": -0.1006, "2017-09-30": -0.0395, "2017-06-30": -0.2291, "2017-03-31": "-0.02110", "2016-12-31": -0.1325, "2016-09-30": -0.0749, "2016-06-30": -0.1365, "2016-03-31": "-0.11580", "2015-12-31": 0.101, "2015-09-30": -0.1039, "2015-06-30": -0.1495, "2015-03-31": "-0.04440", "2014-12-31": -0.4585, "2014-09-30": -0.0136, "2014-06-30": -0.2662, "2014-03-31": "-0.27210", "2013-12-31": 0.1407, "2013-09-30": 0.15, "2013-06-30": -1.2896, "2013-03-31": "1.15500", "2012-12-31": -3.9169, "2012-09-30": 1.7911, "2012-06-30": 1.1732, "2012-03-31": "1.15880", "2011-12-31": 1.8323, "2011-09-30": 1.4499, "2011-06-30": 1.1821, "2011-03-31": "1.42670", "2010-12-31": 4.1281, "2010-09-30": -1.5963, "2010-06-30": -5.7073, "2010-03-31": "-10.53760", "2009-12-31": -4.1723, "2009-09-30": -10.5229, "2009-06-30": -7.3058, "2009-03-31": "-11.71510", "2008-12-31": -5.9609, "2008-09-30": -6.9725, "2008-06-30": 0.2575, "2008-03-31": "0.47870", "2007-12-31": -1.5847, "2007-09-30": 2.1522, "2007-06-30": -1.138, "2007-03-31": "0.45360", "2006-12-31": 0.1189, "2006-09-30": 2.5417, "2006-06-30": -0.369, "2006-03-31": "-0.49980", "2005-12-31": 0.5121, "2005-09-30": -0.173, "2005-06-30": 1.5958, "2005-03-31": "-0.28620"}}, "revenue": {"SLM Annual Revenue (Millions of US $)": {"2020": "$2,353", "2019": "$2,380", "2018": "$1,883", "2017": "$1,434", "2016": "$1,146", "2015": "$1,014", "2014": "$832", "2013": "$849", "2012": "$758", "2011": "$5,659", "2010": "$6,776", "2009": "$6,091", "2008": "$7,742", "2007": "$9,119", "2006": "$8,751", "2005": "$6,518"}, "SLM Quarterly Revenue (Millions of US $)": {"2020-12-31": "$480", "2020-09-30": "$492", "2020-06-30": "$514", "2020-03-31": "$867", "2019-12-31": "$597", "2019-09-30": "$608", "2019-06-30": "$593", "2019-03-31": "$583", "2018-12-31": "$551", "2018-09-30": "$412", "2018-06-30": "$470", "2018-03-31": "$451", "2017-12-31": "$377", "2017-09-30": "$372", "2017-06-30": "$349", "2017-03-31": "$335", "2016-12-31": "$309", "2016-09-30": "$296", "2016-06-30": "$271", "2016-03-31": "$270", "2015-12-31": "$294", "2015-09-30": "$219", "2015-06-30": "$288", "2015-03-31": "$213", "2014-12-31": "$191", "2014-09-30": "$264", "2014-06-30": "$173", "2014-03-31": "$203", "2013-12-31": "$-1,168", "2013-09-30": "$191", "2013-06-30": "$211", "2013-03-31": "$1,616", "2012-12-31": "$-3,646", "2012-09-30": "$1,433", "2012-06-30": "$1,602", "2012-03-31": "$1,369", "2011-12-31": "$1,865", "2011-09-30": "$1,176", "2011-06-30": "$1,132", "2011-03-31": "$1,486", "2010-12-31": "$1,966", "2010-09-30": "$1,359", "2010-06-30": "$1,832", "2010-03-31": "$1,619", "2009-12-31": "$1,689", "2009-09-30": "$1,557", "2009-06-30": "$1,250", "2009-03-31": "$1,595", "2008-12-31": "$1,751", "2008-09-30": "$1,697", "2008-06-30": "$2,331", "2008-03-31": "$1,963", "2007-12-31": "$1,219", "2007-09-30": "$2,119", "2007-06-30": "$3,316", "2007-03-31": "$2,466", "2006-12-31": "$2,038", "2006-09-30": "$2,252", "2006-06-30": "$2,695", "2006-03-31": "$1,766", "2005-12-31": "$2,012", "2005-09-30": "$1,715", "2005-06-30": "$1,506", "2005-03-31": "$1,285"}}, "gross-profit": {"SLM Annual Gross Profit (Millions of US $)": {"2020": "$1,811", "2019": "$1,672", "2018": "$1,361", "2017": "$1,126", "2016": "$960", "2015": "$885", "2014": "$736", "2013": "$760", "2012": "$675", "2011": "$3,258", "2010": "$4,501", "2009": "$3,056", "2008": "$1,836", "2007": "$2,034", "2006": "$3,628", "2005": "$3,459"}, "SLM Quarterly Gross Profit (Millions of US $)": {"2020-12-31": "$367", "2020-09-30": "$374", "2020-06-30": "$378", "2020-03-31": "$692", "2019-12-31": "$415", "2019-09-30": "$422", "2019-06-30": "$416", "2019-03-31": "$418", "2018-12-31": "$396", "2018-09-30": "$271", "2018-06-30": "$348", "2018-03-31": "$346", "2017-12-31": "$287", "2017-09-30": "$288", "2017-06-30": "$277", "2017-03-31": "$274", "2016-12-31": "$255", "2016-09-30": "$246", "2016-06-30": "$229", "2016-03-31": "$231", "2015-12-31": "$260", "2015-09-30": "$185", "2015-06-30": "$258", "2015-03-31": "$182", "2014-12-31": "$163", "2014-09-30": "$240", "2014-06-30": "$152", "2014-03-31": "$180", "2013-12-31": "$-644", "2013-09-30": "$170", "2013-06-30": "$189", "2013-03-31": "$1,045", "2012-12-31": "$-1,762", "2012-09-30": "$788", "2012-06-30": "$946", "2012-03-31": "$703", "2011-12-31": "$1,241", "2011-09-30": "$585", "2011-06-30": "$540", "2011-03-31": "$892", "2010-12-31": "$1,431", "2010-09-30": "$720", "2010-06-30": "$1,263", "2010-03-31": "$1,087", "2009-12-31": "$1,174", "2009-09-30": "$883", "2009-06-30": "$431", "2009-03-31": "$569", "2008-12-31": "$221", "2008-09-30": "$303", "2008-06-30": "$965", "2008-03-31": "$347", "2007-12-31": "$-758", "2007-09-30": "$239", "2007-06-30": "$1,619", "2007-03-31": "$934", "2006-12-31": "$575", "2006-09-30": "$889", "2006-06-30": "$1,491", "2006-03-31": "$673", "2005-12-31": "$1,010", "2005-09-30": "$886", "2005-06-30": "$842", "2005-03-31": "$721"}}, "operating-income": {"SLM Annual Operating Income (Millions of US $)": {"2020": "$1,180", "2019": "$744", "2018": "$559", "2017": "$491", "2016": "$414", "2015": "$446", "2014": "$375", "2013": "$421", "2012": "$342", "2011": "$937", "2010": "$1,175", "2009": "$818", "2008": "$37", "2007": "$-470", "2006": "$1,995", "2005": "$2,117"}, "SLM Quarterly Operating Income (Millions of US $)": {"2020-12-31": "$562", "2020-09-30": "$250", "2020-06-30": "$-116", "2020-03-31": "$484", "2019-12-31": "$176", "2019-09-30": "$169", "2019-06-30": "$184", "2019-03-31": "$214", "2018-12-31": "$192", "2018-09-30": "$50", "2018-06-30": "$150", "2018-03-31": "$167", "2017-12-31": "$113", "2017-09-30": "$117", "2017-06-30": "$115", "2017-03-31": "$146", "2016-12-31": "$113", "2016-09-30": "$105", "2016-06-30": "$92", "2016-03-31": "$105", "2015-12-31": "$144", "2015-09-30": "$65", "2015-06-30": "$152", "2015-03-31": "$84", "2014-12-31": "$60", "2014-09-30": "$153", "2014-06-30": "$91", "2014-03-31": "$76", "2013-12-31": "$-353", "2013-09-30": "$79", "2013-06-30": "$123", "2013-03-31": "$566", "2012-12-31": "$-601", "2012-09-30": "$293", "2012-06-30": "$467", "2012-03-31": "$183", "2011-12-31": "$797", "2011-09-30": "$-115", "2011-06-30": "$-25", "2011-03-31": "$280", "2010-12-31": "$793", "2010-09-30": "$-610", "2010-06-30": "$562", "2010-03-31": "$431", "2009-12-31": "$702", "2009-09-30": "$249", "2009-06-30": "$-156", "2009-03-31": "$23", "2008-12-31": "$16", "2008-09-30": "$-251", "2008-06-30": "$468", "2008-03-31": "$-146", "2007-12-31": "$-1,709", "2007-09-30": "$-259", "2007-06-30": "$1,072", "2007-03-31": "$427", "2006-12-31": "$130", "2006-09-30": "$468", "2006-06-30": "$1,107", "2006-03-31": "$290", "2005-12-31": "$648", "2005-09-30": "$582", "2005-06-30": "$475", "2005-03-31": "$412"}}, "ebitda": {"SLM Annual EBITDA (Millions of US $)": {"2019": "$", "2018": "$", "2017": "$", "2016": "$", "2015": "$", "2014": "$", "2013": "$", "2012": "$", "2011": "$", "2010": "$", "2009": "$", "2008": "$", "2007": "$", "2006": "$", "2005": "$"}, "SLM Quarterly EBITDA (Millions of US $)": {"2020-09-30": "", "2020-06-30": "", "2020-03-31": "", "2019-12-31": "", "2019-09-30": "", "2019-06-30": "", "2019-03-31": "", "2018-12-31": "", "2018-09-30": "", "2018-06-30": "", "2018-03-31": "", "2017-12-31": "", "2017-09-30": "", "2017-06-30": "", "2017-03-31": "", "2016-12-31": "", "2016-09-30": "", "2016-06-30": "", "2016-03-31": "", "2015-12-31": "", "2015-09-30": "", "2015-06-30": "", "2015-03-31": "", "2014-12-31": "", "2014-09-30": "", "2014-06-30": "", "2014-03-31": "", "2013-12-31": "", "2013-09-30": "", "2013-06-30": "", "2013-03-31": "", "2012-12-31": "", "2012-09-30": "", "2012-06-30": "", "2012-03-31": "", "2011-12-31": "", "2011-09-30": "", "2011-06-30": "", "2011-03-31": "", "2010-12-31": "", "2010-09-30": "", "2010-06-30": "", "2010-03-31": "", "2009-12-31": "", "2009-09-30": "", "2009-06-30": "", "2009-03-31": "", "2008-12-31": "", "2008-09-30": "", "2008-06-30": "", "2008-03-31": "", "2007-12-31": "", "2007-09-30": "", "2007-06-30": "", "2007-03-31": "", "2006-12-31": "", "2006-09-30": "", "2006-06-30": "", "2006-03-31": "", "2005-12-31": "", "2005-09-30": "", "2005-06-30": "", "2005-03-31": ""}}, "net-income": {"SLM Annual Net Income (Millions of US $)": {"2020": "$871", "2019": "$561", "2018": "$472", "2017": "$273", "2016": "$229", "2015": "$255", "2014": "$181", "2013": "$259", "2012": "$218", "2011": "$615", "2010": "$458", "2009": "$178", "2008": "$-324", "2007": "$-934", "2006": "$1,121", "2005": "$1,360"}, "SLM Quarterly Net Income (Millions of US $)": {"2020-12-31": "$431", "2020-09-30": "$169", "2020-06-30": "$-88", "2020-03-31": "$359", "2019-12-31": "$137", "2019-09-30": "$124", "2019-06-30": "$146", "2019-03-31": "$154", "2018-12-31": "$143", "2018-09-30": "$100", "2018-06-30": "$106", "2018-03-31": "$123", "2017-12-31": "$44", "2017-09-30": "$73", "2017-06-30": "$67", "2017-03-31": "$89", "2016-12-31": "$65", "2016-09-30": "$52", "2016-06-30": "$52", "2016-03-31": "$61", "2015-12-31": "$85", "2015-09-30": "$41", "2015-06-30": "$86", "2015-03-31": "$43", "2014-12-31": "$15", "2014-09-30": "$78", "2014-06-30": "$41", "2014-03-31": "$47", "2013-12-31": "$-208", "2013-09-30": "$49", "2013-06-30": "$76", "2013-03-31": "$341", "2012-12-31": "$-359", "2012-09-30": "$183", "2012-06-30": "$287", "2012-03-31": "$107", "2011-12-31": "$506", "2011-09-30": "$-52", "2011-06-30": "$-10", "2011-03-31": "$171", "2010-12-31": "$431", "2010-09-30": "$-514", "2010-06-30": "$319", "2010-03-31": "$221", "2009-12-31": "$258", "2009-09-30": "$116", "2009-06-30": "$-149", "2009-03-31": "$-48", "2008-12-31": "$-243", "2008-09-30": "$-186", "2008-06-30": "$238", "2008-03-31": "$-133", "2007-12-31": "$-1,645", "2007-09-30": "$-353", "2007-06-30": "$957", "2007-03-31": "$107", "2006-12-31": "$9", "2006-09-30": "$254", "2006-06-30": "$715", "2006-03-31": "$143", "2005-12-31": "$423", "2005-09-30": "$424", "2005-06-30": "$293", "2005-03-31": "$221"}}, "eps-earnings-per-share-diluted": {"SLM Annual EPS": {"2020": "$2.25", "2019": "$1.30", "2018": "$1.07", "2017": "$0.62", "2016": "$0.53", "2015": "$0.59", "2014": "$0.42", "2013": "$0.58", "2012": "$0.45", "2011": "$1.18", "2010": "$0.94", "2009": "$0.38", "2008": "$-0.69", "2007": "$-2.26", "2006": "$2.63", "2005": "$3.05"}, "SLM Quarterly EPS": {"2020-12-31": "$1.13", "2020-09-30": "$0.45", "2020-06-30": "$-0.23", "2020-03-31": "$0.87", "2019-12-31": "$0.32", "2019-09-30": "$0.29", "2019-06-30": "$0.34", "2019-03-31": "$0.35", "2018-12-31": "$0.32", "2018-09-30": "$0.23", "2018-06-30": "$0.24", "2018-03-31": "$0.28", "2017-12-31": "$0.10", "2017-09-30": "$0.17", "2017-06-30": "$0.15", "2017-03-31": "$0.20", "2016-12-31": "$0.15", "2016-09-30": "$0.12", "2016-06-30": "$0.12", "2016-03-31": "$0.14", "2015-12-31": "$0.20", "2015-09-30": "$0.09", "2015-06-30": "$0.20", "2015-03-31": "$0.10", "2014-12-31": "$0.04", "2014-09-30": "$0.18", "2014-06-30": "$0.09", "2014-03-31": "$0.11", "2013-12-31": "$-0.44", "2013-09-30": "$0.11", "2013-06-30": "$0.17", "2013-03-31": "$0.74", "2012-12-31": "$-0.74", "2012-09-30": "$0.39", "2012-06-30": "$0.59", "2012-03-31": "$0.21", "2011-12-31": "$0.98", "2011-09-30": "$-0.10", "2011-06-30": "$-0.02", "2011-03-31": "$0.32", "2010-12-31": "$0.92", "2010-09-30": "$-1.06", "2010-06-30": "$0.63", "2010-03-31": "$0.45", "2009-12-31": "$0.55", "2009-09-30": "$0.25", "2009-06-30": "$-0.32", "2009-03-31": "$-0.10", "2008-12-31": "$-0.51", "2008-09-30": "$-0.40", "2008-06-30": "$0.50", "2008-03-31": "$-0.28", "2007-12-31": "$-2.70", "2007-09-30": "$-0.85", "2007-06-30": "$1.03", "2007-03-31": "$0.26", "2006-12-31": "$0.17", "2006-09-30": "$0.60", "2006-06-30": "$1.52", "2006-03-31": "$0.34", "2005-12-31": "$0.95", "2005-09-30": "$0.95", "2005-06-30": "$0.66", "2005-03-31": "$0.49"}}, "shares-outstanding": {"SLM Annual Shares Outstanding (Millions of Shares)": {"2020": "387", "2019": "431", "2018": "440", "2017": "439", "2016": "433", "2015": "432", "2014": "432", "2013": "449", "2012": "483", "2011": "523", "2010": "488", "2009": "472", "2008": "467", "2007": "412", "2006": "451", "2005": "460"}, "SLM Quarterly Shares Outstanding (Millions of Shares)": {"2020-12-31": "381", "2020-09-30": "378", "2020-06-30": "375", "2020-03-31": "413", "2019-12-31": "431", "2019-09-30": "427", "2019-06-30": "432", "2019-03-31": "438", "2018-12-31": "440", "2018-09-30": "440", "2018-06-30": "439", "2018-03-31": "439", "2017-12-31": "439", "2017-09-30": "438", "2017-06-30": "438", "2017-03-31": "439", "2016-12-31": "433", "2016-09-30": "434", "2016-06-30": "432", "2016-03-31": "431", "2015-12-31": "432", "2015-09-30": "433", "2015-06-30": "433", "2015-03-31": "432", "2014-12-31": "432", "2014-09-30": "432", "2014-06-30": "431", "2014-03-31": "435", "2013-12-31": "449", "2013-09-30": "445", "2013-06-30": "448", "2013-03-31": "458", "2012-12-31": "483", "2012-09-30": "471", "2012-06-30": "488", "2012-03-31": "510", "2011-12-31": "523", "2011-09-30": "511", "2011-06-30": "524", "2011-03-31": "532", "2010-12-31": "488", "2010-09-30": "485", "2010-06-30": "527", "2010-03-31": "527", "2009-12-31": "472", "2009-09-30": "471", "2009-06-30": "467", "2009-03-31": "467", "2008-12-31": "467", "2008-09-30": "467", "2008-06-30": "518", "2008-03-31": "467", "2007-12-31": "412", "2007-09-30": "413", "2007-06-30": "452", "2007-03-31": "418", "2006-12-31": "451", "2006-09-30": "450", "2006-06-30": "454", "2006-03-31": "423", "2005-12-31": "460", "2005-09-30": "459", "2005-06-30": "462", "2005-03-31": "463"}}, "total-assets": {"SLM Annual Total Assets (Millions of US $)": {"2019": "$32,686", "2018": "$26,638", "2017": "$21,780", "2016": "$18,533", "2015": "$15,214", "2014": "$12,972", "2013": "$10,707", "2012": "$181,260", "2011": "$193,345", "2010": "$205,307", "2009": "$169,985", "2008": "$168,768", "2007": "$155,565", "2006": "$116,136", "2005": "$99,339"}, "SLM Quarterly Total Assets (Millions of US $)": {"2020-09-30": "$30,642", "2020-06-30": "$30,412", "2020-03-31": "$31,761", "2019-12-31": "$32,686", "2019-09-30": "$31,160", "2019-06-30": "$29,585", "2019-03-31": "$27,614", "2018-12-31": "$26,638", "2018-09-30": "$25,691", "2018-06-30": "$24,189", "2018-03-31": "$23,406", "2017-12-31": "$21,780", "2017-09-30": "$21,016", "2017-06-30": "$19,513", "2017-03-31": "$19,237", "2016-12-31": "$18,533", "2016-09-30": "$17,746", "2016-06-30": "$15,630", "2016-03-31": "$15,325", "2015-12-31": "$15,214", "2015-09-30": "$14,451", "2015-06-30": "$12,875", "2015-03-31": "$12,934", "2014-12-31": "$12,972", "2014-09-30": "$11,715", "2014-06-30": "$11,379", "2014-03-31": "$156,472", "2013-12-31": "$10,707", "2013-09-30": "$161,570", "2013-06-30": "$161,468", "2013-03-31": "$174,086", "2012-12-31": "$181,260", "2012-09-30": "$184,203", "2012-06-30": "$189,079", "2012-03-31": "$191,692", "2011-12-31": "$193,345", "2011-09-30": "$197,544", "2011-06-30": "$200,357", "2011-03-31": "$203,355", "2010-12-31": "$205,307", "2010-09-30": "$206,107", "2010-06-30": "$207,319", "2010-03-31": "$207,513", "2009-12-31": "$169,985", "2009-09-30": "$186,444", "2009-06-30": "$181,184", "2009-03-31": "$171,551", "2008-12-31": "$168,768", "2008-09-30": "$164,991", "2008-06-30": "$163,562", "2008-03-31": "$159,173", "2007-12-31": "$155,565", "2007-09-30": "$150,815", "2007-06-30": "$132,802", "2007-03-31": "$126,877", "2006-12-31": "$116,136", "2006-09-30": "$107,053", "2006-06-30": "$101,907", "2006-03-31": "$97,766", "2005-12-31": "$99,339", "2005-09-30": "$96,320", "2005-06-30": "$86,759", "2005-03-31": "$83,797"}}, "cash-on-hand": {"SLM Annual Cash on Hand (Millions of US $)": {"2019": "$5,721", "2018": "$2,682", "2017": "$1,636", "2016": "$1,973", "2015": "$2,444", "2014": "$2,365", "2013": "$2,183", "2012": "$8,911", "2011": "$8,667", "2010": "$10,598", "2009": "$11,239", "2008": "$7,605", "2007": "$12,182", "2006": "$6,045", "2005": "$5,799"}, "SLM Quarterly Cash on Hand (Millions of US $)": {"2020-09-30": "$4,528", "2020-06-30": "$5,118", "2020-03-31": "$7,494", "2019-12-31": "$5,721", "2019-09-30": "$3,994", "2019-06-30": "$4,140", "2019-03-31": "$2,310", "2018-12-31": "$2,682", "2018-09-30": "$1,955", "2018-06-30": "$2,158", "2018-03-31": "$1,556", "2017-12-31": "$1,636", "2017-09-30": "$1,314", "2017-06-30": "$1,381", "2017-03-31": "$1,172", "2016-12-31": "$1,973", "2016-09-30": "$1,493", "2016-06-30": "$1,077", "2016-03-31": "$963", "2015-12-31": "$2,444", "2015-09-30": "$1,307", "2015-06-30": "$1,279", "2015-03-31": "$876", "2014-12-31": "$2,365", "2014-09-30": "$1,570", "2014-06-30": "$1,524", "2014-03-31": "$7,536", "2013-12-31": "$2,183", "2013-09-30": "$8,616", "2013-06-30": "$7,436", "2013-03-31": "$8,513", "2012-12-31": "$8,911", "2012-09-30": "$9,414", "2012-06-30": "$9,737", "2012-03-31": "$8,927", "2011-12-31": "$8,667", "2011-09-30": "$9,370", "2011-06-30": "$10,220", "2011-03-31": "$10,265", "2010-12-31": "$10,598", "2010-09-30": "$11,713", "2010-06-30": "$12,520", "2010-03-31": "$12,956", "2009-12-31": "$11,239", "2009-09-30": "$10,948", "2009-06-30": "$11,386", "2009-03-31": "$6,919", "2008-12-31": "$7,605", "2008-09-30": "$7,793", "2008-06-30": "$8,825", "2008-03-31": "$7,993", "2007-12-31": "$12,182", "2007-09-30": "$12,794", "2007-06-30": "$6,981", "2007-03-31": "$7,398", "2006-12-31": "$6,045", "2006-09-30": "$6,347", "2006-06-30": "$6,877", "2006-03-31": "$5,351", "2005-12-31": "$5,799", "2005-09-30": "$4,266", "2005-06-30": "$3,440", "2005-03-31": "$2,960"}}, "long-term-debt": {"SLM Annual Long Term Debt (Millions of US $)": {"2019": "$4,354", "2018": "$4,284", "2017": "$3,275", "2016": "$2,168", "2015": "$579", "2014": "$", "2013": "$", "2012": "$152,401", "2011": "$154,393", "2010": "$163,543", "2009": "$130,546", "2008": "$118,225", "2007": "$111,098", "2006": "$104,559", "2005": "$88,119"}, "SLM Quarterly Long Term Debt (Millions of US $)": {"2020-09-30": "$4,948", "2020-06-30": "$4,450", "2020-03-31": "$4,708", "2019-12-31": "$4,354", "2019-09-30": "$4,602", "2019-06-30": "$4,863", "2019-03-31": "$4,476", "2018-12-31": "$4,284", "2018-09-30": "$4,532", "2018-06-30": "$4,217", "2018-03-31": "$3,744", "2017-12-31": "$3,275", "2017-09-30": "$2,739", "2017-06-30": "$2,872", "2017-03-31": "$2,837", "2016-12-31": "$2,168", "2016-09-30": "$1,578", "2016-06-30": "$1,038", "2016-03-31": "$559", "2015-12-31": "$579", "2015-09-30": "$594", "2015-06-30": "", "2015-03-31": "", "2014-12-31": "", "2014-09-30": "", "2014-06-30": "", "2014-03-31": "$136,177", "2013-12-31": "", "2013-09-30": "$136,944", "2013-06-30": "$135,879", "2013-03-31": "$147,887", "2012-12-31": "$152,401", "2012-09-30": "$154,786", "2012-06-30": "$155,476", "2012-03-31": "$155,588", "2011-12-31": "$154,393", "2011-09-30": "$156,810", "2011-06-30": "$160,765", "2011-03-31": "$161,886", "2010-12-31": "$163,543", "2010-09-30": "$153,004", "2010-06-30": "$152,251", "2010-03-31": "$157,983", "2009-12-31": "$130,546", "2009-09-30": "$124,648", "2009-06-30": "$125,880", "2009-03-31": "$116,669", "2008-12-31": "$118,225", "2008-09-30": "$118,070", "2008-06-30": "$117,921", "2008-03-31": "$112,485", "2007-12-31": "$111,098", "2007-09-30": "$108,861", "2007-06-30": "$114,366", "2007-03-31": "$114,071", "2006-12-31": "$104,559", "2006-09-30": "$94,817", "2006-06-30": "$90,507", "2006-03-31": "$87,083", "2005-12-31": "$88,119", "2005-09-30": "$84,500", "2005-06-30": "$75,017", "2005-03-31": "$72,241"}}, "total-liabilities": {"SLM Annual Total Liabilities (Millions of US $)": {"2019": "$29,375", "2018": "$23,666", "2017": "$19,305", "2016": "$16,186", "2015": "$13,118", "2014": "$11,142", "2013": "$9,541", "2012": "$176,194", "2011": "$188,094", "2010": "$200,295", "2009": "$164,707", "2008": "$163,762", "2007": "$150,342", "2006": "$111,776", "2005": "$95,547"}, "SLM Quarterly Total Liabilities (Millions of US $)": {"2020-09-30": "$28,442", "2020-06-30": "$28,395", "2020-03-31": "$29,640", "2019-12-31": "$29,375", "2019-09-30": "$27,977", "2019-06-30": "$26,488", "2019-03-31": "$24,566", "2018-12-31": "$23,666", "2018-09-30": "$22,851", "2018-06-30": "$21,460", "2018-03-31": "$20,796", "2017-12-31": "$19,305", "2017-09-30": "$18,594", "2017-06-30": "$17,176", "2017-03-31": "$16,801", "2016-12-31": "$16,186", "2016-09-30": "$15,486", "2016-06-30": "$13,433", "2016-03-31": "$13,181", "2015-12-31": "$13,118", "2015-09-30": "$12,453", "2015-06-30": "$10,913", "2015-03-31": "$11,068", "2014-12-31": "$11,142", "2014-09-30": "$9,897", "2014-06-30": "$9,641", "2014-03-31": "$150,874", "2013-12-31": "$9,541", "2013-09-30": "$155,938", "2013-06-30": "$156,034", "2013-03-31": "$168,932", "2012-12-31": "$176,194", "2012-09-30": "$179,257", "2012-06-30": "$184,141", "2012-03-31": "$186,647", "2011-12-31": "$188,094", "2011-09-30": "$192,762", "2011-06-30": "$195,345", "2011-03-31": "$198,148", "2010-12-31": "$200,295", "2010-09-30": "$201,533", "2010-06-30": "$202,232", "2010-03-31": "$202,757", "2009-12-31": "$164,707", "2009-09-30": "$181,455", "2009-06-30": "$176,332", "2009-03-31": "$166,588", "2008-12-31": "$163,762", "2008-09-30": "$159,644", "2008-06-30": "$158,027", "2008-03-31": "$153,965", "2007-12-31": "$150,342", "2007-09-30": "$145,814", "2007-06-30": "$127,454", "2007-03-31": "$122,500", "2006-12-31": "$111,776", "2006-09-30": "$102,550", "2006-06-30": "$97,547", "2006-03-31": "$94,011", "2005-12-31": "$95,547", "2005-09-30": "$92,497", "2005-06-30": "$83,107", "2005-03-31": "$80,732"}}, "total-share-holder-equity": {"SLM Annual Share Holder Equity (Millions of US $)": {"2019": "$3,312", "2018": "$2,973", "2017": "$2,474", "2016": "$2,347", "2015": "$2,096", "2014": "$1,830", "2013": "$1,166", "2012": "$5,066", "2011": "$5,251", "2010": "$5,012", "2009": "$5,279", "2008": "$5,006", "2007": "$5,224", "2006": "$4,360", "2005": "$3,791"}, "SLM Quarterly Share Holder Equity (Millions of US $)": {"2020-09-30": "$2,200", "2020-06-30": "$2,017", "2020-03-31": "$2,121", "2019-12-31": "$3,312", "2019-09-30": "$3,183", "2019-06-30": "$3,097", "2019-03-31": "$3,048", "2018-12-31": "$2,973", "2018-09-30": "$2,840", "2018-06-30": "$2,729", "2018-03-31": "$2,610", "2017-12-31": "$2,474", "2017-09-30": "$2,422", "2017-06-30": "$2,338", "2017-03-31": "$2,435", "2016-12-31": "$2,347", "2016-09-30": "$2,259", "2016-06-30": "$2,197", "2016-03-31": "$2,144", "2015-12-31": "$2,096", "2015-09-30": "$1,997", "2015-06-30": "$1,962", "2015-03-31": "$1,866", "2014-12-31": "$1,830", "2014-09-30": "$1,818", "2014-06-30": "$1,738", "2014-03-31": "$5,598", "2013-12-31": "$1,166", "2013-09-30": "$5,632", "2013-06-30": "$5,434", "2013-03-31": "$5,154", "2012-12-31": "$5,066", "2012-09-30": "$4,946", "2012-06-30": "$4,938", "2012-03-31": "$5,045", "2011-12-31": "$5,251", "2011-09-30": "$4,782", "2011-06-30": "$5,011", "2011-03-31": "$5,207", "2010-12-31": "$5,012", "2010-09-30": "$4,574", "2010-06-30": "$5,087", "2010-03-31": "$4,756", "2009-12-31": "$5,279", "2009-09-30": "$4,989", "2009-06-30": "$4,852", "2009-03-31": "$4,964", "2008-12-31": "$5,006", "2008-09-30": "$5,347", "2008-06-30": "$5,535", "2008-03-31": "$5,208", "2007-12-31": "$5,224", "2007-09-30": "$5,002", "2007-06-30": "$5,348", "2007-03-31": "$4,377", "2006-12-31": "$4,360", "2006-09-30": "$4,503", "2006-06-30": "$4,360", "2006-03-31": "$3,755", "2005-12-31": "$3,791", "2005-09-30": "$3,824", "2005-06-30": "$3,652", "2005-03-31": "$3,065"}}, "profit-margins": {"current": "37.43%"}, "gross margin": {"2020-12-31": "76.97%", "2020-09-30": "75.26%", "2020-06-30": "73.74%", "2020-03-31": "72.98%", "2019-12-31": "70.18%", "2019-09-30": "70.75%", "2019-06-30": "70.17%", "2019-03-31": "71.08%", "2018-12-31": "72.24%", "2018-09-30": "73.22%", "2018-06-30": "75.99%", "2018-03-31": "77.34%", "2017-12-31": "78.58%", "2017-09-30": "80.15%", "2017-06-30": "81.61%", "2017-03-31": "82.91%", "2016-12-31": "83.86%", "2016-09-30": "85.41%", "2016-06-30": "85.86%", "2016-03-31": "87.21%", "2015-12-31": "87.28%", "2015-09-30": "86.50%", "2015-06-30": "88.18%", "2015-03-31": "87.63%", "2014-12-31": "88.45%", "2014-09-30": "13.64%", "2014-06-30": "23.63%", "2014-03-31": "18.65%", "2013-12-31": "89.41%", "2013-09-30": "21.99%", "2013-06-30": "-67.36%", "2013-03-31": "101.19%", "2012-12-31": "89.05%", "2012-09-30": "58.67%", "2012-06-30": "57.80%", "2012-03-31": "55.38%", "2011-12-31": "57.57%", "2011-09-30": "59.86%", "2011-06-30": "60.29%", "2011-03-31": "64.82%", "2010-12-31": "66.43%", "2010-09-30": "65.30%", "2010-06-30": "65.81%", "2010-03-31": "58.46%", "2009-12-31": "50.19%", "2009-09-30": "34.19%", "2009-06-30": "24.22%", "2009-03-31": "27.91%", "2008-12-31": "23.71%", "2008-09-30": "11.89%", "2008-06-30": "10.39%", "2008-03-31": "16.79%", "2007-12-31": "22.30%", "2007-09-30": "33.88%", "2007-06-30": "39.88%", "2007-03-31": "41.15%", "2006-12-31": "41.46%", "2006-09-30": "46.57%", "2006-06-30": "49.58%", "2006-03-31": "48.74%", "2005-12-31": "53.07%"}, "operating margin": {"2020-12-31": "50.15%", "2020-09-30": "32.15%", "2020-06-30": "27.57%", "2020-03-31": "38.01%", "2019-12-31": "31.21%", "2019-09-30": "32.51%", "2019-06-30": "29.92%", "2019-03-31": "30.06%", "2018-12-31": "29.67%", "2018-09-30": "28.07%", "2018-06-30": "32.75%", "2018-03-31": "33.05%", "2017-12-31": "34.26%", "2017-09-30": "35.97%", "2017-06-30": "37.16%", "2017-03-31": "37.65%", "2016-12-31": "36.21%", "2016-09-30": "39.43%", "2016-06-30": "38.52%", "2016-03-31": "43.51%", "2015-12-31": "43.89%", "2015-09-30": "39.63%", "2015-06-30": "46.97%", "2015-03-31": "46.14%", "2014-12-31": "45.73%", "2014-09-30": "6.25%", "2014-06-30": "17.80%", "2014-03-31": "13.32%", "2013-12-31": "48.82%", "2013-09-30": "-10.26%", "2013-06-30": "-98.70%", "2013-03-31": "72.14%", "2012-12-31": "45.12%", "2012-09-30": "27.76%", "2012-06-30": "22.16%", "2012-03-31": "15.16%", "2011-12-31": "16.56%", "2011-09-30": "16.20%", "2011-06-30": "7.37%", "2011-03-31": "15.43%", "2010-12-31": "17.36%", "2010-09-30": "16.69%", "2010-06-30": "29.03%", "2010-03-31": "20.05%", "2009-12-31": "13.43%", "2009-09-30": "2.15%", "2009-06-30": "-5.85%", "2009-03-31": "3.47%", "2008-12-31": "1.12%", "2008-09-30": "-22.72%", "2008-06-30": "-21.57%", "2008-03-31": "-12.09%", "2007-12-31": "-5.14%", "2007-09-30": "13.78%", "2007-06-30": "20.82%", "2007-03-31": "22.56%", "2006-12-31": "22.80%", "2006-09-30": "28.80%", "2006-06-30": "32.08%", "2006-03-31": "28.50%", "2005-12-31": "32.48%"}, "ebitda margin": {"2020-09-30": "0.00%", "2020-06-30": "0.00%", "2020-03-31": "0.00%", "2019-12-31": "0.00%", "2019-09-30": "0.00%", "2019-06-30": "0.00%", "2019-03-31": "0.00%", "2018-12-31": "0.00%", "2018-09-30": "0.00%", "2018-06-30": "0.00%", "2018-03-31": "0.00%", "2017-12-31": "0.00%", "2017-09-30": "0.00%", "2017-06-30": "0.00%", "2017-03-31": "0.00%", "2016-12-31": "0.00%", "2016-09-30": "0.00%", "2016-06-30": "0.00%", "2016-03-31": "0.00%", "2015-12-31": "0.00%", "2015-09-30": "0.00%", "2015-06-30": "0.00%", "2015-03-31": "0.00%", "2014-12-31": "0.00%", "2014-09-30": "0.00%", "2014-06-30": "0.00%", "2014-03-31": "0.00%", "2013-12-31": "0.00%", "2013-09-30": "0.00%", "2013-06-30": "0.00%", "2013-03-31": "0.00%", "2012-12-31": "0.00%", "2012-09-30": "0.00%", "2012-06-30": "0.00%", "2012-03-31": "0.00%", "2011-12-31": "0.00%", "2011-09-30": "0.00%", "2011-06-30": "0.00%", "2011-03-31": "0.00%", "2010-12-31": "0.00%", "2010-09-30": "0.00%", "2010-06-30": "0.00%", "2010-03-31": "0.00%", "2009-12-31": "0.00%", "2009-09-30": "0.00%", "2009-06-30": "0.00%", "2009-03-31": "0.00%", "2008-12-31": "0.00%", "2008-09-30": "0.00%", "2008-06-30": "0.00%", "2008-03-31": "0.00%", "2007-12-31": "0.00%", "2007-09-30": "0.00%", "2007-06-30": "0.00%", "2007-03-31": "0.00%", "2006-12-31": "0.00%", "2006-09-30": "0.00%", "2006-06-30": "0.00%", "2006-03-31": "0.00%", "2005-12-31": "0.00%"}, "pre tax profit margin": {"2020-12-31": "49.04%", "2020-09-30": "31.17%", "2020-06-30": "27.57%", "2020-03-31": "38.01%", "2019-12-31": "31.21%", "2019-09-30": "32.51%", "2019-06-30": "29.92%", "2019-03-31": "30.06%", "2018-12-31": "29.67%", "2018-09-30": "28.07%", "2018-06-30": "32.75%", "2018-03-31": "33.05%", "2017-12-31": "34.26%", "2017-09-30": "35.97%", "2017-06-30": "37.16%", "2017-03-31": "37.65%", "2016-12-31": "36.21%", "2016-09-30": "39.52%", "2016-06-30": "38.52%", "2016-03-31": "43.42%", "2015-12-31": "43.29%", "2015-09-30": "37.10%", "2015-06-30": "43.10%", "2015-03-31": "40.07%", "2014-12-31": "40.19%", "2014-09-30": "9.85%", "2014-06-30": "18.47%", "2014-03-31": "11.37%", "2013-12-31": "48.94%", "2013-09-30": "-10.26%", "2013-06-30": "-98.19%", "2013-03-31": "71.64%", "2012-12-31": "45.12%", "2012-09-30": "27.52%", "2012-06-30": "21.92%", "2012-03-31": "14.92%", "2011-12-31": "16.35%", "2011-09-30": "15.50%", "2011-06-30": "6.55%", "2011-03-31": "14.45%", "2010-12-31": "16.09%", "2010-09-30": "15.86%", "2010-06-30": "28.33%", "2010-03-31": "19.53%", "2009-12-31": "13.27%", "2009-09-30": "1.28%", "2009-06-30": "-6.82%", "2009-03-31": "2.06%", "2008-12-31": "-0.44%", "2008-09-30": "-24.11%", "2008-06-30": "-22.73%", "2008-03-31": "-12.59%", "2007-12-31": "-5.39%", "2007-09-30": "13.78%", "2007-06-30": "20.82%", "2007-03-31": "22.56%", "2006-12-31": "22.80%", "2006-09-30": "28.80%", "2006-06-30": "32.08%", "2006-03-31": "28.50%", "2005-12-31": "32.48%"}, "net profit margin": {"2020-12-31": "37.02%", "2020-09-30": "23.36%", "2020-06-30": "20.57%", "2020-03-31": "28.74%", "2019-12-31": "23.56%", "2019-09-30": "24.28%", "2019-06-30": "25.39%", "2019-03-31": "24.95%", "2018-12-31": "25.05%", "2018-09-30": "21.81%", "2018-06-30": "20.72%", "2018-03-31": "19.82%", "2017-12-31": "19.05%", "2017-09-30": "21.54%", "2017-06-30": "21.18%", "2017-03-31": "21.30%", "2016-12-31": "20.07%", "2016-09-30": "22.10%", "2016-06-30": "22.68%", "2016-03-31": "25.49%", "2015-12-31": "25.15%", "2015-09-30": "20.31%", "2015-06-30": "23.22%", "2015-03-31": "21.05%", "2014-12-31": "21.78%", "2014-09-30": "7.95%", "2014-06-30": "11.81%", "2014-03-31": "6.39%", "2013-12-31": "30.35%", "2013-09-30": "-6.57%", "2013-06-30": "-62.44%", "2013-03-31": "44.98%", "2012-12-31": "28.76%", "2012-09-30": "17.28%", "2012-06-30": "14.11%", "2012-03-31": "9.94%", "2011-12-31": "10.87%", "2011-09-30": "9.38%", "2011-06-30": "1.31%", "2011-03-31": "6.13%", "2010-12-31": "6.74%", "2010-09-30": "4.37%", "2010-06-30": "13.65%", "2010-03-31": "7.29%", "2009-12-31": "2.91%", "2009-09-30": "-5.27%", "2009-06-30": "-9.95%", "2009-03-31": "-3.24%", "2008-12-31": "-4.18%", "2008-09-30": "-23.94%", "2008-06-30": "-24.80%", "2008-03-31": "-13.62%", "2007-12-31": "-10.24%", "2007-09-30": "7.24%", "2007-06-30": "13.18%", "2007-03-31": "11.48%", "2006-12-31": "12.81%", "2006-09-30": "17.59%", "2006-06-30": "20.82%", "2006-03-31": "18.33%", "2005-12-31": "20.88%"}, "pe ratio": {"current": "7.00", "2021-02-05": "14.07", "2020-12-31": "11.37", "2020-09-30": "5.72", "2020-06-30": "5.59", "2020-03-31": "3.91", "2019-12-31": "6.76", "2019-09-30": "6.63", "2019-06-30": "7.62", "2019-03-31": "8.42", "2018-12-31": "7.50", "2018-09-30": "12.78", "2018-06-30": "14.12", "2018-03-31": "15.61", "2017-12-31": "17.76", "2017-09-30": "16.68", "2017-06-30": "18.08", "2017-03-31": "19.99", "2016-12-31": "20.26", "2016-09-30": "12.55", "2016-06-30": "10.95", "2016-03-31": "9.84", "2015-12-31": "10.77", "2015-09-30": "17.17", "2015-06-30": "18.86", "2015-03-31": "22.61", "2014-12-31": "10.56", "2014-09-30": "5.52", "2014-06-30": "4.26", "2014-03-31": "2.83", "2013-12-31": "2.93", "2013-09-30": "2.64", "2013-06-30": "2.55", "2013-03-31": "2.83", "2012-12-31": "2.99", "2012-09-30": "2.41", "2012-06-30": "3.09", "2012-03-31": "4.80", "2011-12-31": "3.68", "2011-09-30": "3.88", "2011-06-30": "67.60", "2011-03-31": "6.70", "2010-12-31": "4.68", "2010-09-30": "6.84", "2010-06-30": "1.80", "2010-03-31": "4.45", "2009-12-31": "10.30", "2009-09-30": "0.00", "2009-06-30": "0.00", "2009-03-31": "0.00", "2008-12-31": "0.00", "2008-09-30": "0.00", "2008-06-30": "0.00", "2008-03-31": "0.00", "2007-12-31": "0.00", "2007-09-30": "34.53", "2007-06-30": "9.64", "2007-03-31": "5.25", "2006-12-31": "6.03"}, "price sales": {"2021-02-05": "2.54", "2020-12-31": "2.05", "2020-09-30": "1.31", "2020-06-30": "1.11", "2020-03-31": "1.13", "2019-12-31": "1.60", "2019-09-30": "1.61", "2019-06-30": "1.95", "2019-03-31": "2.11", "2018-12-31": "1.89", "2018-09-30": "2.79", "2018-06-30": "2.93", "2018-03-31": "3.09", "2017-12-31": "3.37", "2017-09-30": "3.58", "2017-06-30": "3.79", "2017-03-31": "4.23", "2016-12-31": "4.05", "2016-09-30": "2.78", "2016-06-30": "2.47", "2016-03-31": "2.50", "2015-12-31": "2.71", "2015-09-30": "3.43", "2015-06-30": "4.35", "2015-03-31": "4.64", "2014-12-31": "5.16", "2014-09-30": "0.00", "2014-06-30": "0.00", "2014-03-31": "0.00", "2013-12-31": "4.99", "2013-09-30": "0.00", "2013-06-30": "0.00", "2013-03-31": "3.03", "2012-12-31": "3.96", "2012-09-30": "0.42", "2012-06-30": "0.44", "2012-03-31": "0.48", "2011-12-31": "0.40", "2011-09-30": "0.36", "2011-06-30": "0.46", "2011-03-31": "0.37", "2010-12-31": "0.30", "2010-09-30": "0.29", "2010-06-30": "0.25", "2010-03-31": "0.32", "2009-12-31": "0.28", "2009-09-30": "0.21", "2009-06-30": "0.24", "2009-03-31": "0.10", "2008-12-31": "0.18", "2008-09-30": "0.26", "2008-06-30": "0.37", "2008-03-31": "0.25", "2007-12-31": "0.30", "2007-09-30": "0.69", "2007-06-30": "0.81", "2007-03-31": "0.61", "2006-12-31": "0.79"}, "price book": {"current": "2.49", "2021-02-05": "2.62", "2020-09-30": "1.38", "2020-06-30": "1.30", "2020-03-31": "1.26", "2019-12-31": "1.12", "2019-09-30": "1.15", "2019-06-30": "1.31", "2019-03-31": "1.37", "2018-12-31": "1.19", "2018-09-30": "1.67", "2018-06-30": "1.78", "2018-03-31": "1.82", "2017-12-31": "1.92", "2017-09-30": "1.99", "2017-06-30": "2.07", "2017-03-31": "2.09", "2016-12-31": "1.96", "2016-09-30": "1.38", "2016-06-30": "1.17", "2016-03-31": "1.24", "2015-12-31": "1.29", "2015-09-30": "1.54", "2015-06-30": "2.09", "2015-03-31": "2.06", "2014-12-31": "2.30", "2014-09-30": "1.94", "2014-06-30": "1.97", "2014-03-31": "0.64", "2013-12-31": "0.00", "2013-09-30": "0.66", "2013-06-30": "0.63", "2013-03-31": "0.60", "2012-12-31": "0.52", "2012-09-30": "0.49", "2012-06-30": "0.50", "2012-03-31": "0.51", "2011-12-31": "0.42", "2011-09-30": "0.43", "2011-06-30": "0.56", "2011-03-31": "0.50", "2010-12-31": "0.42", "2010-09-30": "0.39", "2010-06-30": "0.32", "2010-03-31": "0.41", "2009-12-31": "0.33", "2009-09-30": "0.27", "2009-06-30": "0.32", "2009-03-31": "0.15", "2008-12-31": "0.27", "2008-09-30": "0.34", "2008-06-30": "0.52", "2008-03-31": "0.44", "2007-12-31": "0.58", "2007-09-30": "1.32", "2007-06-30": "1.42", "2007-03-31": "1.23", "2006-12-31": "1.46", "2006-09-30": "1.49", "2006-06-30": "1.57", "2006-03-31": "1.79"}, "price fcf": {"2021-02-05": "", "2020-09-30": "$-0.41", "2020-06-30": "$-0.06", "2020-03-31": "$0.28", "2019-12-31": "$-0.04", "2019-09-30": "$-0.20", "2019-06-30": "$-0.20", "2019-03-31": "$-0.16", "2018-12-31": "$-0.23", "2018-09-30": "$-0.31", "2018-06-30": "$-0.32", "2018-03-31": "$-0.40", "2017-12-31": "$-0.39", "2017-09-30": "$-0.42", "2017-06-30": "$-0.46", "2017-03-31": "$-0.37", "2016-12-31": "$-0.46", "2016-09-30": "$-0.23", "2016-06-30": "$-0.26", "2016-03-31": "$-0.27", "2015-12-31": "$-0.20", "2015-09-30": "$-0.76", "2015-06-30": "$-0.67", "2015-03-31": "$-0.78", "2014-12-31": "$-1.01", "2014-09-30": "$-0.41", "2014-06-30": "$-0.25", "2014-03-31": "$-1.27", "2013-12-31": "$0.16", "2013-09-30": "$-3.90", "2013-06-30": "$-2.26", "2013-03-31": "$0.20", "2012-12-31": "$0.21", "2012-09-30": "$5.96", "2012-06-30": "$5.61", "2012-03-31": "$5.62", "2011-12-31": "$5.89", "2011-09-30": "$8.19", "2011-06-30": "$5.14", "2011-03-31": "$-1.75", "2010-12-31": "$-13.71", "2010-09-30": "$-22.01", "2010-06-30": "$-30.94", "2010-03-31": "$-32.54", "2009-12-31": "$-33.72", "2009-09-30": "$-35.50", "2009-06-30": "$-31.95", "2009-03-31": "$-24.39", "2008-12-31": "$-12.20", "2008-09-30": "$-7.82", "2008-06-30": "$1.30", "2008-03-31": "$-0.09", "2007-12-31": "$-0.12", "2007-09-30": "$1.59", "2007-06-30": "$1.98", "2007-03-31": "$2.75", "2006-12-31": "$1.79"}, "net worth": {"value": "$5.76B"}, "current ratio": {"2020-12-31": "1.26", "2020-09-30": "1.22", "2020-06-30": "1.19", "2020-03-31": "1.26", "2019-12-31": "1.30", "2019-09-30": "1.33", "2019-06-30": "1.37", "2019-03-31": "1.38", "2018-12-31": "1.38", "2018-09-30": "1.41", "2018-06-30": "1.42", "2018-03-31": "1.39", "2017-12-31": "1.38", "2017-09-30": "1.34", "2017-06-30": "1.39", "2017-03-31": "1.41", "2016-12-31": "1.35", "2016-09-30": "1.30", "2016-06-30": "1.28", "2016-03-31": "1.24", "2015-12-31": "1.24", "2015-09-30": "1.24", "2015-06-30": "0.20", "2015-03-31": "0.16", "2014-12-31": "1.19", "2014-09-30": "1.24", "2014-06-30": "1.24", "2014-03-31": "12.76", "2013-12-31": "0.28", "2013-09-30": "9.81", "2013-06-30": "9.24", "2013-03-31": "9.57", "2012-12-31": "8.64", "2012-09-30": "8.52", "2012-06-30": "7.31", "2012-03-31": "6.70", "2011-12-31": "6.19", "2011-09-30": "5.87", "2011-06-30": "6.13", "2011-03-31": "5.94", "2010-12-31": "5.80", "2010-09-30": "4.27", "2010-06-30": "4.22", "2010-03-31": "4.75", "2009-12-31": "5.08", "2009-09-30": "3.19", "2009-06-30": "3.51", "2009-03-31": "3.41", "2008-12-31": "3.70", "2008-09-30": "3.92", "2008-06-30": "3.87", "2008-03-31": "3.68", "2007-12-31": "3.91", "2007-09-30": "4.03", "2007-06-30": "12.17", "2007-03-31": "25.59", "2006-12-31": "30.22", "2006-09-30": "26.06", "2006-06-30": "23.73", "2006-03-31": "26.20", "2005-12-31": "24.14", "2005-09-30": "18.70", "2005-06-30": "16.50", "2005-03-31": "13.41"}, "quick ratio": {"2020-12-31": "0.00", "2020-09-30": "0.00", "2020-06-30": "0.00", "2020-03-31": "0.00", "2019-12-31": "0.00", "2019-09-30": "0.00", "2019-06-30": "0.00", "2019-03-31": "0.00", "2018-12-31": "0.00", "2018-09-30": "0.00", "2018-06-30": "0.00", "2018-03-31": "0.00", "2017-12-31": "0.00", "2017-09-30": "0.00", "2017-06-30": "0.00", "2017-03-31": "0.00", "2016-12-31": "0.00", "2016-09-30": "0.00", "2016-06-30": "0.00", "2016-03-31": "0.00", "2015-12-31": "0.00", "2015-09-30": "0.00", "2015-06-30": "0.00", "2015-03-31": "0.00", "2014-12-31": "0.00", "2014-09-30": "0.00", "2014-06-30": "0.00", "2014-03-31": "0.00", "2013-12-31": "0.00", "2013-09-30": "0.00", "2013-06-30": "0.00", "2013-03-31": "0.00", "2012-12-31": "0.00", "2012-09-30": "0.00", "2012-06-30": "0.00", "2012-03-31": "0.00", "2011-12-31": "0.00", "2011-09-30": "0.00", "2011-06-30": "0.00", "2011-03-31": "0.00", "2010-12-31": "0.00", "2010-09-30": "0.00", "2010-06-30": "0.00", "2010-03-31": "0.00", "2009-12-31": "0.00", "2009-09-30": "0.00", "2009-06-30": "0.00", "2009-03-31": "0.00", "2008-12-31": "0.00", "2008-09-30": "0.00", "2008-06-30": "0.00", "2008-03-31": "0.00", "2007-12-31": "0.00", "2007-09-30": "0.00", "2007-06-30": "0.00", "2007-03-31": "0.00", "2006-12-31": "0.00", "2006-09-30": "0.00", "2006-06-30": "0.00", "2006-03-31": "0.00", "2005-12-31": "0.00", "2005-09-30": "0.00", "2005-06-30": "0.00", "2005-03-31": "0.00"}, "debt equity ratio": {"current": "2.24", "2020-12-31": "11.01", "2020-09-30": "12.93", "2020-06-30": "14.08", "2020-03-31": "13.98", "2019-12-31": "8.87", "2019-09-30": "8.79", "2019-06-30": "8.55", "2019-03-31": "8.06", "2018-12-31": "7.96", "2018-09-30": "8.05", "2018-06-30": "7.87", "2018-03-31": "7.97", "2017-12-31": "7.80", "2017-09-30": "7.68", "2017-06-30": "7.35", "2017-03-31": "6.90", "2016-12-31": "6.90", "2016-09-30": "6.85", "2016-06-30": "6.12", "2016-03-31": "6.15", "2015-12-31": "6.26", "2015-09-30": "6.24", "2015-06-30": "5.56", "2015-03-31": "5.93", "2014-12-31": "6.09", "2014-09-30": "5.44", "2014-06-30": "5.55", "2014-03-31": "26.95", "2013-12-31": "8.18", "2013-09-30": "27.69", "2013-06-30": "28.71", "2013-03-31": "32.78", "2012-12-31": "34.78", "2012-09-30": "36.24", "2012-06-30": "37.29", "2012-03-31": "37.00", "2011-12-31": "35.82", "2011-09-30": "40.31", "2011-06-30": "38.98", "2011-03-31": "38.05", "2010-12-31": "39.96", "2010-09-30": "44.06", "2010-06-30": "39.76", "2010-03-31": "42.64", "2009-12-31": "31.20", "2009-09-30": "36.37", "2009-06-30": "36.35", "2009-03-31": "33.56", "2008-12-31": "32.71", "2008-09-30": "29.86", "2008-06-30": "28.55", "2008-03-31": "29.56", "2007-12-31": "28.78", "2007-09-30": "29.15", "2007-06-30": "23.83", "2007-03-31": "27.99", "2006-12-31": "25.64", "2006-09-30": "22.77", "2006-06-30": "22.37", "2006-03-31": "25.04", "2005-12-31": "25.20", "2005-09-30": "24.19", "2005-06-30": "22.76", "2005-03-31": "26.34"}, "return on equity": {"2020-12-31": "39.14%", "2020-09-30": "23.92%", "2020-06-30": "20.01%", "2020-03-31": "26.16%", "2019-12-31": "17.75%", "2019-09-30": "18.44%", "2019-06-30": "18.16%", "2019-03-31": "17.36%", "2018-12-31": "16.93%", "2018-09-30": "14.01%", "2018-06-30": "13.52%", "2018-03-31": "12.47%", "2017-12-31": "11.29%", "2017-09-30": "12.32%", "2017-06-30": "11.64%", "2017-03-31": "11.17%", "2016-12-31": "10.28%", "2016-09-30": "11.50%", "2016-06-30": "11.34%", "2016-03-31": "13.32%", "2015-12-31": "12.88%", "2015-09-30": "9.67%", "2015-06-30": "11.88%", "2015-03-31": "9.76%", "2014-12-31": "6.59%", "2014-09-30": "-1.63%", "2014-06-30": "-2.01%", "2014-03-31": "-0.81%", "2013-12-31": "5.94%", "2013-09-30": "2.01%", "2013-06-30": "4.68%", "2013-03-31": "8.99%", "2012-12-31": "4.36%", "2012-09-30": "21.47%", "2012-06-30": "16.95%", "2012-03-31": "10.97%", "2011-12-31": "12.15%", "2011-09-30": "10.79%", "2011-06-30": "1.58%", "2011-03-31": "8.19%", "2010-12-31": "9.41%", "2010-09-30": "5.77%", "2010-06-30": "18.18%", "2010-03-31": "8.98%", "2009-12-31": "3.53%", "2009-09-30": "-6.54%", "2009-06-30": "-12.42%", "2009-03-31": "-4.58%", "2008-12-31": "-6.14%", "2008-09-30": "-32.39%", "2008-06-30": "-36.11%", "2008-03-31": "-22.60%", "2007-12-31": "-18.73%", "2007-09-30": "15.09%", "2007-06-30": "28.56%", "2007-03-31": "24.66%", "2006-12-31": "26.41%", "2006-09-30": "37.42%", "2006-06-30": "43.36%", "2006-03-31": "34.16%", "2005-12-31": "37.98%"}, "return on assets": {"2020-12-31": "2.82%", "2020-09-30": "1.84%", "2020-06-30": "1.69%", "2020-03-31": "2.45%", "2019-12-31": "1.85%", "2019-09-30": "1.97%", "2019-06-30": "1.98%", "2019-03-31": "1.93%", "2018-12-31": "1.89%", "2018-09-30": "1.57%", "2018-06-30": "1.53%", "2018-03-31": "1.43%", "2017-12-31": "1.34%", "2017-09-30": "1.50%", "2017-06-30": "1.46%", "2017-03-31": "1.45%", "2016-12-31": "1.37%", "2016-09-30": "1.56%", "2016-06-30": "1.58%", "2016-03-31": "1.89%", "2015-12-31": "1.84%", "2015-09-30": "1.39%", "2015-06-30": "1.76%", "2015-03-31": "1.44%", "2014-12-31": "0.38%", "2014-09-30": "-0.09%", "2014-06-30": "-0.08%", "2014-03-31": "-0.03%", "2013-12-31": "0.20%", "2013-09-30": "0.06%", "2013-06-30": "0.14%", "2013-03-31": "0.25%", "2012-12-31": "0.12%", "2012-09-30": "0.57%", "2012-06-30": "0.44%", "2012-03-31": "0.28%", "2011-12-31": "0.31%", "2011-09-30": "0.27%", "2011-06-30": "0.04%", "2011-03-31": "0.20%", "2010-12-31": "0.22%", "2010-09-30": "0.14%", "2010-06-30": "0.47%", "2010-03-31": "0.24%", "2009-12-31": "0.10%", "2009-09-30": "-0.18%", "2009-06-30": "-0.36%", "2009-03-31": "-0.14%", "2008-12-31": "-0.20%", "2008-09-30": "-1.07%", "2008-06-30": "-1.20%", "2008-03-31": "-0.78%", "2007-12-31": "-0.66%", "2007-09-30": "0.55%", "2007-06-30": "1.10%", "2007-03-31": "0.96%", "2006-12-31": "1.06%", "2006-09-30": "1.51%", "2006-06-30": "1.73%", "2006-03-31": "1.35%", "2005-12-31": "1.49%"}, "return on investments": {"2020-12-31": "16.74%", "2020-09-30": "11.30%", "2020-06-30": "9.92%", "2020-03-31": "13.40%", "2019-12-31": "9.61%", "2019-09-30": "9.95%", "2019-06-30": "8.50%", "2019-03-31": "8.33%", "2018-12-31": "8.01%", "2018-09-30": "7.27%", "2018-06-30": "9.04%", "2018-03-31": "9.11%", "2017-12-31": "9.18%", "2017-09-30": "9.74%", "2017-06-30": "10.17%", "2017-03-31": "10.82%", "2016-12-31": "11.62%", "2016-09-30": "14.33%", "2016-06-30": "14.50%", "2016-03-31": "23.39%", "2015-12-31": "33.80%", "2015-09-30": "55.73%", "2015-06-30": "inf%", "2015-03-31": "inf%", "2014-12-31": "1.07%", "2014-09-30": "-0.09%", "2014-06-30": "-0.15%", "2014-03-31": "-0.07%", "2013-12-31": "0.38%", "2013-09-30": "0.11%", "2013-06-30": "0.25%", "2013-03-31": "0.46%", "2012-12-31": "0.21%", "2012-09-30": "1.09%", "2012-06-30": "0.83%", "2012-03-31": "0.52%", "2011-12-31": "0.57%", "2011-09-30": "0.56%", "2011-06-30": "0.27%", "2011-03-31": "0.63%", "2010-12-31": "0.73%", "2010-09-30": "0.71%", "2010-06-30": "1.33%", "2010-03-31": "0.88%", "2009-12-31": "0.63%", "2009-09-30": "0.10%", "2009-06-30": "-0.29%", "2009-03-31": "0.21%", "2008-12-31": "0.07%", "2008-09-30": "-1.36%", "2008-06-30": "-1.40%", "2008-03-31": "-0.89%", "2007-12-31": "-0.40%", "2007-09-30": "1.19%", "2007-06-30": "1.88%", "2007-03-31": "2.02%", "2006-12-31": "2.03%", "2006-09-30": "2.67%", "2006-06-30": "2.87%", "2006-03-31": "2.28%", "2005-12-31": "2.53%"}, "return on tangible equity": {"2020-09-30": "23.92%", "2020-06-30": "20.01%", "2020-03-31": "26.16%", "2019-12-31": "17.75%", "2019-09-30": "18.44%", "2019-06-30": "18.16%", "2019-03-31": "17.36%", "2018-12-31": "16.93%", "2018-09-30": "14.01%", "2018-06-30": "13.52%", "2018-03-31": "12.47%", "2017-12-31": "11.29%", "2017-09-30": "12.32%", "2017-06-30": "11.64%", "2017-03-31": "11.17%", "2016-12-31": "10.29%", "2016-09-30": "11.50%", "2016-06-30": "11.34%", "2016-03-31": "13.33%", "2015-12-31": "12.89%", "2015-09-30": "9.68%", "2015-06-30": "11.90%", "2015-03-31": "9.78%", "2014-12-31": "6.86%", "2014-09-30": "-1.70%", "2014-06-30": "-2.14%", "2014-03-31": "-0.87%", "2013-12-31": "6.43%", "2013-09-30": "2.19%", "2013-06-30": "5.13%", "2013-03-31": "9.89%", "2012-12-31": "4.81%", "2012-09-30": "23.67%", "2012-06-30": "18.72%", "2012-03-31": "12.13%", "2011-12-31": "13.42%", "2011-09-30": "11.94%", "2011-06-30": "1.74%", "2011-03-31": "9.42%", "2010-12-31": "11.33%", "2010-09-30": "7.23%", "2010-06-30": "23.77%", "2010-03-31": "11.84%", "2009-12-31": "4.66%", "2009-09-30": "-8.72%", "2009-06-30": "-16.49%", "2009-03-31": "-6.05%", "2008-12-31": "-8.12%", "2008-09-30": "-42.80%", "2008-06-30": "-48.26%", "2008-03-31": "-27.94%", "2007-12-31": "-23.45%", "2007-09-30": "19.20%", "2007-06-30": "36.56%", "2007-03-31": "34.86%", "2006-12-31": "37.05%", "2006-09-30": "52.04%", "2006-06-30": "59.88%", "2006-03-31": "47.70%", "2005-12-31": "53.67%"}, "dividend yield history": {"last payout": "$0.12", "last yield": "0.78%"}}