{"ticker": "SRPT", "price": {"title": "Sarepta Therapeutics Historical Annual Stock Price Data", "value": 95.79, "historical": {"2021": {"Average Stock Price": "104.3067", "Year Open": "165.2900", "Year High": "168.9500", "Year Low": "82.2900", "Year Close": "95.7900", "Annual % Change": "-43.81%"}, "2020": {"Average Stock Price": "137.8229", "Year Open": "129.0900", "Year High": "178.7400", "Year Low": "82.3800", "Year Close": "170.4900", "Annual % Change": "32.12%"}, "2019": {"Average Stock Price": "117.1305", "Year Open": "107.5000", "Year High": "156.9100", "Year Low": "72.8100", "Year Close": "129.0400", "Annual % Change": "18.24%"}, "2018": {"Average Stock Price": "105.9535", "Year Open": "58.2500", "Year High": "161.5100", "Year Low": "54.0200", "Year Close": "109.1300", "Annual % Change": "96.14%"}, "2017": {"Average Stock Price": "39.1454", "Year Open": "27.9200", "Year High": "56.7500", "Year Low": "27.6700", "Year Close": "55.6400", "Annual % Change": "102.84%"}, "2016": {"Average Stock Price": "26.6381", "Year Open": "38.0700", "Year High": "62.3500", "Year Low": "10.7400", "Year Close": "27.4300", "Annual % Change": "-28.90%"}, "2015": {"Average Stock Price": "25.1902", "Year Open": "14.9400", "Year High": "41.7900", "Year Low": "11.6100", "Year Close": "38.5800", "Annual % Change": "166.62%"}, "2014": {"Average Stock Price": "24.1064", "Year Open": "20.5800", "Year High": "38.9100", "Year Low": "12.6000", "Year Close": "14.4700", "Annual % Change": "-28.96%"}, "2013": {"Average Stock Price": "33.2875", "Year Open": "26.2400", "Year High": "53.8100", "Year Low": "12.8900", "Year Close": "20.3700", "Annual % Change": "-21.05%"}, "2012": {"Average Stock Price": "11.8636", "Year Open": "4.4391", "Year High": "44.9300", "Year Low": "3.4600", "Year Close": "25.8000", "Annual % Change": "477.30%"}, "2011": {"Average Stock Price": "8.6925", "Year Open": "13.0174", "Year High": "15.4769", "Year Low": "3.2394", "Year Close": "4.4691", "Annual % Change": "-64.86%"}, "2010": {"Average Stock Price": "10.0136", "Year Open": "9.4781", "Year High": "13.0774", "Year Low": "6.8986", "Year Close": "12.7175", "Annual % Change": "45.21%"}, "2009": {"Average Stock Price": "8.0019", "Year Open": "4.0792", "Year High": "14.8170", "Year Low": "3.2999", "Year Close": "8.7582", "Annual % Change": "121.88%"}, "2008": {"Average Stock Price": "7.1241", "Year Open": "8.5183", "Year High": "11.2777", "Year Low": "2.8794", "Year Close": "3.9472", "Annual % Change": "-53.33%"}, "2007": {"Average Stock Price": "16.1664", "Year Open": "18.5363", "Year High": "19.1962", "Year Low": "7.8584", "Year Close": "8.4583", "Annual % Change": "-55.66%"}, "2006": {"Average Stock Price": "28.7640", "Year Open": "20.3359", "Year High": "51.8896", "Year Low": "15.4769", "Year Close": "19.0762", "Annual % Change": "-7.83%"}, "2005": {"Average Stock Price": "15.9863", "Year Open": "13.4973", "Year High": "24.8356", "Year Low": "11.9976", "Year Close": "20.6959", "Annual % Change": "46.81%"}, "2004": {"Average Stock Price": "16.0161", "Year Open": "24.4751", "Year High": "28.4943", "Year Low": "9.5381", "Year Close": "14.0972", "Annual % Change": "-42.26%"}, "2003": {"Average Stock Price": "29.1049", "Year Open": "29.2142", "Year High": "42.2915", "Year Low": "12.2376", "Year Close": "24.4151", "Annual % Change": "-18.60%"}, "2002": {"Average Stock Price": "37.5241", "Year Open": "66.2268", "Year High": "77.8044", "Year Low": "16.1908", "Year Close": "29.9940", "Annual % Change": "-54.21%"}, "2001": {"Average Stock Price": "44.1330", "Year Open": "25.8728", "Year High": "67.1266", "Year Low": "17.9964", "Year Close": "65.5069", "Annual % Change": "129.89%"}, "2000": {"Average Stock Price": "61.9206", "Year Open": "34.4931", "Year High": "157.1086", "Year Low": "24.3731", "Year Close": "28.4943", "Annual % Change": "-12.65%"}, "1999": {"Average Stock Price": "23.7910", "Year Open": "24.3731", "Year High": "43.4913", "Year Low": "15.3749", "Year Close": "32.6215", "Annual % Change": "35.95%"}, "1998": {"Average Stock Price": "32.6416", "Year Open": "40.8698", "Year High": "45.9268", "Year Low": "16.4967", "Year Close": "23.9952", "Annual % Change": "-41.82%"}}}, "market cap": {"value": "$7.56B"}, "income statement": {"Revenue": {"2019-12-31": "380.83300", "2018-12-31": "301.03400", "2017-12-31": "154.58400", "2016-12-31": "5.42100", "2015-12-31": "1.25300", "2014-12-31": "9.75700", "2013-12-31": "14.21900", "2012-12-31": "37.32900", "2011-12-31": "46.99000", "2010-12-31": "29.42000", "2009-12-31": "17.58500", "2008-12-31": "21.25800", "2007-12-31": "10.98500", "2006-12-31": "0.11530", "2005-12-31": "4.78380"}, "Cost Of Goods Sold": {"2019-12-31": "56.58600", "2018-12-31": "34.19300", "2017-12-31": "7.35300", "2016-12-31": "0.10100", "2015-12-31": "", "2014-12-31": "", "2013-12-31": "", "2012-12-31": "", "2011-12-31": "", "2010-12-31": "", "2009-12-31": "", "2008-12-31": "", "2007-12-31": "", "2006-12-31": "", "2005-12-31": ""}, "Gross Profit": {"2019-12-31": "324.24700", "2018-12-31": "266.84100", "2017-12-31": "147.23100", "2016-12-31": "5.32000", "2015-12-31": "1.25300", "2014-12-31": "9.75700", "2013-12-31": "14.21900", "2012-12-31": "37.32900", "2011-12-31": "46.99000", "2010-12-31": "29.42000", "2009-12-31": "17.58500", "2008-12-31": "21.25800", "2007-12-31": "10.98500", "2006-12-31": "0.11530", "2005-12-31": "4.78380"}, "Research And Development Expenses": {"2019-12-31": "560.90900", "2018-12-31": "401.84300", "2017-12-31": "166.70700", "2016-12-31": "188.27200", "2015-12-31": "146.39400", "2014-12-31": "94.23100", "2013-12-31": "72.90900", "2012-12-31": "52.40200", "2011-12-31": "66.86200", "2010-12-31": "35.97200", "2009-12-31": "24.39600", "2008-12-31": "27.33100", "2007-12-31": "31.05800", "2006-12-31": "25.34560", "2005-12-31": "17.11780"}, "SG&A Expenses": {"2019-12-31": "284.81200", "2018-12-31": "207.76100", "2017-12-31": "122.68200", "2016-12-31": "83.74900", "2015-12-31": "75.04300", "2014-12-31": "49.31500", "2013-12-31": "31.59400", "2012-12-31": "14.63000", "2011-12-31": "16.05500", "2010-12-31": "14.38200", "2009-12-31": "8.69600", "2008-12-31": "11.46900", "2007-12-31": "13.03500", "2006-12-31": "7.75280", "2005-12-31": "5.18240"}, "Other Operating Income Or Expenses": {"2019-12-31": "-10.00000", "2018-12-31": "", "2017-12-31": "-28.42700", "2016-12-31": "", "2015-12-31": "", "2014-12-31": "", "2013-12-31": "", "2012-12-31": "", "2011-12-31": "", "2010-12-31": "", "2009-12-31": "", "2008-12-31": "", "2007-12-31": "", "2006-12-31": "", "2005-12-31": ""}, "Operating Expenses": {"2019-12-31": "1086.39600", "2018-12-31": "644.66200", "2017-12-31": "326.22200", "2016-12-31": "272.15100", "2015-12-31": "221.43700", "2014-12-31": "143.54600", "2013-12-31": "104.50300", "2012-12-31": "67.03200", "2011-12-31": "82.91700", "2010-12-31": "50.35400", "2009-12-31": "33.09200", "2008-12-31": "48.71600", "2007-12-31": "44.09300", "2006-12-31": "33.09830", "2005-12-31": "22.30010"}, "Operating Income": {"2019-12-31": "-705.56300", "2018-12-31": "-343.62800", "2017-12-31": "-171.63800", "2016-12-31": "-266.73000", "2015-12-31": "-220.18400", "2014-12-31": "-133.78900", "2013-12-31": "-90.28400", "2012-12-31": "-29.70300", "2011-12-31": "-35.92700", "2010-12-31": "-20.93400", "2009-12-31": "-15.50700", "2008-12-31": "-27.45800", "2007-12-31": "-33.10800", "2006-12-31": "-32.98310", "2005-12-31": "-17.51640"}, "Total Non-Operating Income/Expense": {"2019-12-31": "-8.31700", "2018-12-31": "-18.98200", "2017-12-31": "123.01000", "2016-12-31": "-0.53500", "2015-12-31": "0.15400", "2014-12-31": "-2.00000", "2013-12-31": "-21.70100", "2012-12-31": "-91.58400", "2011-12-31": "33.60900", "2010-12-31": "-11.24300", "2009-12-31": "-9.65200", "2008-12-31": "3.50500", "2007-12-31": "5.94000", "2006-12-31": "4.29550", "2005-12-31": "-0.68950"}, "Pre-Tax Income": {"2019-12-31": "-713.88000", "2018-12-31": "-362.61000", "2017-12-31": "-48.62800", "2016-12-31": "-267.26500", "2015-12-31": "-220.03000", "2014-12-31": "-135.78900", "2013-12-31": "-111.98500", "2012-12-31": "-121.28700", "2011-12-31": "-2.31800", "2010-12-31": "-32.17700", "2009-12-31": "-25.15900", "2008-12-31": "-23.95300", "2007-12-31": "-27.16800", "2006-12-31": "-28.68750", "2005-12-31": "-18.20590"}, "Income Taxes": {"2019-12-31": "1.19500", "2018-12-31": "-0.69200", "2017-12-31": "2.06000", "2016-12-31": "0.00000", "2015-12-31": "0.00000", "2014-12-31": "", "2013-12-31": "", "2012-12-31": "", "2011-12-31": "", "2010-12-31": "", "2009-12-31": "", "2008-12-31": "", "2007-12-31": "", "2006-12-31": "", "2005-12-31": ""}, "Income After Taxes": {"2019-12-31": "-715.07500", "2018-12-31": "-361.91800", "2017-12-31": "-50.68800", "2016-12-31": "-267.26500", "2015-12-31": "-220.03000", "2014-12-31": "-135.78900", "2013-12-31": "-111.98500", "2012-12-31": "-121.28700", "2011-12-31": "-2.31800", "2010-12-31": "-32.17700", "2009-12-31": "-25.15900", "2008-12-31": "-23.95300", "2007-12-31": "-27.16800", "2006-12-31": "-28.68750", "2005-12-31": "-18.20590"}, "Other Income": {"2019-12-31": "", "2018-12-31": "", "2017-12-31": "", "2016-12-31": "", "2015-12-31": "", "2014-12-31": "", "2013-12-31": "", "2012-12-31": "", "2011-12-31": "", "2010-12-31": "", "2009-12-31": "", "2008-12-31": "", "2007-12-31": "", "2006-12-31": "", "2005-12-31": ""}, "Income From Continuous Operations": {"2019-12-31": "-715.07500", "2018-12-31": "-361.91800", "2017-12-31": "-50.68800", "2016-12-31": "-267.26500", "2015-12-31": "-220.03000", "2014-12-31": "-135.78900", "2013-12-31": "-111.98500", "2012-12-31": "-121.28700", "2011-12-31": "-2.31800", "2010-12-31": "-32.17700", "2009-12-31": "-25.15900", "2008-12-31": "-23.95300", "2007-12-31": "-27.16800", "2006-12-31": "-28.68750", "2005-12-31": "-18.20590"}, "Income From Discontinued Operations": {"2019-12-31": "", "2018-12-31": "", "2017-12-31": "", "2016-12-31": "", "2015-12-31": "", "2014-12-31": "", "2013-12-31": "", "2012-12-31": "", "2011-12-31": "", "2010-12-31": "", "2009-12-31": "", "2008-12-31": "", "2007-12-31": "", "2006-12-31": "", "2005-12-31": ""}, "Net Income": {"2019-12-31": "-715.07500", "2018-12-31": "-361.91800", "2017-12-31": "-50.68800", "2016-12-31": "-267.26500", "2015-12-31": "-220.03000", "2014-12-31": "-135.78900", "2013-12-31": "-111.98500", "2012-12-31": "-121.28700", "2011-12-31": "-2.31800", "2010-12-31": "-32.17700", "2009-12-31": "-25.15900", "2008-12-31": "-23.95300", "2007-12-31": "-27.16800", "2006-12-31": "-28.68750", "2005-12-31": "-18.20590"}, "EBITDA": {"2019-12-31": "-683.46100", "2018-12-31": "-339.05500", "2017-12-31": "-164.43400", "2016-12-31": "-261.03900", "2015-12-31": "-214.28500", "2014-12-31": "-127.66700", "2013-12-31": "-89.00700", "2012-12-31": "-28.17800", "2011-12-31": "-34.62700", "2010-12-31": "-19.47100", "2009-12-31": "-14.12800", "2008-12-31": "-25.98900", "2007-12-31": "-31.09400", "2006-12-31": "-30.89270", "2005-12-31": "-15.51870"}, "EBIT": {"2019-12-31": "-705.56300", "2018-12-31": "-343.62800", "2017-12-31": "-171.63800", "2016-12-31": "-266.73000", "2015-12-31": "-220.18400", "2014-12-31": "-133.78900", "2013-12-31": "-90.28400", "2012-12-31": "-29.70300", "2011-12-31": "-35.92700", "2010-12-31": "-20.93400", "2009-12-31": "-15.50700", "2008-12-31": "-27.45800", "2007-12-31": "-33.10800", "2006-12-31": "-32.98310", "2005-12-31": "-17.51640"}, "Basic Shares Outstanding": {"2019-12-31": "73.61500", "2018-12-31": "66.25000", "2017-12-31": "58.81800", "2016-12-31": "48.69700", "2015-12-31": "42.29000", "2014-12-31": "40.02600", "2013-12-31": "33.85000", "2012-12-31": "23.60200", "2011-12-31": "21.59900", "2010-12-31": "18.53900", "2009-12-31": "15.51810", "2008-12-31": "11.58420", "2007-12-31": "8.99210", "2006-12-31": "8.77860", "2005-12-31": "7.44400"}, "Shares Outstanding": {"2019-12-31": "73.61500", "2018-12-31": "66.25000", "2017-12-31": "58.81800", "2016-12-31": "48.69700", "2015-12-31": "42.29000", "2014-12-31": "40.02600", "2013-12-31": "33.85000", "2012-12-31": "23.60200", "2011-12-31": "21.59900", "2010-12-31": "18.53900", "2009-12-31": "15.51810", "2008-12-31": "11.58420", "2007-12-31": "8.99210", "2006-12-31": "8.77860", "2005-12-31": "7.44400"}, "Basic EPS": {"2019-12-31": "-9.71000", "2018-12-31": "-5.46000", "2017-12-31": "-0.86000", "2016-12-31": "-5.49000", "2015-12-31": "-5.20000", "2014-12-31": "-3.39000", "2013-12-31": "-3.31000", "2012-12-31": "-5.14000", "2011-12-31": "-0.11000", "2010-12-31": "-1.74000", "2009-12-31": "-1.61970", "2008-12-31": "-2.03960", "2007-12-31": "-2.99940", "2006-12-31": "-3.23940", "2005-12-31": "-2.45950"}, "EPS - Earnings Per Share": {"2019-12-31": "-9.71000", "2018-12-31": "-5.46000", "2017-12-31": "-0.86000", "2016-12-31": "-5.49000", "2015-12-31": "-5.20000", "2014-12-31": "-3.39000", "2013-12-31": "-3.31000", "2012-12-31": "-5.14000", "2011-12-31": "-0.11000", "2010-12-31": "-1.74000", "2009-12-31": "-1.61970", "2008-12-31": "-2.03960", "2007-12-31": "-2.99940", "2006-12-31": "-3.23940", "2005-12-31": "-2.45950"}}, "income statement, quarterly": {"Revenue": {"2020-09-30": "143.92400", "2020-06-30": "137.36300", "2020-03-31": "113.67400", "2019-12-31": "100.11300", "2019-09-30": "99.04100", "2019-06-30": "94.66800", "2019-03-31": "87.01100", "2018-12-31": "84.41500", "2018-09-30": "78.48600", "2018-06-30": "73.52900", "2018-03-31": "64.60400", "2017-12-31": "57.27700", "2017-09-30": "45.95400", "2017-06-30": "35.01100", "2017-03-31": "16.34200", "2016-12-31": "", "2016-09-30": "", "2016-06-30": "", "2016-03-31": "", "2015-12-31": "", "2015-09-30": "", "2015-06-30": "", "2015-03-31": "", "2014-12-31": "0.02700", "2014-09-30": "1.05900", "2014-06-30": "2.58300", "2014-03-31": "6.08800", "2013-12-31": "2.62600", "2013-09-30": "4.16800", "2013-06-30": "2.95100", "2013-03-31": "4.47400", "2012-12-31": "7.33600", "2012-09-30": "7.57400", "2012-06-30": "11.20700", "2012-03-31": "11.21200", "2011-12-31": "13.58500", "2011-09-30": "7.52400", "2011-06-30": "11.58500", "2011-03-31": "14.29600", "2010-12-31": "15.51600", "2010-09-30": "8.70200", "2010-06-30": "3.99700", "2010-03-31": "1.20500", "2009-12-31": "5.13700", "2009-09-30": "6.35300", "2009-06-30": "2.94500", "2009-03-31": "3.15000", "2008-12-31": "5.47900", "2008-09-30": "5.17100", "2008-06-30": "4.98300", "2008-03-31": "5.62500", "2007-12-31": "5.18610", "2007-09-30": "2.91140", "2007-06-30": "2.35140", "2007-03-31": "0.53600", "2006-12-31": "0.01750", "2006-09-30": "0.01330", "2006-06-30": "0.01860", "2006-03-31": "0.06600", "2005-12-31": "1.41740", "2005-09-30": "3.28180", "2005-06-30": "0.03930", "2005-03-31": "0.04520"}, "Cost Of Goods Sold": {"2020-09-30": "15.01500", "2020-06-30": "13.34100", "2020-03-31": "12.62200", "2019-12-31": "15.56700", "2019-09-30": "13.03700", "2019-06-30": "15.91900", "2019-03-31": "12.06300", "2018-12-31": "13.13500", "2018-09-30": "8.74100", "2018-06-30": "6.73500", "2018-03-31": "5.58200", "2017-12-31": "3.54600", "2017-09-30": "3.07800", "2017-06-30": "0.50600", "2017-03-31": "0.22300", "2016-12-31": "", "2016-09-30": "", "2016-06-30": "", "2016-03-31": "", "2015-12-31": "", "2015-09-30": "", "2015-06-30": "", "2015-03-31": "", "2014-12-31": "", "2014-09-30": "", "2014-06-30": "", "2014-03-31": "", "2013-12-31": "", "2013-09-30": "", "2013-06-30": "", "2013-03-31": "", "2012-12-31": "", "2012-09-30": "", "2012-06-30": "", "2012-03-31": "", "2011-12-31": "", "2011-09-30": "", "2011-06-30": "", "2011-03-31": "", "2010-12-31": "", "2010-09-30": "", "2010-06-30": "", "2010-03-31": "", "2009-12-31": "", "2009-09-30": "", "2009-06-30": "", "2009-03-31": "", "2008-12-31": "", "2008-09-30": "", "2008-06-30": "", "2008-03-31": "", "2007-12-31": "", "2007-09-30": "", "2007-06-30": "", "2007-03-31": "", "2006-12-31": "", "2006-09-30": "", "2006-06-30": "", "2006-03-31": "", "2005-12-31": "", "2005-09-30": "", "2005-06-30": "", "2005-03-31": ""}, "Gross Profit": {"2020-09-30": "128.90900", "2020-06-30": "124.02200", "2020-03-31": "101.05200", "2019-12-31": "84.54600", "2019-09-30": "86.00400", "2019-06-30": "78.74900", "2019-03-31": "74.94800", "2018-12-31": "71.28000", "2018-09-30": "69.74500", "2018-06-30": "66.79400", "2018-03-31": "59.02200", "2017-12-31": "53.73100", "2017-09-30": "42.87600", "2017-06-30": "34.50500", "2017-03-31": "16.11900", "2016-12-31": "", "2016-09-30": "", "2016-06-30": "", "2016-03-31": "", "2015-12-31": "", "2015-09-30": "", "2015-06-30": "", "2015-03-31": "", "2014-12-31": "0.02700", "2014-09-30": "1.05900", "2014-06-30": "2.58300", "2014-03-31": "6.08800", "2013-12-31": "2.62600", "2013-09-30": "4.16800", "2013-06-30": "2.95100", "2013-03-31": "4.47400", "2012-12-31": "7.33600", "2012-09-30": "7.57400", "2012-06-30": "11.20700", "2012-03-31": "11.21200", "2011-12-31": "13.58500", "2011-09-30": "7.52400", "2011-06-30": "11.58500", "2011-03-31": "14.29600", "2010-12-31": "15.51600", "2010-09-30": "8.70200", "2010-06-30": "3.99700", "2010-03-31": "1.20500", "2009-12-31": "5.13700", "2009-09-30": "6.35300", "2009-06-30": "2.94500", "2009-03-31": "3.15000", "2008-12-31": "5.47900", "2008-09-30": "5.17100", "2008-06-30": "4.98300", "2008-03-31": "5.62500", "2007-12-31": "5.18610", "2007-09-30": "2.91140", "2007-06-30": "2.35140", "2007-03-31": "0.53600", "2006-12-31": "0.01750", "2006-09-30": "0.01330", "2006-06-30": "0.01860", "2006-03-31": "0.06600", "2005-12-31": "1.41740", "2005-09-30": "3.28180", "2005-06-30": "0.03930", "2005-03-31": "0.04520"}, "Research And Development Expenses": {"2020-09-30": "190.43800", "2020-06-30": "188.52200", "2020-03-31": "136.14400", "2019-12-31": "223.14100", "2019-09-30": "133.94900", "2019-06-30": "113.26600", "2019-03-31": "90.55300", "2018-12-31": "146.20700", "2018-09-30": "86.58400", "2018-06-30": "122.84800", "2018-03-31": "46.20400", "2017-12-31": "44.44100", "2017-09-30": "34.23900", "2017-06-30": "58.90800", "2017-03-31": "29.11900", "2016-12-31": "70.74900", "2016-09-30": "34.34900", "2016-06-30": "44.34800", "2016-03-31": "38.82600", "2015-12-31": "41.37600", "2015-09-30": "36.67300", "2015-06-30": "29.18000", "2015-03-31": "39.16500", "2014-12-31": "30.83200", "2014-09-30": "21.85200", "2014-06-30": "20.64100", "2014-03-31": "20.90600", "2013-12-31": "25.07600", "2013-09-30": "21.08700", "2013-06-30": "12.98400", "2013-03-31": "13.76200", "2012-12-31": "12.83400", "2012-09-30": "10.91400", "2012-06-30": "13.84900", "2012-03-31": "14.80500", "2011-12-31": "18.70100", "2011-09-30": "15.61000", "2011-06-30": "17.75000", "2011-03-31": "14.80100", "2010-12-31": "13.88600", "2010-09-30": "9.05900", "2010-06-30": "6.93100", "2010-03-31": "6.09600", "2009-12-31": "6.62400", "2009-09-30": "7.47300", "2009-06-30": "5.80400", "2009-03-31": "4.49500", "2008-12-31": "5.07000", "2008-09-30": "7.68000", "2008-06-30": "7.67800", "2008-03-31": "6.90300", "2007-12-31": "5.69910", "2007-09-30": "9.88050", "2007-06-30": "9.16080", "2007-03-31": "6.31760", "2006-12-31": "6.72150", "2006-09-30": "5.93890", "2006-06-30": "5.92190", "2006-03-31": "6.76320", "2005-12-31": "4.91350", "2005-09-30": "4.14720", "2005-06-30": "3.91520", "2005-03-31": "4.14190"}, "SG&A Expenses": {"2020-09-30": "75.37300", "2020-06-30": "73.68800", "2020-03-31": "82.76800", "2019-12-31": "81.42400", "2019-09-30": "75.42900", "2019-06-30": "67.39300", "2019-03-31": "60.56600", "2018-12-31": "64.22000", "2018-09-30": "53.04400", "2018-06-30": "47.15600", "2018-03-31": "43.34100", "2017-12-31": "32.22100", "2017-09-30": "28.17600", "2017-06-30": "36.06900", "2017-03-31": "26.21600", "2016-12-31": "22.93700", "2016-09-30": "22.18400", "2016-06-30": "17.75200", "2016-03-31": "20.87600", "2015-12-31": "24.32900", "2015-09-30": "15.09000", "2015-06-30": "12.92700", "2015-03-31": "22.69700", "2014-12-31": "13.91700", "2014-09-30": "12.88200", "2014-06-30": "12.21300", "2014-03-31": "10.30300", "2013-12-31": "10.39900", "2013-09-30": "8.01400", "2013-06-30": "7.05400", "2013-03-31": "6.12700", "2012-12-31": "4.86900", "2012-09-30": "3.56500", "2012-06-30": "2.91500", "2012-03-31": "3.28100", "2011-12-31": "3.88400", "2011-09-30": "3.18500", "2011-06-30": "3.96000", "2011-03-31": "5.02600", "2010-12-31": "3.36500", "2010-09-30": "3.44000", "2010-06-30": "4.73300", "2010-03-31": "2.84400", "2009-12-31": "2.47000", "2009-09-30": "1.80000", "2009-06-30": "2.20600", "2009-03-31": "2.22000", "2008-12-31": "3.30300", "2008-09-30": "3.42900", "2008-06-30": "2.18400", "2008-03-31": "2.55300", "2007-12-31": "5.15580", "2007-09-30": "1.54450", "2007-06-30": "2.03080", "2007-03-31": "4.30390", "2006-12-31": "2.06820", "2006-09-30": "1.34710", "2006-06-30": "1.51570", "2006-03-31": "2.82170", "2005-12-31": "1.40910", "2005-09-30": "1.05220", "2005-06-30": "1.27250", "2005-03-31": "1.44850"}, "Other Operating Income Or Expenses": {"2020-09-30": "", "2020-06-30": "", "2020-03-31": "", "2019-12-31": "", "2019-09-30": "", "2019-06-30": "", "2019-03-31": "", "2018-12-31": "", "2018-09-30": "", "2018-06-30": "", "2018-03-31": "", "2017-12-31": "0.00000", "2017-09-30": "-25.58800", "2017-06-30": "-2.83900", "2017-03-31": "", "2016-12-31": "", "2016-09-30": "0.00000", "2016-06-30": "0.00000", "2016-03-31": "", "2015-12-31": "", "2015-09-30": "", "2015-06-30": "", "2015-03-31": "", "2014-12-31": "", "2014-09-30": "", "2014-06-30": "", "2014-03-31": "", "2013-12-31": "", "2013-09-30": "", "2013-06-30": "", "2013-03-31": "", "2012-12-31": "", "2012-09-30": "", "2012-06-30": "", "2012-03-31": "", "2011-12-31": "", "2011-09-30": "", "2011-06-30": "", "2011-03-31": "", "2010-12-31": "", "2010-09-30": "", "2010-06-30": "", "2010-03-31": "", "2009-12-31": "", "2009-09-30": "", "2009-06-30": "", "2009-03-31": "", "2008-12-31": "", "2008-09-30": "", "2008-06-30": "", "2008-03-31": "", "2007-12-31": "", "2007-09-30": "", "2007-06-30": "", "2007-03-31": "", "2006-12-31": "", "2006-09-30": "", "2006-06-30": "", "2006-03-31": "", "2005-12-31": "", "2005-09-30": "", "2005-06-30": "", "2005-03-31": ""}, "Operating Expenses": {"2020-09-30": "280.99200", "2020-06-30": "275.71600", "2020-03-31": "231.70000", "2019-12-31": "330.33200", "2019-09-30": "222.63100", "2019-06-30": "370.03500", "2019-03-31": "163.39800", "2018-12-31": "223.77800", "2018-09-30": "148.58500", "2018-06-30": "176.95600", "2018-03-31": "95.34300", "2017-12-31": "80.42400", "2017-09-30": "91.86100", "2017-06-30": "98.35000", "2017-03-31": "55.58700", "2016-12-31": "93.81600", "2016-09-30": "56.53300", "2016-06-30": "62.10000", "2016-03-31": "59.70200", "2015-12-31": "65.70500", "2015-09-30": "51.76300", "2015-06-30": "42.10700", "2015-03-31": "61.86200", "2014-12-31": "44.74900", "2014-09-30": "34.73400", "2014-06-30": "32.85400", "2014-03-31": "31.20900", "2013-12-31": "35.47500", "2013-09-30": "29.10100", "2013-06-30": "20.03800", "2013-03-31": "19.88900", "2012-12-31": "17.70300", "2012-09-30": "14.47900", "2012-06-30": "16.76400", "2012-03-31": "18.08600", "2011-12-31": "22.58500", "2011-09-30": "18.79500", "2011-06-30": "21.71000", "2011-03-31": "19.82700", "2010-12-31": "17.25100", "2010-09-30": "12.49900", "2010-06-30": "11.66400", "2010-03-31": "8.94000", "2009-12-31": "9.09400", "2009-09-30": "9.27300", "2009-06-30": "8.01000", "2009-03-31": "6.71500", "2008-12-31": "8.37300", "2008-09-30": "11.10900", "2008-06-30": "9.86200", "2008-03-31": "19.37200", "2007-12-31": "10.85490", "2007-09-30": "11.42500", "2007-06-30": "11.19160", "2007-03-31": "10.62150", "2006-12-31": "8.78970", "2006-09-30": "7.28600", "2006-06-30": "7.43760", "2006-03-31": "9.58500", "2005-12-31": "6.32260", "2005-09-30": "5.19940", "2005-06-30": "5.18770", "2005-03-31": "5.59040"}, "Operating Income": {"2020-09-30": "-137.06800", "2020-06-30": "-138.35300", "2020-03-31": "-118.02600", "2019-12-31": "-230.21900", "2019-09-30": "-123.59000", "2019-06-30": "-275.36700", "2019-03-31": "-76.38700", "2018-12-31": "-139.36300", "2018-09-30": "-70.09900", "2018-06-30": "-103.42700", "2018-03-31": "-30.73900", "2017-12-31": "-23.14700", "2017-09-30": "-45.90700", "2017-06-30": "-63.33900", "2017-03-31": "-39.24500", "2016-12-31": "-93.81600", "2016-09-30": "-56.53300", "2016-06-30": "-62.10000", "2016-03-31": "-59.70200", "2015-12-31": "-65.70500", "2015-09-30": "-51.76300", "2015-06-30": "-42.10700", "2015-03-31": "-61.86200", "2014-12-31": "-44.72200", "2014-09-30": "-33.67500", "2014-06-30": "-30.27100", "2014-03-31": "-25.12100", "2013-12-31": "-32.84900", "2013-09-30": "-24.93300", "2013-06-30": "-17.08700", "2013-03-31": "-15.41500", "2012-12-31": "-10.36700", "2012-09-30": "-6.90500", "2012-06-30": "-5.55700", "2012-03-31": "-6.87400", "2011-12-31": "-9.00000", "2011-09-30": "-11.27100", "2011-06-30": "-10.12500", "2011-03-31": "-5.53100", "2010-12-31": "-1.73500", "2010-09-30": "-3.79700", "2010-06-30": "-7.66700", "2010-03-31": "-7.73500", "2009-12-31": "-3.95700", "2009-09-30": "-2.92000", "2009-06-30": "-5.06500", "2009-03-31": "-3.56500", "2008-12-31": "-2.89400", "2008-09-30": "-5.93800", "2008-06-30": "-4.87900", "2008-03-31": "-13.74700", "2007-12-31": "-5.66870", "2007-09-30": "-8.51360", "2007-06-30": "-8.84020", "2007-03-31": "-10.08550", "2006-12-31": "-8.77220", "2006-09-30": "-7.27270", "2006-06-30": "-7.41910", "2006-03-31": "-9.51900", "2005-12-31": "-4.90510", "2005-09-30": "-1.91760", "2005-06-30": "-5.14840", "2005-03-31": "-5.54520"}, "Total Non-Operating Income/Expense": {"2020-09-30": "-59.33500", "2020-06-30": "-12.44700", "2020-03-31": "100.64900", "2019-12-31": "-4.77300", "2019-09-30": "-2.51000", "2019-06-30": "-0.86200", "2019-03-31": "-0.17200", "2018-12-31": "-2.31100", "2018-09-30": "-6.96800", "2018-06-30": "-5.21800", "2018-03-31": "-4.48500", "2017-12-31": "-2.69300", "2017-09-30": "0.18400", "2017-06-30": "0.18400", "2017-03-31": "125.33500", "2016-12-31": "-0.05700", "2016-09-30": "-0.20900", "2016-06-30": "-0.20100", "2016-03-31": "-0.06800", "2015-12-31": "-0.22900", "2015-09-30": "-0.17600", "2015-06-30": "0.25600", "2015-03-31": "0.30300", "2014-12-31": "0.30600", "2014-09-30": "4.44900", "2014-06-30": "-3.60300", "2014-03-31": "-3.15200", "2013-12-31": "24.02900", "2013-09-30": "-17.09700", "2013-06-30": "-1.96400", "2013-03-31": "-26.66900", "2012-12-31": "-51.70000", "2012-09-30": "-42.64900", "2012-06-30": "13.59500", "2012-03-31": "-10.83000", "2011-12-31": "7.59000", "2011-09-30": "7.25100", "2011-06-30": "11.40400", "2011-03-31": "7.36400", "2010-12-31": "-5.90900", "2010-09-30": "-3.49600", "2010-06-30": "-8.98900", "2010-03-31": "7.15100", "2009-12-31": "7.48300", "2009-09-30": "-5.17000", "2009-06-30": "-14.60300", "2009-03-31": "2.63800", "2008-12-31": "1.75400", "2008-09-30": "-0.10900", "2008-06-30": "3.12800", "2008-03-31": "-1.26800", "2007-12-31": "1.54130", "2007-09-30": "1.47860", "2007-06-30": "1.05890", "2007-03-31": "1.86120", "2006-12-31": "2.29940", "2006-09-30": "1.02120", "2006-06-30": "0.51710", "2006-03-31": "0.45790", "2005-12-31": "-1.17650", "2005-09-30": "0.22520", "2005-06-30": "0.21570", "2005-03-31": "0.04610"}, "Pre-Tax Income": {"2020-09-30": "-196.40300", "2020-06-30": "-150.80000", "2020-03-31": "-17.37700", "2019-12-31": "-234.99200", "2019-09-30": "-126.10000", "2019-06-30": "-276.22900", "2019-03-31": "-76.55900", "2018-12-31": "-141.67400", "2018-09-30": "-77.06700", "2018-06-30": "-108.64500", "2018-03-31": "-35.22400", "2017-12-31": "-25.84000", "2017-09-30": "-45.72300", "2017-06-30": "-63.15500", "2017-03-31": "86.09000", "2016-12-31": "-88.45200", "2016-09-30": "-56.74200", "2016-06-30": "-62.30100", "2016-03-31": "-59.77000", "2015-12-31": "-64.68100", "2015-09-30": "-51.93900", "2015-06-30": "-41.85100", "2015-03-31": "-61.55900", "2014-12-31": "-44.41600", "2014-09-30": "-29.22600", "2014-06-30": "-33.87400", "2014-03-31": "-28.27300", "2013-12-31": "-8.82000", "2013-09-30": "-42.03000", "2013-06-30": "-19.05100", "2013-03-31": "-42.08400", "2012-12-31": "-62.06700", "2012-09-30": "-49.55400", "2012-06-30": "8.03800", "2012-03-31": "-17.70400", "2011-12-31": "-1.41000", "2011-09-30": "-4.02000", "2011-06-30": "1.27900", "2011-03-31": "1.83300", "2010-12-31": "-7.64400", "2010-09-30": "-7.29300", "2010-06-30": "-16.65600", "2010-03-31": "-0.58400", "2009-12-31": "3.52600", "2009-09-30": "-8.09000", "2009-06-30": "-19.66800", "2009-03-31": "-0.92700", "2008-12-31": "-1.14000", "2008-09-30": "-6.04700", "2008-06-30": "-1.75100", "2008-03-31": "-15.01500", "2007-12-31": "-4.12750", "2007-09-30": "-7.03490", "2007-06-30": "-7.78130", "2007-03-31": "-8.22430", "2006-12-31": "-6.47280", "2006-09-30": "-6.25150", "2006-06-30": "-6.90200", "2006-03-31": "-9.06120", "2005-12-31": "-6.08160", "2005-09-30": "-1.69250", "2005-06-30": "-4.93260", "2005-03-31": "-5.49920"}, "Income Taxes": {"2020-09-30": "0.09600", "2020-06-30": "0.02000", "2020-03-31": "0.11500", "2019-12-31": "0.71100", "2019-09-30": "0.22600", "2019-06-30": "0.17400", "2019-03-31": "0.08400", "2018-12-31": "-0.77900", "2018-09-30": "-0.67400", "2018-06-30": "0.62200", "2018-03-31": "0.13900", "2017-12-31": "-1.84200", "2017-09-30": "2.01100", "2017-06-30": "-0.10900", "2017-03-31": "2.00000", "2016-12-31": "", "2016-09-30": "0.00000", "2016-06-30": "0.00000", "2016-03-31": "", "2015-12-31": "", "2015-09-30": "", "2015-06-30": "", "2015-03-31": "", "2014-12-31": "", "2014-09-30": "", "2014-06-30": "", "2014-03-31": "", "2013-12-31": "", "2013-09-30": "", "2013-06-30": "", "2013-03-31": "", "2012-12-31": "", "2012-09-30": "", "2012-06-30": "", "2012-03-31": "", "2011-12-31": "", "2011-09-30": "", "2011-06-30": "", "2011-03-31": "", "2010-12-31": "", "2010-09-30": "", "2010-06-30": "", "2010-03-31": "", "2009-12-31": "", "2009-09-30": "", "2009-06-30": "", "2009-03-31": "", "2008-12-31": "", "2008-09-30": "", "2008-06-30": "", "2008-03-31": "", "2007-12-31": "", "2007-09-30": "", "2007-06-30": "", "2007-03-31": "", "2006-12-31": "", "2006-09-30": "", "2006-06-30": "", "2006-03-31": "", "2005-12-31": "", "2005-09-30": "", "2005-06-30": "", "2005-03-31": ""}, "Income After Taxes": {"2020-09-30": "-196.49900", "2020-06-30": "-150.82000", "2020-03-31": "-17.49200", "2019-12-31": "-235.70300", "2019-09-30": "-126.32600", "2019-06-30": "-276.40300", "2019-03-31": "-76.64300", "2018-12-31": "-140.89500", "2018-09-30": "-76.39300", "2018-06-30": "-109.26700", "2018-03-31": "-35.36300", "2017-12-31": "-23.99800", "2017-09-30": "-47.73400", "2017-06-30": "-63.04600", "2017-03-31": "84.09000", "2016-12-31": "-88.45200", "2016-09-30": "-56.74200", "2016-06-30": "-62.30100", "2016-03-31": "-59.77000", "2015-12-31": "-64.68100", "2015-09-30": "-51.93900", "2015-06-30": "-41.85100", "2015-03-31": "-61.55900", "2014-12-31": "-44.41600", "2014-09-30": "-29.22600", "2014-06-30": "-33.87400", "2014-03-31": "-28.27300", "2013-12-31": "-8.82000", "2013-09-30": "-42.03000", "2013-06-30": "-19.05100", "2013-03-31": "-42.08400", "2012-12-31": "-62.06700", "2012-09-30": "-49.55400", "2012-06-30": "8.03800", "2012-03-31": "-17.70400", "2011-12-31": "-1.41000", "2011-09-30": "-4.02000", "2011-06-30": "1.27900", "2011-03-31": "1.83300", "2010-12-31": "-7.64400", "2010-09-30": "-7.29300", "2010-06-30": "-16.65600", "2010-03-31": "-0.58400", "2009-12-31": "3.52600", "2009-09-30": "-8.09000", "2009-06-30": "-19.66800", "2009-03-31": "-0.92700", "2008-12-31": "-1.14000", "2008-09-30": "-6.04700", "2008-06-30": "-1.75100", "2008-03-31": "-15.01500", "2007-12-31": "-4.12750", "2007-09-30": "-7.03490", "2007-06-30": "-7.78130", "2007-03-31": "-8.22430", "2006-12-31": "-6.47280", "2006-09-30": "-6.25150", "2006-06-30": "-6.90200", "2006-03-31": "-9.06120", "2005-12-31": "-6.08160", "2005-09-30": "-1.69250", "2005-06-30": "-4.93260", "2005-03-31": "-5.49920"}, "Other Income": {"2020-09-30": "", "2020-06-30": "", "2020-03-31": "", "2019-12-31": "", "2019-09-30": "", "2019-06-30": "", "2019-03-31": "", "2018-12-31": "", "2018-09-30": "", "2018-06-30": "", "2018-03-31": "", "2017-12-31": "", "2017-09-30": "", "2017-06-30": "", "2017-03-31": "", "2016-12-31": "", "2016-09-30": "", "2016-06-30": "", "2016-03-31": "", "2015-12-31": "", "2015-09-30": "", "2015-06-30": "", "2015-03-31": "", "2014-12-31": "", "2014-09-30": "", "2014-06-30": "", "2014-03-31": "", "2013-12-31": "", "2013-09-30": "", "2013-06-30": "", "2013-03-31": "", "2012-12-31": "", "2012-09-30": "", "2012-06-30": "", "2012-03-31": "", "2011-12-31": "", "2011-09-30": "", "2011-06-30": "", "2011-03-31": "", "2010-12-31": "", "2010-09-30": "", "2010-06-30": "", "2010-03-31": "", "2009-12-31": "", "2009-09-30": "", "2009-06-30": "", "2009-03-31": "", "2008-12-31": "", "2008-09-30": "", "2008-06-30": "", "2008-03-31": "", "2007-12-31": "", "2007-09-30": "", "2007-06-30": "", "2007-03-31": "", "2006-12-31": "", "2006-09-30": "", "2006-06-30": "", "2006-03-31": "", "2005-12-31": "", "2005-09-30": "", "2005-06-30": "", "2005-03-31": ""}, "Income From Continuous Operations": {"2020-09-30": "-196.49900", "2020-06-30": "-150.82000", "2020-03-31": "-17.49200", "2019-12-31": "-235.70300", "2019-09-30": "-126.32600", "2019-06-30": "-276.40300", "2019-03-31": "-76.64300", "2018-12-31": "-140.89500", "2018-09-30": "-76.39300", "2018-06-30": "-109.26700", "2018-03-31": "-35.36300", "2017-12-31": "-23.99800", "2017-09-30": "-47.73400", "2017-06-30": "-63.04600", "2017-03-31": "84.09000", "2016-12-31": "-88.45200", "2016-09-30": "-56.74200", "2016-06-30": "-62.30100", "2016-03-31": "-59.77000", "2015-12-31": "-64.68100", "2015-09-30": "-51.93900", "2015-06-30": "-41.85100", "2015-03-31": "-61.55900", "2014-12-31": "-44.41600", "2014-09-30": "-29.22600", "2014-06-30": "-33.87400", "2014-03-31": "-28.27300", "2013-12-31": "-8.82000", "2013-09-30": "-42.03000", "2013-06-30": "-19.05100", "2013-03-31": "-42.08400", "2012-12-31": "-62.06700", "2012-09-30": "-49.55400", "2012-06-30": "8.03800", "2012-03-31": "-17.70400", "2011-12-31": "-1.41000", "2011-09-30": "-4.02000", "2011-06-30": "1.27900", "2011-03-31": "1.83300", "2010-12-31": "-7.64400", "2010-09-30": "-7.29300", "2010-06-30": "-16.65600", "2010-03-31": "-0.58400", "2009-12-31": "3.52600", "2009-09-30": "-8.09000", "2009-06-30": "-19.66800", "2009-03-31": "-0.92700", "2008-12-31": "-1.14000", "2008-09-30": "-6.04700", "2008-06-30": "-1.75100", "2008-03-31": "-15.01500", "2007-12-31": "-4.12750", "2007-09-30": "-7.03490", "2007-06-30": "-7.78130", "2007-03-31": "-8.22430", "2006-12-31": "-6.47280", "2006-09-30": "-6.25150", "2006-06-30": "-6.90200", "2006-03-31": "-9.06120", "2005-12-31": "-6.08160", "2005-09-30": "-1.69250", "2005-06-30": "-4.93260", "2005-03-31": "-5.49920"}, "Income From Discontinued Operations": {"2020-09-30": "", "2020-06-30": "", "2020-03-31": "", "2019-12-31": "", "2019-09-30": "", "2019-06-30": "", "2019-03-31": "", "2018-12-31": "", "2018-09-30": "", "2018-06-30": "", "2018-03-31": "", "2017-12-31": "", "2017-09-30": "", "2017-06-30": "", "2017-03-31": "", "2016-12-31": "", "2016-09-30": "", "2016-06-30": "", "2016-03-31": "", "2015-12-31": "", "2015-09-30": "", "2015-06-30": "", "2015-03-31": "", "2014-12-31": "", "2014-09-30": "", "2014-06-30": "", "2014-03-31": "", "2013-12-31": "", "2013-09-30": "", "2013-06-30": "", "2013-03-31": "", "2012-12-31": "", "2012-09-30": "", "2012-06-30": "", "2012-03-31": "", "2011-12-31": "", "2011-09-30": "", "2011-06-30": "", "2011-03-31": "", "2010-12-31": "", "2010-09-30": "", "2010-06-30": "", "2010-03-31": "", "2009-12-31": "", "2009-09-30": "", "2009-06-30": "", "2009-03-31": "", "2008-12-31": "", "2008-09-30": "", "2008-06-30": "", "2008-03-31": "", "2007-12-31": "", "2007-09-30": "", "2007-06-30": "", "2007-03-31": "", "2006-12-31": "", "2006-09-30": "", "2006-06-30": "", "2006-03-31": "", "2005-12-31": "", "2005-09-30": "", "2005-06-30": "", "2005-03-31": ""}, "Net Income": {"2020-09-30": "-196.49900", "2020-06-30": "-150.82000", "2020-03-31": "-17.49200", "2019-12-31": "-235.70300", "2019-09-30": "-126.32600", "2019-06-30": "-276.40300", "2019-03-31": "-76.64300", "2018-12-31": "-140.89500", "2018-09-30": "-76.39300", "2018-06-30": "-109.26700", "2018-03-31": "-35.36300", "2017-12-31": "-23.99800", "2017-09-30": "-47.73400", "2017-06-30": "-63.04600", "2017-03-31": "84.09000", "2016-12-31": "-88.45200", "2016-09-30": "-56.74200", "2016-06-30": "-62.30100", "2016-03-31": "-59.77000", "2015-12-31": "-64.68100", "2015-09-30": "-51.93900", "2015-06-30": "-41.85100", "2015-03-31": "-61.55900", "2014-12-31": "-44.41600", "2014-09-30": "-29.22600", "2014-06-30": "-33.87400", "2014-03-31": "-28.27300", "2013-12-31": "-8.82000", "2013-09-30": "-42.03000", "2013-06-30": "-19.05100", "2013-03-31": "-42.08400", "2012-12-31": "-62.06700", "2012-09-30": "-49.55400", "2012-06-30": "8.03800", "2012-03-31": "-17.70400", "2011-12-31": "-1.41000", "2011-09-30": "-4.02000", "2011-06-30": "1.27900", "2011-03-31": "1.83300", "2010-12-31": "-7.64400", "2010-09-30": "-7.29300", "2010-06-30": "-16.65600", "2010-03-31": "-0.58400", "2009-12-31": "3.52600", "2009-09-30": "-8.09000", "2009-06-30": "-19.66800", "2009-03-31": "-0.92700", "2008-12-31": "-1.14000", "2008-09-30": "-6.04700", "2008-06-30": "-1.75100", "2008-03-31": "-15.01500", "2007-12-31": "-4.12750", "2007-09-30": "-7.03490", "2007-06-30": "-7.78130", "2007-03-31": "-8.22430", "2006-12-31": "-6.47280", "2006-09-30": "-6.25150", "2006-06-30": "-6.90200", "2006-03-31": "-9.06120", "2005-12-31": "-6.08160", "2005-09-30": "-1.69250", "2005-06-30": "-4.93260", "2005-03-31": "-5.49920"}, "EBITDA": {"2020-09-30": "-130.62700", "2020-06-30": "-132.52200", "2020-03-31": "-112.78100", "2019-12-31": "-218.52100", "2019-09-30": "-118.49900", "2019-06-30": "-271.45700", "2019-03-31": "-74.98400", "2018-12-31": "-138.76600", "2018-09-30": "-68.42000", "2018-06-30": "-102.12300", "2018-03-31": "-29.74600", "2017-12-31": "-21.56700", "2017-09-30": "-43.43200", "2017-06-30": "-61.72700", "2017-03-31": "-37.70800", "2016-12-31": "-92.54500", "2016-09-30": "-55.38000", "2016-06-30": "-60.47200", "2016-03-31": "-58.06300", "2015-12-31": "-64.49400", "2015-09-30": "-50.25900", "2015-06-30": "-40.51800", "2015-03-31": "-60.26700", "2014-12-31": "-42.98000", "2014-09-30": "-31.90500", "2014-06-30": "-28.70300", "2014-03-31": "-24.07900", "2013-12-31": "-32.57000", "2013-09-30": "-24.64600", "2013-06-30": "-16.82700", "2013-03-31": "-14.96400", "2012-12-31": "-9.93200", "2012-09-30": "-6.53000", "2012-06-30": "-5.19500", "2012-03-31": "-6.52100", "2011-12-31": "-8.46300", "2011-09-30": "-10.99800", "2011-06-30": "-9.87400", "2011-03-31": "-5.29200", "2010-12-31": "-1.32500", "2010-09-30": "-3.44200", "2010-06-30": "-7.31600", "2010-03-31": "-7.38800", "2009-12-31": "-3.65800", "2009-09-30": "-2.56300", "2009-06-30": "-4.70900", "2009-03-31": "-3.19800", "2008-12-31": "-2.46800", "2008-09-30": "-5.59200", "2008-06-30": "-4.53100", "2008-03-31": "-13.39800", "2007-12-31": "-5.16150", "2007-09-30": "-7.97490", "2007-06-30": "-8.35170", "2007-03-31": "-9.60590", "2006-12-31": "-8.24250", "2006-09-30": "-6.75000", "2006-06-30": "-6.90630", "2006-03-31": "-8.99390", "2005-12-31": "-4.37500", "2005-09-30": "-1.42570", "2005-06-30": "-4.65680", "2005-03-31": "-5.06120"}, "EBIT": {"2020-09-30": "-137.06800", "2020-06-30": "-138.35300", "2020-03-31": "-118.02600", "2019-12-31": "-230.21890", "2019-09-30": "-123.59000", "2019-06-30": "-275.36700", "2019-03-31": "-76.38700", "2018-12-31": "-139.36300", "2018-09-30": "-70.09900", "2018-06-30": "-103.42700", "2018-03-31": "-30.73900", "2017-12-31": "-23.14700", "2017-09-30": "-45.90700", "2017-06-30": "-63.33900", "2017-03-31": "-39.24500", "2016-12-31": "-88.39500", "2016-09-30": "-56.53300", "2016-06-30": "-62.10000", "2016-03-31": "-59.70200", "2015-12-31": "-64.45200", "2015-09-30": "-51.76300", "2015-06-30": "-42.10700", "2015-03-31": "-61.86200", "2014-12-31": "-44.72200", "2014-09-30": "-33.67500", "2014-06-30": "-30.27100", "2014-03-31": "-25.12100", "2013-12-31": "-32.84900", "2013-09-30": "-24.93300", "2013-06-30": "-17.08700", "2013-03-31": "-15.41500", "2012-12-31": "-10.36700", "2012-09-30": "-6.90500", "2012-06-30": "-5.55700", "2012-03-31": "-6.87400", "2011-12-31": "-9.00000", "2011-09-30": "-11.27100", "2011-06-30": "-10.12500", "2011-03-31": "-5.53100", "2010-12-31": "-1.73500", "2010-09-30": "-3.79700", "2010-06-30": "-7.66700", "2010-03-31": "-7.73500", "2009-12-31": "-3.95700", "2009-09-30": "-2.92000", "2009-06-30": "-5.06500", "2009-03-31": "-3.56500", "2008-12-31": "-2.89400", "2008-09-30": "-5.93800", "2008-06-30": "-4.87900", "2008-03-31": "-13.74700", "2007-12-31": "-5.66870", "2007-09-30": "-8.51360", "2007-06-30": "-8.84020", "2007-03-31": "-10.08550", "2006-12-31": "-8.77220", "2006-09-30": "-7.27270", "2006-06-30": "-7.41910", "2006-03-31": "-9.51900", "2005-12-31": "-4.90510", "2005-09-30": "-1.91760", "2005-06-30": "-5.14840", "2005-03-31": "-5.54520"}, "Basic Shares Outstanding": {"2020-09-30": "78.50100", "2020-06-30": "77.96800", "2020-03-31": "76.43200", "2019-12-31": "73.61500", "2019-09-30": "74.17700", "2019-06-30": "73.95800", "2019-03-31": "71.73100", "2018-12-31": "66.25000", "2018-09-30": "66.20900", "2018-06-30": "65.48400", "2018-03-31": "64.63100", "2017-12-31": "58.81800", "2017-09-30": "61.52800", "2017-06-30": "54.97600", "2017-03-31": "54.85000", "2016-12-31": "48.69700", "2016-09-30": "48.25400", "2016-06-30": "46.15700", "2016-03-31": "45.69700", "2015-12-31": "42.29000", "2015-09-30": "41.56500", "2015-06-30": "41.35700", "2015-03-31": "41.32400", "2014-12-31": "40.02600", "2014-09-30": "41.06600", "2014-06-30": "39.86200", "2014-03-31": "37.82100", "2013-12-31": "33.85000", "2013-09-30": "33.94300", "2013-06-30": "31.98400", "2013-03-31": "31.81300", "2012-12-31": "23.60200", "2012-09-30": "22.82400", "2012-06-30": "22.62400", "2012-03-31": "22.62400", "2011-12-31": "21.59900", "2011-09-30": "22.62300", "2011-06-30": "22.34800", "2011-03-31": "18.75080", "2010-12-31": "18.53900", "2010-09-30": "18.63160", "2010-06-30": "18.40090", "2010-03-31": "18.40850", "2009-12-31": "15.51810", "2009-09-30": "15.88000", "2009-06-30": "14.28020", "2009-03-31": "13.46250", "2008-12-31": "11.58420", "2008-09-30": "11.86090", "2008-06-30": "11.83340", "2008-03-31": "10.86680", "2007-12-31": "8.99210", "2007-09-30": "8.95080", "2007-06-30": "8.92850", "2007-03-31": "8.87540", "2006-12-31": "8.77860", "2006-09-30": "8.82910", "2006-06-30": "8.82610", "2006-03-31": "8.62090", "2005-12-31": "7.44400", "2005-09-30": "7.36550", "2005-06-30": "7.36280", "2005-03-31": "7.07740"}, "Shares Outstanding": {"2020-09-30": "78.50100", "2020-06-30": "77.96800", "2020-03-31": "76.43200", "2019-12-31": "73.61500", "2019-09-30": "74.17700", "2019-06-30": "73.95800", "2019-03-31": "71.73100", "2018-12-31": "66.25000", "2018-09-30": "66.20900", "2018-06-30": "65.48400", "2018-03-31": "64.63100", "2017-12-31": "58.81800", "2017-09-30": "61.52800", "2017-06-30": "54.97600", "2017-03-31": "56.01200", "2016-12-31": "48.69700", "2016-09-30": "48.25400", "2016-06-30": "46.15700", "2016-03-31": "45.69700", "2015-12-31": "42.29000", "2015-09-30": "41.56500", "2015-06-30": "41.35700", "2015-03-31": "41.32400", "2014-12-31": "40.02600", "2014-09-30": "41.06600", "2014-06-30": "39.86200", "2014-03-31": "37.82100", "2013-12-31": "33.85000", "2013-09-30": "33.94300", "2013-06-30": "31.98400", "2013-03-31": "31.81300", "2012-12-31": "23.60200", "2012-09-30": "22.82400", "2012-06-30": "22.65800", "2012-03-31": "22.62400", "2011-12-31": "21.59900", "2011-09-30": "22.62300", "2011-06-30": "23.15300", "2011-03-31": "20.21820", "2010-12-31": "18.53900", "2010-09-30": "18.63160", "2010-06-30": "18.40090", "2010-03-31": "18.40850", "2009-12-31": "15.51810", "2009-09-30": "15.88000", "2009-06-30": "14.28020", "2009-03-31": "13.46250", "2008-12-31": "11.58420", "2008-09-30": "11.86090", "2008-06-30": "11.83340", "2008-03-31": "10.86680", "2007-12-31": "8.99210", "2007-09-30": "8.95080", "2007-06-30": "8.92850", "2007-03-31": "8.87540", "2006-12-31": "8.77860", "2006-09-30": "8.82910", "2006-06-30": "8.82610", "2006-03-31": "8.62090", "2005-12-31": "7.44400", "2005-09-30": "7.36550", "2005-06-30": "7.36280", "2005-03-31": "7.07740"}, "Basic EPS": {"2020-09-30": "-2.50000", "2020-06-30": "-1.93000", "2020-03-31": "-0.23000", "2019-12-31": "-3.20000", "2019-09-30": "-1.70000", "2019-06-30": "-3.74000", "2019-03-31": "-1.07000", "2018-12-31": "-2.09000", "2018-09-30": "-1.15000", "2018-06-30": "-1.67000", "2018-03-31": "-0.55000", "2017-12-31": "-0.46000", "2017-09-30": "-0.78000", "2017-06-30": "-1.15000", "2017-03-31": "1.53000", "2016-12-31": "-1.65000", "2016-09-30": "-1.18000", "2016-06-30": "-1.35000", "2016-03-31": "-1.31000", "2015-12-31": "-1.45000", "2015-09-30": "-1.25000", "2015-06-30": "-1.01000", "2015-03-31": "-1.49000", "2014-12-31": "-1.08000", "2014-09-30": "-0.71000", "2014-06-30": "-0.85000", "2014-03-31": "-0.75000", "2013-12-31": "-0.15000", "2013-09-30": "-1.24000", "2013-06-30": "-0.60000", "2013-03-31": "-1.32000", "2012-12-31": "-2.55000", "2012-09-30": "-2.17000", "2012-06-30": "0.36000", "2012-03-31": "-0.78000", "2011-12-31": "-0.11000", "2011-09-30": "-0.18000", "2011-06-30": "0.06000", "2011-03-31": "0.12000", "2010-12-31": "-0.36030", "2010-09-30": "-0.41990", "2010-06-30": "-0.89980", "2010-03-31": "-0.06000", "2009-12-31": "0.29990", "2009-09-30": "-0.47990", "2009-06-30": "-1.37970", "2009-03-31": "-0.06000", "2008-12-31": "-0.06000", "2008-09-30": "-0.47990", "2008-06-30": "-0.12000", "2008-03-31": "-1.37970", "2007-12-31": "-0.41990", "2007-09-30": "-0.77980", "2007-06-30": "-0.89980", "2007-03-31": "-0.89980", "2006-12-31": "-0.65990", "2006-09-30": "-0.71990", "2006-06-30": "-0.77980", "2006-03-31": "-1.07980", "2005-12-31": "-0.77980", "2005-09-30": "-0.24000", "2005-06-30": "-0.65990", "2005-03-31": "-0.77980"}, "EPS - Earnings Per Share": {"2020-09-30": "-2.50000", "2020-06-30": "-1.93000", "2020-03-31": "-0.23000", "2019-12-31": "-3.20000", "2019-09-30": "-1.70000", "2019-06-30": "-3.74000", "2019-03-31": "-1.07000", "2018-12-31": "-2.09000", "2018-09-30": "-1.15000", "2018-06-30": "-1.67000", "2018-03-31": "-0.55000", "2017-12-31": "-0.43000", "2017-09-30": "-0.78000", "2017-06-30": "-1.15000", "2017-03-31": "1.50000", "2016-12-31": "-1.65000", "2016-09-30": "-1.18000", "2016-06-30": "-1.35000", "2016-03-31": "-1.31000", "2015-12-31": "-1.45000", "2015-09-30": "-1.25000", "2015-06-30": "-1.01000", "2015-03-31": "-1.49000", "2014-12-31": "-1.08000", "2014-09-30": "-0.71000", "2014-06-30": "-0.85000", "2014-03-31": "-0.75000", "2013-12-31": "-0.15000", "2013-09-30": "-1.24000", "2013-06-30": "-0.60000", "2013-03-31": "-1.32000", "2012-12-31": "-2.54000", "2012-09-30": "-2.17000", "2012-06-30": "0.35000", "2012-03-31": "-0.78000", "2011-12-31": "-0.11000", "2011-09-30": "-0.18000", "2011-06-30": "0.06000", "2011-03-31": "0.12000", "2010-12-31": "-0.36030", "2010-09-30": "-0.41990", "2010-06-30": "-0.89980", "2010-03-31": "-0.06000", "2009-12-31": "0.29990", "2009-09-30": "-0.47990", "2009-06-30": "-1.37970", "2009-03-31": "-0.06000", "2008-12-31": "-0.06000", "2008-09-30": "-0.47990", "2008-06-30": "-0.12000", "2008-03-31": "-1.37970", "2007-12-31": "-0.41990", "2007-09-30": "-0.77980", "2007-06-30": "-0.89980", "2007-03-31": "-0.89980", "2006-12-31": "-0.65990", "2006-09-30": "-0.71990", "2006-06-30": "-0.77980", "2006-03-31": "-1.07980", "2005-12-31": "-0.77980", "2005-09-30": "-0.24000", "2005-06-30": "-0.65990", "2005-03-31": "-0.77980"}}, "balance sheet": {"Cash On Hand": {"2019-12-31": "1124.74800", "2018-12-31": "1173.91200", "2017-12-31": "1079.06000", "2016-12-31": "328.54000", "2015-12-31": "203.18600", "2014-12-31": "210.34400", "2013-12-31": "264.21500", "2012-12-31": "187.66100", "2011-12-31": "39.90400", "2010-12-31": "33.58900", "2009-12-31": "48.27500", "2008-12-31": "11.47400", "2007-12-31": "25.07440", "2006-12-31": "33.15210", "2005-12-31": "47.05110"}, "Receivables": {"2019-12-31": "90.87900", "2018-12-31": "49.04400", "2017-12-31": "29.46800", "2016-12-31": "5.22800", "2015-12-31": "3.97700", "2014-12-31": "2.41600", "2013-12-31": "3.53000", "2012-12-31": "4.71300", "2011-12-31": "3.63300", "2010-12-31": "3.22400", "2009-12-31": "2.08500", "2008-12-31": "4.97100", "2007-12-31": "2.86980", "2006-12-31": "0.05150", "2005-12-31": "1.23640"}, "Inventory": {"2019-12-31": "171.37900", "2018-12-31": "125.44500", "2017-12-31": "83.60500", "2016-12-31": "12.81300", "2015-12-31": "", "2014-12-31": "", "2013-12-31": "", "2012-12-31": "", "2011-12-31": "", "2010-12-31": "", "2009-12-31": "", "2008-12-31": "", "2007-12-31": "", "2006-12-31": "", "2005-12-31": ""}, "Pre-Paid Expenses": {"2019-12-31": "", "2018-12-31": "", "2017-12-31": "", "2016-12-31": "", "2015-12-31": "", "2014-12-31": "", "2013-12-31": "", "2012-12-31": "", "2011-12-31": "", "2010-12-31": "", "2009-12-31": "", "2008-12-31": "", "2007-12-31": "", "2006-12-31": "", "2005-12-31": ""}, "Other Current Assets": {"2019-12-31": "81.90700", "2018-12-31": "77.78200", "2017-12-31": "36.51100", "2016-12-31": "26.89500", "2015-12-31": "17.38000", "2014-12-31": "35.03600", "2013-12-31": "3.06100", "2012-12-31": "1.53400", "2011-12-31": "1.64700", "2010-12-31": "1.02500", "2009-12-31": "0.95000", "2008-12-31": "0.59900", "2007-12-31": "0.76730", "2006-12-31": "0.73630", "2005-12-31": "0.36590"}, "Total Current Assets": {"2019-12-31": "1468.91300", "2018-12-31": "1426.18300", "2017-12-31": "1228.64400", "2016-12-31": "373.47600", "2015-12-31": "224.54300", "2014-12-31": "247.79600", "2013-12-31": "270.80600", "2012-12-31": "193.90800", "2011-12-31": "45.18400", "2010-12-31": "37.83800", "2009-12-31": "51.31000", "2008-12-31": "17.04400", "2007-12-31": "28.71150", "2006-12-31": "33.93990", "2005-12-31": "48.65340"}, "Property, Plant, And Equipment": {"2019-12-31": "129.62000", "2018-12-31": "97.02400", "2017-12-31": "43.15600", "2016-12-31": "37.80100", "2015-12-31": "37.34400", "2014-12-31": "38.50100", "2013-12-31": "15.04900", "2012-12-31": "3.39700", "2011-12-31": "4.26500", "2010-12-31": "2.07000", "2009-12-31": "2.46600", "2008-12-31": "5.18900", "2007-12-31": "6.82510", "2006-12-31": "4.32960", "2005-12-31": "5.59930"}, "Long-Term Investments": {"2019-12-31": "", "2018-12-31": "", "2017-12-31": "21.80900", "2016-12-31": "4.75100", "2015-12-31": "0.78300", "2014-12-31": "0.78200", "2013-12-31": "0.64700", "2012-12-31": "", "2011-12-31": "", "2010-12-31": "", "2009-12-31": "", "2008-12-31": "", "2007-12-31": "", "2006-12-31": "", "2005-12-31": ""}, "Goodwill And Intangible Assets": {"2019-12-31": "12.49700", "2018-12-31": "11.57400", "2017-12-31": "14.35500", "2016-12-31": "8.07600", "2015-12-31": "6.64200", "2014-12-31": "5.89100", "2013-12-31": "5.04200", "2012-12-31": "4.91300", "2011-12-31": "4.76400", "2010-12-31": "3.98000", "2009-12-31": "3.75900", "2008-12-31": "3.26800", "2007-12-31": "3.06660", "2006-12-31": "2.55850", "2005-12-31": "2.11770"}, "Other Long-Term Assets": {"2019-12-31": "173.85900", "2018-12-31": "107.29400", "2017-12-31": "", "2016-12-31": "", "2015-12-31": "4.47000", "2014-12-31": "2.06300", "2013-12-31": "0.02500", "2012-12-31": "2.77500", "2011-12-31": "0.15500", "2010-12-31": "0.12300", "2009-12-31": "0.12000", "2008-12-31": "0.03500", "2007-12-31": "0.03470", "2006-12-31": "0.03470", "2005-12-31": "0.03760"}, "Total Long-Term Assets": {"2019-12-31": "353.90900", "2018-12-31": "215.89200", "2017-12-31": "79.32000", "2016-12-31": "50.62800", "2015-12-31": "49.23900", "2014-12-31": "47.23700", "2013-12-31": "20.76300", "2012-12-31": "11.08500", "2011-12-31": "9.18400", "2010-12-31": "8.13800", "2009-12-31": "8.71700", "2008-12-31": "8.49200", "2007-12-31": "9.92650", "2006-12-31": "6.92280", "2005-12-31": "7.75460"}, "Total Assets": {"2019-12-31": "1822.82200", "2018-12-31": "1642.07500", "2017-12-31": "1307.96400", "2016-12-31": "424.10400", "2015-12-31": "273.78200", "2014-12-31": "295.03300", "2013-12-31": "291.56900", "2012-12-31": "204.99300", "2011-12-31": "54.36800", "2010-12-31": "45.97600", "2009-12-31": "60.02700", "2008-12-31": "25.53600", "2007-12-31": "38.63790", "2006-12-31": "40.86280", "2005-12-31": "56.40800"}, "Total Current Liabilities": {"2019-12-31": "264.76700", "2018-12-31": "173.69000", "2017-12-31": "88.33200", "2016-12-31": "75.42200", "2015-12-31": "62.29400", "2014-12-31": "36.86700", "2013-12-31": "35.96600", "2012-12-31": "78.88600", "2011-12-31": "20.60100", "2010-12-31": "45.85700", "2009-12-31": "33.50700", "2008-12-31": "7.28800", "2007-12-31": "9.75230", "2006-12-31": "8.34340", "2005-12-31": "2.74800"}, "Long Term Debt": {"2019-12-31": "681.90000", "2018-12-31": "420.55400", "2017-12-31": "424.87600", "2016-12-31": "6.04200", "2015-12-31": "14.96900", "2014-12-31": "3.73800", "2013-12-31": "1.57600", "2012-12-31": "1.66800", "2011-12-31": "1.75700", "2010-12-31": "1.84200", "2009-12-31": "1.92400", "2008-12-31": "2.00100", "2007-12-31": "2.07070", "2006-12-31": "", "2005-12-31": ""}, "Other Non-Current Liabilities": {"2019-12-31": "10.24800", "2018-12-31": "15.55500", "2017-12-31": "", "2016-12-31": "", "2015-12-31": "", "2014-12-31": "", "2013-12-31": "", "2012-12-31": "", "2011-12-31": "0.99300", "2010-12-31": "1.09400", "2009-12-31": "0.96600", "2008-12-31": "0.51500", "2007-12-31": "0.43310", "2006-12-31": "", "2005-12-31": ""}, "Total Long Term Liabilities": {"2019-12-31": "739.86800", "2018-12-31": "436.10900", "2017-12-31": "430.41500", "2016-12-31": "11.99100", "2015-12-31": "21.14100", "2014-12-31": "10.51300", "2013-12-31": "8.41100", "2012-12-31": "2.42800", "2011-12-31": "2.75000", "2010-12-31": "2.93600", "2009-12-31": "2.89000", "2008-12-31": "2.51600", "2007-12-31": "2.50390", "2006-12-31": "", "2005-12-31": ""}, "Total Liabilities": {"2019-12-31": "1004.63500", "2018-12-31": "609.79900", "2017-12-31": "518.74700", "2016-12-31": "87.41300", "2015-12-31": "83.43500", "2014-12-31": "47.38000", "2013-12-31": "44.37700", "2012-12-31": "81.31400", "2011-12-31": "23.35100", "2010-12-31": "48.79300", "2009-12-31": "36.39700", "2008-12-31": "9.80400", "2007-12-31": "12.25620", "2006-12-31": "8.34340", "2005-12-31": "2.74800"}, "Common Stock Net": {"2019-12-31": "0.00800", "2018-12-31": "0.00700", "2017-12-31": "0.00600", "2016-12-31": "0.00500", "2015-12-31": "0.00500", "2014-12-31": "0.00400", "2013-12-31": "0.00400", "2012-12-31": "0.00300", "2011-12-31": "0.00200", "2010-12-31": "0.01100", "2009-12-31": "0.01100", "2008-12-31": "0.00700", "2007-12-31": "0.00640", "2006-12-31": "0.00530", "2005-12-31": "0.00510"}, "Retained Earnings (Accumulated Deficit)": {"2019-12-31": "-2294.00100", "2018-12-31": "-1578.92600", "2017-12-31": "-1217.00800", "2016-12-31": "-1166.32000", "2015-12-31": "-899.05500", "2014-12-31": "-679.02500", "2013-12-31": "-543.23600", "2012-12-31": "-431.25100", "2011-12-31": "-309.96400", "2010-12-31": "-307.64600", "2009-12-31": "-275.46900", "2008-12-31": "-250.31000", "2007-12-31": "-226.35760", "2006-12-31": "-199.18980", "2005-12-31": "-172.64820"}, "Comprehensive Income": {"2019-12-31": "0.05000", "2018-12-31": "-0.09900", "2017-12-31": "-0.37900", "2016-12-31": "-0.12000", "2015-12-31": "-0.11100", "2014-12-31": "-0.09500", "2013-12-31": "0.00000", "2012-12-31": "", "2011-12-31": "", "2010-12-31": "", "2009-12-31": "", "2008-12-31": "", "2007-12-31": "", "2006-12-31": "0.01840", "2005-12-31": "0.01300"}, "Other Share Holders Equity": {"2019-12-31": "", "2018-12-31": "", "2017-12-31": "", "2016-12-31": "", "2015-12-31": "", "2014-12-31": "", "2013-12-31": "", "2012-12-31": "", "2011-12-31": "", "2010-12-31": "", "2009-12-31": "", "2008-12-31": "", "2007-12-31": "", "2006-12-31": "", "2005-12-31": ""}, "Share Holder Equity": {"2019-12-31": "818.18700", "2018-12-31": "1032.27600", "2017-12-31": "789.21700", "2016-12-31": "336.69100", "2015-12-31": "190.34700", "2014-12-31": "247.65300", "2013-12-31": "247.19200", "2012-12-31": "123.67900", "2011-12-31": "31.01700", "2010-12-31": "-2.81700", "2009-12-31": "23.63000", "2008-12-31": "15.73200", "2007-12-31": "26.38180", "2006-12-31": "32.51930", "2005-12-31": "53.66000"}, "Total Liabilities And Share Holders Equity": {"2019-12-31": "1822.82200", "2018-12-31": "1642.07500", "2017-12-31": "1307.96400", "2016-12-31": "424.10400", "2015-12-31": "273.78200", "2014-12-31": "295.03300", "2013-12-31": "291.56900", "2012-12-31": "204.99300", "2011-12-31": "54.36800", "2010-12-31": "45.97600", "2009-12-31": "60.02700", "2008-12-31": "25.53600", "2007-12-31": "38.63790", "2006-12-31": "40.86280", "2005-12-31": "56.40800"}}, "balance sheet, quarterly": {"Cash On Hand": {"2020-09-30": "1816.10400", "2020-06-30": "2061.30800", "2020-03-31": "2171.15200", "2019-12-31": "1124.74800", "2019-09-30": "1048.89200", "2019-06-30": "1103.06900", "2019-03-31": "1344.20800", "2018-12-31": "1173.91200", "2018-09-30": "792.86000", "2018-06-30": "949.14400", "2018-03-31": "1048.99100", "2017-12-31": "1079.06000", "2017-09-30": "617.63000", "2017-06-30": "300.94600", "2017-03-31": "390.31300", "2016-12-31": "328.54000", "2016-09-30": "405.83500", "2016-06-30": "133.91000", "2016-03-31": "139.85100", "2015-12-31": "203.18600", "2015-09-30": "99.90900", "2015-06-30": "156.88700", "2015-03-31": "166.22300", "2014-12-31": "210.34400", "2014-09-30": "240.01700", "2014-06-30": "283.53900", "2014-03-31": "232.44200", "2013-12-31": "264.21500", "2013-09-30": "280.89400", "2013-06-30": "163.43500", "2013-03-31": "167.91900", "2012-12-31": "187.66100", "2012-09-30": "37.98700", "2012-06-30": "24.49100", "2012-03-31": "30.57300", "2011-12-31": "39.90400", "2011-09-30": "46.35600", "2011-06-30": "54.18800", "2011-03-31": "23.28300", "2010-12-31": "33.58900", "2010-09-30": "35.96700", "2010-06-30": "36.74200", "2010-03-31": "41.61000", "2009-12-31": "48.27500", "2009-09-30": "50.43700", "2009-06-30": "20.20500", "2009-03-31": "25.00800", "2008-12-31": "11.47400", "2008-09-30": "14.36070", "2008-06-30": "18.78610", "2008-03-31": "20.23500", "2007-12-31": "25.07440", "2007-09-30": "14.04980", "2007-06-30": "19.32030", "2007-03-31": "27.04610", "2006-12-31": "33.15210", "2006-09-30": "38.42500", "2006-06-30": "44.47350", "2006-03-31": "49.44650", "2005-12-31": "47.05110", "2005-09-30": "30.95740", "2005-06-30": "32.18620", "2005-03-31": "37.19150"}, "Receivables": {"2020-09-30": "121.82700", "2020-06-30": "104.02800", "2020-03-31": "106.87500", "2019-12-31": "90.87900", "2019-09-30": "68.03200", "2019-06-30": "56.98100", "2019-03-31": "50.51000", "2018-12-31": "49.04400", "2018-09-30": "48.60100", "2018-06-30": "42.98500", "2018-03-31": "39.84800", "2017-12-31": "29.46800", "2017-09-30": "24.75100", "2017-06-30": "17.79100", "2017-03-31": "12.27800", "2016-12-31": "5.22800", "2016-09-30": "3.98600", "2016-06-30": "3.98200", "2016-03-31": "3.99000", "2015-12-31": "3.97700", "2015-09-30": "2.73300", "2015-06-30": "2.41600", "2015-03-31": "2.41600", "2014-12-31": "2.41600", "2014-09-30": "3.36200", "2014-06-30": "5.22600", "2014-03-31": "7.84900", "2013-12-31": "3.53000", "2013-09-30": "6.72100", "2013-06-30": "3.78800", "2013-03-31": "5.65200", "2012-12-31": "4.71300", "2012-09-30": "2.47400", "2012-06-30": "7.18000", "2012-03-31": "5.13500", "2011-12-31": "3.63300", "2011-09-30": "4.26700", "2011-06-30": "10.89200", "2011-03-31": "13.57600", "2010-12-31": "3.22400", "2010-09-30": "5.24100", "2010-06-30": "2.15300", "2010-03-31": "1.64800", "2009-12-31": "2.08500", "2009-09-30": "5.67100", "2009-06-30": "3.36000", "2009-03-31": "3.12600", "2008-12-31": "4.97100", "2008-09-30": "4.07660", "2008-06-30": "2.66640", "2008-03-31": "4.05330", "2007-12-31": "2.86980", "2007-09-30": "1.75140", "2007-06-30": "1.11980", "2007-03-31": "0.55180", "2006-12-31": "0.05150", "2006-09-30": "0.06130", "2006-06-30": "0.04440", "2006-03-31": "0.84020", "2005-12-31": "1.23640", "2005-09-30": "", "2005-06-30": "", "2005-03-31": ""}, "Inventory": {"2020-09-30": "220.11800", "2020-06-30": "179.65000", "2020-03-31": "173.16800", "2019-12-31": "171.37900", "2019-09-30": "166.36000", "2019-06-30": "156.56900", "2019-03-31": "140.46700", "2018-12-31": "125.44500", "2018-09-30": "115.81600", "2018-06-30": "104.12600", "2018-03-31": "99.37500", "2017-12-31": "83.60500", "2017-09-30": "64.69300", "2017-06-30": "41.75400", "2017-03-31": "30.44500", "2016-12-31": "12.81300", "2016-09-30": "2.92100", "2016-06-30": "", "2016-03-31": "", "2015-12-31": "", "2015-09-30": "", "2015-06-30": "", "2015-03-31": "", "2014-12-31": "", "2014-09-30": "", "2014-06-30": "", "2014-03-31": "", "2013-12-31": "", "2013-09-30": "", "2013-06-30": "", "2013-03-31": "", "2012-12-31": "", "2012-09-30": "", "2012-06-30": "", "2012-03-31": "", "2011-12-31": "", "2011-09-30": "", "2011-06-30": "", "2011-03-31": "", "2010-12-31": "", "2010-09-30": "", "2010-06-30": "", "2010-03-31": "", "2009-12-31": "", "2009-09-30": "", "2009-06-30": "", "2009-03-31": "", "2008-12-31": "", "2008-09-30": "", "2008-06-30": "", "2008-03-31": "", "2007-12-31": "", "2007-09-30": "", "2007-06-30": "", "2007-03-31": "", "2006-12-31": "", "2006-09-30": "", "2006-06-30": "", "2006-03-31": "", "2005-12-31": "", "2005-09-30": "", "2005-06-30": "", "2005-03-31": ""}, "Pre-Paid Expenses": {"2020-09-30": "", "2020-06-30": "", "2020-03-31": "", "2019-12-31": "", "2019-09-30": "", "2019-06-30": "", "2019-03-31": "", "2018-12-31": "", "2018-09-30": "", "2018-06-30": "", "2018-03-31": "", "2017-12-31": "", "2017-09-30": "", "2017-06-30": "", "2017-03-31": "", "2016-12-31": "", "2016-09-30": "", "2016-06-30": "", "2016-03-31": "", "2015-12-31": "", "2015-09-30": "", "2015-06-30": "", "2015-03-31": "", "2014-12-31": "", "2014-09-30": "", "2014-06-30": "", "2014-03-31": "", "2013-12-31": "", "2013-09-30": "", "2013-06-30": "", "2013-03-31": "", "2012-12-31": "", "2012-09-30": "", "2012-06-30": "", "2012-03-31": "", "2011-12-31": "", "2011-09-30": "", "2011-06-30": "", "2011-03-31": "", "2010-12-31": "", "2010-09-30": "", "2010-06-30": "", "2010-03-31": "", "2009-12-31": "", "2009-09-30": "", "2009-06-30": "", "2009-03-31": "", "2008-12-31": "", "2008-09-30": "", "2008-06-30": "", "2008-03-31": "", "2007-12-31": "", "2007-09-30": "", "2007-06-30": "", "2007-03-31": "", "2006-12-31": "", "2006-09-30": "", "2006-06-30": "", "2006-03-31": "", "2005-12-31": "", "2005-09-30": "", "2005-06-30": "", "2005-03-31": ""}, "Other Current Assets": {"2020-09-30": "164.62400", "2020-06-30": "114.43500", "2020-03-31": "96.15300", "2019-12-31": "81.90700", "2019-09-30": "79.01500", "2019-06-30": "110.79900", "2019-03-31": "136.23800", "2018-12-31": "77.78200", "2018-09-30": "54.80000", "2018-06-30": "42.98900", "2018-03-31": "31.20300", "2017-12-31": "36.51100", "2017-09-30": "28.53400", "2017-06-30": "30.09400", "2017-03-31": "24.27100", "2016-12-31": "26.89500", "2016-09-30": "22.00200", "2016-06-30": "15.30200", "2016-03-31": "16.88500", "2015-12-31": "17.38000", "2015-09-30": "19.46600", "2015-06-30": "23.09100", "2015-03-31": "24.41000", "2014-12-31": "35.03600", "2014-09-30": "26.43600", "2014-06-30": "15.90600", "2014-03-31": "9.07900", "2013-12-31": "3.06100", "2013-09-30": "2.80700", "2013-06-30": "5.68300", "2013-03-31": "3.02300", "2012-12-31": "1.53400", "2012-09-30": "1.69800", "2012-06-30": "1.56100", "2012-03-31": "1.92400", "2011-12-31": "1.64700", "2011-09-30": "1.32200", "2011-06-30": "0.94300", "2011-03-31": "1.63600", "2010-12-31": "1.02500", "2010-09-30": "1.10600", "2010-06-30": "1.03700", "2010-03-31": "0.89100", "2009-12-31": "0.95000", "2009-09-30": "0.83900", "2009-06-30": "0.76400", "2009-03-31": "0.64500", "2008-12-31": "0.59900", "2008-09-30": "1.22270", "2008-06-30": "1.09400", "2008-03-31": "1.07500", "2007-12-31": "0.76730", "2007-09-30": "0.95300", "2007-06-30": "0.77520", "2007-03-31": "0.70950", "2006-12-31": "0.73630", "2006-09-30": "0.80300", "2006-06-30": "0.58350", "2006-03-31": "0.48050", "2005-12-31": "0.36590", "2005-09-30": "0.54250", "2005-06-30": "0.24470", "2005-03-31": "0.28310"}, "Total Current Assets": {"2020-09-30": "2322.67300", "2020-06-30": "2459.42100", "2020-03-31": "2547.34800", "2019-12-31": "1468.91300", "2019-09-30": "1362.29900", "2019-06-30": "1427.41800", "2019-03-31": "1671.42300", "2018-12-31": "1426.18300", "2018-09-30": "1012.07700", "2018-06-30": "1139.24400", "2018-03-31": "1219.41700", "2017-12-31": "1228.64400", "2017-09-30": "735.60800", "2017-06-30": "390.58500", "2017-03-31": "457.30700", "2016-12-31": "373.47600", "2016-09-30": "434.74400", "2016-06-30": "153.19400", "2016-03-31": "160.72600", "2015-12-31": "224.54300", "2015-09-30": "122.10800", "2015-06-30": "182.39400", "2015-03-31": "193.04900", "2014-12-31": "247.79600", "2014-09-30": "269.81500", "2014-06-30": "304.67100", "2014-03-31": "249.37000", "2013-12-31": "270.80600", "2013-09-30": "290.42200", "2013-06-30": "172.90600", "2013-03-31": "176.59400", "2012-12-31": "193.90800", "2012-09-30": "42.15900", "2012-06-30": "33.23200", "2012-03-31": "37.63200", "2011-12-31": "45.18400", "2011-09-30": "51.94500", "2011-06-30": "66.02300", "2011-03-31": "38.49500", "2010-12-31": "37.83800", "2010-09-30": "42.31400", "2010-06-30": "39.93200", "2010-03-31": "44.14900", "2009-12-31": "51.31000", "2009-09-30": "56.94700", "2009-06-30": "24.32900", "2009-03-31": "28.77900", "2008-12-31": "17.04400", "2008-09-30": "19.66000", "2008-06-30": "22.54650", "2008-03-31": "25.36340", "2007-12-31": "28.71150", "2007-09-30": "16.75410", "2007-06-30": "21.21530", "2007-03-31": "28.30740", "2006-12-31": "33.93990", "2006-09-30": "39.28930", "2006-06-30": "45.10140", "2006-03-31": "50.76720", "2005-12-31": "48.65340", "2005-09-30": "31.49990", "2005-06-30": "32.43090", "2005-03-31": "37.47460"}, "Property, Plant, And Equipment": {"2020-09-30": "171.71500", "2020-06-30": "153.34000", "2020-03-31": "137.32500", "2019-12-31": "129.62000", "2019-09-30": "119.53200", "2019-06-30": "117.20100", "2019-03-31": "106.28000", "2018-12-31": "97.02400", "2018-09-30": "76.84100", "2018-06-30": "57.62400", "2018-03-31": "53.92700", "2017-12-31": "43.15600", "2017-09-30": "38.87200", "2017-06-30": "39.39300", "2017-03-31": "38.41200", "2016-12-31": "37.80100", "2016-09-30": "35.62000", "2016-06-30": "36.15800", "2016-03-31": "36.98200", "2015-12-31": "37.34400", "2015-09-30": "37.37900", "2015-06-30": "37.19600", "2015-03-31": "37.75900", "2014-12-31": "38.50100", "2014-09-30": "37.17800", "2014-06-30": "20.16300", "2014-03-31": "20.13000", "2013-12-31": "15.04900", "2013-09-30": "8.24400", "2013-06-30": "3.35900", "2013-03-31": "3.08800", "2012-12-31": "3.39700", "2012-09-30": "3.66100", "2012-06-30": "3.89800", "2012-03-31": "4.10500", "2011-12-31": "4.26500", "2011-09-30": "2.44500", "2011-06-30": "2.36300", "2011-03-31": "2.11100", "2010-12-31": "2.07000", "2010-09-30": "2.15500", "2010-06-30": "2.18400", "2010-03-31": "2.36100", "2009-12-31": "2.46600", "2009-09-30": "2.10200", "2009-06-30": "4.75800", "2009-03-31": "4.93400", "2008-12-31": "5.18900", "2008-09-30": "6.27770", "2008-06-30": "6.47410", "2008-03-31": "6.67750", "2007-12-31": "6.82510", "2007-09-30": "7.09930", "2007-06-30": "7.18950", "2007-03-31": "4.10350", "2006-12-31": "4.32960", "2006-09-30": "4.74570", "2006-06-30": "4.93560", "2006-03-31": "5.15390", "2005-12-31": "5.59930", "2005-09-30": "5.88780", "2005-06-30": "6.00780", "2005-03-31": "6.14380"}, "Long-Term Investments": {"2020-09-30": "", "2020-06-30": "", "2020-03-31": "", "2019-12-31": "", "2019-09-30": "", "2019-06-30": "", "2019-03-31": "", "2018-12-31": "", "2018-09-30": "", "2018-06-30": "", "2018-03-31": "", "2017-12-31": "21.80900", "2017-09-30": "0.78400", "2017-06-30": "0.78400", "2017-03-31": "0.78400", "2016-12-31": "4.75100", "2016-09-30": "0.78400", "2016-06-30": "0.78300", "2016-03-31": "0.78300", "2015-12-31": "0.78300", "2015-09-30": "11.47800", "2015-06-30": "0.78300", "2015-03-31": "0.78300", "2014-12-31": "0.78200", "2014-09-30": "0.64700", "2014-06-30": "0.64700", "2014-03-31": "0.64700", "2013-12-31": "0.64700", "2013-09-30": "0.55700", "2013-06-30": "0.55700", "2013-03-31": "7.25000", "2012-12-31": "", "2012-09-30": "", "2012-06-30": "", "2012-03-31": "", "2011-12-31": "", "2011-09-30": "", "2011-06-30": "", "2011-03-31": "", "2010-12-31": "", "2010-09-30": "", "2010-06-30": "", "2010-03-31": "", "2009-12-31": "", "2009-09-30": "", "2009-06-30": "", "2009-03-31": "", "2008-12-31": "", "2008-09-30": "", "2008-06-30": "", "2008-03-31": "", "2007-12-31": "", "2007-09-30": "", "2007-06-30": "", "2007-03-31": "", "2006-12-31": "", "2006-09-30": "", "2006-06-30": "", "2006-03-31": "", "2005-12-31": "", "2005-09-30": "", "2005-06-30": "", "2005-03-31": ""}, "Goodwill And Intangible Assets": {"2020-09-30": "13.34400", "2020-06-30": "13.10500", "2020-03-31": "12.81300", "2019-12-31": "12.49700", "2019-09-30": "11.97500", "2019-06-30": "11.82500", "2019-03-31": "11.78100", "2018-12-31": "11.57400", "2018-09-30": "15.32400", "2018-06-30": "14.85700", "2018-03-31": "14.47300", "2017-12-31": "14.35500", "2017-09-30": "14.02900", "2017-06-30": "7.79500", "2017-03-31": "7.68400", "2016-12-31": "8.07600", "2016-09-30": "8.11100", "2016-06-30": "6.99100", "2016-03-31": "6.72800", "2015-12-31": "6.64200", "2015-09-30": "6.11600", "2015-06-30": "6.02400", "2015-03-31": "5.84200", "2014-12-31": "5.89100", "2014-09-30": "5.68900", "2014-06-30": "5.38700", "2014-03-31": "5.21700", "2013-12-31": "5.04200", "2013-09-30": "5.23100", "2013-06-30": "5.18600", "2013-03-31": "4.88300", "2012-12-31": "4.91300", "2012-09-30": "4.83700", "2012-06-30": "4.74000", "2012-03-31": "4.70400", "2011-12-31": "4.76400", "2011-09-30": "4.69800", "2011-06-30": "4.45900", "2011-03-31": "4.07400", "2010-12-31": "3.98000", "2010-09-30": "4.30100", "2010-06-30": "4.06800", "2010-03-31": "3.83200", "2009-12-31": "3.75900", "2009-09-30": "3.58000", "2009-06-30": "3.45200", "2009-03-31": "3.26900", "2008-12-31": "3.26800", "2008-09-30": "3.54250", "2008-06-30": "3.52290", "2008-03-31": "3.40430", "2007-12-31": "3.06660", "2007-09-30": "2.97670", "2007-06-30": "2.76900", "2007-03-31": "2.61150", "2006-12-31": "2.55850", "2006-09-30": "2.47240", "2006-06-30": "2.31230", "2006-03-31": "2.16320", "2005-12-31": "2.11770", "2005-09-30": "2.09110", "2005-06-30": "2.06660", "2005-03-31": "2.04220"}, "Other Long-Term Assets": {"2020-09-30": "201.84700", "2020-06-30": "182.98000", "2020-03-31": "186.80500", "2019-12-31": "173.85900", "2019-09-30": "169.17100", "2019-06-30": "151.86000", "2019-03-31": "133.31300", "2018-12-31": "107.29400", "2018-09-30": "78.66400", "2018-06-30": "35.43500", "2018-03-31": "12.46600", "2017-12-31": "", "2017-09-30": "10.98800", "2017-06-30": "11.58200", "2017-03-31": "7.34600", "2016-12-31": "", "2016-09-30": "8.05100", "2016-06-30": "6.94200", "2016-03-31": "8.14500", "2015-12-31": "4.47000", "2015-09-30": "7.67000", "2015-06-30": "5.31300", "2015-03-31": "5.27500", "2014-12-31": "2.06300", "2014-09-30": "5.72900", "2014-06-30": "6.44100", "2014-03-31": "0.02500", "2013-12-31": "0.02500", "2013-09-30": "0.02500", "2013-06-30": "1.62500", "2013-03-31": "1.52500", "2012-12-31": "2.77500", "2012-09-30": "2.42500", "2012-06-30": "0.23100", "2012-03-31": "0.20600", "2011-12-31": "0.15500", "2011-09-30": "0.13900", "2011-06-30": "0.12300", "2011-03-31": "0.38600", "2010-12-31": "0.12300", "2010-09-30": "0.11100", "2010-06-30": "0.11100", "2010-03-31": "0.11100", "2009-12-31": "0.12000", "2009-09-30": "0.12100", "2009-06-30": "0.07800", "2009-03-31": "0.03500", "2008-12-31": "0.03500", "2008-09-30": "0.03470", "2008-06-30": "0.03470", "2008-03-31": "0.03470", "2007-12-31": "0.03470", "2007-09-30": "0.03470", "2007-06-30": "0.03470", "2007-03-31": "0.28470", "2006-12-31": "0.03470", "2006-09-30": "0.03470", "2006-06-30": "0.03470", "2006-03-31": "0.03470", "2005-12-31": "0.03760", "2005-09-30": "0.03760", "2005-06-30": "0.03760", "2005-03-31": "0.03760"}, "Total Long-Term Assets": {"2020-09-30": "457.99100", "2020-06-30": "423.62200", "2020-03-31": "400.04000", "2019-12-31": "353.90900", "2019-09-30": "340.17100", "2019-06-30": "320.33500", "2019-03-31": "292.47200", "2018-12-31": "215.89200", "2018-09-30": "170.82900", "2018-06-30": "107.91600", "2018-03-31": "80.86600", "2017-12-31": "79.32000", "2017-09-30": "64.67300", "2017-06-30": "59.55400", "2017-03-31": "54.22600", "2016-12-31": "50.62800", "2016-09-30": "52.56600", "2016-06-30": "50.87400", "2016-03-31": "52.63800", "2015-12-31": "49.23900", "2015-09-30": "62.64300", "2015-06-30": "49.31600", "2015-03-31": "49.65900", "2014-12-31": "47.23700", "2014-09-30": "49.24300", "2014-06-30": "32.63800", "2014-03-31": "26.01900", "2013-12-31": "20.76300", "2013-09-30": "14.05700", "2013-06-30": "10.72700", "2013-03-31": "16.74600", "2012-12-31": "11.08500", "2012-09-30": "10.92300", "2012-06-30": "8.86900", "2012-03-31": "9.01500", "2011-12-31": "9.18400", "2011-09-30": "9.13800", "2011-06-30": "8.91000", "2011-03-31": "8.53600", "2010-12-31": "8.13800", "2010-09-30": "8.54600", "2010-06-30": "8.73500", "2010-03-31": "8.67600", "2009-12-31": "8.71700", "2009-09-30": "8.17600", "2009-06-30": "8.28800", "2009-03-31": "8.23800", "2008-12-31": "8.49200", "2008-09-30": "9.85500", "2008-06-30": "10.03170", "2008-03-31": "10.11650", "2007-12-31": "9.92650", "2007-09-30": "10.11070", "2007-06-30": "9.99330", "2007-03-31": "6.99970", "2006-12-31": "6.92280", "2006-09-30": "7.25280", "2006-06-30": "7.28260", "2006-03-31": "7.35180", "2005-12-31": "7.75460", "2005-09-30": "8.01650", "2005-06-30": "8.11200", "2005-03-31": "8.22360"}, "Total Assets": {"2020-09-30": "2780.66400", "2020-06-30": "2883.04300", "2020-03-31": "2947.38800", "2019-12-31": "1822.82200", "2019-09-30": "1702.47000", "2019-06-30": "1747.75300", "2019-03-31": "1963.89500", "2018-12-31": "1642.07500", "2018-09-30": "1182.90600", "2018-06-30": "1247.16000", "2018-03-31": "1300.28300", "2017-12-31": "1307.96400", "2017-09-30": "800.28100", "2017-06-30": "450.13900", "2017-03-31": "511.53300", "2016-12-31": "424.10400", "2016-09-30": "487.31000", "2016-06-30": "204.06800", "2016-03-31": "213.36400", "2015-12-31": "273.78200", "2015-09-30": "184.75100", "2015-06-30": "231.71000", "2015-03-31": "242.70800", "2014-12-31": "295.03300", "2014-09-30": "319.05800", "2014-06-30": "337.30900", "2014-03-31": "275.38900", "2013-12-31": "291.56900", "2013-09-30": "304.47900", "2013-06-30": "183.63300", "2013-03-31": "193.34000", "2012-12-31": "204.99300", "2012-09-30": "53.08200", "2012-06-30": "42.10100", "2012-03-31": "46.64700", "2011-12-31": "54.36800", "2011-09-30": "61.08300", "2011-06-30": "74.93300", "2011-03-31": "47.03100", "2010-12-31": "45.97600", "2010-09-30": "50.86000", "2010-06-30": "48.66700", "2010-03-31": "52.82500", "2009-12-31": "60.02700", "2009-09-30": "65.12300", "2009-06-30": "32.61700", "2009-03-31": "37.01700", "2008-12-31": "25.53600", "2008-09-30": "29.51500", "2008-06-30": "32.57820", "2008-03-31": "35.47990", "2007-12-31": "38.63790", "2007-09-30": "26.86480", "2007-06-30": "31.20850", "2007-03-31": "35.30710", "2006-12-31": "40.86280", "2006-09-30": "46.54210", "2006-06-30": "52.38400", "2006-03-31": "58.11910", "2005-12-31": "56.40800", "2005-09-30": "39.51650", "2005-06-30": "40.54300", "2005-03-31": "45.69820"}, "Total Current Liabilities": {"2020-09-30": "378.38800", "2020-06-30": "354.89600", "2020-03-31": "306.42900", "2019-12-31": "264.76700", "2019-09-30": "215.85600", "2019-06-30": "162.08900", "2019-03-31": "137.36600", "2018-12-31": "173.69000", "2018-09-30": "114.39300", "2018-06-30": "104.68700", "2018-03-31": "91.19600", "2017-12-31": "88.33200", "2017-09-30": "70.47000", "2017-06-30": "65.96000", "2017-03-31": "74.62900", "2016-12-31": "75.42200", "2016-09-30": "64.93300", "2016-06-30": "66.93000", "2016-03-31": "55.16000", "2015-12-31": "62.29400", "2015-09-30": "37.66700", "2015-06-30": "38.96200", "2015-03-31": "33.90600", "2014-12-31": "36.86700", "2014-09-30": "22.72600", "2014-06-30": "29.40400", "2014-03-31": "37.75800", "2013-12-31": "35.96600", "2013-09-30": "51.10100", "2013-06-30": "92.43300", "2013-03-31": "103.65900", "2012-12-31": "78.88600", "2012-09-30": "55.20000", "2012-06-30": "17.13100", "2012-03-31": "29.92300", "2011-12-31": "20.60100", "2011-09-30": "26.53100", "2011-06-30": "36.93800", "2011-03-31": "43.22000", "2010-12-31": "45.85700", "2010-09-30": "43.76500", "2010-06-30": "37.26800", "2010-03-31": "26.34100", "2009-12-31": "33.50700", "2009-09-30": "43.05900", "2009-06-30": "26.28800", "2009-03-31": "11.61600", "2008-12-31": "7.28800", "2008-09-30": "10.66610", "2008-06-30": "8.82690", "2008-03-31": "12.14160", "2007-12-31": "9.75230", "2007-09-30": "9.55030", "2007-06-30": "4.88690", "2007-03-31": "4.34680", "2006-12-31": "8.34340", "2006-09-30": "2.18290", "2006-06-30": "2.26480", "2006-03-31": "2.20980", "2005-12-31": "2.74800", "2005-09-30": "2.52260", "2005-06-30": "1.92670", "2005-03-31": "2.27790"}, "Long Term Debt": {"2020-09-30": "700.47000", "2020-06-30": "694.15600", "2020-03-31": "687.95300", "2019-12-31": "681.90000", "2019-09-30": "436.42100", "2019-06-30": "431.04000", "2019-03-31": "425.75200", "2018-12-31": "420.55400", "2018-09-30": "415.44600", "2018-06-30": "429.92500", "2018-03-31": "427.36500", "2017-12-31": "424.87600", "2017-09-30": "26.55000", "2017-06-30": "", "2017-03-31": "2.34300", "2016-12-31": "6.04200", "2016-09-30": "8.49100", "2016-06-30": "10.11100", "2016-03-31": "13.37300", "2015-12-31": "14.96900", "2015-09-30": "17.39700", "2015-06-30": "20.65200", "2015-03-31": "1.45000", "2014-12-31": "3.73800", "2014-09-30": "3.76300", "2014-06-30": "1.52500", "2014-03-31": "1.55100", "2013-12-31": "1.57600", "2013-09-30": "1.59900", "2013-06-30": "1.62200", "2013-03-31": "1.64500", "2012-12-31": "1.66800", "2012-09-30": "1.69000", "2012-06-30": "1.71300", "2012-03-31": "1.73500", "2011-12-31": "1.75700", "2011-09-30": "1.77800", "2011-06-30": "1.80000", "2011-03-31": "1.82100", "2010-12-31": "1.84200", "2010-09-30": "1.86300", "2010-06-30": "1.88300", "2010-03-31": "1.90300", "2009-12-31": "1.92400", "2009-09-30": "1.95000", "2009-06-30": "1.96200", "2009-03-31": "1.98100", "2008-12-31": "2.00100", "2008-09-30": "2.01510", "2008-06-30": "2.03390", "2008-03-31": "2.09830", "2007-12-31": "2.07070", "2007-09-30": "2.08880", "2007-06-30": "2.10670", "2007-03-31": "", "2006-12-31": "", "2006-09-30": "", "2006-06-30": "", "2006-03-31": "", "2005-12-31": "", "2005-09-30": "", "2005-06-30": "", "2005-03-31": ""}, "Other Non-Current Liabilities": {"2020-09-30": "55.54800", "2020-06-30": "10.24800", "2020-03-31": "10.24800", "2019-12-31": "10.24800", "2019-09-30": "", "2019-06-30": "", "2019-03-31": "", "2018-12-31": "15.55500", "2018-09-30": "", "2018-06-30": "", "2018-03-31": "", "2017-12-31": "", "2017-09-30": "", "2017-06-30": "", "2017-03-31": "", "2016-12-31": "", "2016-09-30": "", "2016-06-30": "", "2016-03-31": "", "2015-12-31": "", "2015-09-30": "", "2015-06-30": "", "2015-03-31": "", "2014-12-31": "", "2014-09-30": "", "2014-06-30": "", "2014-03-31": "", "2013-12-31": "", "2013-09-30": "4.79500", "2013-06-30": "0.75700", "2013-03-31": "0.75500", "2012-12-31": "", "2012-09-30": "0.75800", "2012-06-30": "0.75700", "2012-03-31": "0.96700", "2011-12-31": "0.99300", "2011-09-30": "1.02200", "2011-06-30": "1.04600", "2011-03-31": "1.07000", "2010-12-31": "1.09400", "2010-09-30": "1.06900", "2010-06-30": "1.07500", "2010-03-31": "1.10800", "2009-12-31": "0.96600", "2009-09-30": "0.61000", "2009-06-30": "0.57900", "2009-03-31": "0.53000", "2008-12-31": "0.51500", "2008-09-30": "0.49500", "2008-06-30": "0.47440", "2008-03-31": "0.45380", "2007-12-31": "0.43310", "2007-09-30": "", "2007-06-30": "", "2007-03-31": "", "2006-12-31": "", "2006-09-30": "", "2006-06-30": "", "2006-03-31": "", "2005-12-31": "", "2005-09-30": "", "2005-06-30": "", "2005-03-31": ""}, "Total Long Term Liabilities": {"2020-09-30": "1510.22900", "2020-06-30": "1485.28100", "2020-03-31": "1496.13100", "2019-12-31": "739.86800", "2019-09-30": "491.41000", "2019-06-30": "486.49700", "2019-03-31": "477.96500", "2018-12-31": "436.10900", "2018-09-30": "428.66500", "2018-06-30": "443.42600", "2018-03-31": "432.32700", "2017-12-31": "430.41500", "2017-09-30": "32.65500", "2017-06-30": "6.40700", "2017-03-31": "7.76200", "2016-12-31": "11.99100", "2016-09-30": "13.75300", "2016-06-30": "15.67800", "2016-03-31": "19.24200", "2015-12-31": "21.14100", "2015-09-30": "23.84800", "2015-06-30": "27.37200", "2015-03-31": "8.04300", "2014-12-31": "10.51300", "2014-09-30": "10.12800", "2014-06-30": "7.98400", "2014-03-31": "8.66900", "2013-12-31": "8.41100", "2013-09-30": "6.39400", "2013-06-30": "2.37900", "2013-03-31": "2.40000", "2012-12-31": "2.42800", "2012-09-30": "2.44800", "2012-06-30": "2.47000", "2012-03-31": "2.70200", "2011-12-31": "2.75000", "2011-09-30": "2.80000", "2011-06-30": "2.84600", "2011-03-31": "2.89100", "2010-12-31": "2.93600", "2010-09-30": "2.93200", "2010-06-30": "2.95800", "2010-03-31": "3.01100", "2009-12-31": "2.89000", "2009-09-30": "2.56000", "2009-06-30": "2.54100", "2009-03-31": "2.51100", "2008-12-31": "2.51600", "2008-09-30": "2.51010", "2008-06-30": "2.50830", "2008-03-31": "2.55210", "2007-12-31": "2.50390", "2007-09-30": "2.08880", "2007-06-30": "2.10670", "2007-03-31": "", "2006-12-31": "", "2006-09-30": "", "2006-06-30": "", "2006-03-31": "", "2005-12-31": "", "2005-09-30": "", "2005-06-30": "", "2005-03-31": ""}, "Total Liabilities": {"2020-09-30": "1888.61700", "2020-06-30": "1840.17700", "2020-03-31": "1802.56000", "2019-12-31": "1004.63500", "2019-09-30": "707.26600", "2019-06-30": "648.58600", "2019-03-31": "615.33100", "2018-12-31": "609.79900", "2018-09-30": "543.05800", "2018-06-30": "548.11300", "2018-03-31": "523.52300", "2017-12-31": "518.74700", "2017-09-30": "103.12500", "2017-06-30": "72.36700", "2017-03-31": "82.39100", "2016-12-31": "87.41300", "2016-09-30": "78.68600", "2016-06-30": "82.60800", "2016-03-31": "74.40200", "2015-12-31": "83.43500", "2015-09-30": "61.51500", "2015-06-30": "66.33400", "2015-03-31": "41.94900", "2014-12-31": "47.38000", "2014-09-30": "32.85400", "2014-06-30": "37.38800", "2014-03-31": "46.42700", "2013-12-31": "44.37700", "2013-09-30": "57.49500", "2013-06-30": "94.81200", "2013-03-31": "106.05900", "2012-12-31": "81.31400", "2012-09-30": "57.64800", "2012-06-30": "19.60100", "2012-03-31": "32.62500", "2011-12-31": "23.35100", "2011-09-30": "29.33100", "2011-06-30": "39.78400", "2011-03-31": "46.11100", "2010-12-31": "48.79300", "2010-09-30": "46.69700", "2010-06-30": "40.22600", "2010-03-31": "29.35200", "2009-12-31": "36.39700", "2009-09-30": "45.61900", "2009-06-30": "28.82900", "2009-03-31": "14.12700", "2008-12-31": "9.80400", "2008-09-30": "13.17620", "2008-06-30": "11.33520", "2008-03-31": "14.69370", "2007-12-31": "12.25620", "2007-09-30": "11.63910", "2007-06-30": "6.99360", "2007-03-31": "4.34680", "2006-12-31": "8.34340", "2006-09-30": "2.18290", "2006-06-30": "2.26480", "2006-03-31": "2.20980", "2005-12-31": "2.74800", "2005-09-30": "2.52260", "2005-06-30": "1.92670", "2005-03-31": "2.27790"}, "Common Stock Net": {"2020-09-30": "0.00800", "2020-06-30": "0.00800", "2020-03-31": "0.00800", "2019-12-31": "0.00800", "2019-09-30": "0.00700", "2019-06-30": "0.00700", "2019-03-31": "0.00700", "2018-12-31": "0.00700", "2018-09-30": "0.00700", "2018-06-30": "0.00700", "2018-03-31": "0.00700", "2017-12-31": "0.00600", "2017-09-30": "0.00600", "2017-06-30": "0.00600", "2017-03-31": "0.00500", "2016-12-31": "0.00500", "2016-09-30": "0.00500", "2016-06-30": "0.00500", "2016-03-31": "0.00500", "2015-12-31": "0.00500", "2015-09-30": "0.00400", "2015-06-30": "0.00400", "2015-03-31": "0.00400", "2014-12-31": "0.00400", "2014-09-30": "0.00400", "2014-06-30": "0.00400", "2014-03-31": "0.00400", "2013-12-31": "0.00400", "2013-09-30": "0.00400", "2013-06-30": "0.00300", "2013-03-31": "0.00300", "2012-12-31": "0.00300", "2012-09-30": "0.00200", "2012-06-30": "0.00200", "2012-03-31": "0.01300", "2011-12-31": "0.00200", "2011-09-30": "0.01300", "2011-06-30": "0.01400", "2011-03-31": "0.01100", "2010-12-31": "0.01100", "2010-09-30": "0.01100", "2010-06-30": "0.01100", "2010-03-31": "0.01100", "2009-12-31": "0.01100", "2009-09-30": "0.01100", "2009-06-30": "0.00900", "2009-03-31": "0.00900", "2008-12-31": "0.00700", "2008-09-30": "0.00710", "2008-06-30": "0.00710", "2008-03-31": "0.00700", "2007-12-31": "0.00640", "2007-09-30": "0.00540", "2007-06-30": "0.00540", "2007-03-31": "0.00530", "2006-12-31": "0.00530", "2006-09-30": "0.00530", "2006-06-30": "0.00530", "2006-03-31": "0.00530", "2005-12-31": "0.00510", "2005-09-30": "0.00440", "2005-06-30": "0.00440", "2005-03-31": "0.00440"}, "Retained Earnings (Accumulated Deficit)": {"2020-09-30": "-2658.81200", "2020-06-30": "-2462.31300", "2020-03-31": "-2311.49300", "2019-12-31": "-2294.00100", "2019-09-30": "-2058.29800", "2019-06-30": "-1931.97200", "2019-03-31": "-1655.56900", "2018-12-31": "-1578.92600", "2018-09-30": "-1438.03100", "2018-06-30": "-1361.63800", "2018-03-31": "-1252.37100", "2017-12-31": "-1217.00800", "2017-09-30": "-1193.01000", "2017-06-30": "-1145.27600", "2017-03-31": "-1082.23000", "2016-12-31": "-1166.32000", "2016-09-30": "-1077.86800", "2016-06-30": "-1021.12600", "2016-03-31": "-958.82500", "2015-12-31": "-899.05500", "2015-09-30": "-834.37400", "2015-06-30": "-782.43500", "2015-03-31": "-740.58400", "2014-12-31": "-679.02500", "2014-09-30": "-634.60900", "2014-06-30": "-605.38300", "2014-03-31": "-571.50900", "2013-12-31": "-543.23600", "2013-09-30": "-534.41600", "2013-06-30": "-492.38600", "2013-03-31": "-473.33500", "2012-12-31": "-431.25100", "2012-09-30": "-369.18400", "2012-06-30": "-319.63000", "2012-03-31": "-327.66800", "2011-12-31": "-309.96400", "2011-09-30": "-308.55400", "2011-06-30": "-304.53400", "2011-03-31": "-305.81300", "2010-12-31": "-307.64600", "2010-09-30": "-300.00200", "2010-06-30": "-292.70900", "2010-03-31": "-276.05300", "2009-12-31": "-275.46900", "2009-09-30": "-278.99400", "2009-06-30": "-270.90500", "2009-03-31": "-251.23700", "2008-12-31": "-250.31000", "2008-09-30": "-249.16960", "2008-06-30": "-243.12270", "2008-03-31": "-241.37200", "2007-12-31": "-226.35760", "2007-09-30": "-222.23040", "2007-06-30": "-221.98090", "2007-03-31": "-213.44420", "2006-12-31": "-199.18980", "2006-09-30": "-195.39210", "2006-06-30": "-188.61140", "2006-03-31": "-181.70940", "2005-12-31": "-172.64820", "2005-09-30": "-168.09670", "2005-06-30": "-166.40420", "2005-03-31": "-161.47160"}, "Comprehensive Income": {"2020-09-30": "-0.00600", "2020-06-30": "0.00600", "2020-03-31": "0.62400", "2019-12-31": "0.05000", "2019-09-30": "0.07500", "2019-06-30": "0.08200", "2019-03-31": "0.01900", "2018-12-31": "-0.09900", "2018-09-30": "0.00800", "2018-06-30": "-0.36100", "2018-03-31": "-0.64300", "2017-12-31": "-0.37900", "2017-09-30": "-0.01200", "2017-06-30": "-0.03800", "2017-03-31": "-0.05500", "2016-12-31": "-0.12000", "2016-09-30": "0.00000", "2016-06-30": "0.00100", "2016-03-31": "-0.00500", "2015-12-31": "-0.11100", "2015-09-30": "-0.00100", "2015-06-30": "-0.01900", "2015-03-31": "-0.01700", "2014-12-31": "-0.09500", "2014-09-30": "-0.05500", "2014-06-30": "-0.03500", "2014-03-31": "-0.05900", "2013-12-31": "", "2013-09-30": "", "2013-06-30": "", "2013-03-31": "", "2012-12-31": "", "2012-09-30": "", "2012-06-30": "", "2012-03-31": "", "2011-12-31": "", "2011-09-30": "", "2011-06-30": "", "2011-03-31": "", "2010-12-31": "", "2010-09-30": "", "2010-06-30": "", "2010-03-31": "", "2009-12-31": "", "2009-09-30": "", "2009-06-30": "", "2009-03-31": "", "2008-12-31": "", "2008-09-30": "", "2008-06-30": "", "2008-03-31": "", "2007-12-31": "", "2007-09-30": "", "2007-06-30": "", "2007-03-31": "0.01640", "2006-12-31": "0.01840", "2006-09-30": "0.01930", "2006-06-30": "0.01720", "2006-03-31": "0.01490", "2005-12-31": "0.01300", "2005-09-30": "", "2005-06-30": "", "2005-03-31": ""}, "Other Share Holders Equity": {"2020-09-30": "", "2020-06-30": "", "2020-03-31": "", "2019-12-31": "", "2019-09-30": "", "2019-06-30": "", "2019-03-31": "", "2018-12-31": "", "2018-09-30": "", "2018-06-30": "", "2018-03-31": "", "2017-12-31": "", "2017-09-30": "", "2017-06-30": "", "2017-03-31": "", "2016-12-31": "", "2016-09-30": "", "2016-06-30": "", "2016-03-31": "", "2015-12-31": "", "2015-09-30": "", "2015-06-30": "", "2015-03-31": "", "2014-12-31": "", "2014-09-30": "", "2014-06-30": "", "2014-03-31": "", "2013-12-31": "", "2013-09-30": "", "2013-06-30": "", "2013-03-31": "", "2012-12-31": "", "2012-09-30": "", "2012-06-30": "", "2012-03-31": "", "2011-12-31": "", "2011-09-30": "", "2011-06-30": "", "2011-03-31": "", "2010-12-31": "", "2010-09-30": "", "2010-06-30": "", "2010-03-31": "", "2009-12-31": "", "2009-09-30": "", "2009-06-30": "", "2009-03-31": "", "2008-12-31": "", "2008-09-30": "", "2008-06-30": "", "2008-03-31": "", "2007-12-31": "", "2007-09-30": "", "2007-06-30": "", "2007-03-31": "", "2006-12-31": "", "2006-09-30": "", "2006-06-30": "", "2006-03-31": "", "2005-12-31": "", "2005-09-30": "", "2005-06-30": "", "2005-03-31": ""}, "Share Holder Equity": {"2020-09-30": "892.04700", "2020-06-30": "1042.86600", "2020-03-31": "1144.82800", "2019-12-31": "818.18700", "2019-09-30": "995.20400", "2019-06-30": "1099.16700", "2019-03-31": "1348.56400", "2018-12-31": "1032.27600", "2018-09-30": "639.84800", "2018-06-30": "699.04700", "2018-03-31": "776.76000", "2017-12-31": "789.21700", "2017-09-30": "697.15600", "2017-06-30": "377.77200", "2017-03-31": "429.14200", "2016-12-31": "336.69100", "2016-09-30": "408.62400", "2016-06-30": "121.46000", "2016-03-31": "138.96200", "2015-12-31": "190.34700", "2015-09-30": "123.23600", "2015-06-30": "165.37600", "2015-03-31": "200.75900", "2014-12-31": "247.65300", "2014-09-30": "286.20400", "2014-06-30": "299.92100", "2014-03-31": "228.96200", "2013-12-31": "247.19200", "2013-09-30": "246.98400", "2013-06-30": "88.82100", "2013-03-31": "87.28100", "2012-12-31": "123.67900", "2012-09-30": "-4.56600", "2012-06-30": "22.50000", "2012-03-31": "14.02200", "2011-12-31": "31.01700", "2011-09-30": "31.75200", "2011-06-30": "35.14900", "2011-03-31": "0.92000", "2010-12-31": "-2.81700", "2010-09-30": "4.16300", "2010-06-30": "8.44100", "2010-03-31": "23.47300", "2009-12-31": "23.63000", "2009-09-30": "19.50400", "2009-06-30": "3.78800", "2009-03-31": "22.89000", "2008-12-31": "15.73200", "2008-09-30": "16.33880", "2008-06-30": "21.24300", "2008-03-31": "20.78610", "2007-12-31": "26.38180", "2007-09-30": "15.22570", "2007-06-30": "24.21490", "2007-03-31": "30.96030", "2006-12-31": "32.51930", "2006-09-30": "44.35920", "2006-06-30": "50.11920", "2006-03-31": "55.90920", "2005-12-31": "53.66000", "2005-09-30": "36.99390", "2005-06-30": "38.61630", "2005-03-31": "43.42030"}, "Total Liabilities And Share Holders Equity": {"2020-09-30": "2780.66400", "2020-06-30": "2883.04300", "2020-03-31": "2947.38800", "2019-12-31": "1822.82200", "2019-09-30": "1702.47000", "2019-06-30": "1747.75300", "2019-03-31": "1963.89500", "2018-12-31": "1642.07500", "2018-09-30": "1182.90600", "2018-06-30": "1247.16000", "2018-03-31": "1300.28300", "2017-12-31": "1307.96400", "2017-09-30": "800.28100", "2017-06-30": "450.13900", "2017-03-31": "511.53300", "2016-12-31": "424.10400", "2016-09-30": "487.31000", "2016-06-30": "204.06800", "2016-03-31": "213.36400", "2015-12-31": "273.78200", "2015-09-30": "184.75100", "2015-06-30": "231.71000", "2015-03-31": "242.70800", "2014-12-31": "295.03300", "2014-09-30": "319.05800", "2014-06-30": "337.30900", "2014-03-31": "275.38900", "2013-12-31": "291.56900", "2013-09-30": "304.47900", "2013-06-30": "183.63300", "2013-03-31": "193.34000", "2012-12-31": "204.99300", "2012-09-30": "53.08200", "2012-06-30": "42.10100", "2012-03-31": "46.64700", "2011-12-31": "54.36800", "2011-09-30": "61.08300", "2011-06-30": "74.93300", "2011-03-31": "47.03100", "2010-12-31": "45.97600", "2010-09-30": "50.86000", "2010-06-30": "48.66700", "2010-03-31": "52.82500", "2009-12-31": "60.02700", "2009-09-30": "65.12300", "2009-06-30": "32.61700", "2009-03-31": "37.01700", "2008-12-31": "25.53600", "2008-09-30": "29.51500", "2008-06-30": "32.57820", "2008-03-31": "35.47990", "2007-12-31": "38.63790", "2007-09-30": "26.86480", "2007-06-30": "31.20850", "2007-03-31": "35.30710", "2006-12-31": "40.86280", "2006-09-30": "46.54210", "2006-06-30": "52.38400", "2006-03-31": "58.11910", "2005-12-31": "56.40800", "2005-09-30": "39.51650", "2005-06-30": "40.54300", "2005-03-31": "45.69820"}}, "cash flow statement": {"Net Income/Loss": {"2019-12-31": "-715.07500", "2018-12-31": "-361.91800", "2017-12-31": "-50.68800", "2016-12-31": "-267.26500", "2015-12-31": "-220.03000", "2014-12-31": "-135.78900", "2013-12-31": "-111.98500", "2012-12-31": "-121.28700", "2011-12-31": "-2.31800", "2010-12-31": "-32.17700", "2009-12-31": "-25.15900", "2008-12-31": "-23.95300", "2007-12-31": "-27.16800", "2006-12-31": "-28.68750", "2005-12-31": "-18.20590"}, "Total Depreciation And Amortization - Cash Flow": {"2019-12-31": "22.10200", "2018-12-31": "4.57300", "2017-12-31": "7.20400", "2016-12-31": "5.69100", "2015-12-31": "5.89900", "2014-12-31": "6.12200", "2013-12-31": "1.27700", "2012-12-31": "1.52500", "2011-12-31": "1.30000", "2010-12-31": "1.46300", "2009-12-31": "1.37900", "2008-12-31": "1.46900", "2007-12-31": "2.01400", "2006-12-31": "2.09040", "2005-12-31": "1.99770"}, "Other Non-Cash Items": {"2019-12-31": "303.39100", "2018-12-31": "76.57700", "2017-12-31": "-91.05100", "2016-12-31": "31.52100", "2015-12-31": "32.68100", "2014-12-31": "23.26400", "2013-12-31": "33.74400", "2012-12-31": "95.37300", "2011-12-31": "-29.59400", "2010-12-31": "15.85500", "2009-12-31": "12.04700", "2008-12-31": "12.96900", "2007-12-31": "0.83500", "2006-12-31": "4.58850", "2005-12-31": "1.96010"}, "Total Non-Cash Items": {"2019-12-31": "325.49300", "2018-12-31": "81.15000", "2017-12-31": "-83.84700", "2016-12-31": "37.21200", "2015-12-31": "38.58000", "2014-12-31": "29.38600", "2013-12-31": "35.02100", "2012-12-31": "96.89800", "2011-12-31": "-28.29400", "2010-12-31": "17.31800", "2009-12-31": "13.42600", "2008-12-31": "14.43800", "2007-12-31": "2.84900", "2006-12-31": "6.67880", "2005-12-31": "3.95780"}, "Change In Accounts Receivable": {"2019-12-31": "-41.83500", "2018-12-31": "-19.57600", "2017-12-31": "-24.24000", "2016-12-31": "-1.25100", "2015-12-31": "-1.56100", "2014-12-31": "1.11400", "2013-12-31": "1.18300", "2012-12-31": "-1.08000", "2011-12-31": "-1.06300", "2010-12-31": "-1.21100", "2009-12-31": "2.62100", "2008-12-31": "-1.85000", "2007-12-31": "-2.84900", "2006-12-31": "0.81450", "2005-12-31": "-0.91920"}, "Change In Inventories": {"2019-12-31": "-45.93400", "2018-12-31": "-41.84000", "2017-12-31": "-70.79200", "2016-12-31": "-12.81300", "2015-12-31": "", "2014-12-31": "", "2013-12-31": "", "2012-12-31": "", "2011-12-31": "", "2010-12-31": "", "2009-12-31": "", "2008-12-31": "", "2007-12-31": "", "2006-12-31": "", "2005-12-31": ""}, "Change In Accounts Payable": {"2019-12-31": "", "2018-12-31": "", "2017-12-31": "", "2016-12-31": "", "2015-12-31": "", "2014-12-31": "", "2013-12-31": "", "2012-12-31": "", "2011-12-31": "", "2010-12-31": "", "2009-12-31": "", "2008-12-31": "", "2007-12-31": "", "2006-12-31": "", "2005-12-31": ""}, "Change In Assets/Liabilities": {"2019-12-31": "-102.09100", "2018-12-31": "-136.63800", "2017-12-31": "-15.35400", "2016-12-31": "-9.01200", "2015-12-31": "15.24900", "2014-12-31": "-34.01300", "2013-12-31": "1.61800", "2012-12-31": "-2.50700", "2011-12-31": "", "2010-12-31": "", "2009-12-31": "", "2008-12-31": "", "2007-12-31": "", "2006-12-31": "0.00290", "2005-12-31": ""}, "Total Change In Assets/Liabilities": {"2019-12-31": "-66.88100", "2018-12-31": "-107.89200", "2017-12-31": "-97.46100", "2016-12-31": "-15.76700", "2015-12-31": "31.98500", "2014-12-31": "-22.13600", "2013-12-31": "12.26900", "2012-12-31": "-5.30500", "2011-12-31": "6.93300", "2010-12-31": "-0.35000", "2009-12-31": "2.93300", "2008-12-31": "-2.82500", "2007-12-31": "-0.35800", "2006-12-31": "1.39530", "2005-12-31": "-0.42090"}, "Cash Flow From Operating Activities": {"2019-12-31": "-456.46300", "2018-12-31": "-388.66000", "2017-12-31": "-231.99600", "2016-12-31": "-245.82000", "2015-12-31": "-149.46500", "2014-12-31": "-128.53900", "2013-12-31": "-64.69500", "2012-12-31": "-29.69400", "2011-12-31": "-23.67900", "2010-12-31": "-15.20900", "2009-12-31": "-8.80000", "2008-12-31": "-12.34000", "2007-12-31": "-24.67700", "2006-12-31": "-20.61340", "2005-12-31": "-14.66900"}, "Net Change In Property, Plant, And Equipment": {"2019-12-31": "-59.63100", "2018-12-31": "-61.15700", "2017-12-31": "-12.00000", "2016-12-31": "-5.34100", "2015-12-31": "-3.40100", "2014-12-31": "-25.44400", "2013-12-31": "-2.37000", "2012-12-31": "-0.10800", "2011-12-31": "-1.17800", "2010-12-31": "-0.83200", "2009-12-31": "-0.93100", "2008-12-31": "-0.36900", "2007-12-31": "-1.27000", "2006-12-31": "-0.76730", "2005-12-31": "-1.07080"}, "Net Change In Intangible Assets": {"2019-12-31": "-3.08200", "2018-12-31": "-3.18800", "2017-12-31": "115.78500", "2016-12-31": "-1.52500", "2015-12-31": "-1.43200", "2014-12-31": "-1.38100", "2013-12-31": "-1.40500", "2012-12-31": "-1.03700", "2011-12-31": "-1.12700", "2010-12-31": "-1.12200", "2009-12-31": "-1.06300", "2008-12-31": "-0.84800", "2007-12-31": "-0.85700", "2006-12-31": "-0.68660", "2005-12-31": "-0.39710"}, "Net Acquisitions/Divestitures": {"2019-12-31": "-172.55600", "2018-12-31": "", "2017-12-31": "", "2016-12-31": "", "2015-12-31": "", "2014-12-31": "", "2013-12-31": "", "2012-12-31": "", "2011-12-31": "", "2010-12-31": "", "2009-12-31": "", "2008-12-31": "-0.01100", "2007-12-31": "", "2006-12-31": "", "2005-12-31": ""}, "Net Change In Short-term Investments": {"2019-12-31": "521.99400", "2018-12-31": "-305.79000", "2017-12-31": "-293.29500", "2016-12-31": "-83.32700", "2015-12-31": "23.93800", "2014-12-31": "-139.45500", "2013-12-31": "0.00000", "2012-12-31": "0.00000", "2011-12-31": "", "2010-12-31": "-0.00700", "2009-12-31": "0.11100", "2008-12-31": "-0.01100", "2007-12-31": "12.70300", "2006-12-31": "-0.53410", "2005-12-31": "-9.44730"}, "Net Change In Long-Term Investments": {"2019-12-31": "", "2018-12-31": "-0.35300", "2017-12-31": "10.69500", "2016-12-31": "", "2015-12-31": "-10.69500", "2014-12-31": "7.25000", "2013-12-31": "-7.89700", "2012-12-31": "", "2011-12-31": "", "2010-12-31": "", "2009-12-31": "", "2008-12-31": "", "2007-12-31": "", "2006-12-31": "", "2005-12-31": ""}, "Net Change In Investments - Total": {"2019-12-31": "521.99400", "2018-12-31": "-306.14300", "2017-12-31": "-282.60000", "2016-12-31": "-83.32700", "2015-12-31": "13.24300", "2014-12-31": "-132.20500", "2013-12-31": "-7.89700", "2012-12-31": "", "2011-12-31": "", "2010-12-31": "-0.00700", "2009-12-31": "0.11100", "2008-12-31": "-0.01100", "2007-12-31": "12.70300", "2006-12-31": "-0.53410", "2005-12-31": "-9.44730"}, "Investing Activities - Other": {"2019-12-31": "", "2018-12-31": "", "2017-12-31": "", "2016-12-31": "", "2015-12-31": "", "2014-12-31": "", "2013-12-31": "", "2012-12-31": "", "2011-12-31": "", "2010-12-31": "", "2009-12-31": "", "2008-12-31": "", "2007-12-31": "", "2006-12-31": "", "2005-12-31": ""}, "Cash Flow From Investing Activities": {"2019-12-31": "286.72500", "2018-12-31": "-370.48800", "2017-12-31": "-178.81500", "2016-12-31": "-90.19300", "2015-12-31": "8.41000", "2014-12-31": "-159.03000", "2013-12-31": "-11.67200", "2012-12-31": "-1.14500", "2011-12-31": "-2.30500", "2010-12-31": "-1.96100", "2009-12-31": "-1.88300", "2008-12-31": "-1.23900", "2007-12-31": "10.57600", "2006-12-31": "-1.98800", "2005-12-31": "-10.91510"}, "Net Long-Term Debt": {"2019-12-31": "245.62500", "2018-12-31": "-31.34700", "2017-12-31": "14.95400", "2016-12-31": "-7.60300", "2015-12-31": "17.40200", "2014-12-31": "-0.09400", "2013-12-31": "-0.08900", "2012-12-31": "-0.08500", "2011-12-31": "-0.08100", "2010-12-31": "-0.07700", "2009-12-31": "-0.07400", "2008-12-31": "-0.11300", "2007-12-31": "", "2006-12-31": "", "2005-12-31": ""}, "Net Current Debt": {"2019-12-31": "", "2018-12-31": "", "2017-12-31": "", "2016-12-31": "", "2015-12-31": "", "2014-12-31": "", "2013-12-31": "", "2012-12-31": "", "2011-12-31": "", "2010-12-31": "", "2009-12-31": "", "2008-12-31": "", "2007-12-31": "", "2006-12-31": "", "2005-12-31": ""}, "Debt Issuance/Retirement Net - Total": {"2019-12-31": "245.62500", "2018-12-31": "-31.34700", "2017-12-31": "14.95400", "2016-12-31": "-7.60300", "2015-12-31": "17.40200", "2014-12-31": "-0.09400", "2013-12-31": "-0.08900", "2012-12-31": "-0.08500", "2011-12-31": "-0.08100", "2010-12-31": "-0.07700", "2009-12-31": "-0.07400", "2008-12-31": "-0.11300", "2007-12-31": "", "2006-12-31": "", "2005-12-31": ""}, "Net Common Equity Issued/Repurchased": {"2019-12-31": "401.95500", "2018-12-31": "563.63100", "2017-12-31": "369.18300", "2016-12-31": "385.73200", "2015-12-31": "130.80500", "2014-12-31": "104.24900", "2013-12-31": "145.98600", "2012-12-31": "178.68100", "2011-12-31": "32.38000", "2010-12-31": "2.56100", "2009-12-31": "47.84000", "2008-12-31": "0.08100", "2007-12-31": "18.74500", "2006-12-31": "8.16290", "2005-12-31": "43.52700"}, "Net Total Equity Issued/Repurchased": {"2019-12-31": "401.95500", "2018-12-31": "563.63100", "2017-12-31": "369.18300", "2016-12-31": "385.73200", "2015-12-31": "130.80500", "2014-12-31": "104.24900", "2013-12-31": "145.98600", "2012-12-31": "178.68100", "2011-12-31": "32.38000", "2010-12-31": "2.56100", "2009-12-31": "47.84000", "2008-12-31": "0.08100", "2007-12-31": "18.74500", "2006-12-31": "8.16290", "2005-12-31": "43.52700"}, "Total Common And Preferred Stock Dividends Paid": {"2019-12-31": "", "2018-12-31": "", "2017-12-31": "", "2016-12-31": "", "2015-12-31": "", "2014-12-31": "", "2013-12-31": "", "2012-12-31": "", "2011-12-31": "", "2010-12-31": "", "2009-12-31": "", "2008-12-31": "", "2007-12-31": "", "2006-12-31": "", "2005-12-31": ""}, "Financial Activities - Other": {"2019-12-31": "-5.02600", "2018-12-31": "-2.13400", "2017-12-31": "503.94500", "2016-12-31": "", "2015-12-31": "-0.39900", "2014-12-31": "", "2013-12-31": "-0.22600", "2012-12-31": "", "2011-12-31": "", "2010-12-31": "", "2009-12-31": "", "2008-12-31": "", "2007-12-31": "", "2006-12-31": "", "2005-12-31": ""}, "Cash Flow From Financial Activities": {"2019-12-31": "642.55400", "2018-12-31": "530.15000", "2017-12-31": "888.08200", "2016-12-31": "378.12900", "2015-12-31": "147.80800", "2014-12-31": "104.15500", "2013-12-31": "145.67100", "2012-12-31": "178.59600", "2011-12-31": "32.29900", "2010-12-31": "2.48400", "2009-12-31": "47.76600", "2008-12-31": "-0.03200", "2007-12-31": "18.74500", "2006-12-31": "8.16290", "2005-12-31": "43.52700"}, "Net Cash Flow": {"2019-12-31": "472.81600", "2018-12-31": "-228.99800", "2017-12-31": "477.27100", "2016-12-31": "42.11600", "2015-12-31": "6.75300", "2014-12-31": "-183.41400", "2013-12-31": "69.30400", "2012-12-31": "147.75700", "2011-12-31": "6.31500", "2010-12-31": "-14.68600", "2009-12-31": "37.08300", "2008-12-31": "-13.61100", "2007-12-31": "4.64400", "2006-12-31": "-14.43850", "2005-12-31": "17.94290"}, "Stock-Based Compensation": {"2019-12-31": "78.60200", "2018-12-31": "50.12700", "2017-12-31": "30.46500", "2016-12-31": "29.96200", "2015-12-31": "32.11700", "2014-12-31": "20.34500", "2013-12-31": "11.12700", "2012-12-31": "3.07800", "2011-12-31": "3.12900", "2010-12-31": "3.16900", "2009-12-31": "2.37400", "2008-12-31": "4.83000", "2007-12-31": "5.73200", "2006-12-31": "0.52510", "2005-12-31": "0.39420"}, "Common Stock Dividends Paid": {"2019-12-31": "", "2018-12-31": "", "2017-12-31": "", "2016-12-31": "", "2015-12-31": "", "2014-12-31": "", "2013-12-31": "", "2012-12-31": "", "2011-12-31": "", "2010-12-31": "", "2009-12-31": "", "2008-12-31": "", "2007-12-31": "", "2006-12-31": "", "2005-12-31": ""}}, "cash flow statement, quarterly": {"Net Income/Loss": {"2020-09-30": -196.499, "2020-06-30": -150.82, "2020-03-31": "-17.49200", "2019-12-31": -235.703, "2019-09-30": -126.326, "2019-06-30": -276.403, "2019-03-31": "-76.64300", "2018-12-31": -140.895, "2018-09-30": -76.393, "2018-06-30": -109.267, "2018-03-31": "-35.36300", "2017-12-31": -23.998, "2017-09-30": -47.734, "2017-06-30": -63.046, "2017-03-31": "84.09000", "2016-12-31": -88.452, "2016-09-30": -56.742, "2016-06-30": -62.301, "2016-03-31": "-59.77000", "2015-12-31": -64.681, "2015-09-30": -51.939, "2015-06-30": -41.851, "2015-03-31": "-61.55900", "2014-12-31": -44.416, "2014-09-30": -29.226, "2014-06-30": -33.874, "2014-03-31": "-28.27300", "2013-12-31": -8.82, "2013-09-30": -42.03, "2013-06-30": -19.051, "2013-03-31": "-42.08400", "2012-12-31": -62.067, "2012-09-30": -49.554, "2012-06-30": 8.038, "2012-03-31": "-17.70400", "2011-12-31": -1.41, "2011-09-30": -4.02, "2011-06-30": 1.279, "2011-03-31": "1.83300", "2010-12-31": -7.644, "2010-09-30": -7.293, "2010-06-30": -16.656, "2010-03-31": "-0.58400", "2009-12-31": 3.525, "2009-09-30": -8.089, "2009-06-30": -19.668, "2009-03-31": "-0.92700", "2008-12-31": -1.141, "2008-09-30": -6.047, "2008-06-30": -1.75, "2008-03-31": "-15.01500", "2007-12-31": -4.1275, "2007-09-30": -7.0349, "2007-06-30": -7.7813, "2007-03-31": "-8.22430", "2006-12-31": -6.0791, "2006-09-30": -6.6452, "2006-06-30": -6.902, "2006-03-31": "-9.06120", "2005-12-31": -6.0816, "2005-09-30": -1.6925, "2005-06-30": -4.9326, "2005-03-31": "-5.49920"}, "Total Depreciation And Amortization - Cash Flow": {"2020-09-30": 6.441, "2020-06-30": 5.831, "2020-03-31": "5.24500", "2019-12-31": 11.698, "2019-09-30": 5.091, "2019-06-30": 3.91, "2019-03-31": "1.40300", "2018-12-31": 0.597, "2018-09-30": 1.679, "2018-06-30": 1.304, "2018-03-31": "0.99300", "2017-12-31": 1.58, "2017-09-30": 2.475, "2017-06-30": 1.612, "2017-03-31": "1.53700", "2016-12-31": 1.271, "2016-09-30": 1.153, "2016-06-30": 1.628, "2016-03-31": "1.63900", "2015-12-31": 1.211, "2015-09-30": 1.504, "2015-06-30": 1.589, "2015-03-31": "1.59500", "2014-12-31": 1.742, "2014-09-30": 1.77, "2014-06-30": 1.568, "2014-03-31": "1.04200", "2013-12-31": 0.279, "2013-09-30": 0.287, "2013-06-30": 0.26, "2013-03-31": "0.45100", "2012-12-31": 0.435, "2012-09-30": 0.375, "2012-06-30": 0.362, "2012-03-31": "0.35300", "2011-12-31": 0.537, "2011-09-30": 0.273, "2011-06-30": 0.251, "2011-03-31": "0.23900", "2010-12-31": 0.41, "2010-09-30": 0.355, "2010-06-30": 0.351, "2010-03-31": "0.34700", "2009-12-31": 0.299, "2009-09-30": 0.357, "2009-06-30": 0.356, "2009-03-31": "0.36700", "2008-12-31": 0.426, "2008-09-30": 0.346, "2008-06-30": 0.348, "2008-03-31": "0.34900", "2007-12-31": 0.5072, "2007-09-30": 0.5387, "2007-06-30": 0.4885, "2007-03-31": "0.47960", "2006-12-31": 0.5298, "2006-09-30": 0.5227, "2006-06-30": 0.5128, "2006-03-31": "0.52510", "2005-12-31": 0.5302, "2005-09-30": 0.4919, "2005-06-30": 0.4916, "2005-03-31": "0.48400"}, "Other Non-Cash Items": {"2020-09-30": 82.453, "2020-06-30": 37.308, "2020-03-31": "-76.93100", "2019-12-31": 52.346, "2019-09-30": 27.548, "2019-06-30": 200.571, "2019-03-31": "22.92600", "2018-12-31": 21.666, "2018-09-30": 19.111, "2018-06-30": 20.324, "2018-03-31": "15.47600", "2017-12-31": 9.858, "2017-09-30": 7.193, "2017-06-30": 10.619, "2017-03-31": "-118.72100", "2016-12-31": 7.879, "2016-09-30": 9.953, "2016-06-30": 6.839, "2016-03-31": "6.85000", "2015-12-31": 6.732, "2015-09-30": 5.731, "2015-06-30": 5.931, "2015-03-31": "14.28700", "2014-12-31": 5.855, "2014-09-30": 0.393, "2014-06-30": 9.417, "2014-03-31": "7.59900", "2013-12-31": -20.203, "2013-09-30": 20.773, "2013-06-30": 4.401, "2013-03-31": "28.77300", "2012-12-31": 53.197, "2012-09-30": 43.467, "2012-06-30": -12.99, "2012-03-31": "11.69900", "2011-12-31": -6.739, "2011-09-30": -6.234, "2011-06-30": -10.518, "2011-03-31": "-6.10300", "2010-12-31": 7.139, "2010-09-30": 4.517, "2010-06-30": 10.693, "2010-03-31": "-6.49400", "2009-12-31": -6.883, "2009-09-30": 5.678, "2009-06-30": 15.126, "2009-03-31": "-1.87400", "2008-12-31": 0.365, "2008-09-30": 1.388, "2008-06-30": -1.637, "2008-03-31": "12.85300", "2007-12-31": -0.6198, "2007-09-30": -0.3169, "2007-06-30": 0.2435, "2007-03-31": "1.52820", "2006-12-31": -0.6404, "2006-09-30": 0.8695, "2006-06-30": 1.0327, "2006-03-31": "3.32670", "2005-12-31": 1.616, "2005-09-30": 0.0735, "2005-06-30": 0.0632, "2005-03-31": "0.20740"}, "Total Non-Cash Items": {"2020-09-30": 88.894, "2020-06-30": 43.139, "2020-03-31": "-71.68600", "2019-12-31": 64.044, "2019-09-30": 32.639, "2019-06-30": 204.481, "2019-03-31": "24.32900", "2018-12-31": 22.263, "2018-09-30": 20.79, "2018-06-30": 21.628, "2018-03-31": "16.46900", "2017-12-31": 11.438, "2017-09-30": 9.668, "2017-06-30": 12.231, "2017-03-31": "-117.18400", "2016-12-31": 9.15, "2016-09-30": 11.106, "2016-06-30": 8.467, "2016-03-31": "8.48900", "2015-12-31": 7.943, "2015-09-30": 7.235, "2015-06-30": 7.52, "2015-03-31": "15.88200", "2014-12-31": 7.597, "2014-09-30": 2.163, "2014-06-30": 10.985, "2014-03-31": "8.64100", "2013-12-31": -19.924, "2013-09-30": 21.06, "2013-06-30": 4.661, "2013-03-31": "29.22400", "2012-12-31": 53.632, "2012-09-30": 43.842, "2012-06-30": -12.628, "2012-03-31": "12.05200", "2011-12-31": -6.202, "2011-09-30": -5.961, "2011-06-30": -10.267, "2011-03-31": "-5.86400", "2010-12-31": 7.549, "2010-09-30": 4.872, "2010-06-30": 11.044, "2010-03-31": "-6.14700", "2009-12-31": -6.584, "2009-09-30": 6.035, "2009-06-30": 15.482, "2009-03-31": "-1.50700", "2008-12-31": 0.791, "2008-09-30": 1.734, "2008-06-30": -1.289, "2008-03-31": "13.20200", "2007-12-31": -0.1126, "2007-09-30": 0.2218, "2007-06-30": 0.732, "2007-03-31": "2.00780", "2006-12-31": -0.1107, "2006-09-30": 1.3922, "2006-06-30": 1.5455, "2006-03-31": "3.85180", "2005-12-31": 2.1461, "2005-09-30": 0.5655, "2005-06-30": 0.5548, "2005-03-31": "0.69140"}, "Change In Accounts Receivable": {"2020-09-30": -17.799, "2020-06-30": 2.847, "2020-03-31": "-15.99600", "2019-12-31": -22.847, "2019-09-30": -11.051, "2019-06-30": -6.471, "2019-03-31": "-1.46600", "2018-12-31": -0.443, "2018-09-30": -5.616, "2018-06-30": -3.137, "2018-03-31": "-10.38000", "2017-12-31": -4.717, "2017-09-30": -6.96, "2017-06-30": -5.513, "2017-03-31": "-7.05000", "2016-12-31": -1.242, "2016-09-30": -0.004, "2016-06-30": 0.008, "2016-03-31": "-0.01300", "2015-12-31": -1.244, "2015-09-30": -0.317, "2015-06-30": 0, "2015-03-31": "", "2014-12-31": 0.946, "2014-09-30": 1.864, "2014-06-30": 2.623, "2014-03-31": "-4.31900", "2013-12-31": 3.192, "2013-09-30": -2.558, "2013-06-30": 1.727, "2013-03-31": "-1.17800", "2012-12-31": 0.082, "2012-09-30": 2.375, "2012-06-30": -1.707, "2012-03-31": "-1.83000", "2011-12-31": 0.293, "2011-09-30": 6.23, "2011-06-30": 3.64, "2011-03-31": "-11.22600", "2010-12-31": 2.086, "2010-09-30": -3.154, "2010-06-30": -0.477, "2010-03-31": "0.33400", "2009-12-31": 3.647, "2009-09-30": -2.472, "2009-06-30": -0.353, "2009-03-31": "1.79900", "2008-12-31": -0.669, "2008-09-30": -1.369, "2008-06-30": 1.596, "2008-03-31": "-1.40800", "2007-12-31": -0.9324, "2007-09-30": -0.8094, "2007-06-30": -0.6337, "2007-03-31": "-0.47350", "2006-12-31": 0.0765, "2006-09-30": -0.2364, "2006-06-30": 0.6928, "2006-03-31": "0.28160", "2005-12-31": -1.0597, "2005-09-30": -0.2979, "2005-06-30": 0.0384, "2005-03-31": "0.40000"}, "Change In Inventories": {"2020-09-30": -40.468, "2020-06-30": -6.482, "2020-03-31": "-1.78900", "2019-12-31": -5.019, "2019-09-30": -9.791, "2019-06-30": -16.102, "2019-03-31": "-15.02200", "2018-12-31": -9.629, "2018-09-30": -11.69, "2018-06-30": -4.751, "2018-03-31": "-15.77000", "2017-12-31": -18.912, "2017-09-30": -22.939, "2017-06-30": -11.309, "2017-03-31": "-17.63200", "2016-12-31": -9.892, "2016-09-30": -2.921, "2016-06-30": 0, "2016-03-31": "", "2015-12-31": 0, "2015-09-30": 0, "2015-06-30": 0, "2015-03-31": "", "2014-12-31": 0, "2014-09-30": 0, "2014-06-30": 0, "2014-03-31": "", "2013-12-31": 0, "2013-09-30": 0, "2013-06-30": 0, "2013-03-31": "", "2012-12-31": 0, "2012-09-30": 0, "2012-06-30": 0, "2012-03-31": "", "2011-12-31": 0, "2011-09-30": 0, "2011-06-30": 0, "2011-03-31": "", "2010-12-31": 0, "2010-09-30": 0, "2010-06-30": 0, "2010-03-31": "", "2009-12-31": 0, "2009-09-30": 0, "2009-06-30": 0, "2009-03-31": "", "2008-12-31": 0, "2008-09-30": 0, "2008-06-30": 0, "2008-03-31": "", "2007-12-31": 0, "2007-09-30": 0, "2007-06-30": 0, "2007-03-31": "", "2006-12-31": 0, "2006-09-30": 0, "2006-06-30": 0, "2006-03-31": "", "2005-12-31": 0, "2005-09-30": 0, "2005-06-30": 0, "2005-03-31": ""}, "Change In Accounts Payable": {"2020-09-30": 0, "2020-06-30": 0, "2020-03-31": "", "2019-12-31": 0, "2019-09-30": 0, "2019-06-30": 0, "2019-03-31": "", "2018-12-31": 0, "2018-09-30": 0, "2018-06-30": 0, "2018-03-31": "", "2017-12-31": 0, "2017-09-30": 0, "2017-06-30": 0, "2017-03-31": "", "2016-12-31": 0, "2016-09-30": 0, "2016-06-30": 0, "2016-03-31": "", "2015-12-31": 0, "2015-09-30": 0, "2015-06-30": 0, "2015-03-31": "", "2014-12-31": 0, "2014-09-30": 0, "2014-06-30": 0, "2014-03-31": "", "2013-12-31": 0, "2013-09-30": 0, "2013-06-30": 0, "2013-03-31": "", "2012-12-31": 0, "2012-09-30": 0, "2012-06-30": 0, "2012-03-31": "", "2011-12-31": 0, "2011-09-30": 0, "2011-06-30": 0, "2011-03-31": "", "2010-12-31": 0, "2010-09-30": 0, "2010-06-30": 0, "2010-03-31": "", "2009-12-31": 0, "2009-09-30": 0, "2009-06-30": 0, "2009-03-31": "", "2008-12-31": 0, "2008-09-30": 0, "2008-06-30": 0, "2008-03-31": "", "2007-12-31": 0, "2007-09-30": 0, "2007-06-30": 0, "2007-03-31": "", "2006-12-31": 0, "2006-09-30": 0, "2006-06-30": 0, "2006-03-31": "", "2005-12-31": 0, "2005-09-30": 0, "2005-06-30": 0, "2005-03-31": ""}, "Change In Assets/Liabilities": {"2020-09-30": -92.379, "2020-06-30": -42.296, "2020-03-31": "792.47100", "2019-12-31": -7.381, "2019-09-30": -7.002, "2019-06-30": -8.826, "2019-03-31": "-78.88200", "2018-12-31": -52.294, "2018-09-30": -54.478, "2018-06-30": -34.538, "2018-03-31": "4.67200", "2017-12-31": -8.035, "2017-09-30": 1.966, "2017-06-30": -10.059, "2017-03-31": "0.77400", "2016-12-31": -0.809, "2016-09-30": -7.809, "2016-06-30": 2.786, "2016-03-31": "-3.18000", "2015-12-31": 5.286, "2015-09-30": 1.268, "2015-06-30": 1.282, "2015-03-31": "7.41300", "2014-12-31": -4.845, "2014-09-30": -9.907, "2014-06-30": -13.243, "2014-03-31": "-6.01800", "2013-12-31": 0.129, "2013-09-30": 1.489, "2013-06-30": 0, "2013-03-31": "", "2012-12-31": -2.507, "2012-09-30": 0, "2012-06-30": 0, "2012-03-31": "", "2011-12-31": 0, "2011-09-30": 0, "2011-06-30": 0, "2011-03-31": "", "2010-12-31": 0, "2010-09-30": 0, "2010-06-30": 0, "2010-03-31": "", "2009-12-31": 0, "2009-09-30": 0, "2009-06-30": 0, "2009-03-31": "", "2008-12-31": 0.235, "2008-09-30": -0.235, "2008-06-30": 0, "2008-03-31": "", "2007-12-31": 0, "2007-09-30": 0, "2007-06-30": 0, "2007-03-31": "", "2006-12-31": 0, "2006-09-30": 0, "2006-06-30": 0, "2006-03-31": "0.00290", "2005-12-31": 0, "2005-09-30": 0, "2005-06-30": 0, "2005-03-31": ""}, "Total Change In Assets/Liabilities": {"2020-09-30": -130.581, "2020-06-30": 0.078, "2020-03-31": "716.96800", "2019-12-31": 7.864, "2019-09-30": 26.256, "2019-06-30": -7.082, "2019-03-31": "-93.91900", "2018-12-31": -3.788, "2018-09-30": -57.715, "2018-06-30": -29.615, "2018-03-31": "-16.77400", "2017-12-31": -18.498, "2017-09-30": -19.837, "2017-06-30": -34.332, "2017-03-31": "-24.79400", "2016-12-31": -1.931, "2016-09-30": -14.979, "2016-06-30": 10.55, "2016-03-31": "-9.40700", "2015-12-31": 25.466, "2015-09-30": -1.61, "2015-06-30": 5.8, "2015-03-31": "2.32900", "2014-12-31": 11.37, "2014-09-30": -8.258, "2014-06-30": -16.615, "2014-03-31": "-8.63300", "2013-12-31": 10.922, "2013-09-30": 1.092, "2013-06-30": 2.388, "2013-03-31": "-2.13300", "2012-12-31": 1.277, "2012-09-30": -2.093, "2012-06-30": -1.092, "2012-03-31": "-3.39700", "2011-12-31": 1.964, "2011-09-30": 2.458, "2011-06-30": 8.546, "2011-03-31": "-6.03500", "2010-12-31": -1.793, "2010-09-30": -0.352, "2010-06-30": 1.376, "2010-03-31": "0.41900", "2009-12-31": 2.002, "2009-09-30": 0.316, "2009-06-30": -0.204, "2009-03-31": "0.81900", "2008-12-31": -2.125, "2008-09-30": 0.085, "2008-06-30": 1.828, "2008-03-31": "-2.61300", "2007-12-31": -3.0877, "2007-09-30": 2.1939, "2007-06-30": -0.1866, "2007-03-31": "0.72240", "2006-12-31": 1.0445, "2006-09-30": -0.3184, "2006-06-30": 0.7479, "2006-03-31": "-0.07870", "2005-12-31": -0.8344, "2005-09-30": 0.2981, "2005-06-30": -0.3129, "2005-03-31": "0.42830"}, "Cash Flow From Operating Activities": {"2020-09-30": -238.186, "2020-06-30": -107.603, "2020-03-31": "627.79000", "2019-12-31": -163.795, "2019-09-30": -67.431, "2019-06-30": -79.004, "2019-03-31": "-146.23300", "2018-12-31": -122.42, "2018-09-30": -113.318, "2018-06-30": -117.254, "2018-03-31": "-35.66800", "2017-12-31": -31.058, "2017-09-30": -57.903, "2017-06-30": -85.147, "2017-03-31": "-57.88800", "2016-12-31": -81.233, "2016-09-30": -60.615, "2016-06-30": -43.284, "2016-03-31": "-60.68800", "2015-12-31": -31.272, "2015-09-30": -46.314, "2015-06-30": -28.531, "2015-03-31": "-43.34800", "2014-12-31": -25.449, "2014-09-30": -35.321, "2014-06-30": -39.504, "2014-03-31": "-28.26500", "2013-12-31": -17.822, "2013-09-30": -19.878, "2013-06-30": -12.002, "2013-03-31": "-14.99300", "2012-12-31": -7.158, "2012-09-30": -7.805, "2012-06-30": -5.682, "2012-03-31": "-9.04900", "2011-12-31": -5.648, "2011-09-30": -7.523, "2011-06-30": -0.442, "2011-03-31": "-10.06600", "2010-12-31": -1.888, "2010-09-30": -2.773, "2010-06-30": -4.236, "2010-03-31": "-6.31200", "2009-12-31": -1.057, "2009-09-30": -1.738, "2009-06-30": -4.39, "2009-03-31": "-1.61500", "2008-12-31": -2.475, "2008-09-30": -4.228, "2008-06-30": -1.211, "2008-03-31": "-4.42600", "2007-12-31": -7.3277, "2007-09-30": -4.6193, "2007-06-30": -7.236, "2007-03-31": "-5.49400", "2006-12-31": -5.1453, "2006-09-30": -5.5714, "2006-06-30": -4.6087, "2006-03-31": "-5.28800", "2005-12-31": -4.7699, "2005-09-30": -0.8289, "2005-06-30": -4.6907, "2005-03-31": "-4.37950"}, "Net Change In Property, Plant, And Equipment": {"2020-09-30": -25.303, "2020-06-30": -19.169, "2020-03-31": "-9.12000", "2019-12-31": -17.257, "2019-09-30": -9.429, "2019-06-30": -16.682, "2019-03-31": "-16.26300", "2018-12-31": -20.203, "2018-09-30": -20.091, "2018-06-30": -8.697, "2018-03-31": "-12.16600", "2017-12-31": -3.899, "2017-09-30": -0.765, "2017-06-30": -2.871, "2017-03-31": "-4.46500", "2016-12-31": -2.914, "2016-09-30": -0.84, "2016-06-30": -0.419, "2016-03-31": "-1.16800", "2015-12-31": -1.085, "2015-09-30": -1.147, "2015-06-30": -0.637, "2015-03-31": "-0.53200", "2014-12-31": -3.139, "2014-09-30": -12.464, "2014-06-30": -4.515, "2014-03-31": "-5.32600", "2013-12-31": -0.608, "2013-09-30": -1.327, "2013-06-30": -0.426, "2013-03-31": "-0.00900", "2012-12-31": 0, "2012-09-30": 0.035, "2012-06-30": -0.134, "2012-03-31": "-0.00900", "2011-12-31": -0.205, "2011-09-30": -0.297, "2011-06-30": -0.449, "2011-03-31": "-0.22700", "2010-12-31": -0.204, "2010-09-30": -0.288, "2010-06-30": -0.133, "2010-03-31": "-0.20700", "2009-12-31": -0.655, "2009-09-30": -0.134, "2009-06-30": -0.105, "2009-03-31": "-0.03700", "2008-12-31": -0.005, "2008-09-30": -0.116, "2008-06-30": -0.098, "2008-03-31": "-0.15000", "2007-12-31": -0.1182, "2007-09-30": -0.3548, "2007-06-30": -0.333, "2007-03-31": "-0.46400", "2006-12-31": -0.0324, "2006-09-30": -0.2721, "2006-06-30": -0.2683, "2006-03-31": "-0.19450", "2005-12-31": -0.1766, "2005-09-30": -0.3209, "2005-06-30": -0.3061, "2005-03-31": "-0.26720"}, "Net Change In Intangible Assets": {"2020-09-30": 0, "2020-06-30": 0, "2020-03-31": "108.06900", "2019-12-31": -3.082, "2019-09-30": 0, "2019-06-30": 0, "2019-03-31": "", "2018-12-31": -0.555, "2018-09-30": -1.077, "2018-06-30": -0.883, "2018-03-31": "-0.67300", "2017-12-31": -0.624, "2017-09-30": -6.99, "2017-06-30": -0.356, "2017-03-31": "123.75500", "2016-12-31": -0.432, "2016-09-30": -0.325, "2016-06-30": -0.358, "2016-03-31": "-0.41000", "2015-12-31": -0.45, "2015-09-30": -0.342, "2015-06-30": -0.249, "2015-03-31": "-0.39100", "2014-12-31": -0.319, "2014-09-30": -0.434, "2014-06-30": -0.334, "2014-03-31": "-0.29400", "2013-12-31": -0.124, "2013-09-30": -0.35, "2013-06-30": -0.47, "2013-03-31": "-0.46100", "2012-12-31": -0.423, "2012-09-30": -0.116, "2012-06-30": -0.245, "2012-03-31": "-0.25300", "2011-12-31": -0.579, "2011-09-30": -0.023, "2011-06-30": -0.416, "2011-03-31": "-0.10900", "2010-12-31": -0.301, "2010-09-30": -0.199, "2010-06-30": -0.325, "2010-03-31": "-0.29700", "2009-12-31": -0.312, "2009-09-30": -0.196, "2009-06-30": -0.296, "2009-03-31": "-0.25900", "2008-12-31": -0.429, "2008-09-30": -0.065, "2008-06-30": -0.165, "2008-03-31": "-0.18900", "2007-12-31": -0.2054, "2007-09-30": -0.3016, "2007-06-30": -0.2041, "2007-03-31": "-0.14590", "2006-12-31": -0.1674, "2006-09-30": -0.2221, "2006-06-30": -0.2021, "2006-03-31": "-0.09500", "2005-12-31": -0.1204, "2005-09-30": -0.0791, "2005-06-30": -0.0764, "2005-03-31": "-0.12120"}, "Net Acquisitions/Divestitures": {"2020-09-30": 0, "2020-06-30": 0, "2020-03-31": "", "2019-12-31": 0, "2019-09-30": 0, "2019-06-30": -172.556, "2019-03-31": "", "2018-12-31": 0, "2018-09-30": 0, "2018-06-30": 0, "2018-03-31": "", "2017-12-31": 0, "2017-09-30": 0, "2017-06-30": 0, "2017-03-31": "", "2016-12-31": 0, "2016-09-30": 0, "2016-06-30": 0, "2016-03-31": "", "2015-12-31": 0, "2015-09-30": 0, "2015-06-30": 0, "2015-03-31": "", "2014-12-31": 0, "2014-09-30": 0, "2014-06-30": 0, "2014-03-31": "", "2013-12-31": 0, "2013-09-30": 0, "2013-06-30": 0, "2013-03-31": "", "2012-12-31": 0, "2012-09-30": 0, "2012-06-30": 0, "2012-03-31": "", "2011-12-31": 0, "2011-09-30": 0, "2011-06-30": 0, "2011-03-31": "", "2010-12-31": 0, "2010-09-30": 0.003, "2010-06-30": -0.003, "2010-03-31": "", "2009-12-31": 0, "2009-09-30": 0, "2009-06-30": 0, "2009-03-31": "", "2008-12-31": 0, "2008-09-30": 0.001, "2008-06-30": 0, "2008-03-31": "-0.01200", "2007-12-31": 0, "2007-09-30": 0, "2007-06-30": 0, "2007-03-31": "", "2006-12-31": 0, "2006-09-30": 0, "2006-06-30": 0, "2006-03-31": "", "2005-12-31": 0, "2005-09-30": 0, "2005-06-30": 0, "2005-03-31": ""}, "Net Change In Short-term Investments": {"2020-09-30": 80.047, "2020-06-30": -14.321, "2020-03-31": "-115.43700", "2019-12-31": 35.371, "2019-09-30": -7.936, "2019-06-30": 342.21, "2019-03-31": "152.34900", "2018-12-31": -216.978, "2018-09-30": -42.232, "2018-06-30": -45.159, "2018-03-31": "-1.42100", "2017-12-31": -489.172, "2017-09-30": 132.704, "2017-06-30": -16.827, "2017-03-31": "80.00000", "2016-12-31": -195.428, "2016-09-30": 11.389, "2016-06-30": 79.712, "2016-03-31": "21.00000", "2015-12-31": -68.284, "2015-09-30": 43.203, "2015-06-30": 4.269, "2015-03-31": "44.75000", "2014-12-31": 46.135, "2014-09-30": -7.643, "2014-06-30": -1.278, "2014-03-31": "-176.66900", "2013-12-31": 0, "2013-09-30": 0, "2013-06-30": 0, "2013-03-31": "", "2012-12-31": 0, "2012-09-30": 0, "2012-06-30": 0, "2012-03-31": "", "2011-12-31": 0, "2011-09-30": 0, "2011-06-30": 0, "2011-03-31": "", "2010-12-31": -0.002, "2010-09-30": -0.005, "2010-06-30": 0.001, "2010-03-31": "-0.00100", "2009-12-31": -0.002, "2009-09-30": -0.001, "2009-06-30": 0.117, "2009-03-31": "-0.00300", "2008-12-31": -0.003, "2008-09-30": -0.003, "2008-06-30": -0.003, "2008-03-31": "-0.00200", "2007-12-31": 9.917, "2007-09-30": -0.1317, "2007-06-30": 2.008, "2007-03-31": "0.90970", "2006-12-31": -0.147, "2006-09-30": -0.1356, "2006-06-30": -0.1275, "2006-03-31": "-0.12400", "2005-12-31": -9.0398, "2005-09-30": 1.4395, "2005-06-30": -2.0055, "2005-03-31": "0.15850"}, "Net Change In Long-Term Investments": {"2020-09-30": 0, "2020-06-30": 0, "2020-03-31": "", "2019-12-31": 0, "2019-09-30": 0, "2019-06-30": 0, "2019-03-31": "", "2018-12-31": 0, "2018-09-30": 0, "2018-06-30": -0.353, "2018-03-31": "", "2017-12-31": 0, "2017-09-30": 0, "2017-06-30": 0, "2017-03-31": "10.69500", "2016-12-31": 0, "2016-09-30": 0, "2016-06-30": 0, "2016-03-31": "", "2015-12-31": 0, "2015-09-30": -10.695, "2015-06-30": 0, "2015-03-31": "", "2014-12-31": 4, "2014-09-30": 0, "2014-06-30": 3.25, "2014-03-31": "", "2013-12-31": -0.09, "2013-09-30": 0, "2013-06-30": -0.557, "2013-03-31": "-7.25000", "2012-12-31": 0, "2012-09-30": 0, "2012-06-30": 0, "2012-03-31": "", "2011-12-31": 0, "2011-09-30": 0, "2011-06-30": 0, "2011-03-31": "", "2010-12-31": 0, "2010-09-30": 0, "2010-06-30": 0, "2010-03-31": "", "2009-12-31": 0, "2009-09-30": 0, "2009-06-30": 0, "2009-03-31": "", "2008-12-31": 0, "2008-09-30": 0, "2008-06-30": 0, "2008-03-31": "", "2007-12-31": 0, "2007-09-30": 0, "2007-06-30": 0, "2007-03-31": "", "2006-12-31": 0, "2006-09-30": 0, "2006-06-30": 0, "2006-03-31": "", "2005-12-31": 0, "2005-09-30": 0, "2005-06-30": 0, "2005-03-31": ""}, "Net Change In Investments - Total": {"2020-09-30": 80.047, "2020-06-30": -14.321, "2020-03-31": "-115.43700", "2019-12-31": 35.371, "2019-09-30": -7.936, "2019-06-30": 342.21, "2019-03-31": "152.34900", "2018-12-31": -216.978, "2018-09-30": -42.232, "2018-06-30": -45.512, "2018-03-31": "-1.42100", "2017-12-31": -489.172, "2017-09-30": 132.704, "2017-06-30": -16.827, "2017-03-31": "90.69500", "2016-12-31": -195.428, "2016-09-30": 11.389, "2016-06-30": 79.712, "2016-03-31": "21.00000", "2015-12-31": -68.284, "2015-09-30": 32.508, "2015-06-30": 4.269, "2015-03-31": "44.75000", "2014-12-31": 50.135, "2014-09-30": -7.643, "2014-06-30": 1.972, "2014-03-31": "-176.66900", "2013-12-31": -0.09, "2013-09-30": 0, "2013-06-30": -0.557, "2013-03-31": "-7.25000", "2012-12-31": 0, "2012-09-30": 0, "2012-06-30": 0, "2012-03-31": "", "2011-12-31": 0, "2011-09-30": 0, "2011-06-30": 0, "2011-03-31": "", "2010-12-31": -0.002, "2010-09-30": -0.005, "2010-06-30": 0.001, "2010-03-31": "-0.00100", "2009-12-31": -0.002, "2009-09-30": -0.001, "2009-06-30": 0.117, "2009-03-31": "-0.00300", "2008-12-31": -0.003, "2008-09-30": -0.003, "2008-06-30": -0.003, "2008-03-31": "-0.00200", "2007-12-31": 9.917, "2007-09-30": -0.1317, "2007-06-30": 2.008, "2007-03-31": "0.90970", "2006-12-31": -0.147, "2006-09-30": -0.1356, "2006-06-30": -0.1275, "2006-03-31": "-0.12400", "2005-12-31": -9.0398, "2005-09-30": 1.4395, "2005-06-30": -2.0055, "2005-03-31": "0.15850"}, "Investing Activities - Other": {"2020-09-30": -0.669, "2020-06-30": -0.735, "2020-03-31": "-1.19200", "2019-12-31": 2.048, "2019-09-30": -0.594, "2019-06-30": -0.599, "2019-03-31": "-0.85500", "2018-12-31": 0, "2018-09-30": 0, "2018-06-30": 0, "2018-03-31": "", "2017-12-31": 0, "2017-09-30": 0, "2017-06-30": 0, "2017-03-31": "", "2016-12-31": 0, "2016-09-30": 0, "2016-06-30": 0, "2016-03-31": "", "2015-12-31": 0, "2015-09-30": 0, "2015-06-30": 0, "2015-03-31": "", "2014-12-31": 0, "2014-09-30": 0, "2014-06-30": 0, "2014-03-31": "", "2013-12-31": 0, "2013-09-30": 0, "2013-06-30": 0, "2013-03-31": "", "2012-12-31": 0, "2012-09-30": 0, "2012-06-30": 0, "2012-03-31": "", "2011-12-31": 0, "2011-09-30": 0, "2011-06-30": 0, "2011-03-31": "", "2010-12-31": 0, "2010-09-30": 0, "2010-06-30": 0, "2010-03-31": "", "2009-12-31": 0, "2009-09-30": 0, "2009-06-30": 0, "2009-03-31": "", "2008-12-31": 0, "2008-09-30": 0, "2008-06-30": 0, "2008-03-31": "", "2007-12-31": 0, "2007-09-30": 0, "2007-06-30": 0, "2007-03-31": "", "2006-12-31": 0, "2006-09-30": 0, "2006-06-30": 0, "2006-03-31": "", "2005-12-31": 0, "2005-09-30": 0, "2005-06-30": 0, "2005-03-31": ""}, "Cash Flow From Investing Activities": {"2020-09-30": 54.075, "2020-06-30": -34.225, "2020-03-31": "-17.68000", "2019-12-31": 17.08, "2019-09-30": -17.959, "2019-06-30": 152.373, "2019-03-31": "135.23100", "2018-12-31": -237.736, "2018-09-30": -63.4, "2018-06-30": -55.092, "2018-03-31": "-14.26000", "2017-12-31": -493.695, "2017-09-30": 124.949, "2017-06-30": -20.054, "2017-03-31": "209.98500", "2016-12-31": -198.774, "2016-09-30": 10.224, "2016-06-30": 78.935, "2016-03-31": "19.42200", "2015-12-31": -69.819, "2015-09-30": 31.019, "2015-06-30": 3.383, "2015-03-31": "43.82700", "2014-12-31": 46.677, "2014-09-30": -20.541, "2014-06-30": -2.877, "2014-03-31": "-182.28900", "2013-12-31": -0.822, "2013-09-30": -1.677, "2013-06-30": -1.453, "2013-03-31": "-7.72000", "2012-12-31": -0.423, "2012-09-30": -0.081, "2012-06-30": -0.379, "2012-03-31": "-0.26200", "2011-12-31": -0.784, "2011-09-30": -0.32, "2011-06-30": -0.865, "2011-03-31": "-0.33600", "2010-12-31": -0.507, "2010-09-30": -0.489, "2010-06-30": -0.46, "2010-03-31": "-0.50500", "2009-12-31": -0.969, "2009-09-30": -0.331, "2009-06-30": -0.284, "2009-03-31": "-0.29900", "2008-12-31": -0.437, "2008-09-30": -0.183, "2008-06-30": -0.266, "2008-03-31": "-0.35300", "2007-12-31": 9.5934, "2007-09-30": -0.7882, "2007-06-30": 1.4711, "2007-03-31": "0.29970", "2006-12-31": -0.3469, "2006-09-30": -0.6297, "2006-06-30": -0.5979, "2006-03-31": "-0.41350", "2005-12-31": -9.3367, "2005-09-30": 1.0396, "2005-06-30": -2.388, "2005-03-31": "-0.23000"}, "Net Long-Term Debt": {"2020-09-30": 0, "2020-06-30": 0, "2020-03-31": "", "2019-12-31": 245.625, "2019-09-30": 0, "2019-06-30": 0, "2019-03-31": "", "2018-12-31": 0.827, "2018-09-30": -30.61, "2018-06-30": 3.608, "2018-03-31": "-5.17200", "2017-12-31": -0.577, "2017-09-30": 20.585, "2017-06-30": -2.511, "2017-03-31": "-2.54300", "2016-12-31": -2.527, "2016-09-30": -2.525, "2016-06-30": -0.026, "2016-03-31": "-2.52500", "2015-12-31": 0.374, "2015-09-30": -2.657, "2015-06-30": 19.71, "2015-03-31": "-0.02500", "2014-12-31": -0.024, "2014-09-30": -0.023, "2014-06-30": -0.024, "2014-03-31": "-0.02300", "2013-12-31": -0.022, "2013-09-30": -0.022, "2013-06-30": -0.023, "2013-03-31": "-0.02200", "2012-12-31": -0.021, "2012-09-30": -0.022, "2012-06-30": -0.021, "2012-03-31": "-0.02100", "2011-12-31": -0.02, "2011-09-30": -0.021, "2011-06-30": -0.02, "2011-03-31": "-0.02000", "2010-12-31": -0.019, "2010-09-30": -0.019, "2010-06-30": -0.019, "2010-03-31": "-0.02000", "2009-12-31": -0.025, "2009-09-30": -0.012, "2009-06-30": -0.018, "2009-03-31": "-0.01900", "2008-12-31": -0.014, "2008-09-30": -0.018, "2008-06-30": -0.018, "2008-03-31": "-0.06300", "2007-12-31": 0, "2007-09-30": 0, "2007-06-30": 0, "2007-03-31": "", "2006-12-31": 0, "2006-09-30": 0, "2006-06-30": 0, "2006-03-31": "", "2005-12-31": 0, "2005-09-30": 0, "2005-06-30": 0, "2005-03-31": ""}, "Net Current Debt": {"2020-09-30": 0, "2020-06-30": 0, "2020-03-31": "", "2019-12-31": 0, "2019-09-30": 0, "2019-06-30": 0, "2019-03-31": "", "2018-12-31": 0, "2018-09-30": 0, "2018-06-30": 0, "2018-03-31": "", "2017-12-31": 0, "2017-09-30": 0, "2017-06-30": 0, "2017-03-31": "", "2016-12-31": 0, "2016-09-30": 0, "2016-06-30": 0, "2016-03-31": "", "2015-12-31": 0, "2015-09-30": 0, "2015-06-30": 0, "2015-03-31": "", "2014-12-31": 0, "2014-09-30": 0, "2014-06-30": 0, "2014-03-31": "", "2013-12-31": 0, "2013-09-30": 0, "2013-06-30": 0, "2013-03-31": "", "2012-12-31": 0, "2012-09-30": 0, "2012-06-30": 0, "2012-03-31": "", "2011-12-31": 0, "2011-09-30": 0, "2011-06-30": 0, "2011-03-31": "", "2010-12-31": 0, "2010-09-30": 0, "2010-06-30": 0, "2010-03-31": "", "2009-12-31": 0, "2009-09-30": 0, "2009-06-30": 0, "2009-03-31": "", "2008-12-31": 0, "2008-09-30": 0, "2008-06-30": 0, "2008-03-31": "", "2007-12-31": 0, "2007-09-30": 0, "2007-06-30": 0, "2007-03-31": "", "2006-12-31": 0, "2006-09-30": 0, "2006-06-30": 0, "2006-03-31": "", "2005-12-31": 0, "2005-09-30": 0, "2005-06-30": 0, "2005-03-31": ""}, "Debt Issuance/Retirement Net - Total": {"2020-09-30": 0, "2020-06-30": 0, "2020-03-31": "", "2019-12-31": 245.625, "2019-09-30": 0, "2019-06-30": 0, "2019-03-31": "", "2018-12-31": 0.827, "2018-09-30": -30.61, "2018-06-30": 3.608, "2018-03-31": "-5.17200", "2017-12-31": -0.577, "2017-09-30": 20.585, "2017-06-30": -2.511, "2017-03-31": "-2.54300", "2016-12-31": -2.527, "2016-09-30": -2.525, "2016-06-30": -0.026, "2016-03-31": "-2.52500", "2015-12-31": 0.374, "2015-09-30": -2.657, "2015-06-30": 19.71, "2015-03-31": "-0.02500", "2014-12-31": -0.024, "2014-09-30": -0.023, "2014-06-30": -0.024, "2014-03-31": "-0.02300", "2013-12-31": -0.022, "2013-09-30": -0.022, "2013-06-30": -0.023, "2013-03-31": "-0.02200", "2012-12-31": -0.021, "2012-09-30": -0.022, "2012-06-30": -0.021, "2012-03-31": "-0.02100", "2011-12-31": -0.02, "2011-09-30": -0.021, "2011-06-30": -0.02, "2011-03-31": "-0.02000", "2010-12-31": -0.019, "2010-09-30": -0.019, "2010-06-30": -0.019, "2010-03-31": "-0.02000", "2009-12-31": -0.025, "2009-09-30": -0.012, "2009-06-30": -0.018, "2009-03-31": "-0.01900", "2008-12-31": -0.014, "2008-09-30": -0.018, "2008-06-30": -0.018, "2008-03-31": "-0.06300", "2007-12-31": 0, "2007-09-30": 0, "2007-06-30": 0, "2007-03-31": "", "2006-12-31": 0, "2006-09-30": 0, "2006-06-30": 0, "2006-03-31": "", "2005-12-31": 0, "2005-09-30": 0, "2005-06-30": 0, "2005-03-31": ""}, "Net Common Equity Issued/Repurchased": {"2020-09-30": 18.789, "2020-06-30": 17.575, "2020-03-31": "323.82000", "2019-12-31": 12.03, "2019-09-30": 5.181, "2019-06-30": 7.181, "2019-03-31": "377.56300", "2018-12-31": 520.6, "2018-09-30": 8.645, "2018-06-30": 21.743, "2018-03-31": "12.64300", "2017-12-31": 3.445, "2017-09-30": 361.652, "2017-06-30": 1.337, "2017-03-31": "2.74900", "2016-12-31": 9.814, "2016-09-30": 336.237, "2016-06-30": 38.193, "2016-03-31": "1.48800", "2015-12-31": 125.601, "2015-09-30": 4.233, "2015-06-30": 0.54, "2015-03-31": "0.43100", "2014-12-31": 0.048, "2014-09-30": 5.43, "2014-06-30": 96.058, "2014-03-31": "2.71300", "2013-12-31": 2.035, "2013-09-30": 139.036, "2013-06-30": 1.922, "2013-03-31": "2.99300", "2012-12-31": 157.276, "2012-09-30": 21.404, "2012-06-30": 0, "2012-03-31": "0.00100", "2011-12-31": 0, "2011-09-30": 0.032, "2011-06-30": 32.232, "2011-03-31": "0.11600", "2010-12-31": 0.036, "2010-09-30": 2.506, "2010-06-30": 0.019, "2010-03-31": "", "2009-12-31": 0.058, "2009-09-30": 32.269, "2009-06-30": 0.049, "2009-03-31": "15.46400", "2008-12-31": 0.037, "2008-09-30": 0, "2008-06-30": 0.044, "2008-03-31": "", "2007-12-31": 18.6762, "2007-09-30": 0.0052, "2007-06-30": 0.0636, "2007-03-31": "", "2006-12-31": 0.0732, "2006-09-30": 0.015, "2006-06-30": 0.1036, "2006-03-31": "7.97110", "2005-12-31": 21.1476, "2005-09-30": 0, "2005-06-30": 0.0679, "2005-03-31": "22.31150"}, "Net Total Equity Issued/Repurchased": {"2020-09-30": 18.789, "2020-06-30": 17.575, "2020-03-31": "323.82000", "2019-12-31": 12.03, "2019-09-30": 5.181, "2019-06-30": 7.181, "2019-03-31": "377.56300", "2018-12-31": 520.6, "2018-09-30": 8.645, "2018-06-30": 21.743, "2018-03-31": "12.64300", "2017-12-31": 3.445, "2017-09-30": 361.652, "2017-06-30": 1.337, "2017-03-31": "2.74900", "2016-12-31": 9.814, "2016-09-30": 336.237, "2016-06-30": 38.193, "2016-03-31": "1.48800", "2015-12-31": 125.601, "2015-09-30": 4.233, "2015-06-30": 0.54, "2015-03-31": "0.43100", "2014-12-31": 0.048, "2014-09-30": 5.43, "2014-06-30": 96.058, "2014-03-31": "2.71300", "2013-12-31": 2.035, "2013-09-30": 139.036, "2013-06-30": 1.922, "2013-03-31": "2.99300", "2012-12-31": 157.276, "2012-09-30": 21.404, "2012-06-30": 0, "2012-03-31": "0.00100", "2011-12-31": 0, "2011-09-30": 0.032, "2011-06-30": 32.232, "2011-03-31": "0.11600", "2010-12-31": 0.036, "2010-09-30": 2.506, "2010-06-30": 0.019, "2010-03-31": "", "2009-12-31": 0.058, "2009-09-30": 32.269, "2009-06-30": 0.049, "2009-03-31": "15.46400", "2008-12-31": 0.037, "2008-09-30": 0, "2008-06-30": 0.044, "2008-03-31": "", "2007-12-31": 18.6762, "2007-09-30": 0.0052, "2007-06-30": 0.0636, "2007-03-31": "", "2006-12-31": 0.0732, "2006-09-30": 0.015, "2006-06-30": 0.1036, "2006-03-31": "7.97110", "2005-12-31": 21.1476, "2005-09-30": 0, "2005-06-30": 0.0679, "2005-03-31": "22.31150"}, "Total Common And Preferred Stock Dividends Paid": {"2020-09-30": 0, "2020-06-30": 0, "2020-03-31": "", "2019-12-31": 0, "2019-09-30": 0, "2019-06-30": 0, "2019-03-31": "", "2018-12-31": 0, "2018-09-30": 0, "2018-06-30": 0, "2018-03-31": "", "2017-12-31": 0, "2017-09-30": 0, "2017-06-30": 0, "2017-03-31": "", "2016-12-31": 0, "2016-09-30": 0, "2016-06-30": 0, "2016-03-31": "", "2015-12-31": 0, "2015-09-30": 0, "2015-06-30": 0, "2015-03-31": "", "2014-12-31": 0, "2014-09-30": 0, "2014-06-30": 0, "2014-03-31": "", "2013-12-31": 0, "2013-09-30": 0, "2013-06-30": 0, "2013-03-31": "", "2012-12-31": 0, "2012-09-30": 0, "2012-06-30": 0, "2012-03-31": "", "2011-12-31": 0, "2011-09-30": 0, "2011-06-30": 0, "2011-03-31": "", "2010-12-31": 0, "2010-09-30": 0, "2010-06-30": 0, "2010-03-31": "", "2009-12-31": 0, "2009-09-30": 0, "2009-06-30": 0, "2009-03-31": "", "2008-12-31": 0, "2008-09-30": 0, "2008-06-30": 0, "2008-03-31": "", "2007-12-31": 0, "2007-09-30": 0, "2007-06-30": 0, "2007-03-31": "", "2006-12-31": 0, "2006-09-30": 0, "2006-06-30": 0, "2006-03-31": "", "2005-12-31": 0, "2005-09-30": 0, "2005-06-30": 0, "2005-03-31": ""}, "Financial Activities - Other": {"2020-09-30": 0, "2020-06-30": 0, "2020-03-31": "-4.79800", "2019-12-31": -0.689, "2019-09-30": -3.448, "2019-06-30": -0.889, "2019-03-31": "", "2018-12-31": -0.144, "2018-09-30": -1.99, "2018-06-30": 0, "2018-03-31": "", "2017-12-31": 503.945, "2017-09-30": 0, "2017-06-30": 0, "2017-03-31": "", "2016-12-31": 0, "2016-09-30": 0, "2016-06-30": 0, "2016-03-31": "", "2015-12-31": -0.399, "2015-09-30": 0, "2015-06-30": 0, "2015-03-31": "", "2014-12-31": 0, "2014-09-30": 0, "2014-06-30": 0, "2014-03-31": "", "2013-12-31": -0.048, "2013-09-30": 0, "2013-06-30": -0.178, "2013-03-31": "", "2012-12-31": 0, "2012-09-30": 0, "2012-06-30": 0, "2012-03-31": "", "2011-12-31": 0, "2011-09-30": 0, "2011-06-30": 0, "2011-03-31": "", "2010-12-31": 0, "2010-09-30": 0, "2010-06-30": 0, "2010-03-31": "", "2009-12-31": 0, "2009-09-30": 0.043, "2009-06-30": -0.043, "2009-03-31": "", "2008-12-31": 0, "2008-09-30": 0, "2008-06-30": 0, "2008-03-31": "", "2007-12-31": 0, "2007-09-30": 0, "2007-06-30": 0, "2007-03-31": "", "2006-12-31": 0, "2006-09-30": 0, "2006-06-30": 0, "2006-03-31": "", "2005-12-31": 0, "2005-09-30": 0, "2005-06-30": 0, "2005-03-31": ""}, "Cash Flow From Financial Activities": {"2020-09-30": 18.789, "2020-06-30": 17.575, "2020-03-31": "319.02200", "2019-12-31": 256.966, "2019-09-30": 1.733, "2019-06-30": 6.292, "2019-03-31": "377.56300", "2018-12-31": 521.283, "2018-09-30": -23.955, "2018-06-30": 25.351, "2018-03-31": "7.47100", "2017-12-31": 506.813, "2017-09-30": 382.237, "2017-06-30": -1.174, "2017-03-31": "0.20600", "2016-12-31": 7.287, "2016-09-30": 333.712, "2016-06-30": 38.167, "2016-03-31": "-1.03700", "2015-12-31": 125.576, "2015-09-30": 1.576, "2015-06-30": 20.25, "2015-03-31": "0.40600", "2014-12-31": 0.024, "2014-09-30": 5.407, "2014-06-30": 96.034, "2014-03-31": "2.69000", "2013-12-31": 1.965, "2013-09-30": 139.014, "2013-06-30": 1.721, "2013-03-31": "2.97100", "2012-12-31": 157.255, "2012-09-30": 21.382, "2012-06-30": -0.021, "2012-03-31": "-0.02000", "2011-12-31": -0.02, "2011-09-30": 0.011, "2011-06-30": 32.212, "2011-03-31": "0.09600", "2010-12-31": 0.017, "2010-09-30": 2.487, "2010-06-30": 0, "2010-03-31": "-0.02000", "2009-12-31": 0.033, "2009-09-30": 32.3, "2009-06-30": -0.012, "2009-03-31": "15.44500", "2008-12-31": 0.023, "2008-09-30": -0.018, "2008-06-30": 0.026, "2008-03-31": "-0.06300", "2007-12-31": 18.6762, "2007-09-30": 0.0052, "2007-06-30": 0.0636, "2007-03-31": "", "2006-12-31": 0.0732, "2006-09-30": 0.015, "2006-06-30": 0.1036, "2006-03-31": "7.97110", "2005-12-31": 21.1476, "2005-09-30": 0, "2005-06-30": 0.0679, "2005-03-31": "22.31150"}, "Net Cash Flow": {"2020-09-30": -165.322, "2020-06-30": -124.253, "2020-03-31": "929.13200", "2019-12-31": 110.251, "2019-09-30": -83.657, "2019-06-30": 79.661, "2019-03-31": "366.56100", "2018-12-31": 161.127, "2018-09-30": -200.673, "2018-06-30": -146.995, "2018-03-31": "-42.45700", "2017-12-31": -17.94, "2017-09-30": 449.283, "2017-06-30": -106.375, "2017-03-31": "152.30300", "2016-12-31": -272.72, "2016-09-30": 283.321, "2016-06-30": 73.818, "2016-03-31": "-42.30300", "2015-12-31": 24.485, "2015-09-30": -13.719, "2015-06-30": -4.898, "2015-03-31": "0.88500", "2014-12-31": 21.252, "2014-09-30": -50.455, "2014-06-30": 53.653, "2014-03-31": "-207.86400", "2013-12-31": -16.679, "2013-09-30": 117.459, "2013-06-30": -11.734, "2013-03-31": "-19.74200", "2012-12-31": 149.674, "2012-09-30": 13.496, "2012-06-30": -6.082, "2012-03-31": "-9.33100", "2011-12-31": -6.452, "2011-09-30": -7.832, "2011-06-30": 30.905, "2011-03-31": "-10.30600", "2010-12-31": -2.378, "2010-09-30": -0.775, "2010-06-30": -4.696, "2010-03-31": "-6.83700", "2009-12-31": -1.993, "2009-09-30": 30.231, "2009-06-30": -4.686, "2009-03-31": "13.53100", "2008-12-31": -2.889, "2008-09-30": -4.429, "2008-06-30": -1.451, "2008-03-31": "-4.84200", "2007-12-31": 20.9419, "2007-09-30": -5.4022, "2007-06-30": -5.7014, "2007-03-31": "-5.19430", "2006-12-31": -5.419, "2006-09-30": -6.1861, "2006-06-30": -5.103, "2006-03-31": "2.26960", "2005-12-31": 7.0409, "2005-09-30": 0.2107, "2005-06-30": -7.0107, "2005-03-31": "17.70200"}, "Stock-Based Compensation": {"2020-09-30": 26.903, "2020-06-30": 27.616, "2020-03-31": "24.02400", "2019-12-31": 22.064, "2019-09-30": 20.637, "2019-06-30": 19.762, "2019-03-31": "16.13900", "2018-12-31": 12.838, "2018-09-30": 11.484, "2018-06-30": 15.279, "2018-03-31": "10.52600", "2017-12-31": 7.366, "2017-09-30": 6.922, "2017-06-30": 10.465, "2017-03-31": "5.71200", "2016-12-31": 6.869, "2016-09-30": 9.428, "2016-06-30": 6.83, "2016-03-31": "6.83500", "2015-12-31": 6.348, "2015-09-30": 5.683, "2015-06-30": 5.93, "2015-03-31": "14.15600", "2014-12-31": 5.767, "2014-09-30": 4.649, "2014-06-30": 5.587, "2014-03-31": "4.34200", "2013-12-31": 3.651, "2013-09-30": 3.487, "2013-06-30": 2.318, "2013-03-31": "1.67100", "2012-12-31": 1.238, "2012-09-30": 0.692, "2012-06-30": 0.44, "2012-03-31": "0.70800", "2011-12-31": 0.675, "2011-09-30": 0.592, "2011-06-30": 0.717, "2011-03-31": "1.14500", "2010-12-31": 0.629, "2010-09-30": 0.509, "2010-06-30": 1.605, "2010-03-31": "0.42600", "2009-12-31": 0.782, "2009-09-30": 0.511, "2009-06-30": 0.516, "2009-03-31": "0.56500", "2008-12-31": 0.709, "2008-09-30": 1.77, "2008-06-30": 2.129, "2008-03-31": "0.22200", "2007-12-31": 5.4194, "2007-09-30": 0, "2007-06-30": 0, "2007-03-31": "0.31260", "2006-12-31": 0, "2006-09-30": 0, "2006-06-30": 0, "2006-03-31": "0.52510", "2005-12-31": 0.0571, "2005-09-30": 0.0701, "2005-06-30": 0.0607, "2005-03-31": "0.20630"}, "Common Stock Dividends Paid": {"2020-09-30": 0, "2020-06-30": 0, "2020-03-31": "", "2019-12-31": 0, "2019-09-30": 0, "2019-06-30": 0, "2019-03-31": "", "2018-12-31": 0, "2018-09-30": 0, "2018-06-30": 0, "2018-03-31": "", "2017-12-31": 0, "2017-09-30": 0, "2017-06-30": 0, "2017-03-31": "", "2016-12-31": 0, "2016-09-30": 0, "2016-06-30": 0, "2016-03-31": "", "2015-12-31": 0, "2015-09-30": 0, "2015-06-30": 0, "2015-03-31": "", "2014-12-31": 0, "2014-09-30": 0, "2014-06-30": 0, "2014-03-31": "", "2013-12-31": 0, "2013-09-30": 0, "2013-06-30": 0, "2013-03-31": "", "2012-12-31": 0, "2012-09-30": 0, "2012-06-30": 0, "2012-03-31": "", "2011-12-31": 0, "2011-09-30": 0, "2011-06-30": 0, "2011-03-31": "", "2010-12-31": 0, "2010-09-30": 0, "2010-06-30": 0, "2010-03-31": "", "2009-12-31": 0, "2009-09-30": 0, "2009-06-30": 0, "2009-03-31": "", "2008-12-31": 0, "2008-09-30": 0, "2008-06-30": 0, "2008-03-31": "", "2007-12-31": 0, "2007-09-30": 0, "2007-06-30": 0, "2007-03-31": "", "2006-12-31": 0, "2006-09-30": 0, "2006-06-30": 0, "2006-03-31": "", "2005-12-31": 0, "2005-09-30": 0, "2005-06-30": 0, "2005-03-31": ""}}, "financial ratios": {"Current Ratio": {"2019-12-31": "5.54790", "2018-12-31": "8.21110", "2017-12-31": "13.90940", "2016-12-31": "4.95180", "2015-12-31": "3.60460", "2014-12-31": "6.72140", "2013-12-31": "7.52950", "2012-12-31": "2.45810", "2011-12-31": "2.19330", "2010-12-31": "0.82510", "2009-12-31": "1.53130", "2008-12-31": "2.33860", "2007-12-31": "2.94410", "2006-12-31": "4.06790", "2005-12-31": "17.70520"}, "Long-term Debt / Capital": {"2019-12-31": "0.45460", "2018-12-31": "0.28950", "2017-12-31": "0.35000", "2016-12-31": "0.01760", "2015-12-31": "0.07290", "2014-12-31": "0.01490", "2013-12-31": "0.00630", "2012-12-31": "0.01330", "2011-12-31": "0.05360", "2010-12-31": "-1.88920", "2009-12-31": "0.07530", "2008-12-31": "0.11280", "2007-12-31": "0.07280", "2006-12-31": "", "2005-12-31": ""}, "Debt/Equity Ratio": {"2019-12-31": "0.83340", "2018-12-31": "0.40740", "2017-12-31": "0.54620", "2016-12-31": "0.04800", "2015-12-31": "0.12290", "2014-12-31": "0.02560", "2013-12-31": "0.00670", "2012-12-31": "0.01420", "2011-12-31": "0.05940", "2010-12-31": "-0.68260", "2009-12-31": "0.08470", "2008-12-31": "0.13190", "2007-12-31": "0.08120", "2006-12-31": "", "2005-12-31": ""}, "Gross Margin": {"2019-12-31": "85.14150", "2018-12-31": "88.64150", "2017-12-31": "95.24340", "2016-12-31": "98.13690", "2015-12-31": "100.00000", "2014-12-31": "100.00000", "2013-12-31": "100.00000", "2012-12-31": "100.00000", "2011-12-31": "100.00000", "2010-12-31": "100.00000", "2009-12-31": "100.00000", "2008-12-31": "100.00000", "2007-12-31": "100.00000", "2006-12-31": "100.00000", "2005-12-31": "100.00000"}, "Operating Margin": {"2019-12-31": "-185.26830", "2018-12-31": "-114.14920", "2017-12-31": "-111.03220", "2016-12-31": "-4920.31000", "2015-12-31": "-17572.54000", "2014-12-31": "-1371.21000", "2013-12-31": "-634.95320", "2012-12-31": "-79.57080", "2011-12-31": "-76.45670", "2010-12-31": "-71.15570", "2009-12-31": "-88.18310", "2008-12-31": "-129.16550", "2007-12-31": "-301.39290", "2006-12-31": "-28608.52000", "2005-12-31": "-366.16300"}, "EBIT Margin": {"2019-12-31": "-185.26830", "2018-12-31": "-114.14920", "2017-12-31": "-111.03220", "2016-12-31": "-4920.31000", "2015-12-31": "-17572.54000", "2014-12-31": "-1371.21000", "2013-12-31": "-634.95320", "2012-12-31": "-79.57080", "2011-12-31": "-76.45670", "2010-12-31": "-71.15570", "2009-12-31": "-88.18310", "2008-12-31": "-129.16550", "2007-12-31": "-301.39290", "2006-12-31": "-28608.52000", "2005-12-31": "-366.16300"}, "EBITDA Margin": {"2019-12-31": "-179.46480", "2018-12-31": "-112.63010", "2017-12-31": "-106.37190", "2016-12-31": "-4815.33000", "2015-12-31": "-17101.75000", "2014-12-31": "-1308.46600", "2013-12-31": "-625.97230", "2012-12-31": "-75.48560", "2011-12-31": "-73.69010", "2010-12-31": "-66.18290", "2009-12-31": "-80.34120", "2008-12-31": "-122.25520", "2007-12-31": "-283.05870", "2006-12-31": "-26795.39000", "2005-12-31": "-324.40350"}, "Pre-Tax Profit Margin": {"2019-12-31": "-187.45220", "2018-12-31": "-120.45480", "2017-12-31": "-31.45730", "2016-12-31": "-4930.17900", "2015-12-31": "-17560.26000", "2014-12-31": "-1391.70900", "2013-12-31": "-787.57290", "2012-12-31": "-324.91360", "2011-12-31": "-4.93300", "2010-12-31": "-109.37120", "2009-12-31": "-143.07080", "2008-12-31": "-112.67760", "2007-12-31": "-247.31910", "2006-12-31": "-24882.70000", "2005-12-31": "-380.57690"}, "Net Profit Margin": {"2019-12-31": "-187.76600", "2018-12-31": "-120.22500", "2017-12-31": "-32.78990", "2016-12-31": "-4930.17900", "2015-12-31": "-17560.26000", "2014-12-31": "-1391.70900", "2013-12-31": "-787.57290", "2012-12-31": "-324.91360", "2011-12-31": "-4.93300", "2010-12-31": "-109.37120", "2009-12-31": "-143.07080", "2008-12-31": "-112.67760", "2007-12-31": "-247.31910", "2006-12-31": "-24882.70000", "2005-12-31": "-380.57690"}, "Asset Turnover": {"2019-12-31": "0.20890", "2018-12-31": "0.18330", "2017-12-31": "0.11820", "2016-12-31": "0.01280", "2015-12-31": "0.00460", "2014-12-31": "0.03310", "2013-12-31": "0.04880", "2012-12-31": "0.18210", "2011-12-31": "0.86430", "2010-12-31": "0.63990", "2009-12-31": "0.29300", "2008-12-31": "0.83250", "2007-12-31": "0.28430", "2006-12-31": "0.00280", "2005-12-31": "0.08480"}, "Inventory Turnover Ratio": {"2019-12-31": "0.33020", "2018-12-31": "0.27260", "2017-12-31": "0.08790", "2016-12-31": "0.00790", "2015-12-31": "", "2014-12-31": "", "2013-12-31": "", "2012-12-31": "", "2011-12-31": "", "2010-12-31": "", "2009-12-31": "", "2008-12-31": "", "2007-12-31": "", "2006-12-31": "", "2005-12-31": ""}, "Receiveable Turnover": {"2019-12-31": "4.19060", "2018-12-31": "6.13800", "2017-12-31": "5.24580", "2016-12-31": "1.03690", "2015-12-31": "0.31510", "2014-12-31": "4.03850", "2013-12-31": "4.02800", "2012-12-31": "7.92040", "2011-12-31": "12.93420", "2010-12-31": "9.12530", "2009-12-31": "8.43410", "2008-12-31": "4.27640", "2007-12-31": "3.82780", "2006-12-31": "2.23870", "2005-12-31": "3.86900"}, "Days Sales In Receivables": {"2019-12-31": "87.10070", "2018-12-31": "59.46520", "2017-12-31": "69.57910", "2016-12-31": "352.00520", "2015-12-31": "1158.50400", "2014-12-31": "90.38020", "2013-12-31": "90.61470", "2012-12-31": "46.08330", "2011-12-31": "28.21970", "2010-12-31": "39.99860", "2009-12-31": "43.27690", "2008-12-31": "85.35210", "2007-12-31": "95.35390", "2006-12-31": "163.03760", "2005-12-31": "94.34060"}, "ROE - Return On Equity": {"2019-12-31": "-87.39750", "2018-12-31": "-35.06020", "2017-12-31": "-6.42260", "2016-12-31": "-79.37990", "2015-12-31": "-115.59410", "2014-12-31": "-54.83040", "2013-12-31": "-45.30280", "2012-12-31": "-98.06600", "2011-12-31": "-7.47330", "2010-12-31": "1142.23700", "2009-12-31": "-106.47060", "2008-12-31": "-152.25660", "2007-12-31": "-102.98030", "2006-12-31": "-88.21680", "2005-12-31": "-33.92820"}, "Return On Tangible Equity": {"2019-12-31": "-88.75310", "2018-12-31": "-35.45780", "2017-12-31": "-6.54160", "2016-12-31": "-81.33070", "2015-12-31": "-119.77350", "2014-12-31": "-56.16640", "2013-12-31": "-46.24610", "2012-12-31": "-102.12270", "2011-12-31": "-8.82950", "2010-12-31": "473.40020", "2009-12-31": "-126.61160", "2008-12-31": "-192.17750", "2007-12-31": "-116.52520", "2006-12-31": "-95.75020", "2005-12-31": "-35.32220"}, "ROA - Return On Assets": {"2019-12-31": "-39.22900", "2018-12-31": "-22.04030", "2017-12-31": "-3.87530", "2016-12-31": "-63.01880", "2015-12-31": "-80.36690", "2014-12-31": "-46.02500", "2013-12-31": "-38.40770", "2012-12-31": "-59.16640", "2011-12-31": "-4.26350", "2010-12-31": "-69.98650", "2009-12-31": "-41.91280", "2008-12-31": "-93.80090", "2007-12-31": "-70.31430", "2006-12-31": "-70.20460", "2005-12-31": "-32.27540"}, "ROI - Return On Investment": {"2019-12-31": "-47.66890", "2018-12-31": "-24.91120", "2017-12-31": "-4.17500", "2016-12-31": "-77.98050", "2015-12-31": "-107.16650", "2014-12-31": "-54.01510", "2013-12-31": "-45.01580", "2012-12-31": "-96.76100", "2011-12-31": "-7.07270", "2010-12-31": "3300.20600", "2009-12-31": "-98.45430", "2008-12-31": "-135.07590", "2007-12-31": "-95.48560", "2006-12-31": "-88.21680", "2005-12-31": "-33.92820"}, "Book Value Per Share": {"2019-12-31": "10.88230", "2018-12-31": "14.52440", "2017-12-31": "12.18080", "2016-12-31": "6.14860", "2015-12-31": "4.17150", "2014-12-31": "5.99470", "2013-12-31": "6.54780", "2012-12-31": "3.90120", "2011-12-31": "1.37100", "2010-12-31": "-0.15040", "2009-12-31": "1.28290", "2008-12-31": "1.32730", "2007-12-31": "2.45560", "2006-12-31": "3.66810", "2005-12-31": "6.28910"}, "Operating Cash Flow Per Share": {"2019-12-31": -0.3341, "2018-12-31": -1.9223, "2017-12-31": 1.1037, "2016-12-31": -1.5137, "2015-12-31": -0.3229, "2014-12-31": -1.3002, "2013-12-31": -0.6531, "2012-12-31": -0.1618, "2011-12-31": -0.2759, "2010-12-31": -0.2533, "2009-12-31": 0.4981, "2008-12-31": 1.6791, "2007-12-31": -0.3962, "2006-12-31": -0.3775, "2005-12-31": -1.9706}, "Free Cash Flow Per Share": {"2019-12-31": -0.221, "2018-12-31": -2.6414, "2017-12-31": 1.0093, "2016-12-31": -1.5429, "2015-12-31": 0.2324, "2014-12-31": -1.8659, "2013-12-31": -0.7185, "2012-12-31": -0.1119, "2011-12-31": -0.2855, "2010-12-31": -0.2382, "2009-12-31": 0.47, "2008-12-31": 1.7884, "2007-12-31": -0.45, "2006-12-31": -0.3211, "2005-12-31": -2.1144}}, "financial ratios, quarterly": {"Current Ratio": {"2020-09-30": "6.13830", "2020-06-30": "6.93000", "2020-03-31": "8.31300", "2019-12-31": "5.54790", "2019-09-30": "6.31110", "2019-06-30": "8.80640", "2019-03-31": "12.16770", "2018-12-31": "8.21110", "2018-09-30": "8.84740", "2018-06-30": "10.88240", "2018-03-31": "13.37140", "2017-12-31": "13.90940", "2017-09-30": "10.43860", "2017-06-30": "5.92150", "2017-03-31": "6.12770", "2016-12-31": "4.95180", "2016-09-30": "6.69530", "2016-06-30": "2.28890", "2016-03-31": "2.91380", "2015-12-31": "3.60460", "2015-09-30": "3.24180", "2015-06-30": "4.68130", "2015-03-31": "5.69370", "2014-12-31": "6.72140", "2014-09-30": "11.87250", "2014-06-30": "10.36160", "2014-03-31": "6.60440", "2013-12-31": "7.52950", "2013-09-30": "5.68330", "2013-06-30": "1.87060", "2013-03-31": "1.70360", "2012-12-31": "2.45810", "2012-09-30": "0.76380", "2012-06-30": "1.93990", "2012-03-31": "1.25760", "2011-12-31": "2.19330", "2011-09-30": "1.95790", "2011-06-30": "1.78740", "2011-03-31": "0.89070", "2010-12-31": "0.82510", "2010-09-30": "0.96680", "2010-06-30": "1.07150", "2010-03-31": "1.67610", "2009-12-31": "1.53130", "2009-09-30": "1.32250", "2009-06-30": "0.92550", "2009-03-31": "2.47750", "2008-12-31": "2.33860", "2008-09-30": "1.84320", "2008-06-30": "2.55430", "2008-03-31": "2.08900", "2007-12-31": "2.94410", "2007-09-30": "1.75430", "2007-06-30": "4.34130", "2007-03-31": "6.51230", "2006-12-31": "4.06790", "2006-09-30": "17.99890", "2006-06-30": "19.91390", "2006-03-31": "22.97360", "2005-12-31": "17.70520", "2005-09-30": "12.48720", "2005-06-30": "16.83270", "2005-03-31": "16.45130"}, "Long-term Debt / Capital": {"2020-09-30": "0.43990", "2020-06-30": "0.39960", "2020-03-31": "0.37540", "2019-12-31": "0.45460", "2019-09-30": "0.30480", "2019-06-30": "0.28170", "2019-03-31": "0.24000", "2018-12-31": "0.28950", "2018-09-30": "0.39370", "2018-06-30": "0.38080", "2018-03-31": "0.35490", "2017-12-31": "0.35000", "2017-09-30": "0.03670", "2017-06-30": "", "2017-03-31": "0.00540", "2016-12-31": "0.01760", "2016-09-30": "0.02040", "2016-06-30": "0.07680", "2016-03-31": "0.08780", "2015-12-31": "0.07290", "2015-09-30": "0.12370", "2015-06-30": "0.11100", "2015-03-31": "0.00720", "2014-12-31": "0.01490", "2014-09-30": "0.01300", "2014-06-30": "0.00510", "2014-03-31": "0.00670", "2013-12-31": "0.00630", "2013-09-30": "0.00640", "2013-06-30": "0.01790", "2013-03-31": "0.01850", "2012-12-31": "0.01330", "2012-09-30": "-0.58760", "2012-06-30": "0.07070", "2012-03-31": "0.11010", "2011-12-31": "0.05360", "2011-09-30": "0.05300", "2011-06-30": "0.04870", "2011-03-31": "0.66440", "2010-12-31": "-1.88920", "2010-09-30": "0.30920", "2010-06-30": "0.18240", "2010-03-31": "0.07500", "2009-12-31": "0.07530", "2009-09-30": "0.09090", "2009-06-30": "0.34120", "2009-03-31": "0.07970", "2008-12-31": "0.11280", "2008-09-30": "0.10980", "2008-06-30": "0.08740", "2008-03-31": "0.09170", "2007-12-31": "0.07280", "2007-09-30": "0.12060", "2007-06-30": "0.08000", "2007-03-31": "", "2006-12-31": "", "2006-09-30": "", "2006-06-30": "", "2006-03-31": "", "2005-12-31": "", "2005-09-30": "", "2005-06-30": "", "2005-03-31": ""}, "Debt/Equity Ratio": {"2020-09-30": "0.78520", "2020-06-30": "0.66560", "2020-03-31": "0.60090", "2019-12-31": "0.83340", "2019-09-30": "0.43850", "2019-06-30": "0.39220", "2019-03-31": "0.31570", "2018-12-31": "0.40740", "2018-09-30": "0.64930", "2018-06-30": "0.62860", "2018-03-31": "0.55460", "2017-12-31": "0.54620", "2017-09-30": "0.04490", "2017-06-30": "0.02970", "2017-03-31": "0.03190", "2016-12-31": "0.04800", "2016-09-30": "0.04550", "2016-06-30": "0.16640", "2016-03-31": "0.15100", "2015-12-31": "0.12290", "2015-09-30": "0.18900", "2015-06-30": "0.15520", "2015-03-31": "0.03180", "2014-12-31": "0.02560", "2014-09-30": "0.02190", "2014-06-30": "0.00540", "2014-03-31": "0.00720", "2013-12-31": "0.00670", "2013-09-30": "0.00680", "2013-06-30": "0.01930", "2013-03-31": "0.01990", "2012-12-31": "0.01420", "2012-09-30": "-0.38940", "2012-06-30": "0.08000", "2012-03-31": "0.12990", "2011-12-31": "0.05940", "2011-09-30": "0.05860", "2011-06-30": "0.05360", "2011-03-31": "2.06850", "2010-12-31": "-0.68260", "2010-09-30": "0.46670", "2010-06-30": "0.23240", "2010-03-31": "0.08440", "2009-12-31": "0.08470", "2009-09-30": "0.10390", "2009-06-30": "0.53800", "2009-03-31": "0.08980", "2008-12-31": "0.13190", "2008-09-30": "0.12780", "2008-06-30": "0.09920", "2008-03-31": "0.10220", "2007-12-31": "0.08120", "2007-09-30": "0.14180", "2007-06-30": "0.08990", "2007-03-31": "", "2006-12-31": "", "2006-09-30": "", "2006-06-30": "", "2006-03-31": "", "2005-12-31": "", "2005-09-30": "", "2005-06-30": "", "2005-03-31": ""}, "Gross Margin": {"2020-09-30": "89.56740", "2020-06-30": "90.28780", "2020-03-31": "88.89630", "2019-12-31": "84.45060", "2019-09-30": "86.83680", "2019-06-30": "83.18440", "2019-03-31": "86.13620", "2018-12-31": "84.44000", "2018-09-30": "88.86300", "2018-06-30": "90.84040", "2018-03-31": "91.35970", "2017-12-31": "93.80900", "2017-09-30": "93.30200", "2017-06-30": "98.55470", "2017-03-31": "98.63540", "2016-12-31": "", "2016-09-30": "", "2016-06-30": "", "2016-03-31": "", "2015-12-31": "", "2015-09-30": "", "2015-06-30": "", "2015-03-31": "", "2014-12-31": "100.00000", "2014-09-30": "100.00000", "2014-06-30": "100.00000", "2014-03-31": "100.00000", "2013-12-31": "100.00000", "2013-09-30": "100.00000", "2013-06-30": "100.00000", "2013-03-31": "100.00000", "2012-12-31": "100.00000", "2012-09-30": "100.00000", "2012-06-30": "100.00000", "2012-03-31": "100.00000", "2011-12-31": "100.00000", "2011-09-30": "100.00000", "2011-06-30": "100.00000", "2011-03-31": "100.00000", "2010-12-31": "100.00000", "2010-09-30": "100.00000", "2010-06-30": "100.00000", "2010-03-31": "100.00000", "2009-12-31": "100.00000", "2009-09-30": "100.00000", "2009-06-30": "100.00000", "2009-03-31": "100.00000", "2008-12-31": "100.00000", "2008-09-30": "100.00000", "2008-06-30": "100.00000", "2008-03-31": "100.00000", "2007-12-31": "100.00000", "2007-09-30": "100.00000", "2007-06-30": "100.00000", "2007-03-31": "100.00000", "2006-12-31": "100.00000", "2006-09-30": "100.00000", "2006-06-30": "100.00000", "2006-03-31": "100.00000", "2005-12-31": "100.00000", "2005-09-30": "100.00000", "2005-06-30": "100.00000", "2005-03-31": "100.00000"}, "Operating Margin": {"2020-09-30": "-95.23640", "2020-06-30": "-100.72070", "2020-03-31": "-103.82850", "2019-12-31": "-229.95920", "2019-09-30": "-124.78670", "2019-06-30": "-290.87660", "2019-03-31": "-87.79010", "2018-12-31": "-165.09260", "2018-09-30": "-89.31400", "2018-06-30": "-140.66150", "2018-03-31": "-47.58070", "2017-12-31": "-40.41240", "2017-09-30": "-99.89770", "2017-06-30": "-180.91170", "2017-03-31": "-240.14810", "2016-12-31": "", "2016-09-30": "", "2016-06-30": "", "2016-03-31": "", "2015-12-31": "", "2015-09-30": "", "2015-06-30": "", "2015-03-31": "", "2014-12-31": "-165637.40000", "2014-09-30": "-3179.88700", "2014-06-30": "-1171.93200", "2014-03-31": "-412.63140", "2013-12-31": "-1250.91400", "2013-09-30": "-598.20050", "2013-06-30": "-579.02400", "2013-03-31": "-344.54630", "2012-12-31": "-141.31670", "2012-09-30": "-91.16720", "2012-06-30": "-49.58510", "2012-03-31": "-61.30930", "2011-12-31": "-66.24950", "2011-09-30": "-149.80060", "2011-06-30": "-87.39750", "2011-03-31": "-38.68910", "2010-12-31": "-11.18200", "2010-09-30": "-43.63370", "2010-06-30": "-191.81890", "2010-03-31": "-641.90880", "2009-12-31": "-77.02940", "2009-09-30": "-45.96250", "2009-06-30": "-171.98640", "2009-03-31": "-113.17460", "2008-12-31": "-52.81990", "2008-09-30": "-114.83270", "2008-06-30": "-97.91290", "2008-03-31": "-244.39110", "2007-12-31": "-109.30600", "2007-09-30": "-292.42180", "2007-06-30": "-375.95040", "2007-03-31": "-1881.47300", "2006-12-31": "-50072.67000", "2006-09-30": "-54880.24000", "2006-06-30": "-39977.81000", "2006-03-31": "-14431.05000", "2005-12-31": "-346.05260", "2005-09-30": "-58.43250", "2005-06-30": "-13094.50000", "2005-03-31": "-12270.41000"}, "EBIT Margin": {"2020-09-30": "-95.23640", "2020-06-30": "-100.72070", "2020-03-31": "-103.82850", "2019-12-31": "-229.95910", "2019-09-30": "-124.78670", "2019-06-30": "-290.87660", "2019-03-31": "-87.79010", "2018-12-31": "-165.09260", "2018-09-30": "-89.31400", "2018-06-30": "-140.66150", "2018-03-31": "-47.58070", "2017-12-31": "-40.41240", "2017-09-30": "-99.89770", "2017-06-30": "-180.91170", "2017-03-31": "-240.14810", "2016-12-31": "", "2016-09-30": "", "2016-06-30": "", "2016-03-31": "", "2015-12-31": "", "2015-09-30": "", "2015-06-30": "", "2015-03-31": "", "2014-12-31": "-165637.30000", "2014-09-30": "-3179.88700", "2014-06-30": "-1171.93200", "2014-03-31": "-412.63140", "2013-12-31": "-1250.91400", "2013-09-30": "-598.20050", "2013-06-30": "-579.02400", "2013-03-31": "-344.54630", "2012-12-31": "-141.31670", "2012-09-30": "-91.16720", "2012-06-30": "-49.58510", "2012-03-31": "-61.30930", "2011-12-31": "-66.24950", "2011-09-30": "-149.80060", "2011-06-30": "-87.39750", "2011-03-31": "-38.68910", "2010-12-31": "-11.18200", "2010-09-30": "-43.63370", "2010-06-30": "-191.81890", "2010-03-31": "-641.90880", "2009-12-31": "-77.02940", "2009-09-30": "-45.96250", "2009-06-30": "-171.98640", "2009-03-31": "-113.17460", "2008-12-31": "-52.81990", "2008-09-30": "-114.83270", "2008-06-30": "-97.91290", "2008-03-31": "-244.39110", "2007-12-31": "-109.30590", "2007-09-30": "-292.42180", "2007-06-30": "-375.95040", "2007-03-31": "-1881.47300", "2006-12-31": "-50072.66000", "2006-09-30": "-54880.24000", "2006-06-30": "-39977.81000", "2006-03-31": "-14431.05000", "2005-12-31": "-346.05270", "2005-09-30": "-58.43250", "2005-06-30": "-13094.50000", "2005-03-31": "-12270.41000"}, "EBITDA Margin": {"2020-09-30": "", "2020-06-30": "", "2020-03-31": "", "2019-12-31": "", "2019-09-30": "", "2019-06-30": "", "2019-03-31": "", "2018-12-31": "", "2018-09-30": "", "2018-06-30": "", "2018-03-31": "", "2017-12-31": "", "2017-09-30": "", "2017-06-30": "", "2017-03-31": "", "2016-12-31": "", "2016-09-30": "", "2016-06-30": "", "2016-03-31": "", "2015-12-31": "", "2015-09-30": "", "2015-06-30": "", "2015-03-31": "", "2014-12-31": "", "2014-09-30": "", "2014-06-30": "", "2014-03-31": "", "2013-12-31": "", "2013-09-30": "", "2013-06-30": "", "2013-03-31": "", "2012-12-31": "", "2012-09-30": "", "2012-06-30": "", "2012-03-31": "", "2011-12-31": "", "2011-09-30": "", "2011-06-30": "", "2011-03-31": "", "2010-12-31": "", "2010-09-30": "", "2010-06-30": "", "2010-03-31": "", "2009-12-31": "", "2009-09-30": "", "2009-06-30": "", "2009-03-31": "", "2008-12-31": "", "2008-09-30": "", "2008-06-30": "", "2008-03-31": "", "2007-12-31": "", "2007-09-30": "", "2007-06-30": "", "2007-03-31": "", "2006-12-31": "", "2006-09-30": "", "2006-06-30": "", "2006-03-31": "", "2005-12-31": "", "2005-09-30": "", "2005-06-30": "", "2005-03-31": ""}, "Pre-Tax Profit Margin": {"2020-09-30": "-136.46300", "2020-06-30": "-109.78210", "2020-03-31": "-15.28670", "2019-12-31": "-234.72680", "2019-09-30": "-127.32100", "2019-06-30": "-291.78710", "2019-03-31": "-87.98770", "2018-12-31": "-167.83030", "2018-09-30": "-98.19200", "2018-06-30": "-147.75800", "2018-03-31": "-54.52290", "2017-12-31": "-45.11410", "2017-09-30": "-99.49730", "2017-06-30": "-180.38620", "2017-03-31": "526.80210", "2016-12-31": "", "2016-09-30": "", "2016-06-30": "", "2016-03-31": "", "2015-12-31": "", "2015-09-30": "", "2015-06-30": "", "2015-03-31": "", "2014-12-31": "-164504.00000", "2014-09-30": "-2759.77400", "2014-06-30": "-1311.42100", "2014-03-31": "-464.40540", "2013-12-31": "-335.87210", "2013-09-30": "-1008.39700", "2013-06-30": "-645.57780", "2013-03-31": "-940.63480", "2012-12-31": "-846.06050", "2012-09-30": "-654.26450", "2012-06-30": "71.72300", "2012-03-31": "-157.90230", "2011-12-31": "-10.37910", "2011-09-30": "-53.42900", "2011-06-30": "11.04020", "2011-03-31": "12.82180", "2010-12-31": "-49.26530", "2010-09-30": "-83.80830", "2010-06-30": "-416.71250", "2010-03-31": "-48.46480", "2009-12-31": "68.63930", "2009-09-30": "-127.34140", "2009-06-30": "-667.84380", "2009-03-31": "-29.42860", "2008-12-31": "-20.80680", "2008-09-30": "-116.94060", "2008-06-30": "-35.13950", "2008-03-31": "-266.93330", "2007-12-31": "-79.58680", "2007-09-30": "-241.63390", "2007-06-30": "-330.91880", "2007-03-31": "-1534.26100", "2006-12-31": "-36947.42000", "2006-09-30": "-47174.09000", "2006-06-30": "-37191.66000", "2006-03-31": "-13736.92000", "2005-12-31": "-429.05290", "2005-09-30": "-51.57130", "2005-06-30": "-12545.82000", "2005-03-31": "-12168.48000"}, "Net Profit Margin": {"2020-09-30": "-136.52970", "2020-06-30": "-109.79670", "2020-03-31": "-15.38790", "2019-12-31": "-235.43700", "2019-09-30": "-127.54920", "2019-06-30": "-291.97090", "2019-03-31": "-88.08430", "2018-12-31": "-166.90750", "2018-09-30": "-97.33330", "2018-06-30": "-148.60400", "2018-03-31": "-54.73810", "2017-12-31": "-41.89810", "2017-09-30": "-103.87340", "2017-06-30": "-180.07480", "2017-03-31": "514.56370", "2016-12-31": "", "2016-09-30": "", "2016-06-30": "", "2016-03-31": "", "2015-12-31": "", "2015-09-30": "", "2015-06-30": "", "2015-03-31": "", "2014-12-31": "-164504.00000", "2014-09-30": "-2759.77300", "2014-06-30": "-1311.42100", "2014-03-31": "-464.40540", "2013-12-31": "-335.87210", "2013-09-30": "-1008.39700", "2013-06-30": "-645.57780", "2013-03-31": "-940.63480", "2012-12-31": "-846.06050", "2012-09-30": "-654.26460", "2012-06-30": "71.72300", "2012-03-31": "-157.90230", "2011-12-31": "-10.37910", "2011-09-30": "-53.42900", "2011-06-30": "11.04010", "2011-03-31": "12.82180", "2010-12-31": "-49.26530", "2010-09-30": "-83.80830", "2010-06-30": "-416.71250", "2010-03-31": "-48.46470", "2009-12-31": "68.63930", "2009-09-30": "-127.34140", "2009-06-30": "-667.84380", "2009-03-31": "-29.42860", "2008-12-31": "-20.80670", "2008-09-30": "-116.94060", "2008-06-30": "-35.13950", "2008-03-31": "-266.93330", "2007-12-31": "-79.58670", "2007-09-30": "-241.63390", "2007-06-30": "-330.91880", "2007-03-31": "-1534.26100", "2006-12-31": "-36947.44000", "2006-09-30": "-47174.09000", "2006-06-30": "-37191.66000", "2006-03-31": "-13736.92000", "2005-12-31": "-429.05290", "2005-09-30": "-51.57140", "2005-06-30": "-12545.82000", "2005-03-31": "-12168.48000"}, "Asset Turnover": {"2020-09-30": "0.05180", "2020-06-30": "0.04760", "2020-03-31": "0.03860", "2019-12-31": "0.05490", "2019-09-30": "0.05820", "2019-06-30": "0.05420", "2019-03-31": "0.04430", "2018-12-31": "0.05140", "2018-09-30": "0.06640", "2018-06-30": "0.05900", "2018-03-31": "0.04970", "2017-12-31": "0.04380", "2017-09-30": "0.05740", "2017-06-30": "0.07780", "2017-03-31": "0.03190", "2016-12-31": "", "2016-09-30": "", "2016-06-30": "", "2016-03-31": "", "2015-12-31": "", "2015-09-30": "", "2015-06-30": "", "2015-03-31": "", "2014-12-31": "0.00010", "2014-09-30": "0.00330", "2014-06-30": "0.00770", "2014-03-31": "0.02210", "2013-12-31": "0.00900", "2013-09-30": "0.01370", "2013-06-30": "0.01610", "2013-03-31": "0.02310", "2012-12-31": "0.03580", "2012-09-30": "0.14270", "2012-06-30": "0.26620", "2012-03-31": "0.24040", "2011-12-31": "0.24990", "2011-09-30": "0.12320", "2011-06-30": "0.15460", "2011-03-31": "0.30400", "2010-12-31": "0.33750", "2010-09-30": "0.17110", "2010-06-30": "0.08210", "2010-03-31": "0.02280", "2009-12-31": "0.08560", "2009-09-30": "0.09760", "2009-06-30": "0.09030", "2009-03-31": "0.08510", "2008-12-31": "0.21460", "2008-09-30": "0.17520", "2008-06-30": "0.15300", "2008-03-31": "0.15850", "2007-12-31": "0.13420", "2007-09-30": "0.10840", "2007-06-30": "0.07530", "2007-03-31": "0.01520", "2006-12-31": "0.00040", "2006-09-30": "0.00030", "2006-06-30": "0.00040", "2006-03-31": "0.00110", "2005-12-31": "0.02510", "2005-09-30": "0.08300", "2005-06-30": "0.00100", "2005-03-31": "0.00100"}, "Inventory Turnover Ratio": {"2020-09-30": "0.06820", "2020-06-30": "0.07430", "2020-03-31": "0.07290", "2019-12-31": "0.09080", "2019-09-30": "0.07840", "2019-06-30": "0.10170", "2019-03-31": "0.08590", "2018-12-31": "0.10470", "2018-09-30": "0.07550", "2018-06-30": "0.06470", "2018-03-31": "0.05620", "2017-12-31": "0.04240", "2017-09-30": "0.04760", "2017-06-30": "0.01210", "2017-03-31": "0.00730", "2016-12-31": "", "2016-09-30": "", "2016-06-30": "", "2016-03-31": "", "2015-12-31": "", "2015-09-30": "", "2015-06-30": "", "2015-03-31": "", "2014-12-31": "", "2014-09-30": "", "2014-06-30": "", "2014-03-31": "", "2013-12-31": "", "2013-09-30": "", "2013-06-30": "", "2013-03-31": "", "2012-12-31": "", "2012-09-30": "", "2012-06-30": "", "2012-03-31": "", "2011-12-31": "", "2011-09-30": "", "2011-06-30": "", "2011-03-31": "", "2010-12-31": "", "2010-09-30": "", "2010-06-30": "", "2010-03-31": "", "2009-12-31": "", "2009-09-30": "", "2009-06-30": "", "2009-03-31": "", "2008-12-31": "", "2008-09-30": "", "2008-06-30": "", "2008-03-31": "", "2007-12-31": "", "2007-09-30": "", "2007-06-30": "", "2007-03-31": "", "2006-12-31": "", "2006-09-30": "", "2006-06-30": "", "2006-03-31": "", "2005-12-31": "", "2005-09-30": "", "2005-06-30": "", "2005-03-31": ""}, "Receiveable Turnover": {"2020-09-30": "1.18140", "2020-06-30": "1.32040", "2020-03-31": "1.06360", "2019-12-31": "1.10160", "2019-09-30": "1.45580", "2019-06-30": "1.66140", "2019-03-31": "1.72260", "2018-12-31": "1.72120", "2018-09-30": "1.61490", "2018-06-30": "1.71060", "2018-03-31": "1.62130", "2017-12-31": "1.94370", "2017-09-30": "1.85670", "2017-06-30": "1.96790", "2017-03-31": "1.33100", "2016-12-31": "", "2016-09-30": "", "2016-06-30": "", "2016-03-31": "", "2015-12-31": "", "2015-09-30": "", "2015-06-30": "", "2015-03-31": "", "2014-12-31": "0.01120", "2014-09-30": "0.31500", "2014-06-30": "0.49430", "2014-03-31": "0.77560", "2013-12-31": "0.74390", "2013-09-30": "0.62010", "2013-06-30": "0.77900", "2013-03-31": "0.79160", "2012-12-31": "1.55650", "2012-09-30": "3.06140", "2012-06-30": "1.56090", "2012-03-31": "2.18340", "2011-12-31": "3.73930", "2011-09-30": "1.76330", "2011-06-30": "1.06360", "2011-03-31": "1.05300", "2010-12-31": "4.81270", "2010-09-30": "1.66040", "2010-06-30": "1.85650", "2010-03-31": "0.73120", "2009-12-31": "2.46380", "2009-09-30": "1.12030", "2009-06-30": "0.87650", "2009-03-31": "1.00770", "2008-12-31": "1.10220", "2008-09-30": "1.26850", "2008-06-30": "1.86880", "2008-03-31": "1.38780", "2007-12-31": "1.80720", "2007-09-30": "1.66240", "2007-06-30": "2.09990", "2007-03-31": "0.97150", "2006-12-31": "0.34020", "2006-09-30": "0.21600", "2006-06-30": "0.41810", "2006-03-31": "0.07850", "2005-12-31": "1.14640", "2005-09-30": "", "2005-06-30": "", "2005-03-31": ""}, "Days Sales In Receivables": {"2020-09-30": "76.18210", "2020-06-30": "68.15900", "2020-03-31": "84.61700", "2019-12-31": "81.69880", "2019-09-30": "61.82170", "2019-06-30": "54.17130", "2019-03-31": "52.24510", "2018-12-31": "52.28880", "2018-09-30": "55.73080", "2018-06-30": "52.61390", "2018-03-31": "55.51240", "2017-12-31": "46.30340", "2017-09-30": "48.47430", "2017-06-30": "45.73390", "2017-03-31": "67.61840", "2016-12-31": "", "2016-09-30": "", "2016-06-30": "", "2016-03-31": "", "2015-12-31": "", "2015-09-30": "", "2015-06-30": "", "2015-03-31": "", "2014-12-31": "8053.34800", "2014-09-30": "285.72240", "2014-06-30": "182.09060", "2014-03-31": "116.03320", "2013-12-31": "120.98250", "2013-09-30": "145.12720", "2013-06-30": "115.52690", "2013-03-31": "113.69690", "2012-12-31": "57.82030", "2012-09-30": "29.39790", "2012-06-30": "57.66040", "2012-03-31": "41.21920", "2011-12-31": "24.06850", "2011-09-30": "51.04070", "2011-06-30": "84.61630", "2011-03-31": "85.46730", "2010-12-31": "18.70070", "2010-09-30": "54.20480", "2010-06-30": "48.47890", "2010-03-31": "123.08710", "2009-12-31": "36.52910", "2009-09-30": "80.33840", "2009-06-30": "102.68250", "2009-03-31": "89.31430", "2008-12-31": "81.65540", "2008-09-30": "70.95200", "2008-06-30": "48.15930", "2008-03-31": "64.85280", "2007-12-31": "49.80180", "2007-09-30": "54.13980", "2007-06-30": "42.85920", "2007-03-31": "92.64290", "2006-12-31": "264.55970", "2006-09-30": "416.59980", "2006-06-30": "215.27160", "2006-03-31": "1146.32300", "2005-12-31": "78.50750", "2005-09-30": "", "2005-06-30": "", "2005-03-31": ""}, "ROE - Return On Equity": {"2020-09-30": "-22.02790", "2020-06-30": "-14.46210", "2020-03-31": "-1.52790", "2019-12-31": "-28.80800", "2019-09-30": "-12.69350", "2019-06-30": "-25.14660", "2019-03-31": "-5.68330", "2018-12-31": "-13.64900", "2018-09-30": "-11.93920", "2018-06-30": "-15.63090", "2018-03-31": "-4.55260", "2017-12-31": "-3.04070", "2017-09-30": "-6.84700", "2017-06-30": "-16.68890", "2017-03-31": "19.59490", "2016-12-31": "-26.27100", "2016-09-30": "-13.88610", "2016-06-30": "-51.29340", "2016-03-31": "-43.01180", "2015-12-31": "-33.98060", "2015-09-30": "-42.14600", "2015-06-30": "-25.30660", "2015-03-31": "-30.66310", "2014-12-31": "-17.93480", "2014-09-30": "-10.21160", "2014-06-30": "-11.29430", "2014-03-31": "-12.34830", "2013-12-31": "-3.56810", "2013-09-30": "-17.01730", "2013-06-30": "-21.44880", "2013-03-31": "-48.21670", "2012-12-31": "-50.18400", "2012-09-30": "1085.28700", "2012-06-30": "35.72450", "2012-03-31": "-126.25870", "2011-12-31": "-4.54590", "2011-09-30": "-12.66060", "2011-06-30": "3.63880", "2011-03-31": "199.24290", "2010-12-31": "271.35090", "2010-09-30": "-175.18770", "2010-06-30": "-197.32310", "2010-03-31": "-2.48800", "2009-12-31": "14.92170", "2009-09-30": "-41.47870", "2009-06-30": "-519.21940", "2009-03-31": "-4.04980", "2008-12-31": "-7.24640", "2008-09-30": "-37.01020", "2008-06-30": "-8.24270", "2008-03-31": "-72.23560", "2007-12-31": "-15.64520", "2007-09-30": "-46.20440", "2007-06-30": "-32.13430", "2007-03-31": "-26.56400", "2006-12-31": "-19.90450", "2006-09-30": "-14.09290", "2006-06-30": "-13.77120", "2006-03-31": "-16.20690", "2005-12-31": "-11.33360", "2005-09-30": "-4.57500", "2005-06-30": "-12.77350", "2005-03-31": "-12.66500"}, "Return On Tangible Equity": {"2020-09-30": "-22.36240", "2020-06-30": "-14.64610", "2020-03-31": "-1.54520", "2019-12-31": "-29.25480", "2019-09-30": "-12.84810", "2019-06-30": "-25.42010", "2019-03-31": "-5.73340", "2018-12-31": "-13.80370", "2018-09-30": "-12.23220", "2018-06-30": "-15.97030", "2018-03-31": "-4.63910", "2017-12-31": "-3.09710", "2017-09-30": "-6.98760", "2017-06-30": "-17.04050", "2017-03-31": "19.95220", "2016-12-31": "-26.91660", "2016-09-30": "-14.16730", "2016-06-30": "-54.42610", "2016-03-31": "-45.20020", "2015-12-31": "-35.20920", "2015-09-30": "-44.34680", "2015-06-30": "-26.26320", "2015-03-31": "-31.58220", "2014-12-31": "-18.37180", "2014-09-30": "-10.41870", "2014-06-30": "-11.50090", "2014-03-31": "-12.63630", "2013-12-31": "-3.64240", "2013-09-30": "-17.38550", "2013-06-30": "-22.77870", "2013-03-31": "-51.07410", "2012-12-31": "-52.25990", "2012-09-30": "527.00210", "2012-06-30": "45.25900", "2012-03-31": "-189.99790", "2011-12-31": "-5.37080", "2011-09-30": "-14.85920", "2011-06-30": "4.16750", "2011-03-31": "-58.11670", "2010-12-31": "112.46140", "2010-09-30": "5284.85600", "2010-06-30": "-380.88280", "2010-03-31": "-2.97340", "2009-12-31": "17.74450", "2009-09-30": "-50.80380", "2009-06-30": "-5853.56700", "2009-03-31": "-4.72450", "2008-12-31": "-9.14640", "2008-09-30": "-47.25610", "2008-06-30": "-9.88140", "2008-03-31": "-86.38350", "2007-12-31": "-17.70300", "2007-09-30": "-57.43270", "2007-06-30": "-36.28340", "2007-03-31": "-29.01100", "2006-12-31": "-21.60430", "2006-09-30": "-14.92480", "2006-06-30": "-14.43730", "2006-03-31": "-16.85920", "2005-12-31": "-11.79920", "2005-09-30": "-4.84910", "2005-06-30": "-13.49570", "2005-03-31": "-13.29010"}, "ROA - Return On Assets": {"2020-09-30": "-7.06660", "2020-06-30": "-5.23130", "2020-03-31": "-0.59350", "2019-12-31": "-12.93070", "2019-09-30": "-7.42020", "2019-06-30": "-15.81480", "2019-03-31": "-3.90260", "2018-12-31": "-8.58030", "2018-09-30": "-6.45810", "2018-06-30": "-8.76130", "2018-03-31": "-2.71960", "2017-12-31": "-1.83480", "2017-09-30": "-5.96470", "2017-06-30": "-14.00590", "2017-03-31": "16.43880", "2016-12-31": "-20.85620", "2016-09-30": "-11.64390", "2016-06-30": "-30.52950", "2016-03-31": "-28.01320", "2015-12-31": "-23.62500", "2015-09-30": "-28.11300", "2015-06-30": "-18.06180", "2015-03-31": "-25.36340", "2014-12-31": "-15.05460", "2014-09-30": "-9.16010", "2014-06-30": "-10.04240", "2014-03-31": "-10.26660", "2013-12-31": "-3.02500", "2013-09-30": "-13.80390", "2013-06-30": "-10.37450", "2013-03-31": "-21.76680", "2012-12-31": "-30.27760", "2012-09-30": "-93.35370", "2012-06-30": "19.09220", "2012-03-31": "-37.95310", "2011-12-31": "-2.59340", "2011-09-30": "-6.58120", "2011-06-30": "1.70690", "2011-03-31": "3.89740", "2010-12-31": "-16.62610", "2010-09-30": "-14.33940", "2010-06-30": "-34.22440", "2010-03-31": "-1.10550", "2009-12-31": "5.87400", "2009-09-30": "-12.42270", "2009-06-30": "-60.29980", "2009-03-31": "-2.50430", "2008-12-31": "-4.46430", "2008-09-30": "-20.48790", "2008-06-30": "-5.37480", "2008-03-31": "-42.31980", "2007-12-31": "-10.68240", "2007-09-30": "-26.18640", "2007-06-30": "-24.93330", "2007-03-31": "-23.29360", "2006-12-31": "-15.84040", "2006-09-30": "-13.43200", "2006-06-30": "-13.17580", "2006-03-31": "-15.59070", "2005-12-31": "-10.78140", "2005-09-30": "-4.28300", "2005-06-30": "-12.16650", "2005-03-31": "-12.03370"}, "ROI - Return On Investment": {"2020-09-30": "-12.33890", "2020-06-30": "-8.68270", "2020-03-31": "-0.95440", "2019-12-31": "-15.71260", "2019-09-30": "-8.82400", "2019-06-30": "-18.06310", "2019-03-31": "-4.31960", "2018-12-31": "-9.69800", "2018-09-30": "-7.23900", "2018-06-30": "-9.67850", "2018-03-31": "-2.93680", "2017-12-31": "-1.97660", "2017-09-30": "-6.59580", "2017-06-30": "-16.68890", "2017-03-31": "19.48850", "2016-12-31": "-25.80790", "2016-09-30": "-13.60340", "2016-06-30": "-47.35160", "2016-03-31": "-39.23590", "2015-12-31": "-31.50320", "2015-09-30": "-36.93230", "2015-06-30": "-22.49720", "2015-03-31": "-30.44330", "2014-12-31": "-17.66810", "2014-09-30": "-10.07910", "2014-06-30": "-11.23720", "2014-03-31": "-12.26530", "2013-12-31": "-3.54550", "2013-09-30": "-16.90780", "2013-06-30": "-21.06410", "2013-03-31": "-47.32480", "2012-12-31": "-49.51610", "2012-09-30": "1723.01800", "2012-06-30": "33.19700", "2012-03-31": "-112.35640", "2011-12-31": "-4.30220", "2011-09-30": "-11.98930", "2011-06-30": "3.46150", "2011-03-31": "66.87340", "2010-12-31": "784.00010", "2010-09-30": "-121.02560", "2010-06-30": "-161.33280", "2010-03-31": "-2.30140", "2009-12-31": "13.79820", "2009-09-30": "-37.70860", "2009-06-30": "-342.05220", "2009-03-31": "-3.72720", "2008-12-31": "-6.42870", "2008-09-30": "-32.94670", "2008-06-30": "-7.52250", "2008-03-31": "-65.61210", "2007-12-31": "-14.50660", "2007-09-30": "-40.63040", "2007-06-30": "-29.56240", "2007-03-31": "-26.56400", "2006-12-31": "-19.90450", "2006-09-30": "-14.09290", "2006-06-30": "-13.77120", "2006-03-31": "-16.20690", "2005-12-31": "-11.33360", "2005-09-30": "-4.57500", "2005-06-30": "-12.77350", "2005-03-31": "-12.66500"}, "Book Value Per Share": {"2020-09-30": "11.32180", "2020-06-30": "13.29640", "2020-03-31": "14.68520", "2019-12-31": "10.88230", "2019-09-30": "13.35760", "2019-06-30": "14.78810", "2019-03-31": "18.19090", "2018-12-31": "14.52440", "2018-09-30": "9.59390", "2018-06-30": "10.53640", "2018-03-31": "11.86020", "2017-12-31": "12.18080", "2017-09-30": "10.79740", "2017-06-30": "6.82630", "2017-03-31": "7.81100", "2016-12-31": "6.14860", "2016-09-30": "7.51810", "2016-06-30": "2.53730", "2016-03-31": "3.03630", "2015-12-31": "4.17150", "2015-09-30": "2.93680", "2015-06-30": "3.98340", "2015-03-31": "4.85460", "2014-12-31": "5.99470", "2014-09-30": "6.92900", "2014-06-30": "7.35100", "2014-03-31": "6.02750", "2013-12-31": "6.54780", "2013-09-30": "6.58030", "2013-06-30": "2.73860", "2013-03-31": "2.73700", "2012-12-31": "3.90120", "2012-09-30": "-0.18790", "2012-06-30": "0.99450", "2012-03-31": "0.61970", "2011-12-31": "1.37100", "2011-09-30": "1.40330", "2011-06-30": "1.55400", "2011-03-31": "0.04900", "2010-12-31": "-0.15040", "2010-09-30": "0.22230", "2010-06-30": "0.45890", "2010-03-31": "1.27580", "2009-12-31": "1.28290", "2009-09-30": "1.05950", "2009-06-30": "0.26510", "2009-03-31": "1.60330", "2008-12-31": "1.32730", "2008-09-30": "1.37730", "2008-06-30": "1.79250", "2008-03-31": "1.77050", "2007-12-31": "2.45560", "2007-09-30": "1.69990", "2007-06-30": "2.70740", "2007-03-31": "3.48560", "2006-12-31": "3.66810", "2006-09-30": "5.02380", "2006-06-30": "5.67680", "2006-03-31": "6.33690", "2005-12-31": "6.28910", "2005-09-30": "5.02260", "2005-06-30": "5.24290", "2005-03-31": "5.90010"}, "Operating Cash Flow Per Share": {"2020-09-30": -3.0795, "2020-06-30": -1.5419, "2020-03-31": "8.21370", "2019-12-31": -2.2552, "2019-09-30": -0.9, "2019-06-30": -1.0069, "2019-03-31": "-2.03860", "2018-12-31": -1.8454, "2018-09-30": -1.6859, "2018-06-30": -1.7834, "2018-03-31": "-0.55190", "2017-12-31": -0.6785, "2017-09-30": -0.664, "2017-06-30": -1.5683, "2017-03-31": "-1.03350", "2016-12-31": -1.6372, "2016-09-30": -1.1582, "2016-06-30": -0.9245, "2016-03-31": "-1.32810", "2015-12-31": -0.6907, "2015-09-30": -1.1056, "2015-06-30": -0.689, "2015-03-31": "-1.04900", "2014-12-31": -0.7011, "2014-09-30": -0.8102, "2014-06-30": -0.9528, "2014-03-31": "-0.74730", "2013-12-31": -0.5303, "2013-09-30": -0.5369, "2013-06-30": -0.3727, "2013-03-31": "-0.47130", "2012-12-31": -0.2707, "2012-09-30": -0.3373, "2012-06-30": -0.2501, "2012-03-31": "-0.40000", "2011-12-31": -0.2993, "2011-09-30": -0.3431, "2011-06-30": 0.044, "2011-03-31": "-0.49790", "2010-12-31": -0.1054, "2010-09-30": -0.1418, "2010-06-30": -0.2303, "2010-03-31": "-0.34290", "2009-12-31": -0.0795, "2009-09-30": -0.0671, "2009-06-30": -0.3005, "2009-03-31": "-0.12000", "2008-12-31": -0.2335, "2008-09-30": -0.3553, "2008-06-30": -0.0691, "2008-03-31": "-0.40730", "2007-12-31": -0.806, "2007-09-30": -0.5125, "2007-06-30": -0.8068, "2007-03-31": "-0.61900", "2006-12-31": -0.5962, "2006-09-30": -0.6306, "2006-06-30": -0.5079, "2006-03-31": "-0.61340", "2005-12-31": -0.6266, "2005-09-30": -0.1121, "2005-06-30": -0.6131, "2005-03-31": "-0.61880"}, "Free Cash Flow Per Share": {"2020-09-30": -3.3994, "2020-06-30": -1.7854, "2020-03-31": "8.09440", "2019-12-31": -2.4939, "2019-09-30": -1.0259, "2019-06-30": -1.2255, "2019-03-31": "-2.26540", "2018-12-31": -2.1499, "2018-09-30": -1.9859, "2018-06-30": -1.9138, "2018-03-31": "-0.74010", "2017-12-31": -0.7508, "2017-09-30": -0.6623, "2017-06-30": -1.622, "2017-03-31": "-1.11320", "2016-12-31": -1.6965, "2016-09-30": -1.1741, "2016-06-30": -0.9334, "2016-03-31": "-1.35360", "2015-12-31": -0.7154, "2015-09-30": -1.133, "2015-06-30": -0.7044, "2015-03-31": "-1.06190", "2014-12-31": -0.7936, "2014-09-30": -1.1065, "2014-06-30": -1.0588, "2014-03-31": "-0.88820", "2013-12-31": -0.5484, "2013-09-30": -0.5752, "2013-06-30": -0.386, "2013-03-31": "-0.47160", "2012-12-31": -0.2706, "2012-09-30": -0.3356, "2012-06-30": -0.2561, "2012-03-31": "-0.40040", "2011-12-31": -0.3108, "2011-09-30": -0.357, "2011-06-30": 0.0261, "2011-03-31": "-0.50910", "2010-12-31": -0.1166, "2010-09-30": -0.157, "2010-06-30": -0.2376, "2010-03-31": "-0.35410", "2009-12-31": -0.1221, "2009-09-30": -0.0745, "2009-06-30": -0.3078, "2009-03-31": "-0.12270", "2008-12-31": -0.2347, "2008-09-30": -0.3651, "2008-06-30": -0.0762, "2008-03-31": "-0.42110", "2007-12-31": -0.8185, "2007-09-30": -0.552, "2007-06-30": -0.8437, "2007-03-31": "-0.67130", "2006-12-31": -0.6003, "2006-09-30": -0.6615, "2006-06-30": -0.5377, "2006-03-31": "-0.63600", "2005-12-31": -0.649, "2005-09-30": -0.1556, "2005-06-30": -0.6532, "2005-03-31": "-0.65660"}}, "revenue": {"Sarepta Therapeutics Annual Revenue (Millions of US $)": {"2019": "$381", "2018": "$301", "2017": "$155", "2016": "$5", "2015": "$1", "2014": "$10", "2013": "$14", "2012": "$37", "2011": "$47", "2010": "$29", "2009": "$18", "2008": "$21", "2007": "$11", "2006": "$0", "2005": "$5"}, "Sarepta Therapeutics Quarterly Revenue (Millions of US $)": {"2020-09-30": "$144", "2020-06-30": "$137", "2020-03-31": "$114", "2019-12-31": "$100", "2019-09-30": "$99", "2019-06-30": "$95", "2019-03-31": "$87", "2018-12-31": "$84", "2018-09-30": "$78", "2018-06-30": "$74", "2018-03-31": "$65", "2017-12-31": "$57", "2017-09-30": "$46", "2017-06-30": "$35", "2017-03-31": "$16", "2016-12-31": "", "2016-09-30": "", "2016-06-30": "", "2016-03-31": "", "2015-12-31": "", "2015-09-30": "", "2015-06-30": "", "2015-03-31": "", "2014-12-31": "$0", "2014-09-30": "$1", "2014-06-30": "$3", "2014-03-31": "$6", "2013-12-31": "$3", "2013-09-30": "$4", "2013-06-30": "$3", "2013-03-31": "$4", "2012-12-31": "$7", "2012-09-30": "$8", "2012-06-30": "$11", "2012-03-31": "$11", "2011-12-31": "$14", "2011-09-30": "$8", "2011-06-30": "$12", "2011-03-31": "$14", "2010-12-31": "$16", "2010-09-30": "$9", "2010-06-30": "$4", "2010-03-31": "$1", "2009-12-31": "$5", "2009-09-30": "$6", "2009-06-30": "$3", "2009-03-31": "$3", "2008-12-31": "$5", "2008-09-30": "$5", "2008-06-30": "$5", "2008-03-31": "$6", "2007-12-31": "$5", "2007-09-30": "$3", "2007-06-30": "$2", "2007-03-31": "$1", "2006-12-31": "$0", "2006-09-30": "$0", "2006-06-30": "$0", "2006-03-31": "$0", "2005-12-31": "$1", "2005-09-30": "$3", "2005-06-30": "$0", "2005-03-31": "$0"}}, "gross-profit": {"Sarepta Therapeutics Annual Gross Profit (Millions of US $)": {"2019": "$324", "2018": "$267", "2017": "$147", "2016": "$5", "2015": "$1", "2014": "$10", "2013": "$14", "2012": "$37", "2011": "$47", "2010": "$29", "2009": "$18", "2008": "$21", "2007": "$11", "2006": "$0", "2005": "$5"}, "Sarepta Therapeutics Quarterly Gross Profit (Millions of US $)": {"2020-09-30": "$129", "2020-06-30": "$124", "2020-03-31": "$101", "2019-12-31": "$85", "2019-09-30": "$86", "2019-06-30": "$79", "2019-03-31": "$75", "2018-12-31": "$71", "2018-09-30": "$70", "2018-06-30": "$67", "2018-03-31": "$59", "2017-12-31": "$54", "2017-09-30": "$43", "2017-06-30": "$35", "2017-03-31": "$16", "2016-12-31": "", "2016-09-30": "", "2016-06-30": "", "2016-03-31": "", "2015-12-31": "", "2015-09-30": "", "2015-06-30": "", "2015-03-31": "", "2014-12-31": "$0", "2014-09-30": "$1", "2014-06-30": "$3", "2014-03-31": "$6", "2013-12-31": "$3", "2013-09-30": "$4", "2013-06-30": "$3", "2013-03-31": "$4", "2012-12-31": "$7", "2012-09-30": "$8", "2012-06-30": "$11", "2012-03-31": "$11", "2011-12-31": "$14", "2011-09-30": "$8", "2011-06-30": "$12", "2011-03-31": "$14", "2010-12-31": "$16", "2010-09-30": "$9", "2010-06-30": "$4", "2010-03-31": "$1", "2009-12-31": "$5", "2009-09-30": "$6", "2009-06-30": "$3", "2009-03-31": "$3", "2008-12-31": "$5", "2008-09-30": "$5", "2008-06-30": "$5", "2008-03-31": "$6", "2007-12-31": "$5", "2007-09-30": "$3", "2007-06-30": "$2", "2007-03-31": "$1", "2006-12-31": "$0", "2006-09-30": "$0", "2006-06-30": "$0", "2006-03-31": "$0", "2005-12-31": "$1", "2005-09-30": "$3", "2005-06-30": "$0", "2005-03-31": "$0"}}, "operating-income": {"Sarepta Therapeutics Annual Operating Income (Millions of US $)": {"2019": "$-706", "2018": "$-344", "2017": "$-172", "2016": "$-267", "2015": "$-220", "2014": "$-134", "2013": "$-90", "2012": "$-30", "2011": "$-36", "2010": "$-21", "2009": "$-16", "2008": "$-27", "2007": "$-33", "2006": "$-33", "2005": "$-18"}, "Sarepta Therapeutics Quarterly Operating Income (Millions of US $)": {"2020-09-30": "$-137", "2020-06-30": "$-138", "2020-03-31": "$-118", "2019-12-31": "$-230", "2019-09-30": "$-124", "2019-06-30": "$-275", "2019-03-31": "$-76", "2018-12-31": "$-139", "2018-09-30": "$-70", "2018-06-30": "$-103", "2018-03-31": "$-31", "2017-12-31": "$-23", "2017-09-30": "$-46", "2017-06-30": "$-63", "2017-03-31": "$-39", "2016-12-31": "$-94", "2016-09-30": "$-57", "2016-06-30": "$-62", "2016-03-31": "$-60", "2015-12-31": "$-66", "2015-09-30": "$-52", "2015-06-30": "$-42", "2015-03-31": "$-62", "2014-12-31": "$-45", "2014-09-30": "$-34", "2014-06-30": "$-30", "2014-03-31": "$-25", "2013-12-31": "$-33", "2013-09-30": "$-25", "2013-06-30": "$-17", "2013-03-31": "$-15", "2012-12-31": "$-10", "2012-09-30": "$-7", "2012-06-30": "$-6", "2012-03-31": "$-7", "2011-12-31": "$-9", "2011-09-30": "$-11", "2011-06-30": "$-10", "2011-03-31": "$-6", "2010-12-31": "$-2", "2010-09-30": "$-4", "2010-06-30": "$-8", "2010-03-31": "$-8", "2009-12-31": "$-4", "2009-09-30": "$-3", "2009-06-30": "$-5", "2009-03-31": "$-4", "2008-12-31": "$-3", "2008-09-30": "$-6", "2008-06-30": "$-5", "2008-03-31": "$-14", "2007-12-31": "$-6", "2007-09-30": "$-9", "2007-06-30": "$-9", "2007-03-31": "$-10", "2006-12-31": "$-9", "2006-09-30": "$-7", "2006-06-30": "$-7", "2006-03-31": "$-10", "2005-12-31": "$-5", "2005-09-30": "$-2", "2005-06-30": "$-5", "2005-03-31": "$-6"}}, "ebitda": {"Sarepta Therapeutics Annual EBITDA (Millions of US $)": {"2019": "$-683", "2018": "$-339", "2017": "$-164", "2016": "$-261", "2015": "$-214", "2014": "$-128", "2013": "$-89", "2012": "$-28", "2011": "$-35", "2010": "$-19", "2009": "$-14", "2008": "$-26", "2007": "$-31", "2006": "$-31", "2005": "$-16"}, "Sarepta Therapeutics Quarterly EBITDA (Millions of US $)": {"2020-09-30": "$-131", "2020-06-30": "$-133", "2020-03-31": "$-113", "2019-12-31": "$-219", "2019-09-30": "$-118", "2019-06-30": "$-271", "2019-03-31": "$-75", "2018-12-31": "$-139", "2018-09-30": "$-68", "2018-06-30": "$-102", "2018-03-31": "$-30", "2017-12-31": "$-22", "2017-09-30": "$-43", "2017-06-30": "$-62", "2017-03-31": "$-38", "2016-12-31": "$-93", "2016-09-30": "$-55", "2016-06-30": "$-60", "2016-03-31": "$-58", "2015-12-31": "$-64", "2015-09-30": "$-50", "2015-06-30": "$-41", "2015-03-31": "$-60", "2014-12-31": "$-43", "2014-09-30": "$-32", "2014-06-30": "$-29", "2014-03-31": "$-24", "2013-12-31": "$-33", "2013-09-30": "$-25", "2013-06-30": "$-17", "2013-03-31": "$-15", "2012-12-31": "$-10", "2012-09-30": "$-7", "2012-06-30": "$-5", "2012-03-31": "$-7", "2011-12-31": "$-8", "2011-09-30": "$-11", "2011-06-30": "$-10", "2011-03-31": "$-5", "2010-12-31": "$-1", "2010-09-30": "$-3", "2010-06-30": "$-7", "2010-03-31": "$-7", "2009-12-31": "$-4", "2009-09-30": "$-3", "2009-06-30": "$-5", "2009-03-31": "$-3", "2008-12-31": "$-2", "2008-09-30": "$-6", "2008-06-30": "$-5", "2008-03-31": "$-13", "2007-12-31": "$-5", "2007-09-30": "$-8", "2007-06-30": "$-8", "2007-03-31": "$-10", "2006-12-31": "$-8", "2006-09-30": "$-7", "2006-06-30": "$-7", "2006-03-31": "$-9", "2005-12-31": "$-4", "2005-09-30": "$-1", "2005-06-30": "$-5", "2005-03-31": "$-5"}}, "net-income": {"Sarepta Therapeutics Annual Net Income (Millions of US $)": {"2019": "$-715", "2018": "$-362", "2017": "$-51", "2016": "$-267", "2015": "$-220", "2014": "$-136", "2013": "$-112", "2012": "$-121", "2011": "$-2", "2010": "$-32", "2009": "$-25", "2008": "$-24", "2007": "$-27", "2006": "$-29", "2005": "$-18"}, "Sarepta Therapeutics Quarterly Net Income (Millions of US $)": {"2020-09-30": "$-196", "2020-06-30": "$-151", "2020-03-31": "$-17", "2019-12-31": "$-236", "2019-09-30": "$-126", "2019-06-30": "$-276", "2019-03-31": "$-77", "2018-12-31": "$-141", "2018-09-30": "$-76", "2018-06-30": "$-109", "2018-03-31": "$-35", "2017-12-31": "$-24", "2017-09-30": "$-48", "2017-06-30": "$-63", "2017-03-31": "$84", "2016-12-31": "$-88", "2016-09-30": "$-57", "2016-06-30": "$-62", "2016-03-31": "$-60", "2015-12-31": "$-65", "2015-09-30": "$-52", "2015-06-30": "$-42", "2015-03-31": "$-62", "2014-12-31": "$-44", "2014-09-30": "$-29", "2014-06-30": "$-34", "2014-03-31": "$-28", "2013-12-31": "$-9", "2013-09-30": "$-42", "2013-06-30": "$-19", "2013-03-31": "$-42", "2012-12-31": "$-62", "2012-09-30": "$-50", "2012-06-30": "$8", "2012-03-31": "$-18", "2011-12-31": "$-1", "2011-09-30": "$-4", "2011-06-30": "$1", "2011-03-31": "$2", "2010-12-31": "$-8", "2010-09-30": "$-7", "2010-06-30": "$-17", "2010-03-31": "$-1", "2009-12-31": "$4", "2009-09-30": "$-8", "2009-06-30": "$-20", "2009-03-31": "$-1", "2008-12-31": "$-1", "2008-09-30": "$-6", "2008-06-30": "$-2", "2008-03-31": "$-15", "2007-12-31": "$-4", "2007-09-30": "$-7", "2007-06-30": "$-8", "2007-03-31": "$-8", "2006-12-31": "$-6", "2006-09-30": "$-6", "2006-06-30": "$-7", "2006-03-31": "$-9", "2005-12-31": "$-6", "2005-09-30": "$-2", "2005-06-30": "$-5", "2005-03-31": "$-5"}}, "eps-earnings-per-share-diluted": {"Sarepta Therapeutics Annual EPS": {"2019": "$-9.71", "2018": "$-5.46", "2017": "$-0.86", "2016": "$-5.49", "2015": "$-5.20", "2014": "$-3.39", "2013": "$-3.31", "2012": "$-5.14", "2011": "$-0.11", "2010": "$-1.74", "2009": "$-1.62", "2008": "$-2.04", "2007": "$-3.00", "2006": "$-3.24", "2005": "$-2.46"}, "Sarepta Therapeutics Quarterly EPS": {"2020-09-30": "$-2.50", "2020-06-30": "$-1.93", "2020-03-31": "$-0.23", "2019-12-31": "$-3.20", "2019-09-30": "$-1.70", "2019-06-30": "$-3.74", "2019-03-31": "$-1.07", "2018-12-31": "$-2.09", "2018-09-30": "$-1.15", "2018-06-30": "$-1.67", "2018-03-31": "$-0.55", "2017-12-31": "$-0.43", "2017-09-30": "$-0.78", "2017-06-30": "$-1.15", "2017-03-31": "$1.50", "2016-12-31": "$-1.65", "2016-09-30": "$-1.18", "2016-06-30": "$-1.35", "2016-03-31": "$-1.31", "2015-12-31": "$-1.45", "2015-09-30": "$-1.25", "2015-06-30": "$-1.01", "2015-03-31": "$-1.49", "2014-12-31": "$-1.08", "2014-09-30": "$-0.71", "2014-06-30": "$-0.85", "2014-03-31": "$-0.75", "2013-12-31": "$-0.15", "2013-09-30": "$-1.24", "2013-06-30": "$-0.60", "2013-03-31": "$-1.32", "2012-12-31": "$-2.54", "2012-09-30": "$-2.17", "2012-06-30": "$0.35", "2012-03-31": "$-0.78", "2011-12-31": "$-0.11", "2011-09-30": "$-0.18", "2011-06-30": "$0.06", "2011-03-31": "$0.12", "2010-12-31": "$-0.36", "2010-09-30": "$-0.42", "2010-06-30": "$-0.90", "2010-03-31": "$-0.06", "2009-12-31": "$0.30", "2009-09-30": "$-0.48", "2009-06-30": "$-1.38", "2009-03-31": "$-0.06", "2008-12-31": "$-0.06", "2008-09-30": "$-0.48", "2008-06-30": "$-0.12", "2008-03-31": "$-1.38", "2007-12-31": "$-0.42", "2007-09-30": "$-0.78", "2007-06-30": "$-0.90", "2007-03-31": "$-0.90", "2006-12-31": "$-0.66", "2006-09-30": "$-0.72", "2006-06-30": "$-0.78", "2006-03-31": "$-1.08", "2005-12-31": "$-0.78", "2005-09-30": "$-0.24", "2005-06-30": "$-0.66", "2005-03-31": "$-0.78"}}, "shares-outstanding": {"Sarepta Therapeutics Annual Shares Outstanding (Millions of Shares)": {"2019": "74", "2018": "66", "2017": "59", "2016": "49", "2015": "42", "2014": "40", "2013": "34", "2012": "24", "2011": "22", "2010": "19", "2009": "16", "2008": "12", "2007": "9", "2006": "9", "2005": "7"}, "Sarepta Therapeutics Quarterly Shares Outstanding (Millions of Shares)": {"2020-09-30": "79", "2020-06-30": "78", "2020-03-31": "76", "2019-12-31": "74", "2019-09-30": "74", "2019-06-30": "74", "2019-03-31": "72", "2018-12-31": "66", "2018-09-30": "66", "2018-06-30": "65", "2018-03-31": "65", "2017-12-31": "59", "2017-09-30": "62", "2017-06-30": "55", "2017-03-31": "56", "2016-12-31": "49", "2016-09-30": "48", "2016-06-30": "46", "2016-03-31": "46", "2015-12-31": "42", "2015-09-30": "42", "2015-06-30": "41", "2015-03-31": "41", "2014-12-31": "40", "2014-09-30": "41", "2014-06-30": "40", "2014-03-31": "38", "2013-12-31": "34", "2013-09-30": "34", "2013-06-30": "32", "2013-03-31": "32", "2012-12-31": "24", "2012-09-30": "23", "2012-06-30": "23", "2012-03-31": "23", "2011-12-31": "22", "2011-09-30": "23", "2011-06-30": "23", "2011-03-31": "20", "2010-12-31": "19", "2010-09-30": "19", "2010-06-30": "18", "2010-03-31": "18", "2009-12-31": "16", "2009-09-30": "16", "2009-06-30": "14", "2009-03-31": "13", "2008-12-31": "12", "2008-09-30": "12", "2008-06-30": "12", "2008-03-31": "11", "2007-12-31": "9", "2007-09-30": "9", "2007-06-30": "9", "2007-03-31": "9", "2006-12-31": "9", "2006-09-30": "9", "2006-06-30": "9", "2006-03-31": "9", "2005-12-31": "7", "2005-09-30": "7", "2005-06-30": "7", "2005-03-31": "7"}}, "total-assets": {"Sarepta Therapeutics Annual Total Assets (Millions of US $)": {"2019": "$1,823", "2018": "$1,642", "2017": "$1,308", "2016": "$424", "2015": "$274", "2014": "$295", "2013": "$292", "2012": "$205", "2011": "$54", "2010": "$46", "2009": "$60", "2008": "$26", "2007": "$39", "2006": "$41", "2005": "$56"}, "Sarepta Therapeutics Quarterly Total Assets (Millions of US $)": {"2020-09-30": "$2,781", "2020-06-30": "$2,883", "2020-03-31": "$2,947", "2019-12-31": "$1,823", "2019-09-30": "$1,702", "2019-06-30": "$1,748", "2019-03-31": "$1,964", "2018-12-31": "$1,642", "2018-09-30": "$1,183", "2018-06-30": "$1,247", "2018-03-31": "$1,300", "2017-12-31": "$1,308", "2017-09-30": "$800", "2017-06-30": "$450", "2017-03-31": "$512", "2016-12-31": "$424", "2016-09-30": "$487", "2016-06-30": "$204", "2016-03-31": "$213", "2015-12-31": "$274", "2015-09-30": "$185", "2015-06-30": "$232", "2015-03-31": "$243", "2014-12-31": "$295", "2014-09-30": "$319", "2014-06-30": "$337", "2014-03-31": "$275", "2013-12-31": "$292", "2013-09-30": "$304", "2013-06-30": "$184", "2013-03-31": "$193", "2012-12-31": "$205", "2012-09-30": "$53", "2012-06-30": "$42", "2012-03-31": "$47", "2011-12-31": "$54", "2011-09-30": "$61", "2011-06-30": "$75", "2011-03-31": "$47", "2010-12-31": "$46", "2010-09-30": "$51", "2010-06-30": "$49", "2010-03-31": "$53", "2009-12-31": "$60", "2009-09-30": "$65", "2009-06-30": "$33", "2009-03-31": "$37", "2008-12-31": "$26", "2008-09-30": "$30", "2008-06-30": "$33", "2008-03-31": "$35", "2007-12-31": "$39", "2007-09-30": "$27", "2007-06-30": "$31", "2007-03-31": "$35", "2006-12-31": "$41", "2006-09-30": "$47", "2006-06-30": "$52", "2006-03-31": "$58", "2005-12-31": "$56", "2005-09-30": "$40", "2005-06-30": "$41", "2005-03-31": "$46"}}, "cash-on-hand": {"Sarepta Therapeutics Annual Cash on Hand (Millions of US $)": {"2019": "$1,125", "2018": "$1,174", "2017": "$1,079", "2016": "$329", "2015": "$203", "2014": "$210", "2013": "$264", "2012": "$188", "2011": "$40", "2010": "$34", "2009": "$48", "2008": "$11", "2007": "$25", "2006": "$33", "2005": "$47"}, "Sarepta Therapeutics Quarterly Cash on Hand (Millions of US $)": {"2020-09-30": "$1,816", "2020-06-30": "$2,061", "2020-03-31": "$2,171", "2019-12-31": "$1,125", "2019-09-30": "$1,049", "2019-06-30": "$1,103", "2019-03-31": "$1,344", "2018-12-31": "$1,174", "2018-09-30": "$793", "2018-06-30": "$949", "2018-03-31": "$1,049", "2017-12-31": "$1,079", "2017-09-30": "$618", "2017-06-30": "$301", "2017-03-31": "$390", "2016-12-31": "$329", "2016-09-30": "$406", "2016-06-30": "$134", "2016-03-31": "$140", "2015-12-31": "$203", "2015-09-30": "$100", "2015-06-30": "$157", "2015-03-31": "$166", "2014-12-31": "$210", "2014-09-30": "$240", "2014-06-30": "$284", "2014-03-31": "$232", "2013-12-31": "$264", "2013-09-30": "$281", "2013-06-30": "$163", "2013-03-31": "$168", "2012-12-31": "$188", "2012-09-30": "$38", "2012-06-30": "$24", "2012-03-31": "$31", "2011-12-31": "$40", "2011-09-30": "$46", "2011-06-30": "$54", "2011-03-31": "$23", "2010-12-31": "$34", "2010-09-30": "$36", "2010-06-30": "$37", "2010-03-31": "$42", "2009-12-31": "$48", "2009-09-30": "$50", "2009-06-30": "$20", "2009-03-31": "$25", "2008-12-31": "$11", "2008-09-30": "$14", "2008-06-30": "$19", "2008-03-31": "$20", "2007-12-31": "$25", "2007-09-30": "$14", "2007-06-30": "$19", "2007-03-31": "$27", "2006-12-31": "$33", "2006-09-30": "$38", "2006-06-30": "$44", "2006-03-31": "$49", "2005-12-31": "$47", "2005-09-30": "$31", "2005-06-30": "$32", "2005-03-31": "$37"}}, "long-term-debt": {"Sarepta Therapeutics Annual Long Term Debt (Millions of US $)": {"2019": "$682", "2018": "$421", "2017": "$425", "2016": "$6", "2015": "$15", "2014": "$4", "2013": "$2", "2012": "$2", "2011": "$2", "2010": "$2", "2009": "$2", "2008": "$2", "2007": "$2", "2006": "$", "2005": "$"}, "Sarepta Therapeutics Quarterly Long Term Debt (Millions of US $)": {"2020-09-30": "$700", "2020-06-30": "$694", "2020-03-31": "$688", "2019-12-31": "$682", "2019-09-30": "$436", "2019-06-30": "$431", "2019-03-31": "$426", "2018-12-31": "$421", "2018-09-30": "$415", "2018-06-30": "$430", "2018-03-31": "$427", "2017-12-31": "$425", "2017-09-30": "$27", "2017-06-30": "", "2017-03-31": "$2", "2016-12-31": "$6", "2016-09-30": "$8", "2016-06-30": "$10", "2016-03-31": "$13", "2015-12-31": "$15", "2015-09-30": "$17", "2015-06-30": "$21", "2015-03-31": "$1", "2014-12-31": "$4", "2014-09-30": "$4", "2014-06-30": "$2", "2014-03-31": "$2", "2013-12-31": "$2", "2013-09-30": "$2", "2013-06-30": "$2", "2013-03-31": "$2", "2012-12-31": "$2", "2012-09-30": "$2", "2012-06-30": "$2", "2012-03-31": "$2", "2011-12-31": "$2", "2011-09-30": "$2", "2011-06-30": "$2", "2011-03-31": "$2", "2010-12-31": "$2", "2010-09-30": "$2", "2010-06-30": "$2", "2010-03-31": "$2", "2009-12-31": "$2", "2009-09-30": "$2", "2009-06-30": "$2", "2009-03-31": "$2", "2008-12-31": "$2", "2008-09-30": "$2", "2008-06-30": "$2", "2008-03-31": "$2", "2007-12-31": "$2", "2007-09-30": "$2", "2007-06-30": "$2", "2007-03-31": "", "2006-12-31": "", "2006-09-30": "", "2006-06-30": "", "2006-03-31": "", "2005-12-31": "", "2005-09-30": "", "2005-06-30": "", "2005-03-31": ""}}, "total-liabilities": {"Sarepta Therapeutics Annual Total Liabilities (Millions of US $)": {"2019": "$1,005", "2018": "$610", "2017": "$519", "2016": "$87", "2015": "$83", "2014": "$47", "2013": "$44", "2012": "$81", "2011": "$23", "2010": "$49", "2009": "$36", "2008": "$10", "2007": "$12", "2006": "$8", "2005": "$3"}, "Sarepta Therapeutics Quarterly Total Liabilities (Millions of US $)": {"2020-09-30": "$1,889", "2020-06-30": "$1,840", "2020-03-31": "$1,803", "2019-12-31": "$1,005", "2019-09-30": "$707", "2019-06-30": "$649", "2019-03-31": "$615", "2018-12-31": "$610", "2018-09-30": "$543", "2018-06-30": "$548", "2018-03-31": "$524", "2017-12-31": "$519", "2017-09-30": "$103", "2017-06-30": "$72", "2017-03-31": "$82", "2016-12-31": "$87", "2016-09-30": "$79", "2016-06-30": "$83", "2016-03-31": "$74", "2015-12-31": "$83", "2015-09-30": "$62", "2015-06-30": "$66", "2015-03-31": "$42", "2014-12-31": "$47", "2014-09-30": "$33", "2014-06-30": "$37", "2014-03-31": "$46", "2013-12-31": "$44", "2013-09-30": "$57", "2013-06-30": "$95", "2013-03-31": "$106", "2012-12-31": "$81", "2012-09-30": "$58", "2012-06-30": "$20", "2012-03-31": "$33", "2011-12-31": "$23", "2011-09-30": "$29", "2011-06-30": "$40", "2011-03-31": "$46", "2010-12-31": "$49", "2010-09-30": "$47", "2010-06-30": "$40", "2010-03-31": "$29", "2009-12-31": "$36", "2009-09-30": "$46", "2009-06-30": "$29", "2009-03-31": "$14", "2008-12-31": "$10", "2008-09-30": "$13", "2008-06-30": "$11", "2008-03-31": "$15", "2007-12-31": "$12", "2007-09-30": "$12", "2007-06-30": "$7", "2007-03-31": "$4", "2006-12-31": "$8", "2006-09-30": "$2", "2006-06-30": "$2", "2006-03-31": "$2", "2005-12-31": "$3", "2005-09-30": "$3", "2005-06-30": "$2", "2005-03-31": "$2"}}, "total-share-holder-equity": {"Sarepta Therapeutics Annual Share Holder Equity (Millions of US $)": {"2019": "$818", "2018": "$1,032", "2017": "$789", "2016": "$337", "2015": "$190", "2014": "$248", "2013": "$247", "2012": "$124", "2011": "$31", "2010": "$-3", "2009": "$24", "2008": "$16", "2007": "$26", "2006": "$33", "2005": "$54"}, "Sarepta Therapeutics Quarterly Share Holder Equity (Millions of US $)": {"2020-09-30": "$892", "2020-06-30": "$1,043", "2020-03-31": "$1,145", "2019-12-31": "$818", "2019-09-30": "$995", "2019-06-30": "$1,099", "2019-03-31": "$1,349", "2018-12-31": "$1,032", "2018-09-30": "$640", "2018-06-30": "$699", "2018-03-31": "$777", "2017-12-31": "$789", "2017-09-30": "$697", "2017-06-30": "$378", "2017-03-31": "$429", "2016-12-31": "$337", "2016-09-30": "$409", "2016-06-30": "$121", "2016-03-31": "$139", "2015-12-31": "$190", "2015-09-30": "$123", "2015-06-30": "$165", "2015-03-31": "$201", "2014-12-31": "$248", "2014-09-30": "$286", "2014-06-30": "$300", "2014-03-31": "$229", "2013-12-31": "$247", "2013-09-30": "$247", "2013-06-30": "$89", "2013-03-31": "$87", "2012-12-31": "$124", "2012-09-30": "$-5", "2012-06-30": "$23", "2012-03-31": "$14", "2011-12-31": "$31", "2011-09-30": "$32", "2011-06-30": "$35", "2011-03-31": "$1", "2010-12-31": "$-3", "2010-09-30": "$4", "2010-06-30": "$8", "2010-03-31": "$23", "2009-12-31": "$24", "2009-09-30": "$20", "2009-06-30": "$4", "2009-03-31": "$23", "2008-12-31": "$16", "2008-09-30": "$16", "2008-06-30": "$21", "2008-03-31": "$21", "2007-12-31": "$26", "2007-09-30": "$15", "2007-06-30": "$24", "2007-03-31": "$31", "2006-12-31": "$33", "2006-09-30": "$44", "2006-06-30": "$50", "2006-03-31": "$56", "2005-12-31": "$54", "2005-09-30": "$37", "2005-06-30": "$39", "2005-03-31": "$43"}}, "profit-margins": {"current": "-121.3%"}, "gross margin": {"2020-09-30": "88.69%", "2020-06-30": "88.00%", "2020-03-31": "86.03%", "2019-12-31": "85.30%", "2019-09-30": "85.21%", "2019-06-30": "85.76%", "2019-03-31": "87.62%", "2018-12-31": "88.70%", "2018-09-30": "91.24%", "2018-06-30": "92.15%", "2018-03-31": "94.09%", "2017-12-31": "96.10%", "2014-12-31": "100.00%", "2014-09-30": "100.00%", "2014-06-30": "100.00%", "2014-03-31": "100.00%", "2013-12-31": "100.00%", "2013-09-30": "100.00%", "2013-06-30": "100.00%", "2013-03-31": "100.00%", "2012-12-31": "100.00%", "2012-09-30": "100.00%", "2012-06-30": "100.00%", "2012-03-31": "100.00%", "2011-12-31": "100.00%", "2011-09-30": "100.00%", "2011-06-30": "100.00%", "2011-03-31": "100.00%", "2010-12-31": "100.00%", "2010-09-30": "100.00%", "2010-06-30": "100.00%", "2010-03-31": "100.00%", "2009-12-31": "100.00%", "2009-09-30": "100.00%", "2009-06-30": "100.00%", "2009-03-31": "100.00%", "2008-12-31": "100.00%", "2008-09-30": "100.00%", "2008-06-30": "100.00%", "2008-03-31": "100.00%", "2007-12-31": "100.00%", "2007-09-30": "100.00%", "2007-06-30": "100.00%", "2007-03-31": "100.00%", "2006-12-31": "nan%", "2006-09-30": "100.00%", "2006-06-30": "100.00%", "2006-03-31": "100.00%", "2005-12-31": "100.00%"}, "operating margin": {"2020-09-30": "-125.86%", "2020-06-30": "-135.56%", "2020-03-31": "-183.09%", "2019-12-31": "-185.04%", "2019-09-30": "-168.22%", "2019-06-30": "-162.79%", "2019-03-31": "-120.12%", "2018-12-31": "-113.95%", "2018-09-30": "-82.85%", "2018-06-30": "-83.88%", "2018-03-31": "-80.30%", "2017-12-31": "-111.04%", "2014-12-31": "-1340.00%", "2014-09-30": "-938.46%", "2014-06-30": "-706.25%", "2014-03-31": "-625.00%", "2013-12-31": "-642.86%", "2013-09-30": "-372.22%", "2013-06-30": "-222.73%", "2013-03-31": "-126.67%", "2012-12-31": "-81.08%", "2012-09-30": "-65.91%", "2012-06-30": "-75.00%", "2012-03-31": "-82.22%", "2011-12-31": "-75.00%", "2011-09-30": "-58.00%", "2011-06-30": "-43.14%", "2011-03-31": "-46.51%", "2010-12-31": "-73.33%", "2010-09-30": "-126.32%", "2010-06-30": "-143.75%", "2010-03-31": "-133.33%", "2009-12-31": "-94.12%", "2009-09-30": "-88.24%", "2009-06-30": "-112.50%", "2009-03-31": "-100.00%", "2008-12-31": "-133.33%", "2008-09-30": "-147.62%", "2008-06-30": "-178.95%", "2008-03-31": "-237.50%", "2007-12-31": "-309.09%", "2007-09-30": "-616.67%", "2007-06-30": "-1166.67%", "2007-03-31": "-3300.00%", "2006-12-31": "inf%", "2006-09-30": "-2900.00%", "2006-06-30": "-600.00%", "2006-03-31": "-550.00%", "2005-12-31": "-450.00%"}, "ebitda margin": {"2020-09-30": "-120.40%", "2020-06-30": "-129.56%", "2020-03-31": "-176.72%", "2019-12-31": "-179.27%", "2019-09-30": "-165.21%", "2019-06-30": "-160.76%", "2019-03-31": "-118.89%", "2018-12-31": "-112.62%", "2018-09-30": "-81.02%", "2018-06-30": "-81.40%", "2018-03-31": "-77.34%", "2017-12-31": "-107.14%", "2014-12-31": "-1280.00%", "2014-09-30": "-907.69%", "2014-06-30": "-693.75%", "2014-03-31": "-618.75%", "2013-12-31": "-642.86%", "2013-09-30": "-372.22%", "2013-06-30": "-222.73%", "2013-03-31": "-123.33%", "2012-12-31": "-78.38%", "2012-09-30": "-61.36%", "2012-06-30": "-70.45%", "2012-03-31": "-80.00%", "2011-12-31": "-70.83%", "2011-09-30": "-54.00%", "2011-06-30": "-37.25%", "2011-03-31": "-37.21%", "2010-12-31": "-60.00%", "2010-09-30": "-110.53%", "2010-06-30": "-131.25%", "2010-03-31": "-126.67%", "2009-12-31": "-88.24%", "2009-09-30": "-76.47%", "2009-06-30": "-100.00%", "2009-03-31": "-88.89%", "2008-12-31": "-123.81%", "2008-09-30": "-138.10%", "2008-06-30": "-163.16%", "2008-03-31": "-212.50%", "2007-12-31": "-281.82%", "2007-09-30": "-566.67%", "2007-06-30": "-1100.00%", "2007-03-31": "-3200.00%", "2006-12-31": "inf%", "2006-09-30": "-2700.00%", "2006-06-30": "-525.00%", "2006-03-31": "-475.00%", "2005-12-31": "-375.00%"}, "pre tax profit margin": {"2020-09-30": "-121.01%", "2020-06-30": "-117.56%", "2020-03-31": "-160.29%", "2019-12-31": "-187.40%", "2019-09-30": "-170.14%", "2019-06-30": "-166.28%", "2019-03-31": "-125.39%", "2018-12-31": "-120.60%", "2018-09-30": "-90.15%", "2018-06-30": "-89.26%", "2018-03-31": "-83.74%", "2017-12-31": "-31.82%", "2014-12-31": "-1350.00%", "2014-09-30": "-769.23%", "2014-06-30": "-706.25%", "2014-03-31": "-612.50%", "2013-12-31": "-800.00%", "2013-09-30": "-916.67%", "2013-06-30": "-786.36%", "2013-03-31": "-486.67%", "2012-12-31": "-329.73%", "2012-09-30": "-138.64%", "2012-06-30": "-34.09%", "2012-03-31": "-48.89%", "2011-12-31": "-4.17%", "2011-09-30": "-18.00%", "2011-06-30": "-23.53%", "2011-03-31": "-69.77%", "2010-12-31": "-110.00%", "2010-09-30": "-110.53%", "2010-06-30": "-137.50%", "2010-03-31": "-166.67%", "2009-12-31": "-147.06%", "2009-09-30": "-176.47%", "2009-06-30": "-175.00%", "2009-03-31": "-55.56%", "2008-12-31": "-114.29%", "2008-09-30": "-128.57%", "2008-06-30": "-147.37%", "2008-03-31": "-212.50%", "2007-12-31": "-245.45%", "2007-09-30": "-483.33%", "2007-06-30": "-933.33%", "2007-03-31": "-2700.00%", "2006-12-31": "inf%", "2006-09-30": "-2800.00%", "2006-06-30": "-600.00%", "2006-03-31": "-550.00%", "2005-12-31": "-450.00%"}, "net profit margin": {"2020-09-30": "-121.21%", "2020-06-30": "-117.78%", "2020-03-31": "-160.54%", "2019-12-31": "-187.66%", "2019-09-30": "-169.86%", "2019-06-30": "-165.70%", "2019-03-31": "-124.77%", "2018-12-31": "-119.93%", "2018-09-30": "-89.05%", "2018-06-30": "-89.26%", "2018-03-31": "-83.74%", "2017-12-31": "-33.12%", "2014-12-31": "-1350.00%", "2014-09-30": "-769.23%", "2014-06-30": "-706.25%", "2014-03-31": "-612.50%", "2013-12-31": "-800.00%", "2013-09-30": "-916.67%", "2013-06-30": "-786.36%", "2013-03-31": "-486.67%", "2012-12-31": "-329.73%", "2012-09-30": "-138.64%", "2012-06-30": "-34.09%", "2012-03-31": "-48.89%", "2011-12-31": "-4.17%", "2011-09-30": "-18.00%", "2011-06-30": "-23.53%", "2011-03-31": "-69.77%", "2010-12-31": "-110.00%", "2010-09-30": "-110.53%", "2010-06-30": "-137.50%", "2010-03-31": "-166.67%", "2009-12-31": "-147.06%", "2009-09-30": "-176.47%", "2009-06-30": "-175.00%", "2009-03-31": "-55.56%", "2008-12-31": "-114.29%", "2008-09-30": "-128.57%", "2008-06-30": "-147.37%", "2008-03-31": "-212.50%", "2007-12-31": "-245.45%", "2007-09-30": "-483.33%", "2007-06-30": "-933.33%", "2007-03-31": "-2700.00%", "2006-12-31": "inf%", "2006-09-30": "-2800.00%", "2006-06-30": "-600.00%", "2006-03-31": "-550.00%", "2005-12-31": "-450.00%"}, "pe ratio": {"current": "0.00", "2021-02-05": "0.00", "2020-09-30": "0.00", "2020-06-30": "0.00", "2020-03-31": "0.00", "2019-12-31": "0.00", "2019-09-30": "0.00", "2019-06-30": "0.00", "2019-03-31": "0.00", "2018-12-31": "0.00", "2018-09-30": "0.00", "2018-06-30": "0.00", "2018-03-31": "0.00", "2017-12-31": "0.00", "2017-09-30": "0.00", "2017-06-30": "0.00", "2017-03-31": "0.00", "2016-12-31": "0.00", "2016-09-30": "0.00", "2016-06-30": "0.00", "2016-03-31": "0.00", "2015-12-31": "0.00", "2015-09-30": "0.00", "2015-06-30": "0.00", "2015-03-31": "0.00", "2014-12-31": "0.00", "2014-09-30": "0.00", "2014-06-30": "0.00", "2014-03-31": "0.00", "2013-12-31": "0.00", "2013-09-30": "0.00", "2013-06-30": "0.00", "2013-03-31": "0.00", "2012-12-31": "0.00", "2012-09-30": "0.00", "2012-06-30": "0.00", "2012-03-31": "0.00", "2011-12-31": "0.00", "2011-09-30": "0.00", "2011-06-30": "0.00", "2011-03-31": "0.00", "2010-12-31": "0.00", "2010-09-30": "0.00", "2010-06-30": "0.00", "2010-03-31": "0.00", "2009-12-31": "0.00", "2009-09-30": "0.00", "2009-06-30": "0.00", "2009-03-31": "0.00", "2008-12-31": "0.00", "2008-09-30": "0.00", "2008-06-30": "0.00", "2008-03-31": "0.00", "2007-12-31": "0.00", "2007-09-30": "0.00", "2007-06-30": "0.00", "2007-03-31": "0.00", "2006-12-31": "0.00"}, "price sales": {"2021-02-05": "14.87", "2020-09-30": "21.80", "2020-06-30": "26.97", "2020-03-31": "17.91", "2019-12-31": "24.87", "2019-09-30": "14.76", "2019-06-30": "30.68", "2019-03-31": "24.85", "2018-12-31": "23.82", "2018-09-30": "37.72", "2018-06-30": "34.39", "2018-03-31": "22.07", "2017-12-31": "21.00", "2017-09-30": "27.07", "2017-06-30": "36.30", "2017-03-31": "101.45", "2016-12-31": "0.00", "2016-09-30": "0.00", "2016-06-30": "0.00", "2016-03-31": "0.00", "2015-12-31": "0.00", "2015-09-30": "0.00", "2015-06-30": "1149.94", "2015-03-31": "145.52", "2014-12-31": "57.37", "2014-09-30": "64.11", "2014-06-30": "69.91", "2014-03-31": "52.98", "2013-12-31": "47.01", "2013-09-30": "70.86", "2013-06-30": "43.45", "2013-03-31": "28.91", "2012-12-31": "15.80", "2012-09-30": "7.96", "2012-06-30": "1.92", "2012-03-31": "4.72", "2011-12-31": "2.06", "2011-09-30": "2.83", "2011-06-30": "3.42", "2011-03-31": "5.01", "2010-12-31": "8.02", "2010-09-30": "10.16", "2010-06-30": "9.53", "2010-03-31": "7.06", "2009-12-31": "7.48", "2009-09-30": "7.86", "2009-06-30": "7.03", "2009-03-31": "2.53", "2008-12-31": "2.14", "2008-09-30": "3.72", "2008-06-30": "3.65", "2008-03-31": "6.56", "2007-12-31": "6.90", "2007-09-30": "23.50", "2007-06-30": "51.34", "2007-03-31": "243.64", "2006-12-31": "1438.58"}, "price book": {"current": "8.47", "2021-02-05": "8.46", "2020-09-30": "12.40", "2020-06-30": "12.06", "2020-03-31": "6.66", "2019-12-31": "11.86", "2019-09-30": "5.64", "2019-06-30": "10.28", "2019-03-31": "6.55", "2018-12-31": "7.51", "2018-09-30": "16.83", "2018-06-30": "12.55", "2018-03-31": "6.25", "2017-12-31": "4.57", "2017-09-30": "4.20", "2017-06-30": "4.94", "2017-03-31": "3.79", "2016-12-31": "4.46", "2016-09-30": "8.17", "2016-06-30": "7.52", "2016-03-31": "6.43", "2015-12-31": "9.25", "2015-09-30": "10.93", "2015-06-30": "7.64", "2015-03-31": "2.74", "2014-12-31": "2.41", "2014-09-30": "3.05", "2014-06-30": "4.05", "2014-03-31": "3.99", "2013-12-31": "3.11", "2013-09-30": "7.18", "2013-06-30": "13.89", "2013-03-31": "13.50", "2012-12-31": "6.61", "2012-09-30": "-82.65", "2012-06-30": "3.78", "2012-03-31": "14.91", "2011-12-31": "3.26", "2011-09-30": "4.79", "2011-06-30": "5.52", "2011-03-31": "227.76", "2010-12-31": "-84.57", "2010-09-30": "49.39", "2010-06-30": "21.05", "2010-03-31": "5.55", "2009-12-31": "6.83", "2009-09-30": "9.74", "2009-06-30": "35.76", "2009-03-31": "2.47", "2008-12-31": "2.97", "2008-09-30": "5.27", "2008-06-30": "3.75", "2008-03-31": "6.24", "2007-12-31": "3.45", "2007-09-30": "9.00", "2007-06-30": "6.21", "2007-03-31": "4.61", "2006-12-31": "5.20", "2006-09-30": "4.35", "2006-06-30": "3.96", "2006-03-31": "7.19"}, "price fcf": {"2021-02-05": "", "2020-09-30": "$0.42", "2020-06-30": "$2.79", "2020-03-31": "$3.35", "2019-12-31": "$-7.01", "2019-09-30": "$-6.67", "2019-06-30": "$-7.63", "2019-03-31": "$-8.32", "2018-12-31": "$-6.79", "2018-09-30": "$-5.39", "2018-06-30": "$-4.07", "2018-03-31": "$-3.78", "2017-12-31": "$-4.15", "2017-09-30": "$-5.09", "2017-06-30": "$-5.61", "2017-03-31": "$-4.92", "2016-12-31": "$-5.16", "2016-09-30": "$-4.18", "2016-06-30": "$-4.14", "2016-03-31": "$-3.91", "2015-12-31": "$-3.61", "2015-09-30": "$-3.69", "2015-06-30": "$-3.67", "2015-03-31": "$-4.02", "2014-12-31": "$-3.85", "2014-09-30": "$-3.60", "2014-06-30": "$-3.07", "2014-03-31": "$-2.40", "2013-12-31": "$-1.98", "2013-09-30": "$-1.70", "2013-06-30": "$-1.46", "2013-03-31": "$-1.33", "2012-12-31": "$-1.26", "2012-09-30": "$-1.30", "2012-06-30": "$-1.32", "2012-03-31": "$-1.04", "2011-12-31": "$-1.15", "2011-09-30": "$-0.96", "2011-06-30": "$-0.76", "2011-03-31": "$-1.02", "2010-12-31": "$-0.87", "2010-09-30": "$-0.87", "2010-06-30": "$-0.79", "2010-03-31": "$-0.86", "2009-12-31": "$-0.63", "2009-09-30": "$-0.74", "2009-06-30": "$-1.03", "2009-03-31": "$-0.80", "2008-12-31": "$-1.10", "2008-09-30": "$-1.68", "2008-06-30": "$-1.87", "2008-03-31": "$-2.64", "2007-12-31": "$-2.89", "2007-09-30": "$-2.67", "2007-06-30": "$-2.78", "2007-03-31": "$-2.47", "2006-12-31": "$-2.44"}, "net worth": {"value": "$7.56B"}, "current ratio": {"current": "6.14", "2020-09-30": "6.14", "2020-06-30": "6.93", "2020-03-31": "8.31", "2019-12-31": "5.55", "2019-09-30": "6.31", "2019-06-30": "8.81", "2019-03-31": "12.17", "2018-12-31": "8.21", "2018-09-30": "8.85", "2018-06-30": "10.88", "2018-03-31": "13.37", "2017-12-31": "13.91", "2017-09-30": "10.44", "2017-06-30": "5.92", "2017-03-31": "6.13", "2016-12-31": "4.95", "2016-09-30": "6.70", "2016-06-30": "2.29", "2016-03-31": "2.91", "2015-12-31": "3.61", "2015-09-30": "3.24", "2015-06-30": "4.68", "2015-03-31": "5.69", "2014-12-31": "6.72", "2014-09-30": "11.87", "2014-06-30": "10.36", "2014-03-31": "6.60", "2013-12-31": "7.53", "2013-09-30": "5.68", "2013-06-30": "1.87", "2013-03-31": "1.70", "2012-12-31": "2.46", "2012-09-30": "0.76", "2012-06-30": "1.94", "2012-03-31": "1.26", "2011-12-31": "2.19", "2011-09-30": "1.96", "2011-06-30": "1.79", "2011-03-31": "0.89", "2010-12-31": "0.83", "2010-09-30": "0.97", "2010-06-30": "1.07", "2010-03-31": "1.68", "2009-12-31": "1.53", "2009-09-30": "1.32", "2009-06-30": "0.93", "2009-03-31": "2.48", "2008-12-31": "2.34", "2008-09-30": "1.84", "2008-06-30": "2.55", "2008-03-31": "2.09", "2007-12-31": "2.94", "2007-09-30": "1.75", "2007-06-30": "4.34", "2007-03-31": "6.51", "2006-12-31": "4.07", "2006-09-30": "18.00", "2006-06-30": "19.91", "2006-03-31": "22.97", "2005-12-31": "17.71", "2005-09-30": "12.49", "2005-06-30": "16.83", "2005-03-31": "16.45"}, "quick ratio": {"2020-09-30": "5.56", "2020-06-30": "6.42", "2020-03-31": "7.75", "2019-12-31": "4.90", "2019-09-30": "5.54", "2019-06-30": "7.84", "2019-03-31": "11.15", "2018-12-31": "7.49", "2018-09-30": "7.84", "2018-06-30": "9.89", "2018-03-31": "12.28", "2017-12-31": "12.96", "2017-09-30": "9.52", "2017-06-30": "5.29", "2017-03-31": "5.72", "2016-12-31": "4.78", "2016-09-30": "6.65", "2016-06-30": "0.00", "2016-03-31": "0.00", "2015-12-31": "0.00", "2015-09-30": "0.00", "2015-06-30": "0.00", "2015-03-31": "0.00", "2014-12-31": "0.00", "2014-09-30": "0.00", "2014-06-30": "0.00", "2014-03-31": "0.00", "2013-12-31": "0.00", "2013-09-30": "0.00", "2013-06-30": "0.00", "2013-03-31": "0.00", "2012-12-31": "0.00", "2012-09-30": "0.00", "2012-06-30": "0.00", "2012-03-31": "0.00", "2011-12-31": "0.00", "2011-09-30": "0.00", "2011-06-30": "0.00", "2011-03-31": "0.00", "2010-12-31": "0.00", "2010-09-30": "0.00", "2010-06-30": "0.00", "2010-03-31": "0.00", "2009-12-31": "0.00", "2009-09-30": "0.00", "2009-06-30": "0.00", "2009-03-31": "0.00", "2008-12-31": "0.00", "2008-09-30": "0.00", "2008-06-30": "0.00", "2008-03-31": "0.00", "2007-12-31": "0.00", "2007-09-30": "0.00", "2007-06-30": "0.00", "2007-03-31": "0.00", "2006-12-31": "0.00", "2006-09-30": "0.00", "2006-06-30": "0.00", "2006-03-31": "0.00", "2005-12-31": "0.00", "2005-09-30": "0.00", "2005-06-30": "0.00", "2005-03-31": "0.00"}, "debt equity ratio": {"current": "0.79", "2020-09-30": "2.12", "2020-06-30": "1.77", "2020-03-31": "1.58", "2019-12-31": "1.23", "2019-09-30": "0.71", "2019-06-30": "0.59", "2019-03-31": "0.46", "2018-12-31": "0.59", "2018-09-30": "0.85", "2018-06-30": "0.78", "2018-03-31": "0.67", "2017-12-31": "0.66", "2017-09-30": "0.15", "2017-06-30": "0.19", "2017-03-31": "0.19", "2016-12-31": "0.26", "2016-09-30": "0.19", "2016-06-30": "0.68", "2016-03-31": "0.54", "2015-12-31": "0.44", "2015-09-30": "0.50", "2015-06-30": "0.40", "2015-03-31": "0.21", "2014-12-31": "0.19", "2014-09-30": "0.12", "2014-06-30": "0.13", "2014-03-31": "0.20", "2013-12-31": "0.18", "2013-09-30": "0.23", "2013-06-30": "1.07", "2013-03-31": "1.22", "2012-12-31": "0.66", "2012-09-30": "-12.63", "2012-06-30": "0.87", "2012-03-31": "2.33", "2011-12-31": "0.75", "2011-09-30": "0.92", "2011-06-30": "1.13", "2011-03-31": "50.12", "2010-12-31": "-17.32", "2010-09-30": "11.22", "2010-06-30": "4.77", "2010-03-31": "1.25", "2009-12-31": "1.54", "2009-09-30": "2.34", "2009-06-30": "7.61", "2009-03-31": "0.62", "2008-12-31": "0.62", "2008-09-30": "0.81", "2008-06-30": "0.53", "2008-03-31": "0.71", "2007-12-31": "0.47", "2007-09-30": "0.76", "2007-06-30": "0.29", "2007-03-31": "0.14", "2006-12-31": "0.26", "2006-09-30": "0.05", "2006-06-30": "0.05", "2006-03-31": "0.04", "2005-12-31": "0.05", "2005-09-30": "0.07", "2005-06-30": "0.05", "2005-03-31": "0.05"}, "return on equity": {"2020-09-30": "-61.57%", "2020-06-30": "-52.99%", "2020-03-31": "-64.58%", "2019-12-31": "-67.12%", "2019-09-30": "-55.42%", "2019-06-30": "-55.34%", "2019-03-31": "-43.33%", "2018-12-31": "-45.87%", "2018-09-30": "-33.60%", "2018-06-30": "-29.17%", "2018-03-31": "-25.75%", "2017-12-31": "-8.90%", "2017-09-30": "-24.99%", "2017-06-30": "-31.94%", "2017-03-31": "-37.96%", "2016-12-31": "-106.16%", "2016-09-30": "-113.62%", "2016-06-30": "-166.84%", "2016-03-31": "-141.98%", "2015-12-31": "-130.19%", "2015-09-30": "-108.55%", "2015-06-30": "-78.67%", "2015-03-31": "-65.31%", "2014-12-31": "-50.80%", "2014-09-30": "-37.66%", "2014-06-30": "-44.18%", "2014-03-31": "-48.28%", "2013-12-31": "-66.87%", "2013-09-30": "-120.66%", "2013-06-30": "-234.58%", "2013-03-31": "-255.02%", "2012-12-31": "-312.82%", "2012-09-30": "-387.30%", "2012-06-30": "-60.00%", "2012-03-31": "-78.57%", "2011-12-31": "-8.08%", "2011-09-30": "-55.38%", "2011-06-30": "-129.73%", "2011-03-31": "-1200.00%", "2010-12-31": "-412.50%", "2010-09-30": "-142.37%", "2010-06-30": "-117.33%", "2010-03-31": "-140.85%", "2009-12-31": "-140.85%", "2009-09-30": "-190.48%", "2009-06-30": "-189.83%", "2009-03-31": "-52.63%", "2008-12-31": "-129.73%", "2008-09-30": "-128.57%", "2008-06-30": "-134.94%", "2008-03-31": "-158.14%", "2007-12-31": "-112.50%", "2007-09-30": "-112.62%", "2007-06-30": "-84.85%", "2007-03-31": "-68.35%", "2006-12-31": "-61.20%", "2006-09-30": "-54.90%", "2006-06-30": "-48.73%", "2006-03-31": "-47.31%", "2005-12-31": "-41.62%"}, "return on assets": {"2020-09-30": "-23.00%", "2020-06-30": "-22.66%", "2020-03-31": "-31.87%", "2019-12-31": "-39.52%", "2019-09-30": "-35.15%", "2019-06-30": "-34.88%", "2019-03-31": "-26.71%", "2018-12-31": "-26.88%", "2018-09-30": "-19.37%", "2018-06-30": "-18.56%", "2018-03-31": "-17.63%", "2017-12-31": "-6.64%", "2017-09-30": "-21.04%", "2017-06-30": "-26.48%", "2017-03-31": "-30.24%", "2016-12-31": "-80.42%", "2016-09-30": "-82.85%", "2016-06-30": "-109.13%", "2016-03-31": "-96.90%", "2015-12-31": "-94.65%", "2015-09-30": "-83.77%", "2015-06-30": "-65.01%", "2015-03-31": "-56.62%", "2014-12-31": "-44.05%", "2014-09-30": "-32.71%", "2014-06-30": "-37.42%", "2014-03-31": "-37.16%", "2013-12-31": "-46.04%", "2013-09-30": "-74.49%", "2013-06-30": "-108.98%", "2013-03-31": "-118.46%", "2012-12-31": "-140.63%", "2012-09-30": "-124.49%", "2012-06-30": "-29.41%", "2012-03-31": "-37.13%", "2011-12-31": "-3.38%", "2011-09-30": "-15.72%", "2011-06-30": "-21.92%", "2011-03-31": "-62.18%", "2010-12-31": "-66.33%", "2010-09-30": "-39.44%", "2010-06-30": "-38.77%", "2010-03-31": "-47.39%", "2009-12-31": "-51.28%", "2009-09-30": "-74.53%", "2009-06-30": "-88.89%", "2009-03-31": "-31.75%", "2008-12-31": "-77.42%", "2008-09-30": "-78.83%", "2008-06-30": "-83.58%", "2008-03-31": "-103.03%", "2007-12-31": "-81.82%", "2007-09-30": "-86.57%", "2007-06-30": "-72.73%", "2007-03-31": "-61.71%", "2006-12-31": "-56.57%", "2006-09-30": "-52.58%", "2006-06-30": "-46.60%", "2006-03-31": "-45.13%", "2005-12-31": "-39.34%"}, "return on investments": {"2020-09-30": "-37.40%", "2020-06-30": "-37.53%", "2020-03-31": "-47.47%", "2019-12-31": "-45.22%", "2019-09-30": "-39.68%", "2019-06-30": "-38.54%", "2019-03-31": "-28.68%", "2018-12-31": "-28.34%", "2018-09-30": "-19.73%", "2018-06-30": "-19.01%", "2018-03-31": "-20.75%", "2017-12-31": "-28.87%", "2017-09-30": "-64.62%", "2017-06-30": "-84.97%", "2017-03-31": "-76.19%", "2016-12-31": "-104.60%", "2016-09-30": "-108.17%", "2016-06-30": "-152.38%", "2016-03-31": "-128.65%", "2015-12-31": "-120.98%", "2015-09-30": "-103.08%", "2015-06-30": "-78.79%", "2015-03-31": "-65.52%", "2014-12-31": "-49.95%", "2014-09-30": "-45.56%", "2014-06-30": "-43.88%", "2014-03-31": "-48.84%", "2013-12-31": "-53.18%", "2013-09-30": "-48.46%", "2013-06-30": "-65.12%", "2013-03-31": "-64.68%", "2012-12-31": "-74.07%", "2012-09-30": "-165.71%", "2012-06-30": "-123.36%", "2012-03-31": "-123.33%", "2011-12-31": "-134.58%", "2011-09-30": "-158.90%", "2011-06-30": "-195.56%", "2011-03-31": "-444.44%", "2010-12-31": "-220.00%", "2010-09-30": "-143.28%", "2010-06-30": "-112.20%", "2010-03-31": "-102.56%", "2009-12-31": "-82.05%", "2009-09-30": "-85.71%", "2009-06-30": "-107.46%", "2009-03-31": "-85.71%", "2008-12-31": "-136.59%", "2008-09-30": "-134.78%", "2008-06-30": "-149.45%", "2008-03-31": "-161.70%", "2007-12-31": "-191.55%", "2007-09-30": "-344.19%", "2007-06-30": "-538.46%", "2007-03-31": "inf%", "2006-12-31": "inf%", "2006-09-30": "inf%", "2006-06-30": "inf%", "2006-03-31": "inf%", "2005-12-31": "inf%"}, "return on tangible equity": {"2020-09-30": "-62.39%", "2020-06-30": "-53.66%", "2020-03-31": "-65.37%", "2019-12-31": "-67.89%", "2019-09-30": "-56.01%", "2019-06-30": "-56.02%", "2019-03-31": "-43.96%", "2018-12-31": "-46.70%", "2018-09-30": "-34.29%", "2018-06-30": "-29.75%", "2018-03-31": "-26.25%", "2017-12-31": "-9.07%", "2017-09-30": "-25.51%", "2017-06-30": "-32.61%", "2017-03-31": "-38.89%", "2016-12-31": "-109.43%", "2016-09-30": "-117.45%", "2016-06-30": "-174.77%", "2016-03-31": "-147.97%", "2015-12-31": "-134.96%", "2015-09-30": "-112.20%", "2015-06-30": "-80.73%", "2015-03-31": "-66.73%", "2014-12-31": "-51.82%", "2014-09-30": "-38.39%", "2014-06-30": "-45.06%", "2014-03-31": "-49.49%", "2013-12-31": "-68.92%", "2013-09-30": "-125.24%", "2013-06-30": "-250.72%", "2013-03-31": "-278.10%", "2012-12-31": "-356.20%", "2012-09-30": "-554.55%", "2012-06-30": "-75.00%", "2012-03-31": "-94.62%", "2011-12-31": "-9.88%", "2011-09-30": "-75.00%", "2011-06-30": "-228.57%", "2011-03-31": "2000.00%", "2010-12-31": "-776.47%", "2010-09-30": "-190.91%", "2010-06-30": "-146.67%", "2010-03-31": "-178.57%", "2009-12-31": "-178.57%", "2009-09-30": "-250.00%", "2009-06-30": "-248.89%", "2009-03-31": "-63.49%", "2008-12-31": "-160.00%", "2008-09-30": "-152.11%", "2008-06-30": "-160.00%", "2008-03-31": "-186.30%", "2007-12-31": "-128.57%", "2007-09-30": "-127.47%", "2007-06-30": "-92.56%", "2007-03-31": "-72.97%", "2006-12-31": "-64.37%", "2006-09-30": "-57.14%", "2006-06-30": "-50.79%", "2006-03-31": "-49.44%", "2005-12-31": "-43.64%"}, "dividend yield history": {"last payout": "$0.00", "last yield": "0.00%"}}