{"ticker": "SBAC", "price": {"title": "SBA Communications Historical Annual Stock Price Data", "value": 273.86, "historical": {"2021": {"Average Stock Price": "270.7433", "Year Open": "275.6300", "Year High": "281.9000", "Year Low": "260.3600", "Year Close": "273.8600", "Annual % Change": "-2.93%"}, "2020": {"Average Stock Price": "289.7278", "Year Open": "238.8700", "Year High": "323.3500", "Year Low": "215.4600", "Year Close": "282.1300", "Annual % Change": "17.07%"}, "2019": {"Average Stock Price": "219.6961", "Year Open": "160.7500", "Year High": "269.2800", "Year Low": "160.7500", "Year Close": "240.9900", "Annual % Change": "48.86%"}, "2018": {"Average Stock Price": "162.2878", "Year Open": "160.6300", "Year High": "174.7300", "Year Low": "146.6500", "Year Close": "161.8900", "Annual % Change": "-0.90%"}, "2017": {"Average Stock Price": "135.5037", "Year Open": "105.5300", "Year High": "172.3500", "Year Low": "102.6000", "Year Close": "163.3600", "Annual % Change": "58.20%"}, "2016": {"Average Stock Price": "103.9291", "Year Open": "105.7600", "Year High": "118.4700", "Year Low": "84.9600", "Year Close": "103.2600", "Annual % Change": "-1.72%"}, "2015": {"Average Stock Price": "114.9867", "Year Open": "110.9700", "Year High": "128.0100", "Year Low": "100.4200", "Year Close": "105.0700", "Annual % Change": "-5.14%"}, "2014": {"Average Stock Price": "102.4501", "Year Open": "88.4200", "Year High": "121.6700", "Year Low": "87.4000", "Year Close": "110.7600", "Annual % Change": "23.29%"}, "2013": {"Average Stock Price": "77.2664", "Year Open": "72.5900", "Year High": "91.8300", "Year Low": "67.4500", "Year Close": "89.8400", "Annual % Change": "26.57%"}, "2012": {"Average Stock Price": "56.5235", "Year Open": "43.1000", "Year High": "70.9800", "Year Low": "43.1000", "Year Close": "70.9800", "Annual % Change": "65.22%"}, "2011": {"Average Stock Price": "38.8623", "Year Open": "40.9000", "Year High": "44.2600", "Year Low": "32.8200", "Year Close": "42.9600", "Annual % Change": "4.93%"}, "2010": {"Average Stock Price": "36.4129", "Year Open": "35.1700", "Year High": "40.9600", "Year Low": "31.5425", "Year Close": "40.9400", "Annual % Change": "19.85%"}, "2009": {"Average Stock Price": "25.4477", "Year Open": "17.6900", "Year High": "35.5000", "Year Low": "17.0300", "Year Close": "34.1600", "Annual % Change": "109.31%"}, "2008": {"Average Stock Price": "28.3232", "Year Open": "33.1400", "Year High": "37.8900", "Year Low": "10.6400", "Year Close": "16.3200", "Annual % Change": "-51.77%"}, "2007": {"Average Stock Price": "32.0724", "Year Open": "27.5500", "Year High": "38.3000", "Year Low": "26.0000", "Year Close": "33.8400", "Annual % Change": "23.05%"}, "2006": {"Average Stock Price": "24.1142", "Year Open": "18.4200", "Year High": "28.8900", "Year Low": "18.2900", "Year Close": "27.5000", "Annual % Change": "53.63%"}, "2005": {"Average Stock Price": "12.7960", "Year Open": "9.1800", "Year High": "19.1900", "Year Low": "8.1400", "Year Close": "17.9000", "Annual % Change": "92.89%"}, "2004": {"Average Stock Price": "5.5796", "Year Open": "4.0900", "Year High": "10.6200", "Year Low": "3.2200", "Year Close": "9.2800", "Annual % Change": "146.81%"}, "2003": {"Average Stock Price": "2.5369", "Year Open": "0.4660", "Year High": "4.2270", "Year Low": "0.4200", "Year Close": "3.7600", "Annual % Change": "817.07%"}, "2002": {"Average Stock Price": "2.5238", "Year Open": "13.7000", "Year High": "13.7000", "Year Low": "0.2000", "Year Close": "0.4100", "Annual % Change": "-96.85%"}, "2001": {"Average Stock Price": "21.6177", "Year Open": "39.3100", "Year High": "46.0000", "Year Low": "6.2500", "Year Close": "13.0200", "Annual % Change": "-68.29%"}, "2000": {"Average Stock Price": "40.7062", "Year Open": "18.0000", "Year High": "56.6300", "Year Low": "16.6900", "Year Close": "41.0600", "Annual % Change": "118.99%"}}}, "market cap": {"value": "$30.43B"}, "income statement": {"Revenue": {"2019-12-31": "2014.64500", "2018-12-31": "1865.69500", "2017-12-31": "1727.67400", "2016-12-31": "1633.12500", "2015-12-31": "1638.47400", "2014-12-31": "1526.99600", "2013-12-31": "1304.86600", "2012-12-31": "954.08400", "2011-12-31": "698.17000", "2010-12-31": "626.61900", "2009-12-31": "555.51300", "2008-12-31": "474.95400", "2007-12-31": "408.20100", "2006-12-31": "351.10200", "2005-12-31": "259.99100"}, "Cost Of Goods Sold": {"2019-12-31": "493.03100", "2018-12-31": "468.79500", "2017-12-31": "446.31200", "2016-12-31": "420.89700", "2015-12-31": "444.39900", "2014-12-31": "428.48500", "2013-12-31": "408.25300", "2012-12-31": "279.50700", "2011-12-31": "202.92100", "2010-12-31": "199.44200", "2009-12-31": "180.54300", "2008-12-31": "168.16500", "2007-12-31": "163.35300", "2006-12-31": "156.58600", "2005-12-31": "139.95200"}, "Gross Profit": {"2019-12-31": "1521.61400", "2018-12-31": "1396.90000", "2017-12-31": "1281.36200", "2016-12-31": "1212.22800", "2015-12-31": "1194.07500", "2014-12-31": "1098.51100", "2013-12-31": "896.61300", "2012-12-31": "674.57700", "2011-12-31": "495.24900", "2010-12-31": "427.17700", "2009-12-31": "374.97000", "2008-12-31": "306.78900", "2007-12-31": "244.84800", "2006-12-31": "194.51600", "2005-12-31": "120.03900"}, "Research And Development Expenses": {"2019-12-31": "", "2018-12-31": "", "2017-12-31": "", "2016-12-31": "", "2015-12-31": "", "2014-12-31": "", "2013-12-31": "", "2012-12-31": "", "2011-12-31": "", "2010-12-31": "", "2009-12-31": "", "2008-12-31": "", "2007-12-31": "", "2006-12-31": "", "2005-12-31": ""}, "SG&A Expenses": {"2019-12-31": "192.71700", "2018-12-31": "142.52600", "2017-12-31": "130.69700", "2016-12-31": "143.34900", "2015-12-31": "114.95100", "2014-12-31": "103.31700", "2013-12-31": "85.47600", "2012-12-31": "72.14800", "2011-12-31": "62.82800", "2010-12-31": "58.20900", "2009-12-31": "52.78500", "2008-12-31": "48.72100", "2007-12-31": "45.56400", "2006-12-31": "42.27700", "2005-12-31": "28.17800"}, "Other Operating Income Or Expenses": {"2019-12-31": "-33.10300", "2018-12-31": "-27.13400", "2017-12-31": "-36.69700", "2016-12-31": "-30.24200", "2015-12-31": "-94.78300", "2014-12-31": "-23.80100", "2013-12-31": "-28.96000", "2012-12-31": "-6.38300", "2011-12-31": "-5.47200", "2010-12-31": "-5.86200", "2009-12-31": "-3.88400", "2008-12-31": "-0.92100", "2007-12-31": "", "2006-12-31": "0.35700", "2005-12-31": "-0.44800"}, "Operating Expenses": {"2019-12-31": "1431.15700", "2018-12-31": "1321.52900", "2017-12-31": "1269.17300", "2016-12-31": "1245.81700", "2015-12-31": "1326.01800", "2014-12-31": "1190.47300", "2013-12-31": "1075.22100", "2012-12-31": "806.93800", "2011-12-31": "587.51100", "2010-12-31": "552.34600", "2009-12-31": "500.55900", "2008-12-31": "429.37200", "2007-12-31": "378.15400", "2006-12-31": "331.59400", "2005-12-31": "255.79600"}, "Operating Income": {"2019-12-31": "583.48790", "2018-12-31": "544.16590", "2017-12-31": "458.50100", "2016-12-31": "387.30800", "2015-12-31": "312.45610", "2014-12-31": "336.52290", "2013-12-31": "229.64500", "2012-12-31": "147.14600", "2011-12-31": "110.65900", "2010-12-31": "74.27300", "2009-12-31": "54.95400", "2008-12-31": "45.58200", "2007-12-31": "30.04700", "2006-12-31": "19.50800", "2005-12-31": "4.19500"}, "Total Non-Operating Income/Expense": {"2019-12-31": "-396.59900", "2018-12-31": "-492.48210", "2017-12-31": "-341.61000", "2016-12-31": "-300.00500", "2015-12-31": "-479.05100", "2014-12-31": "-352.18300", "2013-12-31": "-286.86300", "2012-12-31": "-324.23800", "2011-12-31": "-235.43800", "2010-12-31": "-267.68900", "2009-12-31": "-195.58100", "2008-12-31": "-111.70900", "2007-12-31": "-120.65300", "2006-12-31": "-152.43900", "2005-12-31": "-96.73900"}, "Pre-Tax Income": {"2019-12-31": "186.88900", "2018-12-31": "51.68400", "2017-12-31": "116.89100", "2016-12-31": "87.30300", "2015-12-31": "-166.59500", "2014-12-31": "-15.66000", "2013-12-31": "-57.21800", "2012-12-31": "-177.09200", "2011-12-31": "-124.77900", "2010-12-31": "-193.41600", "2009-12-31": "-140.62700", "2008-12-31": "-66.12700", "2007-12-31": "-90.60600", "2006-12-31": "-132.93100", "2005-12-31": "-92.54400"}, "Income Taxes": {"2019-12-31": "39.60500", "2018-12-31": "4.23300", "2017-12-31": "13.23700", "2016-12-31": "11.06500", "2015-12-31": "9.06100", "2014-12-31": "8.63500", "2013-12-31": "-1.30900", "2012-12-31": "6.59400", "2011-12-31": "2.11300", "2010-12-31": "1.00500", "2009-12-31": "0.49200", "2008-12-31": "1.03700", "2007-12-31": "0.86800", "2006-12-31": "0.51700", "2005-12-31": "2.10400"}, "Income After Taxes": {"2019-12-31": "147.28400", "2018-12-31": "47.45100", "2017-12-31": "103.65400", "2016-12-31": "76.23800", "2015-12-31": "-175.65600", "2014-12-31": "-24.29500", "2013-12-31": "-55.90900", "2012-12-31": "-183.68600", "2011-12-31": "-126.89200", "2010-12-31": "-194.42100", "2009-12-31": "-141.11900", "2008-12-31": "-67.16400", "2007-12-31": "-91.47400", "2006-12-31": "-133.44800", "2005-12-31": "-94.64800"}, "Other Income": {"2019-12-31": "", "2018-12-31": "", "2017-12-31": "", "2016-12-31": "", "2015-12-31": "", "2014-12-31": "", "2013-12-31": "", "2012-12-31": "", "2011-12-31": "", "2010-12-31": "", "2009-12-31": "", "2008-12-31": "", "2007-12-31": "", "2006-12-31": "", "2005-12-31": ""}, "Income From Continuous Operations": {"2019-12-31": "147.28400", "2018-12-31": "47.45100", "2017-12-31": "103.65400", "2016-12-31": "76.23800", "2015-12-31": "-175.65600", "2014-12-31": "-24.29500", "2013-12-31": "-55.90900", "2012-12-31": "-183.68600", "2011-12-31": "-126.89200", "2010-12-31": "-194.42100", "2009-12-31": "-141.11900", "2008-12-31": "-67.16400", "2007-12-31": "-91.47400", "2006-12-31": "-133.44800", "2005-12-31": "-94.64800"}, "Income From Discontinued Operations": {"2019-12-31": "", "2018-12-31": "", "2017-12-31": "", "2016-12-31": "", "2015-12-31": "", "2014-12-31": "", "2013-12-31": "", "2012-12-31": "2.29600", "2011-12-31": "0.00000", "2010-12-31": "0.00000", "2009-12-31": "", "2008-12-31": "", "2007-12-31": "", "2006-12-31": "", "2005-12-31": "-0.06100"}, "Net Income": {"2019-12-31": "146.99100", "2018-12-31": "47.45100", "2017-12-31": "103.65400", "2016-12-31": "76.23800", "2015-12-31": "-175.65600", "2014-12-31": "-24.29500", "2013-12-31": "-55.90900", "2012-12-31": "-181.03700", "2011-12-31": "-126.45600", "2010-12-31": "-194.67400", "2009-12-31": "-140.87100", "2008-12-31": "-67.16400", "2007-12-31": "-91.47400", "2006-12-31": "-133.44800", "2005-12-31": "-94.70900"}, "EBITDA": {"2019-12-31": "1333.16500", "2018-12-31": "1262.76000", "2017-12-31": "1155.96400", "2016-12-31": "1072.32600", "2015-12-31": "991.63100", "2014-12-31": "999.55100", "2013-12-31": "802.35800", "2012-12-31": "574.86600", "2011-12-31": "428.99300", "2010-12-31": "362.09900", "2009-12-31": "323.94700", "2008-12-31": "267.77300", "2007-12-31": "207.44100", "2006-12-31": "168.65500", "2005-12-31": "120.15100"}, "EBIT": {"2019-12-31": "583.48790", "2018-12-31": "544.16590", "2017-12-31": "458.50100", "2016-12-31": "387.30800", "2015-12-31": "312.45610", "2014-12-31": "336.52290", "2013-12-31": "229.64500", "2012-12-31": "147.14600", "2011-12-31": "110.65900", "2010-12-31": "74.27300", "2009-12-31": "54.95400", "2008-12-31": "45.58200", "2007-12-31": "30.04700", "2006-12-31": "19.50800", "2005-12-31": "4.19500"}, "Basic Shares Outstanding": {"2019-12-31": "112.80900", "2018-12-31": "114.90900", "2017-12-31": "119.86000", "2016-12-31": "124.44800", "2015-12-31": "127.79400", "2014-12-31": "128.91900", "2013-12-31": "127.76900", "2012-12-31": "120.28000", "2011-12-31": "111.59500", "2010-12-31": "115.59100", "2009-12-31": "117.16500", "2008-12-31": "109.88200", "2007-12-31": "104.74300", "2006-12-31": "98.19300", "2005-12-31": "73.82300"}, "Shares Outstanding": {"2019-12-31": "114.69300", "2018-12-31": "116.51500", "2017-12-31": "121.02200", "2016-12-31": "125.14400", "2015-12-31": "127.79400", "2014-12-31": "128.91900", "2013-12-31": "127.76900", "2012-12-31": "120.28000", "2011-12-31": "111.59500", "2010-12-31": "115.59100", "2009-12-31": "117.16500", "2008-12-31": "109.88200", "2007-12-31": "104.74300", "2006-12-31": "98.19300", "2005-12-31": "73.82300"}, "Basic EPS": {"2019-12-31": "1.30000", "2018-12-31": "0.41000", "2017-12-31": "0.86000", "2016-12-31": "0.61000", "2015-12-31": "-1.37000", "2014-12-31": "-0.19000", "2013-12-31": "-0.44000", "2012-12-31": "-1.51000", "2011-12-31": "-1.14000", "2010-12-31": "-1.68000", "2009-12-31": "-1.20000", "2008-12-31": "-0.61000", "2007-12-31": "-0.87000", "2006-12-31": "-1.36000", "2005-12-31": "-1.28000"}, "EPS - Earnings Per Share": {"2019-12-31": "1.28000", "2018-12-31": "0.41000", "2017-12-31": "0.86000", "2016-12-31": "0.61000", "2015-12-31": "-1.37000", "2014-12-31": "-0.19000", "2013-12-31": "-0.44000", "2012-12-31": "-1.51000", "2011-12-31": "-1.14000", "2010-12-31": "-1.68000", "2009-12-31": "-1.20000", "2008-12-31": "-0.61000", "2007-12-31": "-0.87000", "2006-12-31": "-1.36000", "2005-12-31": "-1.28000"}}, "income statement, quarterly": {"Revenue": {"2020-09-30": "522.94000", "2020-06-30": "507.22600", "2020-03-31": "517.06700", "2019-12-31": "513.65810", "2019-09-30": "507.54700", "2019-06-30": "500.14700", "2019-03-31": "493.29300", "2018-12-31": "483.84890", "2018-09-30": "467.22100", "2018-06-30": "456.32300", "2018-03-31": "458.30200", "2017-12-31": "443.07200", "2017-09-30": "433.94500", "2017-06-30": "427.29400", "2017-03-31": "423.36300", "2016-12-31": "416.50500", "2016-09-30": "411.31900", "2016-06-30": "405.53200", "2016-03-31": "399.76900", "2015-12-31": "406.94100", "2015-09-30": "410.73500", "2015-06-30": "410.70400", "2015-03-31": "410.09400", "2014-12-31": "404.73300", "2014-09-30": "393.29300", "2014-06-30": "383.42000", "2014-03-31": "345.55000", "2013-12-31": "335.39600", "2013-09-30": "332.09400", "2013-06-30": "324.30500", "2013-03-31": "313.07100", "2012-12-31": "293.84090", "2012-09-30": "238.60600", "2012-06-30": "229.14700", "2012-03-31": "192.49000", "2011-12-31": "183.81900", "2011-09-30": "175.54900", "2011-06-30": "171.05300", "2011-03-31": "167.74900", "2010-12-31": "165.49700", "2010-09-30": "158.64200", "2010-06-30": "154.51500", "2010-03-31": "147.96500", "2009-12-31": "144.97900", "2009-09-30": "139.28900", "2009-06-30": "136.19500", "2009-03-31": "135.05000", "2008-12-31": "134.42900", "2008-09-30": "118.65600", "2008-06-30": "111.95200", "2008-03-31": "109.91700", "2007-12-31": "108.90300", "2007-09-30": "103.20100", "2007-06-30": "100.28900", "2007-03-31": "95.80800", "2006-12-31": "96.75000", "2006-09-30": "98.17200", "2006-06-30": "87.37600", "2006-03-31": "68.80400", "2005-12-31": "72.41800", "2005-09-30": "66.02100", "2005-06-30": "63.24800", "2005-03-31": "58.30400"}, "Cost Of Goods Sold": {"2020-09-30": "121.51900", "2020-06-30": "111.50200", "2020-03-31": "115.51400", "2019-12-31": "121.25900", "2019-09-30": "123.50900", "2019-06-30": "124.44800", "2019-03-31": "123.81500", "2018-12-31": "122.30300", "2018-09-30": "116.74100", "2018-06-30": "114.41400", "2018-03-31": "115.33700", "2017-12-31": "114.53000", "2017-09-30": "111.46800", "2017-06-30": "109.34400", "2017-03-31": "110.97000", "2016-12-31": "106.26700", "2016-09-30": "105.46800", "2016-06-30": "106.56700", "2016-03-31": "102.59500", "2015-12-31": "109.44400", "2015-09-30": "111.73300", "2015-06-30": "112.11200", "2015-03-31": "111.11000", "2014-12-31": "112.00400", "2014-09-30": "111.87600", "2014-06-30": "107.43800", "2014-03-31": "97.16700", "2013-12-31": "100.53800", "2013-09-30": "103.29500", "2013-06-30": "103.72500", "2013-03-31": "100.69500", "2012-12-31": "89.42600", "2012-09-30": "71.68300", "2012-06-30": "66.20500", "2012-03-31": "52.19300", "2011-12-31": "50.26300", "2011-09-30": "51.84700", "2011-06-30": "50.10700", "2011-03-31": "50.70400", "2010-12-31": "51.81100", "2010-09-30": "50.60100", "2010-06-30": "49.95800", "2010-03-31": "47.07200", "2009-12-31": "46.84500", "2009-09-30": "45.28800", "2009-06-30": "43.87200", "2009-03-31": "44.53800", "2008-12-31": "46.56100", "2008-09-30": "42.00800", "2008-06-30": "39.36100", "2008-03-31": "40.23500", "2007-12-31": "42.98500", "2007-09-30": "43.65200", "2007-06-30": "39.25000", "2007-03-31": "37.46600", "2006-12-31": "39.99300", "2006-09-30": "42.15400", "2006-06-30": "40.17600", "2006-03-31": "34.26300", "2005-12-31": "38.97400", "2005-09-30": "35.00500", "2005-06-30": "34.67900", "2005-03-31": "31.29400"}, "Gross Profit": {"2020-09-30": "401.42100", "2020-06-30": "395.72400", "2020-03-31": "401.55300", "2019-12-31": "392.39910", "2019-09-30": "384.03800", "2019-06-30": "375.69900", "2019-03-31": "369.47800", "2018-12-31": "361.54590", "2018-09-30": "350.48000", "2018-06-30": "341.90900", "2018-03-31": "342.96500", "2017-12-31": "328.54200", "2017-09-30": "322.47700", "2017-06-30": "317.95000", "2017-03-31": "312.39300", "2016-12-31": "310.23800", "2016-09-30": "305.85100", "2016-06-30": "298.96500", "2016-03-31": "297.17400", "2015-12-31": "297.49710", "2015-09-30": "299.00200", "2015-06-30": "298.59200", "2015-03-31": "298.98400", "2014-12-31": "292.72900", "2014-09-30": "281.41700", "2014-06-30": "275.98200", "2014-03-31": "248.38300", "2013-12-31": "234.85800", "2013-09-30": "228.79900", "2013-06-30": "220.58000", "2013-03-31": "212.37600", "2012-12-31": "204.41490", "2012-09-30": "166.92300", "2012-06-30": "162.94200", "2012-03-31": "140.29700", "2011-12-31": "133.55600", "2011-09-30": "123.70200", "2011-06-30": "120.94600", "2011-03-31": "117.04500", "2010-12-31": "113.68600", "2010-09-30": "108.04100", "2010-06-30": "104.55700", "2010-03-31": "100.89300", "2009-12-31": "98.13400", "2009-09-30": "94.00100", "2009-06-30": "92.32300", "2009-03-31": "90.51200", "2008-12-31": "87.86800", "2008-09-30": "76.64800", "2008-06-30": "72.59100", "2008-03-31": "69.68200", "2007-12-31": "65.91800", "2007-09-30": "59.54900", "2007-06-30": "61.03900", "2007-03-31": "58.34200", "2006-12-31": "56.75700", "2006-09-30": "56.01800", "2006-06-30": "47.20000", "2006-03-31": "34.54100", "2005-12-31": "33.44400", "2005-09-30": "31.01600", "2005-06-30": "28.56900", "2005-03-31": "27.01000"}, "Research And Development Expenses": {"2020-09-30": "", "2020-06-30": "", "2020-03-31": "", "2019-12-31": "", "2019-09-30": "", "2019-06-30": "", "2019-03-31": "", "2018-12-31": "", "2018-09-30": "", "2018-06-30": "", "2018-03-31": "", "2017-12-31": "", "2017-09-30": "", "2017-06-30": "", "2017-03-31": "", "2016-12-31": "", "2016-09-30": "", "2016-06-30": "", "2016-03-31": "", "2015-12-31": "", "2015-09-30": "", "2015-06-30": "", "2015-03-31": "", "2014-12-31": "", "2014-09-30": "", "2014-06-30": "", "2014-03-31": "", "2013-12-31": "", "2013-09-30": "", "2013-06-30": "", "2013-03-31": "", "2012-12-31": "", "2012-09-30": "", "2012-06-30": "", "2012-03-31": "", "2011-12-31": "", "2011-09-30": "", "2011-06-30": "", "2011-03-31": "", "2010-12-31": "", "2010-09-30": "", "2010-06-30": "", "2010-03-31": "", "2009-12-31": "", "2009-09-30": "", "2009-06-30": "", "2009-03-31": "", "2008-12-31": "", "2008-09-30": "", "2008-06-30": "", "2008-03-31": "", "2007-12-31": "", "2007-09-30": "", "2007-06-30": "", "2007-03-31": "", "2006-12-31": "", "2006-09-30": "", "2006-06-30": "", "2006-03-31": "", "2005-12-31": "", "2005-09-30": "", "2005-06-30": "", "2005-03-31": ""}, "SG&A Expenses": {"2020-09-30": "48.15200", "2020-06-30": "49.08800", "2020-03-31": "49.61700", "2019-12-31": "43.96200", "2019-09-30": "42.27200", "2019-06-30": "55.52400", "2019-03-31": "50.95900", "2018-12-31": "35.62600", "2018-09-30": "34.90800", "2018-06-30": "35.94300", "2018-03-31": "36.04900", "2017-12-31": "30.52100", "2017-09-30": "32.55900", "2017-06-30": "33.39400", "2017-03-31": "34.22300", "2016-12-31": "33.02400", "2016-09-30": "32.25500", "2016-06-30": "47.66400", "2016-03-31": "30.40600", "2015-12-31": "28.93300", "2015-09-30": "27.87200", "2015-06-30": "28.26200", "2015-03-31": "29.88400", "2014-12-31": "26.61100", "2014-09-30": "26.58900", "2014-06-30": "25.44100", "2014-03-31": "24.67600", "2013-12-31": "21.71100", "2013-09-30": "21.82700", "2013-06-30": "21.50700", "2013-03-31": "20.43100", "2012-12-31": "19.62400", "2012-09-30": "17.56500", "2012-06-30": "17.74400", "2012-03-31": "17.21500", "2011-12-31": "15.79700", "2011-09-30": "15.41500", "2011-06-30": "15.72100", "2011-03-31": "15.89500", "2010-12-31": "14.98900", "2010-09-30": "14.41700", "2010-06-30": "14.29700", "2010-03-31": "14.50600", "2009-12-31": "14.34200", "2009-09-30": "13.20400", "2009-06-30": "13.16400", "2009-03-31": "12.07500", "2008-12-31": "13.26300", "2008-09-30": "12.41900", "2008-06-30": "12.54800", "2008-03-31": "10.49100", "2007-12-31": "11.87300", "2007-09-30": "11.28900", "2007-06-30": "11.57800", "2007-03-31": "10.82400", "2006-12-31": "10.81000", "2006-09-30": "11.04400", "2006-06-30": "11.49500", "2006-03-31": "8.92800", "2005-12-31": "7.14100", "2005-09-30": "6.72500", "2005-06-30": "7.11200", "2005-03-31": "7.20000"}, "Other Operating Income Or Expenses": {"2020-09-30": "-8.50600", "2020-06-30": "-6.24200", "2020-03-31": "-14.35500", "2019-12-31": "-9.47200", "2019-09-30": "-8.24000", "2019-06-30": "-9.62000", "2019-03-31": "-5.77100", "2018-12-31": "-4.35600", "2018-09-30": "-6.86800", "2018-06-30": "-7.40400", "2018-03-31": "-8.50600", "2017-12-31": "-10.78900", "2017-09-30": "-9.41700", "2017-06-30": "-8.14000", "2017-03-31": "-8.35100", "2016-12-31": "-7.06300", "2016-09-30": "-2.30500", "2016-06-30": "-14.69100", "2016-03-31": "-6.18300", "2015-12-31": "-20.59800", "2015-09-30": "-63.35300", "2015-06-30": "-4.01000", "2015-03-31": "-6.82200", "2014-12-31": "-10.24700", "2014-09-30": "-5.99200", "2014-06-30": "-3.99400", "2014-03-31": "-3.56800", "2013-12-31": "-12.55500", "2013-09-30": "-6.19000", "2013-06-30": "-6.49300", "2013-03-31": "-3.72200", "2012-12-31": "-3.82800", "2012-09-30": "-1.56000", "2012-06-30": "-0.64600", "2012-03-31": "-0.34900", "2011-12-31": "-4.07000", "2011-09-30": "-1.10600", "2011-06-30": "-0.29600", "2011-03-31": "0.00000", "2010-12-31": "", "2010-09-30": "0.00000", "2010-06-30": "", "2010-03-31": "", "2009-12-31": "", "2009-09-30": "", "2009-06-30": "", "2009-03-31": "", "2008-12-31": "", "2008-09-30": "", "2008-06-30": "", "2008-03-31": "", "2007-12-31": "", "2007-09-30": "", "2007-06-30": "", "2007-03-31": "", "2006-12-31": "", "2006-09-30": "", "2006-06-30": "", "2006-03-31": "", "2005-12-31": "-0.16000", "2005-09-30": "-0.01500", "2005-06-30": "-0.04200", "2005-03-31": "-0.23100"}, "Operating Expenses": {"2020-09-30": "362.60300", "2020-06-30": "350.17200", "2020-03-31": "365.86400", "2019-12-31": "359.74220", "2019-09-30": "353.70000", "2019-06-30": "363.69500", "2019-03-31": "354.02000", "2018-12-31": "333.52810", "2018-09-30": "329.21500", "2018-06-30": "330.45200", "2018-03-31": "328.33400", "2017-12-31": "323.99100", "2017-09-30": "316.93400", "2017-06-30": "312.70400", "2017-03-31": "315.54400", "2016-12-31": "309.07490", "2016-09-30": "303.10900", "2016-06-30": "331.46600", "2016-03-31": "302.16700", "2015-12-31": "324.81700", "2015-09-30": "367.65200", "2015-06-30": "312.54100", "2015-03-31": "321.00800", "2014-12-31": "308.14700", "2014-09-30": "303.80900", "2014-06-30": "300.10300", "2014-03-31": "278.41400", "2013-12-31": "275.95190", "2013-09-30": "268.19200", "2013-06-30": "274.77100", "2013-03-31": "256.30600", "2012-12-31": "262.79300", "2012-09-30": "197.53500", "2012-06-30": "194.40900", "2012-03-31": "152.20100", "2011-12-31": "151.83900", "2011-09-30": "147.97800", "2011-06-30": "143.84400", "2011-03-31": "143.85000", "2010-12-31": "148.80200", "2010-09-30": "137.97400", "2010-06-30": "134.49100", "2010-03-31": "131.07900", "2009-12-31": "132.92500", "2009-09-30": "124.33700", "2009-06-30": "122.59700", "2009-03-31": "120.70000", "2008-12-31": "122.90200", "2008-09-30": "107.22900", "2008-06-30": "101.16200", "2008-03-31": "98.07900", "2007-12-31": "99.20300", "2007-09-30": "97.89000", "2007-06-30": "92.47800", "2007-03-31": "88.58300", "2006-12-31": "89.98200", "2006-09-30": "92.57000", "2006-06-30": "84.55600", "2006-03-31": "64.48600", "2005-12-31": "68.53300", "2005-09-30": "63.41800", "2005-06-30": "63.47700", "2005-03-31": "60.36800"}, "Operating Income": {"2020-09-30": "160.33700", "2020-06-30": "157.05400", "2020-03-31": "151.20300", "2019-12-31": "153.91590", "2019-09-30": "153.84700", "2019-06-30": "136.45200", "2019-03-31": "139.27300", "2018-12-31": "150.32080", "2018-09-30": "138.00600", "2018-06-30": "125.87100", "2018-03-31": "129.96800", "2017-12-31": "119.08100", "2017-09-30": "117.01100", "2017-06-30": "114.59000", "2017-03-31": "107.81900", "2016-12-31": "107.43010", "2016-09-30": "108.21000", "2016-06-30": "74.06600", "2016-03-31": "97.60200", "2015-12-31": "82.12410", "2015-09-30": "43.08300", "2015-06-30": "98.16300", "2015-03-31": "89.08600", "2014-12-31": "96.58590", "2014-09-30": "89.48400", "2014-06-30": "83.31700", "2014-03-31": "67.13600", "2013-12-31": "59.44400", "2013-09-30": "63.90200", "2013-06-30": "49.53400", "2013-03-31": "56.76500", "2012-12-31": "31.04800", "2012-09-30": "41.07100", "2012-06-30": "34.73800", "2012-03-31": "40.28900", "2011-12-31": "31.98000", "2011-09-30": "27.57100", "2011-06-30": "27.20900", "2011-03-31": "23.89900", "2010-12-31": "16.69500", "2010-09-30": "20.66800", "2010-06-30": "20.02400", "2010-03-31": "16.88600", "2009-12-31": "12.05400", "2009-09-30": "14.95200", "2009-06-30": "13.59800", "2009-03-31": "14.35000", "2008-12-31": "11.52700", "2008-09-30": "11.42700", "2008-06-30": "10.79000", "2008-03-31": "11.83800", "2007-12-31": "9.70000", "2007-09-30": "5.31100", "2007-06-30": "7.81100", "2007-03-31": "7.22500", "2006-12-31": "6.76800", "2006-09-30": "5.60200", "2006-06-30": "2.82000", "2006-03-31": "4.31800", "2005-12-31": "3.88500", "2005-09-30": "2.60300", "2005-06-30": "-0.22900", "2005-03-31": "-2.06400"}, "Total Non-Operating Income/Expense": {"2020-09-30": "-147.10200", "2020-06-30": "-134.10100", "2020-03-31": "-345.67400", "2019-12-31": "-69.56800", "2019-09-30": "-135.08300", "2019-06-30": "-88.87100", "2019-03-31": "-103.07700", "2018-12-31": "-77.28910", "2018-09-30": "-123.84100", "2018-06-30": "-201.51100", "2018-03-31": "-89.84100", "2017-12-31": "-108.34800", "2017-09-30": "-64.47200", "2017-06-30": "-101.96700", "2017-03-31": "-66.82300", "2016-12-31": "-96.88700", "2016-09-30": "-122.00600", "2016-06-30": "-39.35400", "2016-03-31": "-41.75800", "2015-12-31": "-49.16100", "2015-09-30": "-197.10300", "2015-06-30": "-67.63400", "2015-03-31": "-165.15300", "2014-12-31": "-92.27300", "2014-09-30": "-105.12600", "2014-06-30": "-90.74100", "2014-03-31": "-64.04300", "2013-12-31": "-81.35900", "2013-09-30": "-42.16400", "2013-06-30": "-83.55800", "2013-03-31": "-79.78200", "2012-12-31": "-81.79600", "2012-09-30": "-93.71000", "2012-06-30": "-87.11900", "2012-03-31": "-61.61300", "2011-12-31": "-60.82000", "2011-09-30": "-60.61700", "2011-06-30": "-56.41700", "2011-03-31": "-57.58400", "2010-12-31": "-55.08100", "2010-09-30": "-54.52400", "2010-06-30": "-103.89600", "2010-03-31": "-54.18800", "2009-12-31": "-55.66300", "2009-09-30": "-65.12300", "2009-06-30": "-42.79700", "2009-03-31": "-31.99800", "2008-12-31": "-5.22900", "2008-09-30": "-38.65100", "2008-06-30": "-36.84300", "2008-03-31": "-30.98600", "2007-12-31": "-52.04100", "2007-09-30": "-22.30300", "2007-06-30": "-22.78200", "2007-03-31": "-23.52700", "2006-12-31": "-30.36500", "2006-09-30": "-30.46300", "2006-06-30": "-78.26100", "2006-03-31": "-13.35000", "2005-12-31": "-34.99400", "2005-09-30": "-16.69600", "2005-06-30": "-25.81600", "2005-03-31": "-19.23300"}, "Pre-Tax Income": {"2020-09-30": "13.23500", "2020-06-30": "22.95300", "2020-03-31": "-194.47100", "2019-12-31": "84.34800", "2019-09-30": "18.76400", "2019-06-30": "47.58100", "2019-03-31": "36.19600", "2018-12-31": "73.03200", "2018-09-30": "14.16500", "2018-06-30": "-75.64000", "2018-03-31": "40.12700", "2017-12-31": "10.73300", "2017-09-30": "52.53900", "2017-06-30": "12.62300", "2017-03-31": "40.99600", "2016-12-31": "10.54300", "2016-09-30": "-13.79600", "2016-06-30": "34.71200", "2016-03-31": "55.84400", "2015-12-31": "32.96300", "2015-09-30": "-154.02000", "2015-06-30": "30.52900", "2015-03-31": "-76.06700", "2014-12-31": "4.31300", "2014-09-30": "-15.64200", "2014-06-30": "-7.42400", "2014-03-31": "3.09300", "2013-12-31": "-21.91500", "2013-09-30": "21.73800", "2013-06-30": "-34.02400", "2013-03-31": "-23.01700", "2012-12-31": "-50.74800", "2012-09-30": "-52.63900", "2012-06-30": "-52.38100", "2012-03-31": "-21.32400", "2011-12-31": "-28.84000", "2011-09-30": "-33.04600", "2011-06-30": "-29.20800", "2011-03-31": "-33.68500", "2010-12-31": "-38.38600", "2010-09-30": "-33.85600", "2010-06-30": "-83.87200", "2010-03-31": "-37.30200", "2009-12-31": "-43.60900", "2009-09-30": "-50.17100", "2009-06-30": "-29.19900", "2009-03-31": "-17.64800", "2008-12-31": "6.29800", "2008-09-30": "-27.22400", "2008-06-30": "-26.05300", "2008-03-31": "-19.14800", "2007-12-31": "-42.34100", "2007-09-30": "-16.99200", "2007-06-30": "-14.97100", "2007-03-31": "-16.30200", "2006-12-31": "-24.31100", "2006-09-30": "-24.14700", "2006-06-30": "-75.44100", "2006-03-31": "-9.03200", "2005-12-31": "-31.10900", "2005-09-30": "-14.09300", "2005-06-30": "-26.04500", "2005-03-31": "-21.29700"}, "Income Taxes": {"2020-09-30": "-9.44100", "2020-06-30": "-0.16500", "2020-03-31": "-66.53800", "2019-12-31": "16.79200", "2019-09-30": "-3.00200", "2019-06-30": "15.60800", "2019-03-31": "10.20700", "2018-12-31": "15.87900", "2018-09-30": "-1.97900", "2018-06-30": "-18.24900", "2018-03-31": "8.58200", "2017-12-31": "3.07100", "2017-09-30": "3.37800", "2017-06-30": "3.39000", "2017-03-31": "3.39800", "2016-12-31": "5.28500", "2016-09-30": "1.57400", "2016-06-30": "2.00100", "2016-03-31": "2.20500", "2015-12-31": "1.94800", "2015-09-30": "1.92600", "2015-06-30": "2.22400", "2015-03-31": "2.96300", "2014-12-31": "3.92400", "2014-09-30": "0.98200", "2014-06-30": "2.04300", "2014-03-31": "1.68600", "2013-12-31": "-2.75000", "2013-09-30": "0.20700", "2013-06-30": "1.87500", "2013-03-31": "-0.64100", "2012-12-31": "1.78500", "2012-09-30": "1.02900", "2012-06-30": "2.45300", "2012-03-31": "1.32700", "2011-12-31": "0.32900", "2011-09-30": "0.39100", "2011-06-30": "0.70200", "2011-03-31": "0.69100", "2010-12-31": "0.19500", "2010-09-30": "0.71900", "2010-06-30": "-0.01800", "2010-03-31": "0.10900", "2009-12-31": "0.00300", "2009-09-30": "0.01800", "2009-06-30": "0.22900", "2009-03-31": "0.24200", "2008-12-31": "0.34500", "2008-09-30": "0.42400", "2008-06-30": "0.19000", "2008-03-31": "0.07800", "2007-12-31": "0.13300", "2007-09-30": "0.54200", "2007-06-30": "0.10100", "2007-03-31": "0.09200", "2006-12-31": "-0.04700", "2006-09-30": "0.19400", "2006-06-30": "0.19700", "2006-03-31": "0.17300", "2005-12-31": "1.17300", "2005-09-30": "0.35400", "2005-06-30": "0.33100", "2005-03-31": "0.24600"}, "Income After Taxes": {"2020-09-30": "22.67600", "2020-06-30": "23.11800", "2020-03-31": "-127.93300", "2019-12-31": "67.55600", "2019-09-30": "21.76600", "2019-06-30": "31.97300", "2019-03-31": "25.98900", "2018-12-31": "57.15300", "2018-09-30": "16.14400", "2018-06-30": "-57.39100", "2018-03-31": "31.54500", "2017-12-31": "7.66200", "2017-09-30": "49.16100", "2017-06-30": "9.23300", "2017-03-31": "37.59800", "2016-12-31": "5.25800", "2016-09-30": "-15.37000", "2016-06-30": "32.71100", "2016-03-31": "53.63900", "2015-12-31": "31.01500", "2015-09-30": "-155.94600", "2015-06-30": "28.30500", "2015-03-31": "-79.03000", "2014-12-31": "0.38900", "2014-09-30": "-16.62400", "2014-06-30": "-9.46700", "2014-03-31": "1.40700", "2013-12-31": "-19.16500", "2013-09-30": "21.53100", "2013-06-30": "-35.89900", "2013-03-31": "-22.37600", "2012-12-31": "-52.53300", "2012-09-30": "-53.66800", "2012-06-30": "-54.83400", "2012-03-31": "-22.65100", "2011-12-31": "-29.16900", "2011-09-30": "-33.43700", "2011-06-30": "-29.91000", "2011-03-31": "-34.37600", "2010-12-31": "-38.58100", "2010-09-30": "-34.57500", "2010-06-30": "-83.85400", "2010-03-31": "-37.41100", "2009-12-31": "-43.61200", "2009-09-30": "-50.18900", "2009-06-30": "-29.42800", "2009-03-31": "-17.89000", "2008-12-31": "5.95300", "2008-09-30": "-27.64800", "2008-06-30": "-26.24300", "2008-03-31": "-19.22600", "2007-12-31": "-42.47400", "2007-09-30": "-17.53400", "2007-06-30": "-15.07200", "2007-03-31": "-16.39400", "2006-12-31": "-24.26400", "2006-09-30": "-24.34100", "2006-06-30": "-75.63800", "2006-03-31": "-9.20500", "2005-12-31": "-32.28200", "2005-09-30": "-14.44700", "2005-06-30": "-26.37600", "2005-03-31": "-21.54300"}, "Other Income": {"2020-09-30": "", "2020-06-30": "", "2020-03-31": "", "2019-12-31": "", "2019-09-30": "", "2019-06-30": "", "2019-03-31": "", "2018-12-31": "", "2018-09-30": "", "2018-06-30": "", "2018-03-31": "", "2017-12-31": "", "2017-09-30": "", "2017-06-30": "", "2017-03-31": "", "2016-12-31": "", "2016-09-30": "", "2016-06-30": "", "2016-03-31": "", "2015-12-31": "", "2015-09-30": "", "2015-06-30": "", "2015-03-31": "", "2014-12-31": "", "2014-09-30": "", "2014-06-30": "", "2014-03-31": "", "2013-12-31": "", "2013-09-30": "", "2013-06-30": "", "2013-03-31": "", "2012-12-31": "", "2012-09-30": "", "2012-06-30": "", "2012-03-31": "", "2011-12-31": "", "2011-09-30": "", "2011-06-30": "", "2011-03-31": "", "2010-12-31": "", "2010-09-30": "", "2010-06-30": "", "2010-03-31": "", "2009-12-31": "", "2009-09-30": "", "2009-06-30": "", "2009-03-31": "", "2008-12-31": "", "2008-09-30": "", "2008-06-30": "", "2008-03-31": "", "2007-12-31": "", "2007-09-30": "", "2007-06-30": "", "2007-03-31": "", "2006-12-31": "", "2006-09-30": "", "2006-06-30": "", "2006-03-31": "", "2005-12-31": "", "2005-09-30": "", "2005-06-30": "", "2005-03-31": ""}, "Income From Continuous Operations": {"2020-09-30": "22.67600", "2020-06-30": "23.11800", "2020-03-31": "-127.93300", "2019-12-31": "67.55600", "2019-09-30": "21.76600", "2019-06-30": "31.97300", "2019-03-31": "25.98900", "2018-12-31": "57.15300", "2018-09-30": "16.14400", "2018-06-30": "-57.39100", "2018-03-31": "31.54500", "2017-12-31": "7.66200", "2017-09-30": "49.16100", "2017-06-30": "9.23300", "2017-03-31": "37.59800", "2016-12-31": "5.25800", "2016-09-30": "-15.37000", "2016-06-30": "32.71100", "2016-03-31": "53.63900", "2015-12-31": "31.01500", "2015-09-30": "-155.94600", "2015-06-30": "28.30500", "2015-03-31": "-79.03000", "2014-12-31": "0.38900", "2014-09-30": "-16.62400", "2014-06-30": "-9.46700", "2014-03-31": "1.40700", "2013-12-31": "-19.16500", "2013-09-30": "21.53100", "2013-06-30": "-35.89900", "2013-03-31": "-22.37600", "2012-12-31": "-52.53300", "2012-09-30": "-53.66800", "2012-06-30": "-54.83400", "2012-03-31": "-22.65100", "2011-12-31": "-29.16900", "2011-09-30": "-33.43700", "2011-06-30": "-29.91000", "2011-03-31": "-34.37600", "2010-12-31": "-38.58100", "2010-09-30": "-34.57500", "2010-06-30": "-83.85400", "2010-03-31": "-37.41100", "2009-12-31": "-43.61200", "2009-09-30": "-50.18900", "2009-06-30": "-29.42800", "2009-03-31": "-17.89000", "2008-12-31": "5.95300", "2008-09-30": "-27.64800", "2008-06-30": "-26.24300", "2008-03-31": "-19.22600", "2007-12-31": "-42.47400", "2007-09-30": "-17.53400", "2007-06-30": "-15.07200", "2007-03-31": "-16.39400", "2006-12-31": "-24.26400", "2006-09-30": "-24.34100", "2006-06-30": "-75.63800", "2006-03-31": "-9.20500", "2005-12-31": "-32.28200", "2005-09-30": "-14.44700", "2005-06-30": "-26.37600", "2005-03-31": "-21.54300"}, "Income From Discontinued Operations": {"2020-09-30": "", "2020-06-30": "", "2020-03-31": "", "2019-12-31": "", "2019-09-30": "", "2019-06-30": "", "2019-03-31": "", "2018-12-31": "", "2018-09-30": "", "2018-06-30": "", "2018-03-31": "", "2017-12-31": "", "2017-09-30": "", "2017-06-30": "", "2017-03-31": "", "2016-12-31": "", "2016-09-30": "", "2016-06-30": "", "2016-03-31": "", "2015-12-31": "", "2015-09-30": "", "2015-06-30": "", "2015-03-31": "", "2014-12-31": "", "2014-09-30": "", "2014-06-30": "", "2014-03-31": "", "2013-12-31": "", "2013-09-30": "", "2013-06-30": "", "2013-03-31": "", "2012-12-31": "-0.05300", "2012-09-30": "0.96900", "2012-06-30": "1.38000", "2012-03-31": "", "2011-12-31": "", "2011-09-30": "0.00000", "2011-06-30": "", "2011-03-31": "", "2010-12-31": "", "2010-09-30": "", "2010-06-30": "", "2010-03-31": "", "2009-12-31": "", "2009-09-30": "", "2009-06-30": "", "2009-03-31": "", "2008-12-31": "", "2008-09-30": "", "2008-06-30": "", "2008-03-31": "", "2007-12-31": "", "2007-09-30": "", "2007-06-30": "", "2007-03-31": "", "2006-12-31": "", "2006-09-30": "", "2006-06-30": "", "2006-03-31": "", "2005-12-31": "-0.01500", "2005-09-30": "0.00300", "2005-06-30": "0.12100", "2005-03-31": "-0.17000"}, "Net Income": {"2020-09-30": "22.56800", "2020-06-30": "22.81300", "2020-03-31": "-127.05800", "2019-12-31": "67.35000", "2019-09-30": "21.67900", "2019-06-30": "31.97300", "2019-03-31": "25.98900", "2018-12-31": "57.15300", "2018-09-30": "16.14400", "2018-06-30": "-57.39100", "2018-03-31": "31.54500", "2017-12-31": "7.66200", "2017-09-30": "49.16100", "2017-06-30": "9.23300", "2017-03-31": "37.59800", "2016-12-31": "5.25800", "2016-09-30": "-15.37000", "2016-06-30": "32.71100", "2016-03-31": "53.63900", "2015-12-31": "31.01500", "2015-09-30": "-155.94600", "2015-06-30": "28.30500", "2015-03-31": "-79.03000", "2014-12-31": "0.38900", "2014-09-30": "-16.62400", "2014-06-30": "-9.46700", "2014-03-31": "1.40700", "2013-12-31": "-19.16500", "2013-09-30": "21.53100", "2013-06-30": "-35.89900", "2013-03-31": "-22.37600", "2012-12-31": "-52.48900", "2012-09-30": "-52.44500", "2012-06-30": "-53.47200", "2012-03-31": "-22.63100", "2011-12-31": "-29.08100", "2011-09-30": "-33.30500", "2011-06-30": "-29.81900", "2011-03-31": "-34.25100", "2010-12-31": "-39.16100", "2010-09-30": "-34.48800", "2010-06-30": "-83.69900", "2010-03-31": "-37.32600", "2009-12-31": "-43.51200", "2009-09-30": "-50.10900", "2009-06-30": "-29.36000", "2009-03-31": "-17.89000", "2008-12-31": "5.95300", "2008-09-30": "-27.64800", "2008-06-30": "-26.24300", "2008-03-31": "-19.22600", "2007-12-31": "-42.47400", "2007-09-30": "-17.53400", "2007-06-30": "-15.07200", "2007-03-31": "-16.39400", "2006-12-31": "-24.26400", "2006-09-30": "-24.34100", "2006-06-30": "-75.63800", "2006-03-31": "-9.20500", "2005-12-31": "-32.29700", "2005-09-30": "-14.44400", "2005-06-30": "-26.25500", "2005-03-31": "-21.71300"}, "EBITDA": {"2020-09-30": "310.15100", "2020-06-30": "347.11200", "2020-03-31": "352.91800", "2019-12-31": "386.00290", "2019-09-30": "303.92210", "2019-06-30": "322.41700", "2019-03-31": "320.82300", "2018-12-31": "366.25580", "2018-09-30": "290.03100", "2018-06-30": "311.10710", "2018-03-31": "295.36600", "2017-12-31": "297.16800", "2017-09-30": "292.47000", "2017-06-30": "285.73100", "2017-03-31": "280.59500", "2016-12-31": "296.77810", "2016-09-30": "256.01400", "2016-06-30": "252.67000", "2016-03-31": "266.86400", "2015-12-31": "248.76610", "2015-09-30": "204.31400", "2015-06-30": "273.06800", "2015-03-31": "265.48300", "2014-12-31": "281.64190", "2014-09-30": "253.49300", "2014-06-30": "248.60100", "2014-03-31": "215.81500", "2013-12-31": "220.64300", "2013-09-30": "193.73800", "2013-06-30": "201.97200", "2013-03-31": "186.00500", "2012-12-31": "172.36500", "2012-09-30": "145.28200", "2012-06-30": "132.39700", "2012-03-31": "124.82200", "2011-12-31": "113.82800", "2011-09-30": "108.08800", "2011-06-30": "106.10100", "2011-03-31": "100.97600", "2010-12-31": "91.62500", "2010-09-30": "92.58100", "2010-06-30": "91.06900", "2010-03-31": "86.82400", "2009-12-31": "80.20600", "2009-09-30": "82.50100", "2009-06-30": "80.66100", "2009-03-31": "80.57900", "2008-12-31": "76.39000", "2008-09-30": "67.08700", "2008-06-30": "62.87900", "2008-03-31": "61.41700", "2007-12-31": "56.36700", "2007-09-30": "50.36400", "2007-06-30": "51.54200", "2007-03-31": "49.16800", "2006-12-31": "48.05600", "2006-09-30": "49.32000", "2006-06-30": "40.51200", "2006-03-31": "30.76700", "2005-12-31": "32.09800", "2005-09-30": "31.00500", "2005-06-30": "29.36200", "2005-03-31": "27.68600"}, "EBIT": {"2020-09-30": "160.33700", "2020-06-30": "157.05400", "2020-03-31": "151.20300", "2019-12-31": "153.91590", "2019-09-30": "153.84700", "2019-06-30": "136.45200", "2019-03-31": "139.27300", "2018-12-31": "150.32090", "2018-09-30": "138.00600", "2018-06-30": "125.87100", "2018-03-31": "129.96800", "2017-12-31": "119.08100", "2017-09-30": "117.01100", "2017-06-30": "114.59000", "2017-03-31": "107.81900", "2016-12-31": "107.43000", "2016-09-30": "108.21000", "2016-06-30": "74.06600", "2016-03-31": "97.60200", "2015-12-31": "82.12410", "2015-09-30": "43.08300", "2015-06-30": "98.16300", "2015-03-31": "89.08600", "2014-12-31": "96.58590", "2014-09-30": "89.48400", "2014-06-30": "83.31700", "2014-03-31": "67.13600", "2013-12-31": "59.44400", "2013-09-30": "63.90200", "2013-06-30": "49.53400", "2013-03-31": "56.76500", "2012-12-31": "31.04800", "2012-09-30": "41.07100", "2012-06-30": "34.73800", "2012-03-31": "40.28900", "2011-12-31": "31.98000", "2011-09-30": "27.57100", "2011-06-30": "27.20900", "2011-03-31": "23.89900", "2010-12-31": "16.69500", "2010-09-30": "20.66800", "2010-06-30": "20.02400", "2010-03-31": "16.88600", "2009-12-31": "12.05400", "2009-09-30": "14.95200", "2009-06-30": "13.59800", "2009-03-31": "14.35000", "2008-12-31": "11.52700", "2008-09-30": "11.42700", "2008-06-30": "10.79000", "2008-03-31": "11.83800", "2007-12-31": "9.70000", "2007-09-30": "5.31100", "2007-06-30": "7.81100", "2007-03-31": "7.22500", "2006-12-31": "6.76800", "2006-09-30": "5.60200", "2006-06-30": "2.82000", "2006-03-31": "4.31800", "2005-12-31": "3.88500", "2005-09-30": "2.60300", "2005-06-30": "-0.22900", "2005-03-31": "-2.06400"}, "Basic Shares Outstanding": {"2020-09-30": "111.78300", "2020-06-30": "111.73800", "2020-03-31": "111.90800", "2019-12-31": "112.80900", "2019-09-30": "113.03700", "2019-06-30": "113.20500", "2019-03-31": "112.70800", "2018-12-31": "114.90900", "2018-09-30": "114.59700", "2018-06-30": "115.06400", "2018-03-31": "116.49400", "2017-12-31": "119.86000", "2017-09-30": "119.74600", "2017-06-30": "121.45500", "2017-03-31": "121.04900", "2016-12-31": "124.44800", "2016-09-30": "124.60400", "2016-06-30": "125.12500", "2016-03-31": "125.39800", "2015-12-31": "127.79400", "2015-09-30": "127.17000", "2015-06-30": "128.80900", "2015-03-31": "129.23500", "2014-12-31": "128.91900", "2014-09-30": "129.04600", "2014-06-30": "128.95000", "2014-03-31": "128.56000", "2013-12-31": "127.76900", "2013-09-30": "127.88500", "2013-06-30": "127.71300", "2013-03-31": "127.05700", "2012-12-31": "120.28000", "2012-09-30": "121.68900", "2012-06-30": "121.31800", "2012-03-31": "111.43100", "2011-12-31": "111.59500", "2011-09-30": "110.23200", "2011-06-30": "112.32400", "2011-03-31": "114.41600", "2010-12-31": "115.59100", "2010-09-30": "114.74800", "2010-06-30": "115.66600", "2010-03-31": "117.11800", "2009-12-31": "117.16500", "2009-09-30": "116.68600", "2009-06-30": "117.07900", "2009-03-31": "117.98400", "2008-12-31": "109.88200", "2008-09-30": "107.38400", "2008-06-30": "107.13100", "2008-03-31": "108.46900", "2007-12-31": "104.74300", "2007-09-30": "104.18800", "2007-06-30": "103.16000", "2007-03-31": "105.66600", "2006-12-31": "98.19300", "2006-09-30": "103.73300", "2006-06-30": "98.13800", "2006-03-31": "85.69400", "2005-12-31": "73.82300", "2005-09-30": "74.48700", "2005-06-30": "70.33000", "2005-03-31": "65.26000"}, "Shares Outstanding": {"2020-09-30": "113.70300", "2020-06-30": "113.63400", "2020-03-31": "111.90800", "2019-12-31": "114.69300", "2019-09-30": "115.18400", "2019-06-30": "114.94000", "2019-03-31": "114.34400", "2018-12-31": "116.51500", "2018-09-30": "116.11400", "2018-06-30": "115.06400", "2018-03-31": "118.29300", "2017-12-31": "121.02200", "2017-09-30": "121.02600", "2017-06-30": "122.43700", "2017-03-31": "121.73400", "2016-12-31": "125.14400", "2016-09-30": "124.60400", "2016-06-30": "125.78300", "2016-03-31": "126.12400", "2015-12-31": "127.79400", "2015-09-30": "127.17000", "2015-06-30": "129.94800", "2015-03-31": "129.23500", "2014-12-31": "128.91900", "2014-09-30": "129.04600", "2014-06-30": "128.95000", "2014-03-31": "138.35600", "2013-12-31": "127.76900", "2013-09-30": "136.91200", "2013-06-30": "127.71300", "2013-03-31": "127.05700", "2012-12-31": "120.28000", "2012-09-30": "121.68900", "2012-06-30": "121.31800", "2012-03-31": "111.43100", "2011-12-31": "111.59500", "2011-09-30": "110.23200", "2011-06-30": "112.32400", "2011-03-31": "114.41600", "2010-12-31": "115.59100", "2010-09-30": "114.74800", "2010-06-30": "115.66600", "2010-03-31": "117.11800", "2009-12-31": "117.16500", "2009-09-30": "116.68600", "2009-06-30": "117.07900", "2009-03-31": "117.98400", "2008-12-31": "109.88200", "2008-09-30": "107.38400", "2008-06-30": "107.13100", "2008-03-31": "108.46900", "2007-12-31": "104.74300", "2007-09-30": "104.18800", "2007-06-30": "103.16000", "2007-03-31": "105.66600", "2006-12-31": "98.19300", "2006-09-30": "103.73300", "2006-06-30": "98.13800", "2006-03-31": "85.69400", "2005-12-31": "73.82300", "2005-09-30": "74.48700", "2005-06-30": "70.33000", "2005-03-31": "65.26000"}, "Basic EPS": {"2020-09-30": "0.20000", "2020-06-30": "0.20000", "2020-03-31": "-1.14000", "2019-12-31": "0.60000", "2019-09-30": "0.19000", "2019-06-30": "0.28000", "2019-03-31": "0.23000", "2018-12-31": "0.50000", "2018-09-30": "0.14000", "2018-06-30": "-0.50000", "2018-03-31": "0.27000", "2017-12-31": "0.06000", "2017-09-30": "0.41000", "2017-06-30": "0.08000", "2017-03-31": "0.31000", "2016-12-31": "0.04000", "2016-09-30": "-0.12000", "2016-06-30": "0.26000", "2016-03-31": "0.43000", "2015-12-31": "0.25000", "2015-09-30": "-1.23000", "2015-06-30": "0.22000", "2015-03-31": "-0.61000", "2014-12-31": "0.00000", "2014-09-30": "-0.13000", "2014-06-30": "-0.07000", "2014-03-31": "0.01000", "2013-12-31": "-0.15000", "2013-09-30": "0.17000", "2013-06-30": "-0.28000", "2013-03-31": "-0.18000", "2012-12-31": "-0.44000", "2012-09-30": "-0.43000", "2012-06-30": "-0.44000", "2012-03-31": "-0.20000", "2011-12-31": "-0.27000", "2011-09-30": "-0.30000", "2011-06-30": "-0.27000", "2011-03-31": "-0.30000", "2010-12-31": "-0.34000", "2010-09-30": "-0.30000", "2010-06-30": "-0.72000", "2010-03-31": "-0.32000", "2009-12-31": "-0.37000", "2009-09-30": "-0.43000", "2009-06-30": "-0.25000", "2009-03-31": "-0.15000", "2008-12-31": "0.07000", "2008-09-30": "-0.26000", "2008-06-30": "-0.24000", "2008-03-31": "-0.18000", "2007-12-31": "-0.39000", "2007-09-30": "-0.17000", "2007-06-30": "-0.15000", "2007-03-31": "-0.16000", "2006-12-31": "-0.24000", "2006-09-30": "-0.24000", "2006-06-30": "-0.77000", "2006-03-31": "-0.11000", "2005-12-31": "-0.38000", "2005-09-30": "-0.19000", "2005-06-30": "-0.38000", "2005-03-31": "-0.33000"}, "EPS - Earnings Per Share": {"2020-09-30": "0.20000", "2020-06-30": "0.20000", "2020-03-31": "-1.14000", "2019-12-31": "0.58000", "2019-09-30": "0.19000", "2019-06-30": "0.28000", "2019-03-31": "0.23000", "2018-12-31": "0.50000", "2018-09-30": "0.14000", "2018-06-30": "-0.50000", "2018-03-31": "0.27000", "2017-12-31": "0.06000", "2017-09-30": "0.41000", "2017-06-30": "0.08000", "2017-03-31": "0.31000", "2016-12-31": "0.04000", "2016-09-30": "-0.12000", "2016-06-30": "0.26000", "2016-03-31": "0.43000", "2015-12-31": "0.25000", "2015-09-30": "-1.23000", "2015-06-30": "0.22000", "2015-03-31": "-0.61000", "2014-12-31": "0.00000", "2014-09-30": "-0.13000", "2014-06-30": "-0.07000", "2014-03-31": "0.01000", "2013-12-31": "-0.14000", "2013-09-30": "0.16000", "2013-06-30": "-0.28000", "2013-03-31": "-0.18000", "2012-12-31": "-0.44000", "2012-09-30": "-0.43000", "2012-06-30": "-0.44000", "2012-03-31": "-0.20000", "2011-12-31": "-0.27000", "2011-09-30": "-0.30000", "2011-06-30": "-0.27000", "2011-03-31": "-0.30000", "2010-12-31": "-0.34000", "2010-09-30": "-0.30000", "2010-06-30": "-0.72000", "2010-03-31": "-0.32000", "2009-12-31": "-0.37000", "2009-09-30": "-0.43000", "2009-06-30": "-0.25000", "2009-03-31": "-0.15000", "2008-12-31": "0.07000", "2008-09-30": "-0.26000", "2008-06-30": "-0.24000", "2008-03-31": "-0.18000", "2007-12-31": "-0.39000", "2007-09-30": "-0.17000", "2007-06-30": "-0.15000", "2007-03-31": "-0.16000", "2006-12-31": "-0.24000", "2006-09-30": "-0.24000", "2006-06-30": "-0.77000", "2006-03-31": "-0.11000", "2005-12-31": "-0.38000", "2005-09-30": "-0.19000", "2005-06-30": "-0.38000", "2005-03-31": "-0.33000"}}, "balance sheet": {"Cash On Hand": {"2019-12-31": "138.55200", "2018-12-31": "175.90800", "2017-12-31": "101.70700", "2016-12-31": "182.89500", "2015-12-31": "144.09800", "2014-12-31": "97.51100", "2013-12-31": "174.86300", "2012-12-31": "266.27800", "2011-12-31": "75.35500", "2010-12-31": "97.72600", "2009-12-31": "196.95400", "2008-12-31": "117.61700", "2007-12-31": "163.01500", "2006-12-31": "80.55100", "2005-12-31": "85.22300"}, "Receivables": {"2019-12-31": "132.12500", "2018-12-31": "111.03500", "2017-12-31": "90.67300", "2016-12-31": "78.34400", "2015-12-31": "83.32600", "2014-12-31": "104.26800", "2013-12-31": "71.33900", "2012-12-31": "39.09900", "2011-12-31": "22.10000", "2010-12-31": "18.78400", "2009-12-31": "19.64400", "2008-12-31": "16.35100", "2007-12-31": "20.18300", "2006-12-31": "20.78100", "2005-12-31": "17.53300"}, "Inventory": {"2019-12-31": "", "2018-12-31": "", "2017-12-31": "", "2016-12-31": "", "2015-12-31": "", "2014-12-31": "", "2013-12-31": "", "2012-12-31": "", "2011-12-31": "", "2010-12-31": "", "2009-12-31": "", "2008-12-31": "", "2007-12-31": "", "2006-12-31": "", "2005-12-31": ""}, "Pre-Paid Expenses": {"2019-12-31": "37.28100", "2018-12-31": "63.12600", "2017-12-31": "49.71600", "2016-12-31": "52.20500", "2015-12-31": "49.60200", "2014-12-31": "95.03100", "2013-12-31": "69.58600", "2012-12-31": "59.83600", "2011-12-31": "14.24600", "2010-12-31": "12.44200", "2009-12-31": "9.84800", "2008-12-31": "9.68900", "2007-12-31": "8.56100", "2006-12-31": "6.87200", "2005-12-31": "4.24800"}, "Other Current Assets": {"2019-12-31": "26.31300", "2018-12-31": "23.78500", "2017-12-31": "17.43700", "2016-12-31": "11.12700", "2015-12-31": "16.93400", "2014-12-31": "30.07800", "2013-12-31": "27.86400", "2012-12-31": "23.64400", "2011-12-31": "17.65500", "2010-12-31": "17.77500", "2009-12-31": "10.39200", "2008-12-31": "10.65800", "2007-12-31": "21.45300", "2006-12-31": "19.40300", "2005-12-31": "25.18400"}, "Total Current Assets": {"2019-12-31": "334.27100", "2018-12-31": "373.85400", "2017-12-31": "259.53300", "2016-12-31": "324.57100", "2015-12-31": "293.96000", "2014-12-31": "326.88800", "2013-12-31": "343.65200", "2012-12-31": "388.85700", "2011-12-31": "129.35600", "2010-12-31": "146.72700", "2009-12-31": "236.83800", "2008-12-31": "154.31500", "2007-12-31": "213.21200", "2006-12-31": "127.60700", "2005-12-31": "132.18800"}, "Property, Plant, And Equipment": {"2019-12-31": "2794.60200", "2018-12-31": "2786.35500", "2017-12-31": "2812.34600", "2016-12-31": "2792.07600", "2015-12-31": "2782.35300", "2014-12-31": "2762.41700", "2013-12-31": "2578.44400", "2012-12-31": "2671.31700", "2011-12-31": "1583.39300", "2010-12-31": "1534.31800", "2009-12-31": "1496.93800", "2008-12-31": "1502.67200", "2007-12-31": "1191.96900", "2006-12-31": "1105.94200", "2005-12-31": "728.33300"}, "Long-Term Investments": {"2019-12-31": "", "2018-12-31": "", "2017-12-31": "", "2016-12-31": "", "2015-12-31": "", "2014-12-31": "", "2013-12-31": "", "2012-12-31": "", "2011-12-31": "", "2010-12-31": "", "2009-12-31": "", "2008-12-31": "", "2007-12-31": "", "2006-12-31": "", "2005-12-31": ""}, "Goodwill And Intangible Assets": {"2019-12-31": "3626.77300", "2018-12-31": "3331.46500", "2017-12-31": "3598.13100", "2016-12-31": "3656.92400", "2015-12-31": "3735.41300", "2014-12-31": "4189.54000", "2013-12-31": "3387.19800", "2012-12-31": "3134.13300", "2011-12-31": "1639.78400", "2010-12-31": "1500.01200", "2009-12-31": "1435.59100", "2008-12-31": "1425.13200", "2007-12-31": "868.99900", "2006-12-31": "724.87200", "2005-12-31": "31.49100"}, "Other Long-Term Assets": {"2019-12-31": "432.07790", "2018-12-31": "722.03300", "2017-12-31": "650.19500", "2016-12-31": "587.37400", "2015-12-31": "501.25400", "2014-12-31": "467.04300", "2013-12-31": "400.85200", "2012-12-31": "355.28000", "2011-12-31": "211.80200", "2010-12-31": "174.00800", "2009-12-31": "106.37700", "2008-12-31": "96.00500", "2007-12-31": "76.56500", "2006-12-31": "54.65000", "2005-12-31": "40.59300"}, "Total Long-Term Assets": {"2019-12-31": "9425.67000", "2018-12-31": "6839.85400", "2017-12-31": "7060.67200", "2016-12-31": "7036.37400", "2015-12-31": "7019.02000", "2014-12-31": "7514.23700", "2013-12-31": "6439.53600", "2012-12-31": "6227.05400", "2011-12-31": "3477.04300", "2010-12-31": "3253.44800", "2009-12-31": "3076.80800", "2008-12-31": "3053.51400", "2007-12-31": "2171.11100", "2006-12-31": "1918.68500", "2005-12-31": "820.34800"}, "Total Assets": {"2019-12-31": "9759.94100", "2018-12-31": "7213.70700", "2017-12-31": "7320.20500", "2016-12-31": "7360.94500", "2015-12-31": "7312.98000", "2014-12-31": "7841.12500", "2013-12-31": "6783.18800", "2012-12-31": "6615.91100", "2011-12-31": "3606.39900", "2010-12-31": "3400.17500", "2009-12-31": "3313.64600", "2008-12-31": "3207.82900", "2007-12-31": "2384.32300", "2006-12-31": "2046.29200", "2005-12-31": "952.53600"}, "Total Current Liabilities": {"2019-12-31": "1048.29300", "2018-12-31": "1206.27900", "2017-12-31": "278.90500", "2016-12-31": "873.44700", "2015-12-31": "273.37100", "2014-12-31": "331.05000", "2013-12-31": "747.67300", "2012-12-31": "863.68800", "2011-12-31": "126.88100", "2010-12-31": "130.58400", "2009-12-31": "158.72500", "2008-12-31": "90.59400", "2007-12-31": "76.17000", "2006-12-31": "58.35400", "2005-12-31": "52.14300"}, "Long Term Debt": {"2019-12-31": "9812.33500", "2018-12-31": "8996.82500", "2017-12-31": "9290.68600", "2016-12-31": "8148.42600", "2015-12-31": "8432.07000", "2014-12-31": "7828.29900", "2013-12-31": "5394.72100", "2012-12-31": "4880.75200", "2011-12-31": "3349.48500", "2010-12-31": "2827.45000", "2009-12-31": "2460.40200", "2008-12-31": "2386.23000", "2007-12-31": "1905.00000", "2006-12-31": "1555.00000", "2005-12-31": "784.39200"}, "Other Non-Current Liabilities": {"2019-12-31": "270.86820", "2018-12-31": "387.42600", "2017-12-31": "349.72800", "2016-12-31": "334.99300", "2015-12-31": "313.68300", "2014-12-31": "342.57600", "2013-12-31": "283.82800", "2012-12-31": "206.76900", "2011-12-31": "129.28200", "2010-12-31": "112.00800", "2009-12-31": "94.57000", "2008-12-31": "80.49500", "2007-12-31": "65.76200", "2006-12-31": "47.01700", "2005-12-31": "34.26800"}, "Total Long Term Liabilities": {"2019-12-31": "12378.66000", "2018-12-31": "9384.25100", "2017-12-31": "9640.41300", "2016-12-31": "8483.41900", "2015-12-31": "8745.75300", "2014-12-31": "8170.87500", "2013-12-31": "5678.54900", "2012-12-31": "5099.23200", "2011-12-31": "3490.83100", "2010-12-31": "2952.48100", "2009-12-31": "2554.97200", "2008-12-31": "2466.72500", "2007-12-31": "1970.76200", "2006-12-31": "1602.01700", "2005-12-31": "818.96200"}, "Total Liabilities": {"2019-12-31": "13426.95000", "2018-12-31": "10590.53000", "2017-12-31": "9919.31900", "2016-12-31": "9356.86600", "2015-12-31": "9019.12400", "2014-12-31": "8501.92500", "2013-12-31": "6426.22200", "2012-12-31": "5962.92000", "2011-12-31": "3617.71200", "2010-12-31": "3083.06500", "2009-12-31": "2713.69700", "2008-12-31": "2557.31900", "2007-12-31": "2046.93200", "2006-12-31": "1660.37100", "2005-12-31": "871.10500"}, "Common Stock Net": {"2019-12-31": "1.11800", "2018-12-31": "1.12400", "2017-12-31": "1.16400", "2016-12-31": "1.21000", "2015-12-31": "1.25700", "2014-12-31": "1.29100", "2013-12-31": "1.28400", "2012-12-31": "1.26900", "2011-12-31": "1.09700", "2010-12-31": "1.14800", "2009-12-31": "1.17100", "2008-12-31": "1.17500", "2007-12-31": "1.08400", "2006-12-31": "1.05700", "2005-12-31": "0.85600"}, "Retained Earnings (Accumulated Deficit)": {"2019-12-31": "-5560.69500", "2018-12-31": "-5136.36800", "2017-12-31": "-4388.28800", "2016-12-31": "-3637.46700", "2015-12-31": "-3168.06900", "2014-12-31": "-2542.38000", "2013-12-31": "-2518.08500", "2012-12-31": "-2462.17600", "2011-12-31": "-2281.13900", "2010-12-31": "-1929.67000", "2009-12-31": "-1627.60200", "2008-12-31": "-1435.03100", "2007-12-31": "-1234.30700", "2006-12-31": "-1065.22400", "2005-12-31": "-924.06600"}, "Comprehensive Income": {"2019-12-31": "-568.76500", "2018-12-31": "-511.90500", "2017-12-31": "-379.46000", "2016-12-31": "-370.18400", "2015-12-31": "-502.04500", "2014-12-31": "-182.48600", "2013-12-31": "-33.67900", "2012-12-31": "2.79100", "2011-12-31": "0.48500", "2010-12-31": "2.17500", "2009-12-31": "-2.80300", "2008-12-31": "-1.54900", "2007-12-31": "-1.28000", "2006-12-31": "-0.66600", "2005-12-31": "14.46000"}, "Other Share Holders Equity": {"2019-12-31": "", "2018-12-31": "", "2017-12-31": "", "2016-12-31": "", "2015-12-31": "", "2014-12-31": "", "2013-12-31": "", "2012-12-31": "", "2011-12-31": "", "2010-12-31": "", "2009-12-31": "", "2008-12-31": "", "2007-12-31": "", "2006-12-31": "", "2005-12-31": ""}, "Share Holder Equity": {"2019-12-31": "-3667.00700", "2018-12-31": "-3376.82300", "2017-12-31": "-2599.11400", "2016-12-31": "-1995.92100", "2015-12-31": "-1706.14400", "2014-12-31": "-660.80000", "2013-12-31": "356.96600", "2012-12-31": "652.99100", "2011-12-31": "-11.31300", "2010-12-31": "317.11000", "2009-12-31": "599.94900", "2008-12-31": "650.51000", "2007-12-31": "337.39100", "2006-12-31": "385.92100", "2005-12-31": "81.43100"}, "Total Liabilities And Share Holders Equity": {"2019-12-31": "9759.94100", "2018-12-31": "7213.70700", "2017-12-31": "7320.20500", "2016-12-31": "7360.94500", "2015-12-31": "7312.98000", "2014-12-31": "7841.12500", "2013-12-31": "6783.18800", "2012-12-31": "6615.91100", "2011-12-31": "3606.39900", "2010-12-31": "3400.17500", "2009-12-31": "3313.64600", "2008-12-31": "3207.82900", "2007-12-31": "2384.32300", "2006-12-31": "2046.29200", "2005-12-31": "952.53600"}}, "balance sheet, quarterly": {"Cash On Hand": {"2020-09-30": "333.44600", "2020-06-30": "475.02400", "2020-03-31": "227.14900", "2019-12-31": "138.55200", "2019-09-30": "156.28000", "2019-06-30": "124.42600", "2019-03-31": "141.49600", "2018-12-31": "175.90800", "2018-09-30": "160.92100", "2018-06-30": "159.49300", "2018-03-31": "137.72200", "2017-12-31": "101.70700", "2017-09-30": "169.87900", "2017-06-30": "194.61400", "2017-03-31": "162.89600", "2016-12-31": "182.89500", "2016-09-30": "717.91900", "2016-06-30": "159.62400", "2016-03-31": "129.11200", "2015-12-31": "144.09800", "2015-09-30": "120.75800", "2015-06-30": "117.60600", "2015-03-31": "108.62500", "2014-12-31": "97.51100", "2014-09-30": "502.06900", "2014-06-30": "149.89900", "2014-03-31": "363.18800", "2013-12-31": "174.86300", "2013-09-30": "243.33600", "2013-06-30": "231.20800", "2013-03-31": "153.27600", "2012-12-31": "266.27800", "2012-09-30": "1469.24600", "2012-06-30": "108.66500", "2012-03-31": "548.77910", "2011-12-31": "75.35500", "2011-09-30": "209.31800", "2011-06-30": "304.53400", "2011-03-31": "127.54500", "2010-12-31": "97.72600", "2010-09-30": "230.91400", "2010-06-30": "260.24500", "2010-03-31": "148.93400", "2009-12-31": "196.95400", "2009-09-30": "318.70900", "2009-06-30": "214.76100", "2009-03-31": "126.51600", "2008-12-31": "117.61700", "2008-09-30": "476.58600", "2008-06-30": "251.77700", "2008-03-31": "174.50900", "2007-12-31": "163.01500", "2007-09-30": "197.26300", "2007-06-30": "228.59000", "2007-03-31": "252.60400", "2006-12-31": "80.55100", "2006-09-30": "51.92200", "2006-06-30": "75.09200", "2006-03-31": "71.16400", "2005-12-31": "85.22300", "2005-09-30": "25.03100", "2005-06-30": "23.16000", "2005-03-31": "21.04100"}, "Receivables": {"2020-09-30": "68.04200", "2020-06-30": "91.29500", "2020-03-31": "107.20000", "2019-12-31": "132.12500", "2019-09-30": "122.72500", "2019-06-30": "117.47600", "2019-03-31": "113.01700", "2018-12-31": "111.03500", "2018-09-30": "89.30200", "2018-06-30": "87.39300", "2018-03-31": "101.10300", "2017-12-31": "90.67300", "2017-09-30": "87.41700", "2017-06-30": "75.73900", "2017-03-31": "74.21400", "2016-12-31": "78.34400", "2016-09-30": "74.63700", "2016-06-30": "66.11700", "2016-03-31": "87.58000", "2015-12-31": "83.32600", "2015-09-30": "73.38300", "2015-06-30": "93.37400", "2015-03-31": "91.46800", "2014-12-31": "104.26800", "2014-09-30": "77.43500", "2014-06-30": "72.78200", "2014-03-31": "68.10200", "2013-12-31": "71.33900", "2013-09-30": "65.11500", "2013-06-30": "47.78300", "2013-03-31": "49.46300", "2012-12-31": "39.09900", "2012-09-30": "35.07500", "2012-06-30": "26.24900", "2012-03-31": "23.91600", "2011-12-31": "22.10000", "2011-09-30": "17.84200", "2011-06-30": "18.27200", "2011-03-31": "19.34700", "2010-12-31": "18.78400", "2010-09-30": "19.00700", "2010-06-30": "17.06500", "2010-03-31": "14.82500", "2009-12-31": "19.64400", "2009-09-30": "15.63000", "2009-06-30": "13.64200", "2009-03-31": "14.08000", "2008-12-31": "16.35100", "2008-09-30": "12.79200", "2008-06-30": "15.70700", "2008-03-31": "16.36900", "2007-12-31": "20.18300", "2007-09-30": "24.19900", "2007-06-30": "19.62100", "2007-03-31": "17.18600", "2006-12-31": "20.78100", "2006-09-30": "22.54400", "2006-06-30": "19.83700", "2006-03-31": "18.56500", "2005-12-31": "17.53300", "2005-09-30": "21.07600", "2005-06-30": "16.37100", "2005-03-31": "13.29200"}, "Inventory": {"2020-09-30": "", "2020-06-30": "", "2020-03-31": "", "2019-12-31": "", "2019-09-30": "", "2019-06-30": "", "2019-03-31": "", "2018-12-31": "", "2018-09-30": "", "2018-06-30": "", "2018-03-31": "", "2017-12-31": "", "2017-09-30": "", "2017-06-30": "", "2017-03-31": "", "2016-12-31": "", "2016-09-30": "", "2016-06-30": "", "2016-03-31": "", "2015-12-31": "", "2015-09-30": "", "2015-06-30": "", "2015-03-31": "", "2014-12-31": "", "2014-09-30": "", "2014-06-30": "", "2014-03-31": "", "2013-12-31": "", "2013-09-30": "", "2013-06-30": "", "2013-03-31": "", "2012-12-31": "", "2012-09-30": "", "2012-06-30": "", "2012-03-31": "", "2011-12-31": "", "2011-09-30": "", "2011-06-30": "", "2011-03-31": "", "2010-12-31": "", "2010-09-30": "", "2010-06-30": "", "2010-03-31": "", "2009-12-31": "", "2009-09-30": "", "2009-06-30": "", "2009-03-31": "", "2008-12-31": "", "2008-09-30": "", "2008-06-30": "", "2008-03-31": "", "2007-12-31": "", "2007-09-30": "", "2007-06-30": "", "2007-03-31": "", "2006-12-31": "", "2006-09-30": "", "2006-06-30": "", "2006-03-31": "", "2005-12-31": "", "2005-09-30": "", "2005-06-30": "", "2005-03-31": ""}, "Pre-Paid Expenses": {"2020-09-30": "29.99400", "2020-06-30": "38.89000", "2020-03-31": "41.88600", "2019-12-31": "37.28100", "2019-09-30": "21.94600", "2019-06-30": "48.25200", "2019-03-31": "22.57400", "2018-12-31": "63.12600", "2018-09-30": "59.64100", "2018-06-30": "66.22700", "2018-03-31": "50.91600", "2017-12-31": "49.71600", "2017-09-30": "54.26200", "2017-06-30": "53.80700", "2017-03-31": "51.04900", "2016-12-31": "52.20500", "2016-09-30": "53.63200", "2016-06-30": "53.84300", "2016-03-31": "53.17700", "2015-12-31": "49.60200", "2015-09-30": "114.93000", "2015-06-30": "109.23100", "2015-03-31": "95.71100", "2014-12-31": "95.03100", "2014-09-30": "65.77700", "2014-06-30": "65.63300", "2014-03-31": "62.72400", "2013-12-31": "69.58600", "2013-09-30": "47.89300", "2013-06-30": "37.43900", "2013-03-31": "40.32700", "2012-12-31": "59.83600", "2012-09-30": "26.96300", "2012-06-30": "25.15000", "2012-03-31": "14.93200", "2011-12-31": "14.24600", "2011-09-30": "16.60800", "2011-06-30": "14.63900", "2011-03-31": "10.60300", "2010-12-31": "12.44200", "2010-09-30": "13.02300", "2010-06-30": "11.98700", "2010-03-31": "9.77800", "2009-12-31": "9.84800", "2009-09-30": "10.22600", "2009-06-30": "8.80800", "2009-03-31": "8.93900", "2008-12-31": "9.68900", "2008-09-30": "10.89900", "2008-06-30": "9.82800", "2008-03-31": "8.07400", "2007-12-31": "8.56100", "2007-09-30": "9.39700", "2007-06-30": "9.25100", "2007-03-31": "6.37600", "2006-12-31": "6.87200", "2006-09-30": "7.37100", "2006-06-30": "17.63000", "2006-03-31": "6.15900", "2005-12-31": "4.24800", "2005-09-30": "12.69300", "2005-06-30": "4.91100", "2005-03-31": "4.47500"}, "Other Current Assets": {"2020-09-30": "27.10900", "2020-06-30": "18.87700", "2020-03-31": "18.82300", "2019-12-31": "26.31300", "2019-09-30": "28.30300", "2019-06-30": "25.57500", "2019-03-31": "23.48200", "2018-12-31": "23.78500", "2018-09-30": "17.79900", "2018-06-30": "13.76300", "2018-03-31": "13.03900", "2017-12-31": "17.43700", "2017-09-30": "12.50800", "2017-06-30": "12.30400", "2017-03-31": "13.10800", "2016-12-31": "11.12700", "2016-09-30": "12.01100", "2016-06-30": "11.67300", "2016-03-31": "12.68300", "2015-12-31": "16.93400", "2015-09-30": "25.80000", "2015-06-30": "24.27100", "2015-03-31": "29.20900", "2014-12-31": "30.07800", "2014-09-30": "29.10500", "2014-06-30": "25.70400", "2014-03-31": "22.11400", "2013-12-31": "27.86400", "2013-09-30": "34.09000", "2013-06-30": "35.65400", "2013-03-31": "26.87800", "2012-12-31": "23.64400", "2012-09-30": "25.59600", "2012-06-30": "143.10000", "2012-03-31": "16.99300", "2011-12-31": "17.65500", "2011-09-30": "16.78500", "2011-06-30": "15.36200", "2011-03-31": "15.89200", "2010-12-31": "17.77500", "2010-09-30": "15.23100", "2010-06-30": "13.80200", "2010-03-31": "10.97700", "2009-12-31": "10.39200", "2009-09-30": "10.18100", "2009-06-30": "9.71200", "2009-03-31": "11.20000", "2008-12-31": "10.65800", "2008-09-30": "14.16900", "2008-06-30": "15.01300", "2008-03-31": "20.58300", "2007-12-31": "21.45300", "2007-09-30": "18.49300", "2007-06-30": "19.52300", "2007-03-31": "18.56200", "2006-12-31": "19.40300", "2006-09-30": "21.56200", "2006-06-30": "24.56100", "2006-03-31": "22.77700", "2005-12-31": "25.18400", "2005-09-30": "20.16900", "2005-06-30": "21.59700", "2005-03-31": "17.80300"}, "Total Current Assets": {"2020-09-30": "458.59100", "2020-06-30": "624.08600", "2020-03-31": "395.05800", "2019-12-31": "334.27100", "2019-09-30": "329.25400", "2019-06-30": "315.72900", "2019-03-31": "300.56900", "2018-12-31": "373.85400", "2018-09-30": "327.66300", "2018-06-30": "326.87600", "2018-03-31": "302.78000", "2017-12-31": "259.53300", "2017-09-30": "324.06600", "2017-06-30": "336.46400", "2017-03-31": "301.26700", "2016-12-31": "324.57100", "2016-09-30": "858.19900", "2016-06-30": "291.25700", "2016-03-31": "282.55200", "2015-12-31": "293.96000", "2015-09-30": "334.87100", "2015-06-30": "344.48200", "2015-03-31": "325.01300", "2014-12-31": "326.88800", "2014-09-30": "674.38600", "2014-06-30": "314.01800", "2014-03-31": "516.12800", "2013-12-31": "343.65200", "2013-09-30": "390.43400", "2013-06-30": "352.08400", "2013-03-31": "269.94400", "2012-12-31": "388.85700", "2012-09-30": "1556.88000", "2012-06-30": "303.16400", "2012-03-31": "604.62000", "2011-12-31": "129.35600", "2011-09-30": "260.55300", "2011-06-30": "352.80700", "2011-03-31": "173.38700", "2010-12-31": "146.72700", "2010-09-30": "278.17500", "2010-06-30": "303.09900", "2010-03-31": "184.51400", "2009-12-31": "236.83800", "2009-09-30": "354.74600", "2009-06-30": "246.92300", "2009-03-31": "160.73500", "2008-12-31": "154.31500", "2008-09-30": "514.44600", "2008-06-30": "292.32500", "2008-03-31": "219.53500", "2007-12-31": "213.21200", "2007-09-30": "249.35200", "2007-06-30": "276.98500", "2007-03-31": "294.72800", "2006-12-31": "127.60700", "2006-09-30": "103.39900", "2006-06-30": "137.12000", "2006-03-31": "118.66500", "2005-12-31": "132.18800", "2005-09-30": "78.96900", "2005-06-30": "66.03900", "2005-03-31": "56.61100"}, "Property, Plant, And Equipment": {"2020-09-30": "2668.00400", "2020-06-30": "2658.88900", "2020-03-31": "2697.77800", "2019-12-31": "2794.60200", "2019-09-30": "2763.05500", "2019-06-30": "2761.58000", "2019-03-31": "2761.32500", "2018-12-31": "2786.35500", "2018-09-30": "2787.71400", "2018-06-30": "2778.37200", "2018-03-31": "2803.47800", "2017-12-31": "2812.34600", "2017-09-30": "2777.33900", "2017-06-30": "2774.39800", "2017-03-31": "2785.94400", "2016-12-31": "2792.07600", "2016-09-30": "2780.11200", "2016-06-30": "2805.36000", "2016-03-31": "2802.66200", "2015-12-31": "2782.35300", "2015-09-30": "2720.87400", "2015-06-30": "2787.46400", "2015-03-31": "2702.18800", "2014-12-31": "2762.41700", "2014-09-30": "2687.82700", "2014-06-30": "2691.30200", "2014-03-31": "2693.01500", "2013-12-31": "2578.44400", "2013-09-30": "2578.63900", "2013-06-30": "2570.40700", "2013-03-31": "2655.40900", "2012-12-31": "2671.31700", "2012-09-30": "2052.06900", "2012-06-30": "2066.76500", "2012-03-31": "1575.26200", "2011-12-31": "1583.39300", "2011-09-30": "1560.82900", "2011-06-30": "1553.94200", "2011-03-31": "1538.29300", "2010-12-31": "1534.31800", "2010-09-30": "1498.16500", "2010-06-30": "1490.54200", "2010-03-31": "1472.66800", "2009-12-31": "1496.93800", "2009-09-30": "1469.06700", "2009-06-30": "1478.30800", "2009-03-31": "1482.95300", "2008-12-31": "1502.67200", "2008-09-30": "1435.98700", "2008-06-30": "1316.76700", "2008-03-31": "1197.09400", "2007-12-31": "1191.96900", "2007-09-30": "1159.70300", "2007-06-30": "1119.58200", "2007-03-31": "1114.51000", "2006-12-31": "1105.94200", "2006-09-30": "1106.70200", "2006-06-30": "1089.63400", "2006-03-31": "732.45900", "2005-12-31": "728.33300", "2005-09-30": "724.83100", "2005-06-30": "735.64200", "2005-03-31": "742.82700"}, "Long-Term Investments": {"2020-09-30": "", "2020-06-30": "", "2020-03-31": "", "2019-12-31": "", "2019-09-30": "", "2019-06-30": "", "2019-03-31": "", "2018-12-31": "", "2018-09-30": "", "2018-06-30": "", "2018-03-31": "", "2017-12-31": "", "2017-09-30": "", "2017-06-30": "", "2017-03-31": "", "2016-12-31": "", "2016-09-30": "", "2016-06-30": "", "2016-03-31": "", "2015-12-31": "", "2015-09-30": "", "2015-06-30": "", "2015-03-31": "", "2014-12-31": "", "2014-09-30": "", "2014-06-30": "", "2014-03-31": "", "2013-12-31": "", "2013-09-30": "", "2013-06-30": "", "2013-03-31": "", "2012-12-31": "", "2012-09-30": "", "2012-06-30": "", "2012-03-31": "", "2011-12-31": "", "2011-09-30": "", "2011-06-30": "", "2011-03-31": "", "2010-12-31": "", "2010-09-30": "", "2010-06-30": "", "2010-03-31": "", "2009-12-31": "", "2009-09-30": "", "2009-06-30": "", "2009-03-31": "", "2008-12-31": "", "2008-09-30": "", "2008-06-30": "", "2008-03-31": "", "2007-12-31": "", "2007-09-30": "", "2007-06-30": "", "2007-03-31": "", "2006-12-31": "", "2006-09-30": "", "2006-06-30": "", "2006-03-31": "", "2005-12-31": "", "2005-09-30": "", "2005-06-30": "", "2005-03-31": ""}, "Goodwill And Intangible Assets": {"2020-09-30": "3063.49800", "2020-06-30": "3174.56700", "2020-03-31": "3294.36900", "2019-12-31": "3626.77300", "2019-09-30": "3261.88500", "2019-06-30": "3238.03100", "2019-03-31": "3258.95200", "2018-12-31": "3331.46500", "2018-09-30": "3387.95500", "2018-06-30": "3459.86600", "2018-03-31": "3600.64000", "2017-12-31": "3598.13100", "2017-09-30": "3550.71000", "2017-06-30": "3569.04500", "2017-03-31": "3605.54800", "2016-12-31": "3656.92400", "2016-09-30": "3710.81700", "2016-06-30": "3788.75400", "2016-03-31": "3764.03600", "2015-12-31": "3735.41300", "2015-09-30": "3737.10500", "2015-06-30": "4031.52400", "2015-03-31": "3925.99200", "2014-12-31": "4189.54000", "2014-09-30": "3910.75500", "2014-06-30": "4041.19000", "2014-03-31": "4081.28600", "2013-12-31": "3387.19800", "2013-09-30": "3122.33900", "2013-06-30": "3088.29600", "2013-03-31": "3085.45900", "2012-12-31": "3134.13300", "2012-09-30": "2100.61400", "2012-06-30": "2121.38900", "2012-03-31": "1644.43400", "2011-12-31": "1639.78400", "2011-09-30": "1550.00300", "2011-06-30": "1551.42800", "2011-03-31": "1530.59900", "2010-12-31": "1500.01200", "2010-09-30": "1437.61500", "2010-06-30": "1433.11000", "2010-03-31": "1420.54700", "2009-12-31": "1435.59100", "2009-09-30": "1385.20000", "2009-06-30": "1399.96700", "2009-03-31": "1405.38900", "2008-12-31": "1425.13200", "2008-09-30": "1298.34300", "2008-06-30": "996.59100", "2008-03-31": "876.09600", "2007-12-31": "868.99900", "2007-09-30": "788.76700", "2007-06-30": "754.41200", "2007-03-31": "738.56600", "2006-12-31": "724.87200", "2006-09-30": "724.01600", "2006-06-30": "713.43500", "2006-03-31": "37.58500", "2005-12-31": "31.49100", "2005-09-30": "25.98200", "2005-06-30": "0.86500", "2005-03-31": "1.10800"}, "Other Long-Term Assets": {"2020-09-30": "504.55400", "2020-06-30": "557.75000", "2020-03-31": "551.93410", "2019-12-31": "432.07800", "2019-09-30": "397.01100", "2019-06-30": "451.47390", "2019-03-31": "439.60910", "2018-12-31": "722.03300", "2018-09-30": "710.49100", "2018-06-30": "724.26400", "2018-03-31": "698.18400", "2017-12-31": "650.19500", "2017-09-30": "648.35500", "2017-06-30": "628.94600", "2017-03-31": "604.69100", "2016-12-31": "587.37400", "2016-09-30": "566.59400", "2016-06-30": "550.95100", "2016-03-31": "522.39400", "2015-12-31": "501.25400", "2015-09-30": "514.72200", "2015-06-30": "494.41300", "2015-03-31": "480.67700", "2014-12-31": "467.04300", "2014-09-30": "457.12100", "2014-06-30": "442.83200", "2014-03-31": "420.33500", "2013-12-31": "400.85200", "2013-09-30": "416.04200", "2013-06-30": "393.92000", "2013-03-31": "375.50900", "2012-12-31": "355.28000", "2012-09-30": "305.29600", "2012-06-30": "261.77400", "2012-03-31": "222.64900", "2011-12-31": "211.80200", "2011-09-30": "193.32300", "2011-06-30": "188.08100", "2011-03-31": "181.09700", "2010-12-31": "174.00800", "2010-09-30": "162.75000", "2010-06-30": "157.72000", "2010-03-31": "152.56600", "2009-12-31": "106.37700", "2009-09-30": "102.73500", "2009-06-30": "99.24000", "2009-03-31": "96.35600", "2008-12-31": "96.00500", "2008-09-30": "98.60700", "2008-06-30": "83.33500", "2008-03-31": "80.38900", "2007-12-31": "76.56500", "2007-09-30": "68.12700", "2007-06-30": "64.96500", "2007-03-31": "58.34800", "2006-12-31": "54.65000", "2006-09-30": "51.85700", "2006-06-30": "48.14600", "2006-03-31": "42.35000", "2005-12-31": "40.59300", "2005-09-30": "40.44000", "2005-06-30": "38.26500", "2005-03-31": "35.65600"}, "Total Long-Term Assets": {"2020-09-30": "8576.09100", "2020-06-30": "8766.45300", "2020-03-31": "8964.44300", "2019-12-31": "9425.67000", "2019-09-30": "8871.88400", "2019-06-30": "8953.68700", "2019-03-31": "9012.19000", "2018-12-31": "6839.85400", "2018-09-30": "6886.16000", "2018-06-30": "6962.50200", "2018-03-31": "7102.30200", "2017-12-31": "7060.67200", "2017-09-30": "6976.40400", "2017-06-30": "6972.38900", "2017-03-31": "6996.18300", "2016-12-31": "7036.37400", "2016-09-30": "7057.52200", "2016-06-30": "7145.06500", "2016-03-31": "7089.09200", "2015-12-31": "7019.02000", "2015-09-30": "7061.88600", "2015-06-30": "7407.38100", "2015-03-31": "7202.28600", "2014-12-31": "7514.23700", "2014-09-30": "7134.60600", "2014-06-30": "7250.56500", "2014-03-31": "7275.21400", "2013-12-31": "6439.53600", "2013-09-30": "6193.99400", "2013-06-30": "6132.42200", "2013-03-31": "6179.94100", "2012-12-31": "6227.05400", "2012-09-30": "4526.41100", "2012-06-30": "4490.49600", "2012-03-31": "3482.00900", "2011-12-31": "3477.04300", "2011-09-30": "3348.58500", "2011-06-30": "3340.20200", "2011-03-31": "3292.87100", "2010-12-31": "3253.44800", "2010-09-30": "3145.76100", "2010-06-30": "3130.59000", "2010-03-31": "3086.12700", "2009-12-31": "3076.80800", "2009-09-30": "2996.85700", "2009-06-30": "3008.58800", "2009-03-31": "3011.28500", "2008-12-31": "3053.51400", "2008-09-30": "2873.40200", "2008-06-30": "2440.78400", "2008-03-31": "2187.36700", "2007-12-31": "2171.11100", "2007-09-30": "2051.94500", "2007-06-30": "1976.51900", "2007-03-31": "1951.45600", "2006-12-31": "1918.68500", "2006-09-30": "1898.73000", "2006-06-30": "1871.76200", "2006-03-31": "831.45700", "2005-12-31": "820.34800", "2005-09-30": "806.96000", "2005-06-30": "791.09800", "2005-03-31": "797.42500"}, "Total Assets": {"2020-09-30": "9034.68200", "2020-06-30": "9390.53900", "2020-03-31": "9359.50200", "2019-12-31": "9759.94100", "2019-09-30": "9201.13800", "2019-06-30": "9269.41500", "2019-03-31": "9312.75900", "2018-12-31": "7213.70700", "2018-09-30": "7213.82300", "2018-06-30": "7289.37800", "2018-03-31": "7405.08200", "2017-12-31": "7320.20500", "2017-09-30": "7300.47000", "2017-06-30": "7308.85300", "2017-03-31": "7297.45000", "2016-12-31": "7360.94500", "2016-09-30": "7915.72200", "2016-06-30": "7436.32200", "2016-03-31": "7371.64400", "2015-12-31": "7312.98000", "2015-09-30": "7396.75700", "2015-06-30": "7751.86300", "2015-03-31": "7527.29900", "2014-12-31": "7841.12500", "2014-09-30": "7808.99200", "2014-06-30": "7564.58300", "2014-03-31": "7791.34200", "2013-12-31": "6783.18800", "2013-09-30": "6584.42800", "2013-06-30": "6484.50600", "2013-03-31": "6449.88500", "2012-12-31": "6615.91100", "2012-09-30": "6083.29100", "2012-06-30": "4793.66000", "2012-03-31": "4086.62900", "2011-12-31": "3606.39900", "2011-09-30": "3609.13800", "2011-06-30": "3693.00900", "2011-03-31": "3466.25800", "2010-12-31": "3400.17500", "2010-09-30": "3423.93600", "2010-06-30": "3433.68900", "2010-03-31": "3270.64100", "2009-12-31": "3313.64600", "2009-09-30": "3351.60300", "2009-06-30": "3255.51100", "2009-03-31": "3172.02000", "2008-12-31": "3207.82900", "2008-09-30": "3387.84800", "2008-06-30": "2733.10900", "2008-03-31": "2406.90200", "2007-12-31": "2384.32300", "2007-09-30": "2301.29700", "2007-06-30": "2253.50400", "2007-03-31": "2246.18400", "2006-12-31": "2046.29200", "2006-09-30": "2002.12900", "2006-06-30": "2008.88200", "2006-03-31": "950.12200", "2005-12-31": "952.53600", "2005-09-30": "885.92900", "2005-06-30": "857.13700", "2005-03-31": "854.03600"}, "Total Current Liabilities": {"2020-09-30": "551.24800", "2020-06-30": "552.65900", "2020-03-31": "1019.55200", "2019-12-31": "1048.29300", "2019-09-30": "510.15200", "2019-06-30": "1428.13800", "2019-03-31": "1404.65400", "2018-12-31": "1206.27900", "2018-09-30": "265.51200", "2018-06-30": "277.81000", "2018-03-31": "250.92800", "2017-12-31": "278.90500", "2017-09-30": "1022.71500", "2017-06-30": "1046.41900", "2017-03-31": "228.59300", "2016-12-31": "873.44700", "2016-09-30": "738.76600", "2016-06-30": "804.90600", "2016-03-31": "233.06900", "2015-12-31": "273.37100", "2015-09-30": "288.26700", "2015-06-30": "314.05400", "2015-03-31": "286.47600", "2014-12-31": "331.05000", "2014-09-30": "1346.22700", "2014-06-30": "1340.01000", "2014-03-31": "756.77900", "2013-12-31": "747.67300", "2013-09-30": "252.85800", "2013-06-30": "212.89800", "2013-03-31": "675.13800", "2012-12-31": "863.68800", "2012-09-30": "688.75000", "2012-06-30": "1050.83200", "2012-03-31": "113.93300", "2011-12-31": "126.88100", "2011-09-30": "132.89400", "2011-06-30": "129.23100", "2011-03-31": "120.24700", "2010-12-31": "130.58400", "2010-09-30": "155.15300", "2010-06-30": "156.81700", "2010-03-31": "139.23800", "2009-12-31": "158.72500", "2009-09-30": "114.25400", "2009-06-30": "96.97100", "2009-03-31": "91.80300", "2008-12-31": "90.59400", "2008-09-30": "100.82700", "2008-06-30": "74.33900", "2008-03-31": "68.83500", "2007-12-31": "76.17000", "2007-09-30": "62.94300", "2007-06-30": "58.54300", "2007-03-31": "55.61600", "2006-12-31": "58.35400", "2006-09-30": "65.45000", "2006-06-30": "1157.68200", "2006-03-31": "48.46800", "2005-12-31": "52.14300", "2005-09-30": "54.38400", "2005-06-30": "47.00100", "2005-03-31": "47.33600"}, "Long Term Debt": {"2020-09-30": "10692.71000", "2020-06-30": "10555.57000", "2020-03-31": "10050.74000", "2019-12-31": "9812.33500", "2019-09-30": "9821.50200", "2019-06-30": "8749.45000", "2019-03-31": "8780.60600", "2018-12-31": "8996.82500", "2018-09-30": "9710.14500", "2018-06-30": "9675.73800", "2018-03-31": "9363.68600", "2017-12-31": "9290.68600", "2017-09-30": "8185.51200", "2017-06-30": "7906.18800", "2017-03-31": "8646.17400", "2016-12-31": "8148.42600", "2016-09-30": "8515.39200", "2016-06-30": "7913.87900", "2016-03-31": "8452.27000", "2015-12-31": "8432.07000", "2015-09-30": "8446.85000", "2015-06-30": "8216.40000", "2015-03-31": "7929.82900", "2014-12-31": "7828.29900", "2014-09-30": "6471.77000", "2014-06-30": "5778.89100", "2014-03-31": "6365.98200", "2013-12-31": "5394.72100", "2013-09-30": "5637.07800", "2013-06-30": "5631.20900", "2013-03-31": "4885.33900", "2012-12-31": "4880.75200", "2012-09-30": "4776.43900", "2012-06-30": "3091.38200", "2012-03-31": "3565.22600", "2011-12-31": "3349.48500", "2011-09-30": "3334.20100", "2011-06-30": "3319.36200", "2011-03-31": "3004.99900", "2010-12-31": "2827.45000", "2010-09-30": "2792.44300", "2010-06-30": "2777.83900", "2010-03-31": "2472.23500", "2009-12-31": "2460.40200", "2009-09-30": "2508.41900", "2009-06-30": "2383.58700", "2009-03-31": "2348.06900", "2008-12-31": "2386.23000", "2008-09-30": "2821.94800", "2008-06-30": "2455.00000", "2008-03-31": "1945.00000", "2007-12-31": "1905.00000", "2007-09-30": "1905.00000", "2007-06-30": "1905.00000", "2007-03-31": "1905.00000", "2006-12-31": "1555.00000", "2006-09-30": "1505.00000", "2006-06-30": "405.00000", "2006-03-31": "789.65700", "2005-12-31": "784.39200", "2005-09-30": "844.01100", "2005-06-30": "826.79600", "2005-03-31": "879.09100"}, "Other Non-Current Liabilities": {"2020-09-30": "181.01200", "2020-06-30": "459.35300", "2020-03-31": "438.04810", "2019-12-31": "270.86800", "2019-09-30": "241.26900", "2019-06-30": "195.64920", "2019-03-31": "147.47710", "2018-12-31": "387.42600", "2018-09-30": "383.24900", "2018-06-30": "377.96500", "2018-03-31": "378.70900", "2017-12-31": "349.72800", "2017-09-30": "350.04100", "2017-06-30": "341.92700", "2017-03-31": "339.17700", "2016-12-31": "334.99300", "2016-09-30": "330.62600", "2016-06-30": "325.11400", "2016-03-31": "316.86500", "2015-12-31": "313.68300", "2015-09-30": "359.29600", "2015-06-30": "354.64100", "2015-03-31": "347.78100", "2014-12-31": "342.57600", "2014-09-30": "288.61200", "2014-06-30": "286.39400", "2014-03-31": "272.39300", "2013-12-31": "283.82800", "2013-09-30": "246.06300", "2013-06-30": "204.66200", "2013-03-31": "192.76300", "2012-12-31": "206.76900", "2012-09-30": "165.76000", "2012-06-30": "159.18900", "2012-03-31": "135.85400", "2011-12-31": "129.28200", "2011-09-30": "123.59200", "2011-06-30": "119.21100", "2011-03-31": "115.55900", "2010-12-31": "112.00800", "2010-09-30": "104.41300", "2010-06-30": "101.20900", "2010-03-31": "96.86100", "2009-12-31": "94.57000", "2009-09-30": "90.98000", "2009-06-30": "87.82600", "2009-03-31": "81.99900", "2008-12-31": "80.49500", "2008-09-30": "77.78300", "2008-06-30": "73.80500", "2008-03-31": "67.18000", "2007-12-31": "65.76200", "2007-09-30": "58.31100", "2007-06-30": "55.09000", "2007-03-31": "53.17800", "2006-12-31": "47.01700", "2006-09-30": "43.11700", "2006-06-30": "40.92200", "2006-03-31": "35.63400", "2005-12-31": "34.26800", "2005-09-30": "33.94000", "2005-06-30": "32.92600", "2005-03-31": "31.51900"}, "Total Long Term Liabilities": {"2020-09-30": "12969.83000", "2020-06-30": "13142.87000", "2020-03-31": "12657.18000", "2019-12-31": "12378.66000", "2019-09-30": "12251.36000", "2019-06-30": "11180.62000", "2019-03-31": "11210.89000", "2018-12-31": "9384.25100", "2018-09-30": "10093.39000", "2018-06-30": "10053.70000", "2018-03-31": "9742.39500", "2017-12-31": "9640.41300", "2017-09-30": "8535.55300", "2017-06-30": "8248.11500", "2017-03-31": "8985.35100", "2016-12-31": "8483.41900", "2016-09-30": "8846.01800", "2016-06-30": "8238.99300", "2016-03-31": "8769.13500", "2015-12-31": "8745.75300", "2015-09-30": "8806.14600", "2015-06-30": "8571.04100", "2015-03-31": "8277.61000", "2014-12-31": "8170.87500", "2014-09-30": "6760.38200", "2014-06-30": "6065.28500", "2014-03-31": "6638.37500", "2013-12-31": "5678.54900", "2013-09-30": "5883.14100", "2013-06-30": "5835.87100", "2013-03-31": "5078.10200", "2012-12-31": "5099.23200", "2012-09-30": "4954.00700", "2012-06-30": "3262.63300", "2012-03-31": "3713.12400", "2011-12-31": "3490.83100", "2011-09-30": "3469.94500", "2011-06-30": "3450.85700", "2011-03-31": "3132.93300", "2010-12-31": "2952.48100", "2010-09-30": "2896.85600", "2010-06-30": "2879.04800", "2010-03-31": "2569.09600", "2009-12-31": "2554.97200", "2009-09-30": "2599.39900", "2009-06-30": "2471.41300", "2009-03-31": "2430.06800", "2008-12-31": "2466.72500", "2008-09-30": "2899.73100", "2008-06-30": "2528.80500", "2008-03-31": "2012.18000", "2007-12-31": "1970.76200", "2007-09-30": "1963.31100", "2007-06-30": "1960.09000", "2007-03-31": "1958.17800", "2006-12-31": "1602.01700", "2006-09-30": "1548.71400", "2006-06-30": "446.41400", "2006-03-31": "825.56290", "2005-12-31": "818.96200", "2005-09-30": "878.21400", "2005-06-30": "860.04910", "2005-03-31": "911.00300"}, "Total Liabilities": {"2020-09-30": "13521.08000", "2020-06-30": "13695.53000", "2020-03-31": "13676.73000", "2019-12-31": "13426.95000", "2019-09-30": "12761.51000", "2019-06-30": "12608.76000", "2019-03-31": "12615.54000", "2018-12-31": "10590.53000", "2018-09-30": "10358.91000", "2018-06-30": "10331.51000", "2018-03-31": "9993.32300", "2017-12-31": "9919.31900", "2017-09-30": "9558.26800", "2017-06-30": "9294.53400", "2017-03-31": "9213.94400", "2016-12-31": "9356.86600", "2016-09-30": "9584.78400", "2016-06-30": "9043.89900", "2016-03-31": "9002.20400", "2015-12-31": "9019.12400", "2015-09-30": "9094.41300", "2015-06-30": "8885.09500", "2015-03-31": "8564.08600", "2014-12-31": "8501.92500", "2014-09-30": "8106.60900", "2014-06-30": "7405.29500", "2014-03-31": "7395.15400", "2013-12-31": "6426.22200", "2013-09-30": "6135.99900", "2013-06-30": "6048.76900", "2013-03-31": "5753.24000", "2012-12-31": "5962.92000", "2012-09-30": "5642.75700", "2012-06-30": "4313.46500", "2012-03-31": "3827.05700", "2011-12-31": "3617.71200", "2011-09-30": "3602.83900", "2011-06-30": "3580.08800", "2011-03-31": "3253.18000", "2010-12-31": "3083.06500", "2010-09-30": "3052.00900", "2010-06-30": "3035.86500", "2010-03-31": "2708.33400", "2009-12-31": "2713.69700", "2009-09-30": "2713.65300", "2009-06-30": "2568.38400", "2009-03-31": "2521.87100", "2008-12-31": "2557.31900", "2008-09-30": "3000.55800", "2008-06-30": "2603.14400", "2008-03-31": "2081.01500", "2007-12-31": "2046.93200", "2007-09-30": "2026.25400", "2007-06-30": "2018.63300", "2007-03-31": "2013.79400", "2006-12-31": "1660.37100", "2006-09-30": "1614.16400", "2006-06-30": "1604.09600", "2006-03-31": "874.03100", "2005-12-31": "871.10500", "2005-09-30": "932.59800", "2005-06-30": "907.05000", "2005-03-31": "958.33900"}, "Common Stock Net": {"2020-09-30": "1.11400", "2020-06-30": "1.11900", "2020-03-31": "1.11600", "2019-12-31": "1.11800", "2019-09-30": "1.12600", "2019-06-30": "1.13100", "2019-03-31": "1.13200", "2018-12-31": "1.12400", "2018-09-30": "1.14200", "2018-06-30": "1.14800", "2018-03-31": "1.16500", "2017-12-31": "1.16400", "2017-09-30": "1.18400", "2017-06-30": "1.21000", "2017-03-31": "1.21300", "2016-12-31": "1.21000", "2016-09-30": "1.24300", "2016-06-30": "1.24600", "2016-03-31": "1.25500", "2015-12-31": "1.25700", "2015-09-30": "1.26100", "2015-06-30": "1.28200", "2015-03-31": "1.29400", "2014-12-31": "1.29100", "2014-09-30": "1.29100", "2014-06-30": "1.29100", "2014-03-31": "1.28800", "2013-12-31": "1.28400", "2013-09-30": "1.28100", "2013-06-30": "1.27800", "2013-03-31": "1.27300", "2012-12-31": "1.26900", "2012-09-30": "1.21800", "2012-06-30": "1.21500", "2012-03-31": "1.16000", "2011-12-31": "1.09700", "2011-09-30": "1.09400", "2011-06-30": "1.11400", "2011-03-31": "1.13300", "2010-12-31": "1.14800", "2010-09-30": "1.14900", "2010-06-30": "1.14600", "2010-03-31": "1.17100", "2009-12-31": "1.17100", "2009-09-30": "1.16700", "2009-06-30": "1.16600", "2009-03-31": "1.18700", "2008-12-31": "1.17500", "2008-09-30": "1.13700", "2008-06-30": "1.05900", "2008-03-31": "1.08500", "2007-12-31": "1.08400", "2007-09-30": "1.05500", "2007-06-30": "1.03700", "2007-03-31": "1.02800", "2006-12-31": "1.05700", "2006-09-30": "1.04500", "2006-06-30": "1.03200", "2006-03-31": "0.85800", "2005-12-31": "0.85600", "2005-09-30": "0.75200", "2005-06-30": "0.74300", "2005-03-31": "0.65600"}, "Retained Earnings (Accumulated Deficit)": {"2020-09-30": "-6177.87900", "2020-06-30": "-5972.65700", "2020-03-31": "-5943.38600", "2019-12-31": "-5560.69500", "2019-09-30": "-5387.09100", "2019-06-30": "-5193.94200", "2019-03-31": "-5131.34700", "2018-12-31": "-5136.36800", "2018-09-30": "-4851.50100", "2018-06-30": "-4759.63700", "2018-03-31": "-4395.28600", "2017-12-31": "-4388.28800", "2017-09-30": "-4064.80500", "2017-06-30": "-3735.06200", "2017-03-31": "-3604.28800", "2016-12-31": "-3637.46700", "2016-09-30": "-3299.42200", "2016-06-30": "-3231.73500", "2016-03-31": "-3164.43700", "2015-12-31": "-3168.06900", "2015-09-30": "-3149.08200", "2015-06-30": "-2743.11500", "2015-03-31": "-2621.41000", "2014-12-31": "-2542.38000", "2014-09-30": "-2542.77000", "2014-06-30": "-2526.14600", "2014-03-31": "-2516.67800", "2013-12-31": "-2518.08500", "2013-09-30": "-2498.92300", "2013-06-30": "-2520.45100", "2013-03-31": "-2484.55200", "2012-12-31": "-2462.17600", "2012-09-30": "-2409.68700", "2012-06-30": "-2357.24200", "2012-03-31": "-2303.77000", "2011-12-31": "-2281.13900", "2011-09-30": "-2252.05700", "2011-06-30": "-2143.77400", "2011-03-31": "-2038.93900", "2010-12-31": "-1929.67000", "2010-09-30": "-1880.16700", "2010-06-30": "-1845.67900", "2010-03-31": "-1673.60600", "2009-12-31": "-1627.60200", "2009-09-30": "-1582.37200", "2009-06-30": "-1532.26300", "2009-03-31": "-1452.92100", "2008-12-31": "-1435.03100", "2008-09-30": "-1403.71900", "2008-06-30": "-1387.29600", "2008-03-31": "-1248.94100", "2007-12-31": "-1234.30700", "2007-09-30": "-1205.42800", "2007-06-30": "-1187.89400", "2007-03-31": "-1172.82200", "2006-12-31": "-1065.22400", "2006-09-30": "-1040.95900", "2006-06-30": "-1008.90900", "2006-03-31": "-933.27100", "2005-12-31": "-924.06600", "2005-09-30": "-891.76900", "2005-06-30": "-877.32500", "2005-03-31": "-851.07000"}, "Comprehensive Income": {"2020-09-30": "-873.61200", "2020-06-30": "-867.87700", "2020-03-31": "-846.84600", "2019-12-31": "-568.76500", "2019-09-30": "-620.77800", "2019-06-30": "-554.92000", "2019-03-31": "-531.76100", "2018-12-31": "-511.90500", "2018-09-30": "-528.51700", "2018-06-30": "-500.91900", "2018-03-31": "-379.10900", "2017-12-31": "-379.46000", "2017-09-30": "-342.45000", "2017-06-30": "-378.92200", "2017-03-31": "-342.89900", "2016-12-31": "-370.18400", "2016-09-30": "-370.38600", "2016-06-30": "-364.86100", "2016-03-31": "-441.35200", "2015-12-31": "-502.04500", "2015-09-30": "-501.49200", "2015-06-30": "-330.40300", "2015-03-31": "-356.93600", "2014-12-31": "-182.48600", "2014-09-30": "-94.14500", "2014-06-30": "34.31600", "2014-03-31": "-0.67200", "2013-12-31": "-33.67900", "2013-09-30": "-12.56400", "2013-06-30": "-14.17300", "2013-03-31": "4.34500", "2012-12-31": "2.79100", "2012-09-30": "1.93400", "2012-06-30": "0.24800", "2012-03-31": "1.22700", "2011-12-31": "0.48500", "2011-09-30": "-0.61700", "2011-06-30": "2.42400", "2011-03-31": "2.35900", "2010-12-31": "2.17500", "2010-09-30": "1.73500", "2010-06-30": "1.30500", "2010-03-31": "-1.80500", "2009-12-31": "-2.80300", "2009-09-30": "-3.77700", "2009-06-30": "-1.94500", "2009-03-31": "-1.79900", "2008-12-31": "-1.54900", "2008-09-30": "-1.69900", "2008-06-30": "-1.56000", "2008-03-31": "-1.42000", "2007-12-31": "-1.28000", "2007-09-30": "-1.09000", "2007-06-30": "-0.94900", "2007-03-31": "-0.80800", "2006-12-31": "-0.66600", "2006-09-30": "-1.55200", "2006-06-30": "23.27300", "2006-03-31": "15.84400", "2005-12-31": "14.46000", "2005-09-30": "8.48300", "2005-06-30": "0.20400", "2005-03-31": ""}, "Other Share Holders Equity": {"2020-09-30": "", "2020-06-30": "", "2020-03-31": "", "2019-12-31": "", "2019-09-30": "", "2019-06-30": "", "2019-03-31": "", "2018-12-31": "", "2018-09-30": "", "2018-06-30": "", "2018-03-31": "", "2017-12-31": "", "2017-09-30": "", "2017-06-30": "", "2017-03-31": "", "2016-12-31": "", "2016-09-30": "", "2016-06-30": "", "2016-03-31": "", "2015-12-31": "", "2015-09-30": "", "2015-06-30": "", "2015-03-31": "", "2014-12-31": "", "2014-09-30": "", "2014-06-30": "", "2014-03-31": "", "2013-12-31": "", "2013-09-30": "", "2013-06-30": "", "2013-03-31": "", "2012-12-31": "", "2012-09-30": "", "2012-06-30": "", "2012-03-31": "", "2011-12-31": "", "2011-09-30": "", "2011-06-30": "", "2011-03-31": "", "2010-12-31": "", "2010-09-30": "", "2010-06-30": "", "2010-03-31": "", "2009-12-31": "", "2009-09-30": "", "2009-06-30": "", "2009-03-31": "", "2008-12-31": "", "2008-09-30": "", "2008-06-30": "", "2008-03-31": "", "2007-12-31": "", "2007-09-30": "", "2007-06-30": "", "2007-03-31": "", "2006-12-31": "", "2006-09-30": "", "2006-06-30": "", "2006-03-31": "", "2005-12-31": "", "2005-09-30": "", "2005-06-30": "", "2005-03-31": ""}, "Share Holder Equity": {"2020-09-30": "-4486.39800", "2020-06-30": "-4304.99200", "2020-03-31": "-4317.23000", "2019-12-31": "-3667.00700", "2019-09-30": "-3560.37400", "2019-06-30": "-3339.34600", "2019-03-31": "-3302.78100", "2018-12-31": "-3376.82300", "2018-09-30": "-3145.08300", "2018-06-30": "-3042.13500", "2018-03-31": "-2588.24100", "2017-12-31": "-2599.11400", "2017-09-30": "-2257.79800", "2017-06-30": "-1985.68100", "2017-03-31": "-1916.49400", "2016-12-31": "-1995.92100", "2016-09-30": "-1669.06200", "2016-06-30": "-1607.57700", "2016-03-31": "-1630.56000", "2015-12-31": "-1706.14400", "2015-09-30": "-1697.65600", "2015-06-30": "-1133.23200", "2015-03-31": "-1036.78700", "2014-12-31": "-660.80000", "2014-09-30": "-297.61700", "2014-06-30": "159.28800", "2014-03-31": "396.18800", "2013-12-31": "356.96600", "2013-09-30": "448.42900", "2013-06-30": "435.73700", "2013-03-31": "696.64500", "2012-12-31": "652.99100", "2012-09-30": "440.53400", "2012-06-30": "480.19500", "2012-03-31": "259.57200", "2011-12-31": "-11.31300", "2011-09-30": "6.29900", "2011-06-30": "112.92100", "2011-03-31": "213.07800", "2010-12-31": "317.11000", "2010-09-30": "371.92700", "2010-06-30": "397.82400", "2010-03-31": "562.30700", "2009-12-31": "599.94900", "2009-09-30": "637.95000", "2009-06-30": "687.12700", "2009-03-31": "650.14900", "2008-12-31": "650.51000", "2008-09-30": "387.29000", "2008-06-30": "129.96500", "2008-03-31": "325.88700", "2007-12-31": "337.39100", "2007-09-30": "275.04300", "2007-06-30": "234.87100", "2007-03-31": "232.39000", "2006-12-31": "385.92100", "2006-09-30": "387.96500", "2006-06-30": "404.78600", "2006-03-31": "76.09100", "2005-12-31": "81.43100", "2005-09-30": "-46.66900", "2005-06-30": "-49.91300", "2005-03-31": "-104.30300"}, "Total Liabilities And Share Holders Equity": {"2020-09-30": "9034.68200", "2020-06-30": "9390.53900", "2020-03-31": "9359.50200", "2019-12-31": "9759.94100", "2019-09-30": "9201.13800", "2019-06-30": "9269.41500", "2019-03-31": "9312.75900", "2018-12-31": "7213.70700", "2018-09-30": "7213.82300", "2018-06-30": "7289.37800", "2018-03-31": "7405.08200", "2017-12-31": "7320.20500", "2017-09-30": "7300.47000", "2017-06-30": "7308.85300", "2017-03-31": "7297.45000", "2016-12-31": "7360.94500", "2016-09-30": "7915.72200", "2016-06-30": "7436.32200", "2016-03-31": "7371.64400", "2015-12-31": "7312.98000", "2015-09-30": "7396.75700", "2015-06-30": "7751.86300", "2015-03-31": "7527.29900", "2014-12-31": "7841.12500", "2014-09-30": "7808.99200", "2014-06-30": "7564.58300", "2014-03-31": "7791.34200", "2013-12-31": "6783.18800", "2013-09-30": "6584.42800", "2013-06-30": "6484.50600", "2013-03-31": "6449.88500", "2012-12-31": "6615.91100", "2012-09-30": "6083.29100", "2012-06-30": "4793.66000", "2012-03-31": "4086.62900", "2011-12-31": "3606.39900", "2011-09-30": "3609.13800", "2011-06-30": "3693.00900", "2011-03-31": "3466.25800", "2010-12-31": "3400.17500", "2010-09-30": "3423.93600", "2010-06-30": "3433.68900", "2010-03-31": "3270.64100", "2009-12-31": "3313.64600", "2009-09-30": "3351.60300", "2009-06-30": "3255.51100", "2009-03-31": "3172.02000", "2008-12-31": "3207.82900", "2008-09-30": "3387.84800", "2008-06-30": "2733.10900", "2008-03-31": "2406.90200", "2007-12-31": "2384.32300", "2007-09-30": "2301.29700", "2007-06-30": "2253.50400", "2007-03-31": "2246.18400", "2006-12-31": "2046.29200", "2006-09-30": "2002.12900", "2006-06-30": "2008.88200", "2006-03-31": "950.12200", "2005-12-31": "952.53600", "2005-09-30": "885.92900", "2005-06-30": "857.13700", "2005-03-31": "854.03600"}}, "cash flow statement": {"Net Income/Loss": {"2019-12-31": "147.28400", "2018-12-31": "47.45100", "2017-12-31": "103.65400", "2016-12-31": "76.23800", "2015-12-31": "-175.65600", "2014-12-31": "-24.29500", "2013-12-31": "-55.90900", "2012-12-31": "-181.39000", "2011-12-31": "-126.89200", "2010-12-31": "-194.42100", "2009-12-31": "-141.11900", "2008-12-31": "-67.16400", "2007-12-31": "-91.47400", "2006-12-31": "-133.44800", "2005-12-31": "-94.70900"}, "Total Depreciation And Amortization - Cash Flow": {"2019-12-31": "749.67700", "2018-12-31": "718.59400", "2017-12-31": "697.46300", "2016-12-31": "685.01800", "2015-12-31": "679.17500", "2014-12-31": "663.02800", "2013-12-31": "572.71300", "2012-12-31": "427.72000", "2011-12-31": "318.33400", "2010-12-31": "287.82600", "2009-12-31": "268.99300", "2008-12-31": "222.19100", "2007-12-31": "177.39400", "2006-12-31": "149.14700", "2005-12-31": "115.95600"}, "Other Non-Cash Items": {"2019-12-31": "77.55500", "2018-12-31": "131.48000", "2017-12-31": "47.02300", "2016-12-31": "9.60700", "2015-12-31": "255.10500", "2014-12-31": "25.49600", "2013-12-31": "35.96700", "2012-12-31": "130.41600", "2011-12-31": "81.34800", "2010-12-31": "124.91900", "2009-12-31": "67.92700", "2008-12-31": "10.84300", "2007-12-31": "36.75100", "2006-12-31": "62.18900", "2005-12-31": "29.96000"}, "Total Non-Cash Items": {"2019-12-31": "827.23200", "2018-12-31": "850.07400", "2017-12-31": "744.48600", "2016-12-31": "694.62500", "2015-12-31": "934.28000", "2014-12-31": "688.52410", "2013-12-31": "608.68000", "2012-12-31": "558.13600", "2011-12-31": "399.68200", "2010-12-31": "412.74500", "2009-12-31": "336.92000", "2008-12-31": "233.03400", "2007-12-31": "214.14500", "2006-12-31": "211.33600", "2005-12-31": "145.91600"}, "Change In Accounts Receivable": {"2019-12-31": "", "2018-12-31": "", "2017-12-31": "", "2016-12-31": "", "2015-12-31": "", "2014-12-31": "", "2013-12-31": "", "2012-12-31": "", "2011-12-31": "", "2010-12-31": "-5.91900", "2009-12-31": "-3.49700", "2008-12-31": "14.40800", "2007-12-31": "-1.18300", "2006-12-31": "3.30100", "2005-12-31": "-2.08600"}, "Change In Inventories": {"2019-12-31": "", "2018-12-31": "", "2017-12-31": "", "2016-12-31": "", "2015-12-31": "", "2014-12-31": "", "2013-12-31": "", "2012-12-31": "", "2011-12-31": "", "2010-12-31": "", "2009-12-31": "", "2008-12-31": "", "2007-12-31": "", "2006-12-31": "", "2005-12-31": ""}, "Change In Accounts Payable": {"2019-12-31": "", "2018-12-31": "", "2017-12-31": "", "2016-12-31": "", "2015-12-31": "", "2014-12-31": "", "2013-12-31": "", "2012-12-31": "", "2011-12-31": "", "2010-12-31": "", "2009-12-31": "", "2008-12-31": "", "2007-12-31": "", "2006-12-31": "", "2005-12-31": "0.75600"}, "Change In Assets/Liabilities": {"2019-12-31": "1.48000", "2018-12-31": "-43.88600", "2017-12-31": "-33.22500", "2016-12-31": "-17.82200", "2015-12-31": "-42.96000", "2014-12-31": "4.63600", "2013-12-31": "-62.89500", "2012-12-31": "-57.17300", "2011-12-31": "-27.60400", "2010-12-31": "-4.65200", "2009-12-31": "4.67100", "2008-12-31": "-2.81600", "2007-12-31": "-1.64100", "2006-12-31": "0.93300", "2005-12-31": "-0.11000"}, "Total Change In Assets/Liabilities": {"2019-12-31": "-4.47100", "2018-12-31": "-46.90700", "2017-12-31": "-29.67000", "2016-12-31": "-28.33800", "2015-12-31": "-35.59400", "2014-12-31": "10.11100", "2013-12-31": "-55.18400", "2012-12-31": "-35.83200", "2011-12-31": "-23.73200", "2010-12-31": "-17.18400", "2009-12-31": "26.77100", "2008-12-31": "7.82600", "2007-12-31": "0.26300", "2006-12-31": "-4.15800", "2005-12-31": "-1.44000"}, "Cash Flow From Operating Activities": {"2019-12-31": "970.04500", "2018-12-31": "850.61800", "2017-12-31": "818.47000", "2016-12-31": "742.52500", "2015-12-31": "723.03000", "2014-12-31": "674.34000", "2013-12-31": "497.58700", "2012-12-31": "340.91400", "2011-12-31": "249.05800", "2010-12-31": "201.14000", "2009-12-31": "222.57200", "2008-12-31": "173.69600", "2007-12-31": "122.93400", "2006-12-31": "73.73000", "2005-12-31": "49.76700"}, "Net Change In Property, Plant, And Equipment": {"2019-12-31": "-154.23600", "2018-12-31": "-149.81200", "2017-12-31": "-147.04400", "2016-12-31": "-139.98200", "2015-12-31": "-208.70700", "2014-12-31": "-211.25100", "2013-12-31": "-168.89300", "2012-12-31": "-113.26500", "2011-12-31": "-126.93800", "2010-12-31": "-66.61800", "2009-12-31": "-46.13500", "2008-12-31": "-36.11500", "2007-12-31": "-27.64000", "2006-12-31": "-28.70400", "2005-12-31": "-18.31300"}, "Net Change In Intangible Assets": {"2019-12-31": "", "2018-12-31": "", "2017-12-31": "", "2016-12-31": "", "2015-12-31": "", "2014-12-31": "", "2013-12-31": "", "2012-12-31": "", "2011-12-31": "", "2010-12-31": "", "2009-12-31": "", "2008-12-31": "", "2007-12-31": "", "2006-12-31": "", "2005-12-31": ""}, "Net Acquisitions/Divestitures": {"2019-12-31": "-773.95700", "2018-12-31": "-451.82900", "2017-12-31": "-441.54700", "2016-12-31": "-276.83500", "2015-12-31": "-609.53000", "2014-12-31": "-1585.22200", "2013-12-31": "-677.37900", "2012-12-31": "-2252.72400", "2011-12-31": "-379.32000", "2010-12-31": "-328.04500", "2009-12-31": "-180.79800", "2008-12-31": "-584.49800", "2007-12-31": "-201.46600", "2006-12-31": "-726.23700", "2005-12-31": "-61.32600"}, "Net Change In Short-term Investments": {"2019-12-31": "625.80700", "2018-12-31": "150.89000", "2017-12-31": "0.23100", "2016-12-31": "0.71200", "2015-12-31": "89.72800", "2014-12-31": "20.88900", "2013-12-31": "", "2012-12-31": "", "2011-12-31": "", "2010-12-31": "", "2009-12-31": "0.98000", "2008-12-31": "41.04400", "2007-12-31": "-70.70000", "2006-12-31": "19.90000", "2005-12-31": "-19.63200"}, "Net Change In Long-Term Investments": {"2019-12-31": "-638.96300", "2018-12-31": "-156.98300", "2017-12-31": "-0.39700", "2016-12-31": "-0.10000", "2015-12-31": "", "2014-12-31": "", "2013-12-31": "", "2012-12-31": "", "2011-12-31": "", "2010-12-31": "", "2009-12-31": "-9.16400", "2008-12-31": "", "2007-12-31": "", "2006-12-31": "", "2005-12-31": ""}, "Net Change In Investments - Total": {"2019-12-31": "-13.15600", "2018-12-31": "-6.09300", "2017-12-31": "-0.16600", "2016-12-31": "0.61200", "2015-12-31": "89.72800", "2014-12-31": "20.88900", "2013-12-31": "", "2012-12-31": "", "2011-12-31": "", "2010-12-31": "", "2009-12-31": "-8.18400", "2008-12-31": "41.04400", "2007-12-31": "-70.70000", "2006-12-31": "19.90000", "2005-12-31": "-19.63200"}, "Investing Activities - Other": {"2019-12-31": "-5.80900", "2018-12-31": "-10.61300", "2017-12-31": "-16.35000", "2016-12-31": "-12.03000", "2015-12-31": "-8.55600", "2014-12-31": "11.45700", "2013-12-31": "29.07400", "2012-12-31": "96.86900", "2011-12-31": "-1.63000", "2010-12-31": "-30.37600", "2009-12-31": "6.04200", "2008-12-31": "-0.98000", "2007-12-31": "-2.07800", "2006-12-31": "-3.31200", "2005-12-31": "-0.01200"}, "Cash Flow From Investing Activities": {"2019-12-31": "-947.15800", "2018-12-31": "-618.34700", "2017-12-31": "-605.10700", "2016-12-31": "-428.23500", "2015-12-31": "-737.06500", "2014-12-31": "-1764.12700", "2013-12-31": "-817.19800", "2012-12-31": "-2269.12000", "2011-12-31": "-507.88800", "2010-12-31": "-425.03900", "2009-12-31": "-229.07500", "2008-12-31": "-580.54900", "2007-12-31": "-301.88400", "2006-12-31": "-738.35300", "2005-12-31": "-99.28300"}, "Net Long-Term Debt": {"2019-12-31": "373.45800", "2018-12-31": "591.68410", "2017-12-31": "510.87210", "2016-12-31": "248.73790", "2015-12-31": "663.98400", "2014-12-31": "1899.86500", "2013-12-31": "295.52310", "2012-12-31": "1807.22300", "2011-12-31": "473.02200", "2010-12-31": "1181.78500", "2009-12-31": "965.45900", "2008-12-31": "61.63100", "2007-12-31": "264.25200", "2006-12-31": "-433.27700", "2005-12-31": "-595.35900"}, "Net Current Debt": {"2019-12-31": "", "2018-12-31": "", "2017-12-31": "", "2016-12-31": "", "2015-12-31": "", "2014-12-31": "", "2013-12-31": "", "2012-12-31": "-5.00000", "2011-12-31": "-20.00000", "2010-12-31": "-959.36800", "2009-12-31": "-936.98600", "2008-12-31": "419.19900", "2007-12-31": "", "2006-12-31": "-0.08900", "2005-12-31": "-0.52600"}, "Debt Issuance/Retirement Net - Total": {"2019-12-31": "373.45800", "2018-12-31": "591.68410", "2017-12-31": "510.87210", "2016-12-31": "248.73790", "2015-12-31": "663.98400", "2014-12-31": "1899.86500", "2013-12-31": "295.52310", "2012-12-31": "1802.22300", "2011-12-31": "453.02200", "2010-12-31": "222.41690", "2009-12-31": "28.47310", "2008-12-31": "480.83000", "2007-12-31": "264.25200", "2006-12-31": "-433.36600", "2005-12-31": "-595.88500"}, "Net Common Equity Issued/Repurchased": {"2019-12-31": "-350.78000", "2018-12-31": "-735.70100", "2017-12-31": "-799.58400", "2016-12-31": "-545.68900", "2015-12-31": "-600.94700", "2014-12-31": "-884.98500", "2013-12-31": "-97.91200", "2012-12-31": "283.87200", "2011-12-31": "-209.27100", "2010-12-31": "-91.29300", "2009-12-31": "53.81600", "2008-12-31": "-57.31400", "2007-12-31": "-56.22500", "2006-12-31": "10.49100", "2005-12-31": "231.54300"}, "Net Total Equity Issued/Repurchased": {"2019-12-31": "-350.78000", "2018-12-31": "-735.70100", "2017-12-31": "-799.58400", "2016-12-31": "-545.68900", "2015-12-31": "-600.94700", "2014-12-31": "-884.98500", "2013-12-31": "-97.91200", "2012-12-31": "283.87200", "2011-12-31": "-209.27100", "2010-12-31": "-91.29300", "2009-12-31": "53.81600", "2008-12-31": "-57.31400", "2007-12-31": "-56.22500", "2006-12-31": "10.49100", "2005-12-31": "231.54300"}, "Total Common And Preferred Stock Dividends Paid": {"2019-12-31": "-83.38700", "2018-12-31": "", "2017-12-31": "", "2016-12-31": "", "2015-12-31": "", "2014-12-31": "", "2013-12-31": "", "2012-12-31": "", "2011-12-31": "", "2010-12-31": "", "2009-12-31": "", "2008-12-31": "", "2007-12-31": "", "2006-12-31": "", "2005-12-31": ""}, "Financial Activities - Other": {"2019-12-31": "-1.60500", "2018-12-31": "-4.52000", "2017-12-31": "-5.86200", "2016-12-31": "8.39400", "2015-12-31": "12.71400", "2014-12-31": "-19.58200", "2013-12-31": "13.22600", "2012-12-31": "24.38600", "2011-12-31": "-1.70400", "2010-12-31": "-4.30300", "2009-12-31": "6.68900", "2008-12-31": "-8.07900", "2007-12-31": "-4.95300", "2006-12-31": "1087.71200", "2005-12-31": "390.16500"}, "Cash Flow From Financial Activities": {"2019-12-31": "-62.31400", "2018-12-31": "-148.53700", "2017-12-31": "-294.57400", "2016-12-31": "-288.55700", "2015-12-31": "75.75100", "2014-12-31": "995.29800", "2013-12-31": "210.83700", "2012-12-31": "2110.48100", "2011-12-31": "242.04700", "2010-12-31": "126.82100", "2009-12-31": "88.97800", "2008-12-31": "415.43700", "2007-12-31": "203.07400", "2006-12-31": "664.83700", "2005-12-31": "25.82300"}, "Net Cash Flow": {"2019-12-31": "-37.18000", "2018-12-31": "74.00500", "2017-12-31": "-81.67500", "2016-12-31": "39.35100", "2015-12-31": "48.72300", "2014-12-31": "-80.51200", "2013-12-31": "-110.98700", "2012-12-31": "185.78300", "2011-12-31": "-16.93800", "2010-12-31": "-97.06300", "2009-12-31": "82.46100", "2008-12-31": "8.58400", "2007-12-31": "24.12400", "2006-12-31": "0.21400", "2005-12-31": "-23.69300"}, "Stock-Based Compensation": {"2019-12-31": "73.21400", "2018-12-31": "42.32700", "2017-12-31": "38.24900", "2016-12-31": "32.91500", "2015-12-31": "28.74700", "2014-12-31": "22.67100", "2013-12-31": "17.20500", "2012-12-31": "13.96800", "2011-12-31": "11.46900", "2010-12-31": "10.50100", "2009-12-31": "8.20000", "2008-12-31": "7.20700", "2007-12-31": "6.61200", "2006-12-31": "5.41000", "2005-12-31": "0.46200"}, "Common Stock Dividends Paid": {"2019-12-31": "-83.38700", "2018-12-31": "", "2017-12-31": "", "2016-12-31": "", "2015-12-31": "", "2014-12-31": "", "2013-12-31": "", "2012-12-31": "", "2011-12-31": "", "2010-12-31": "", "2009-12-31": "", "2008-12-31": "", "2007-12-31": "", "2006-12-31": "", "2005-12-31": ""}}, "cash flow statement, quarterly": {"Net Income/Loss": {"2020-09-30": 22.677, "2020-06-30": 23.117, "2020-03-31": "-127.93300", "2019-12-31": 67.557, "2019-09-30": 21.765, "2019-06-30": 31.973, "2019-03-31": "25.98900", "2018-12-31": 57.153, "2018-09-30": 16.144, "2018-06-30": -57.391, "2018-03-31": "31.54500", "2017-12-31": 7.66, "2017-09-30": 49.162, "2017-06-30": 9.234, "2017-03-31": "37.59800", "2016-12-31": 5.262, "2016-09-30": -15.372, "2016-06-30": 32.709, "2016-03-31": "53.63900", "2015-12-31": 31.017, "2015-09-30": -155.948, "2015-06-30": 28.305, "2015-03-31": "-79.03000", "2014-12-31": 0.39, "2014-09-30": -16.624, "2014-06-30": -9.468, "2014-03-31": "1.40700", "2013-12-31": -19.162, "2013-09-30": 21.528, "2013-06-30": -35.899, "2013-03-31": "-22.37600", "2012-12-31": -52.586, "2012-09-30": -52.699, "2012-06-30": -53.454, "2012-03-31": "-22.65100", "2011-12-31": -29.169, "2011-09-30": -33.437, "2011-06-30": -29.91, "2011-03-31": "-34.37600", "2010-12-31": -38.581, "2010-09-30": -34.575, "2010-06-30": -83.854, "2010-03-31": "-37.41100", "2009-12-31": -43.61, "2009-09-30": -50.189, "2009-06-30": -29.43, "2009-03-31": "-17.89000", "2008-12-31": 5.953, "2008-09-30": -27.648, "2008-06-30": -26.243, "2008-03-31": "-19.22600", "2007-12-31": -42.474, "2007-09-30": -17.534, "2007-06-30": -15.072, "2007-03-31": "-16.39400", "2006-12-31": -24.265, "2006-09-30": -24.34, "2006-06-30": -75.638, "2006-03-31": "-9.20500", "2005-12-31": -32.297, "2005-09-30": -14.444, "2005-06-30": -26.255, "2005-03-31": "-21.71300"}, "Total Depreciation And Amortization - Cash Flow": {"2020-09-30": 149.814, "2020-06-30": 190.058, "2020-03-31": "201.71500", "2019-12-31": 232.087, "2019-09-30": 150.075, "2019-06-30": 185.965, "2019-03-31": "181.55000", "2018-12-31": 215.935, "2018-09-30": 152.025, "2018-06-30": 185.236, "2018-03-31": "165.39800", "2017-12-31": 178.087, "2017-09-30": 175.459, "2017-06-30": 171.141, "2017-03-31": "172.77600", "2016-12-31": 189.348, "2016-09-30": 147.804, "2016-06-30": 178.604, "2016-03-31": "169.26200", "2015-12-31": 166.642, "2015-09-30": 161.231, "2015-06-30": 174.905, "2015-03-31": "176.39700", "2014-12-31": 185.056, "2014-09-30": 164.009, "2014-06-30": 165.284, "2014-03-31": "148.67900", "2013-12-31": 161.199, "2013-09-30": 129.836, "2013-06-30": 152.438, "2013-03-31": "129.24000", "2012-12-31": 141.317, "2012-09-30": 104.211, "2012-06-30": 97.659, "2012-03-31": "84.53300", "2011-12-31": 81.848, "2011-09-30": 80.517, "2011-06-30": 78.892, "2011-03-31": "77.07700", "2010-12-31": 74.93, "2010-09-30": 71.913, "2010-06-30": 71.045, "2010-03-31": "69.93800", "2009-12-31": 68.152, "2009-09-30": 67.549, "2009-06-30": 67.063, "2009-03-31": "66.22900", "2008-12-31": 64.863, "2008-09-30": 55.66, "2008-06-30": 52.089, "2008-03-31": "49.57900", "2007-12-31": 46.667, "2007-09-30": 45.053, "2007-06-30": 43.731, "2007-03-31": "41.94300", "2006-12-31": 41.288, "2006-09-30": 43.718, "2006-06-30": 37.692, "2006-03-31": "26.44900", "2005-12-31": 28.213, "2005-09-30": 28.402, "2005-06-30": 29.591, "2005-03-31": "29.75000"}, "Other Non-Cash Items": {"2020-09-30": 100.229, "2020-06-30": 48, "2020-03-31": "187.33300", "2019-12-31": -52.601, "2019-09-30": 78.017, "2019-06-30": 25.669, "2019-03-31": "26.47000", "2018-12-31": -34.738, "2018-09-30": 50.867, "2018-06-30": 96.632, "2018-03-31": "18.71900", "2017-12-31": 28.8, "2017-09-30": -9.515, "2017-06-30": 32.085, "2017-03-31": "-4.34700", "2016-12-31": 3.159, "2016-09-30": 65.047, "2016-06-30": -21.498, "2016-03-31": "-37.10100", "2015-12-31": -13.128, "2015-09-30": 186.316, "2015-06-30": -17.844, "2015-03-31": "99.76100", "2014-12-31": -33.415, "2014-09-30": 30.148, "2014-06-30": 26.877, "2014-03-31": "1.88600", "2013-12-31": 1.01, "2013-09-30": -6.512, "2013-06-30": 18.833, "2013-03-31": "22.63600", "2012-12-31": 20.567, "2012-09-30": 44.927, "2012-06-30": 44.442, "2012-03-31": "20.48000", "2011-12-31": 22.931, "2011-09-30": 19.391, "2011-06-30": 18.864, "2011-03-31": "20.16200", "2010-12-31": 23.498, "2010-09-30": 17.519, "2010-06-30": 66.652, "2010-03-31": "17.25000", "2009-12-31": 22.412, "2009-09-30": 28.282, "2009-06-30": 12.464, "2009-03-31": "4.76900", "2008-12-31": -22.97, "2008-09-30": 12.549, "2008-06-30": 12.859, "2008-03-31": "8.40500", "2007-12-31": 30.663, "2007-09-30": 1.575, "2007-06-30": 3.114, "2007-03-31": "1.39900", "2006-12-31": 4.554, "2006-09-30": 1.229, "2006-06-30": 55.412, "2006-03-31": "0.99400", "2005-12-31": 20.283, "2005-09-30": 0.129, "2005-06-30": 8.08, "2005-03-31": "1.46800"}, "Total Non-Cash Items": {"2020-09-30": 250.0429, "2020-06-30": 238.058, "2020-03-31": "389.04800", "2019-12-31": 179.486, "2019-09-30": 228.092, "2019-06-30": 211.634, "2019-03-31": "208.02000", "2018-12-31": 181.197, "2018-09-30": 202.892, "2018-06-30": 281.868, "2018-03-31": "184.11700", "2017-12-31": 206.887, "2017-09-30": 165.944, "2017-06-30": 203.226, "2017-03-31": "168.42900", "2016-12-31": 192.507, "2016-09-30": 212.851, "2016-06-30": 157.106, "2016-03-31": "132.16100", "2015-12-31": 153.5139, "2015-09-30": 347.5471, "2015-06-30": 157.061, "2015-03-31": "276.15800", "2014-12-31": 151.6411, "2014-09-30": 194.157, "2014-06-30": 192.161, "2014-03-31": "150.56500", "2013-12-31": 162.209, "2013-09-30": 123.324, "2013-06-30": 171.271, "2013-03-31": "151.87600", "2012-12-31": 161.884, "2012-09-30": 149.138, "2012-06-30": 142.101, "2012-03-31": "105.01300", "2011-12-31": 104.779, "2011-09-30": 99.908, "2011-06-30": 97.756, "2011-03-31": "97.23900", "2010-12-31": 98.428, "2010-09-30": 89.432, "2010-06-30": 137.697, "2010-03-31": "87.18800", "2009-12-31": 90.564, "2009-09-30": 95.831, "2009-06-30": 79.527, "2009-03-31": "70.99800", "2008-12-31": 41.893, "2008-09-30": 68.209, "2008-06-30": 64.948, "2008-03-31": "57.98400", "2007-12-31": 77.33, "2007-09-30": 46.628, "2007-06-30": 46.845, "2007-03-31": "43.34200", "2006-12-31": 45.842, "2006-09-30": 44.947, "2006-06-30": 93.104, "2006-03-31": "27.44300", "2005-12-31": 48.496, "2005-09-30": 28.531, "2005-06-30": 37.671, "2005-03-31": "31.21800"}, "Change In Accounts Receivable": {"2020-09-30": 0, "2020-06-30": -19.712, "2020-03-31": "19.71200", "2019-12-31": 0, "2019-09-30": 0, "2019-06-30": -1.931, "2019-03-31": "1.93100", "2018-12-31": 0, "2018-09-30": 0, "2018-06-30": 0, "2018-03-31": "", "2017-12-31": 0, "2017-09-30": 0, "2017-06-30": -1.444, "2017-03-31": "1.44400", "2016-12-31": 3.644, "2016-09-30": -3.644, "2016-06-30": 0, "2016-03-31": "", "2015-12-31": 0, "2015-09-30": 0, "2015-06-30": 0, "2015-03-31": "", "2014-12-31": 10.649, "2014-09-30": -10.649, "2014-06-30": 0, "2014-03-31": "", "2013-12-31": 34.531, "2013-09-30": -34.531, "2013-06-30": 0, "2013-03-31": "", "2012-12-31": 14.22, "2012-09-30": -10.356, "2012-06-30": -2.605, "2012-03-31": "-1.25900", "2011-12-31": -1.486, "2011-09-30": -1.121, "2011-06-30": 1.347, "2011-03-31": "1.26000", "2010-12-31": -1.592, "2010-09-30": -3.664, "2010-06-30": -4.847, "2010-03-31": "4.18400", "2009-12-31": -4.341, "2009-09-30": -2.354, "2009-06-30": 1.814, "2009-03-31": "1.38400", "2008-12-31": -0.003, "2008-09-30": 4.236, "2008-06-30": 5.799, "2008-03-31": "4.37600", "2007-12-31": 1.191, "2007-09-30": -3.9, "2007-06-30": -3.188, "2007-03-31": "4.71400", "2006-12-31": 3.972, "2006-09-30": 0.446, "2006-06-30": -1.946, "2006-03-31": "0.82900", "2005-12-31": -2.435, "2005-09-30": -4.705, "2005-06-30": -3.078, "2005-03-31": "8.13200"}, "Change In Inventories": {"2020-09-30": 0, "2020-06-30": 0, "2020-03-31": "", "2019-12-31": 0, "2019-09-30": 0, "2019-06-30": 0, "2019-03-31": "", "2018-12-31": 0, "2018-09-30": 0, "2018-06-30": 0, "2018-03-31": "", "2017-12-31": 0, "2017-09-30": 0, "2017-06-30": 0, "2017-03-31": "", "2016-12-31": 0, "2016-09-30": 0, "2016-06-30": 0, "2016-03-31": "", "2015-12-31": 0, "2015-09-30": 0, "2015-06-30": 0, "2015-03-31": "", "2014-12-31": 0, "2014-09-30": 0, "2014-06-30": 0, "2014-03-31": "", "2013-12-31": 0, "2013-09-30": 0, "2013-06-30": 0, "2013-03-31": "", "2012-12-31": 0, "2012-09-30": 0, "2012-06-30": 0, "2012-03-31": "", "2011-12-31": 0, "2011-09-30": 0, "2011-06-30": 0, "2011-03-31": "", "2010-12-31": 0, "2010-09-30": 0, "2010-06-30": 0, "2010-03-31": "", "2009-12-31": 0, "2009-09-30": 0, "2009-06-30": 0, "2009-03-31": "", "2008-12-31": 0, "2008-09-30": 0, "2008-06-30": 0, "2008-03-31": "", "2007-12-31": 0, "2007-09-30": 0, "2007-06-30": 0, "2007-03-31": "", "2006-12-31": 0, "2006-09-30": 0, "2006-06-30": 0, "2006-03-31": "", "2005-12-31": 0, "2005-09-30": 0, "2005-06-30": 0, "2005-03-31": ""}, "Change In Accounts Payable": {"2020-09-30": 0, "2020-06-30": 0, "2020-03-31": "", "2019-12-31": 0, "2019-09-30": 0, "2019-06-30": 0, "2019-03-31": "", "2018-12-31": 2.496, "2018-09-30": -2.496, "2018-06-30": 0, "2018-03-31": "", "2017-12-31": 0, "2017-09-30": 0, "2017-06-30": 0, "2017-03-31": "", "2016-12-31": 4.263, "2016-09-30": -4.263, "2016-06-30": 0, "2016-03-31": "", "2015-12-31": 0, "2015-09-30": 0, "2015-06-30": 0, "2015-03-31": "", "2014-12-31": 0, "2014-09-30": 0, "2014-06-30": 0, "2014-03-31": "", "2013-12-31": 0, "2013-09-30": 0, "2013-06-30": 0.4, "2013-03-31": "-0.40000", "2012-12-31": 0, "2012-09-30": 0, "2012-06-30": 0, "2012-03-31": "", "2011-12-31": 0, "2011-09-30": 0, "2011-06-30": 0, "2011-03-31": "", "2010-12-31": 0, "2010-09-30": 0, "2010-06-30": 0, "2010-03-31": "", "2009-12-31": 0, "2009-09-30": 0, "2009-06-30": 0, "2009-03-31": "", "2008-12-31": 0, "2008-09-30": 0, "2008-06-30": 0, "2008-03-31": "", "2007-12-31": 0, "2007-09-30": 0, "2007-06-30": 0, "2007-03-31": "", "2006-12-31": 0, "2006-09-30": 0, "2006-06-30": 0, "2006-03-31": "", "2005-12-31": 1.072, "2005-09-30": 2.028, "2005-06-30": 1.6, "2005-03-31": "-3.94400"}, "Change In Assets/Liabilities": {"2020-09-30": 32.727, "2020-06-30": 46.672, "2020-03-31": "19.83700", "2019-12-31": 7.22, "2019-09-30": 8.136, "2019-06-30": -19.314, "2019-03-31": "5.43800", "2018-12-31": -26.163, "2018-09-30": -9.769, "2018-06-30": -0.342, "2018-03-31": "-7.61200", "2017-12-31": -11.094, "2017-09-30": -9.723, "2017-06-30": -6.432, "2017-03-31": "-5.97600", "2016-12-31": 2.309, "2016-09-30": -5.485, "2016-06-30": 3.681, "2016-03-31": "-18.32700", "2015-12-31": -6.469, "2015-09-30": -25.745, "2015-06-30": -3.404, "2015-03-31": "-7.34200", "2014-12-31": 14.018, "2014-09-30": -4.104, "2014-06-30": -18.077, "2014-03-31": "12.79900", "2013-12-31": -27.617, "2013-09-30": 8.252, "2013-06-30": -10.752, "2013-03-31": "-32.77800", "2012-12-31": -31.676, "2012-09-30": -10.167, "2012-06-30": -11.241, "2012-03-31": "-4.08900", "2011-12-31": -17.575, "2011-09-30": -1.276, "2011-06-30": -6.895, "2011-03-31": "-1.85800", "2010-12-31": -0.337, "2010-09-30": -2.732, "2010-06-30": 4.28, "2010-03-31": "-5.86300", "2009-12-31": 5.614, "2009-09-30": -0.95, "2009-06-30": 1.922, "2009-03-31": "-1.91500", "2008-12-31": -3.947, "2008-09-30": 4.012, "2008-06-30": 0.204, "2008-03-31": "-3.08500", "2007-12-31": 1.513, "2007-09-30": 2.456, "2007-06-30": -4.923, "2007-03-31": "-0.68700", "2006-12-31": 11.096, "2006-09-30": -4.611, "2006-06-30": -8.128, "2006-03-31": "2.57600", "2005-12-31": -1.674, "2005-09-30": 7.322, "2005-06-30": -9.079, "2005-03-31": "3.32100"}, "Total Change In Assets/Liabilities": {"2020-09-30": 17.77, "2020-06-30": 53.501, "2020-03-31": "16.62700", "2019-12-31": 18.018, "2019-09-30": -10.979, "2019-06-30": -0.166, "2019-03-31": "-11.34400", "2018-12-31": -11.875, "2018-09-30": -19.949, "2018-06-30": 22.002, "2018-03-31": "-37.08500", "2017-12-31": 12.451, "2017-09-30": -27.833, "2017-06-30": 19.433, "2017-03-31": "-33.72100", "2016-12-31": 17.525, "2016-09-30": -24.983, "2016-06-30": 20.276, "2016-03-31": "-41.15600", "2015-12-31": 3.762, "2015-09-30": -32.394, "2015-06-30": 11.758, "2015-03-31": "-18.72000", "2014-12-31": 37.021, "2014-09-30": -27.19, "2014-06-30": -7.963, "2014-03-31": "8.24300", "2013-12-31": 11.492, "2013-09-30": -29.963, "2013-06-30": -1.441, "2013-03-31": "-35.27200", "2012-12-31": -5.907, "2012-09-30": -7.685, "2012-06-30": -5.918, "2012-03-31": "-16.32200", "2011-12-31": -12.979, "2011-09-30": -2.933, "2011-06-30": 1.855, "2011-03-31": "-9.67500", "2010-12-31": -1.517, "2010-09-30": -10.182, "2010-06-30": 6.874, "2010-03-31": "-12.35900", "2009-12-31": 5.817, "2009-09-30": 16.713, "2009-06-30": 8.065, "2009-03-31": "-3.82400", "2008-12-31": -8.259, "2008-09-30": 13.437, "2008-06-30": 6.661, "2008-03-31": "-4.01300", "2007-12-31": 5.914, "2007-09-30": -0.21, "2007-06-30": -5.041, "2007-03-31": "-0.40000", "2006-12-31": 13.881, "2006-09-30": -7.558, "2006-06-30": -7.455, "2006-03-31": "-3.02600", "2005-12-31": -2.575, "2005-09-30": 4.292, "2005-06-30": -9.65, "2005-03-31": "6.49300"}, "Cash Flow From Operating Activities": {"2020-09-30": 290.49, "2020-06-30": 314.676, "2020-03-31": "277.74200", "2019-12-31": 265.061, "2019-09-30": 238.878, "2019-06-30": 243.441, "2019-03-31": "222.66500", "2018-12-31": 226.475, "2018-09-30": 199.087, "2018-06-30": 246.479, "2018-03-31": "178.57700", "2017-12-31": 226.998, "2017-09-30": 187.273, "2017-06-30": 231.893, "2017-03-31": "172.30600", "2016-12-31": 215.294, "2016-09-30": 172.496, "2016-06-30": 210.091, "2016-03-31": "144.64400", "2015-12-31": 188.293, "2015-09-30": 159.205, "2015-06-30": 197.124, "2015-03-31": "178.40800", "2014-12-31": 189.052, "2014-09-30": 150.343, "2014-06-30": 174.73, "2014-03-31": "160.21500", "2013-12-31": 154.539, "2013-09-30": 114.889, "2013-06-30": 133.931, "2013-03-31": "94.22800", "2012-12-31": 103.391, "2012-09-30": 88.754, "2012-06-30": 82.729, "2012-03-31": "66.04000", "2011-12-31": 62.631, "2011-09-30": 63.538, "2011-06-30": 69.701, "2011-03-31": "53.18800", "2010-12-31": 58.33, "2010-09-30": 44.675, "2010-06-30": 60.717, "2010-03-31": "37.41800", "2009-12-31": 52.771, "2009-09-30": 62.355, "2009-06-30": 58.162, "2009-03-31": "49.28400", "2008-12-31": 39.587, "2008-09-30": 53.998, "2008-06-30": 45.366, "2008-03-31": "34.74500", "2007-12-31": 40.77, "2007-09-30": 28.884, "2007-06-30": 26.732, "2007-03-31": "26.54800", "2006-12-31": 35.458, "2006-09-30": 13.049, "2006-06-30": 10.011, "2006-03-31": "15.21200", "2005-12-31": 13.624, "2005-09-30": 18.379, "2005-06-30": 1.766, "2005-03-31": "15.99800"}, "Net Change In Property, Plant, And Equipment": {"2020-09-30": -28.392, "2020-06-30": -27.688, "2020-03-31": "-39.29100", "2019-12-31": -42.855, "2019-09-30": -38.596, "2019-06-30": -36.411, "2019-03-31": "-36.37400", "2018-12-31": -44.846, "2018-09-30": -36.352, "2018-06-30": -37.518, "2018-03-31": "-31.09600", "2017-12-31": -40.734, "2017-09-30": -36.875, "2017-06-30": -33.688, "2017-03-31": "-35.74700", "2016-12-31": -35.662, "2016-09-30": -33.659, "2016-06-30": -34.601, "2016-03-31": "-36.06000", "2015-12-31": -46.396, "2015-09-30": -43.919, "2015-06-30": -50.292, "2015-03-31": "-68.10000", "2014-12-31": -79.904, "2014-09-30": -59.196, "2014-06-30": -39.913, "2014-03-31": "-32.23800", "2013-12-31": -65.52, "2013-09-30": -33.171, "2013-06-30": -33.779, "2013-03-31": "-36.42300", "2012-12-31": -133.104, "2012-09-30": 68.126, "2012-06-30": -23.435, "2012-03-31": "-24.85200", "2011-12-31": -30.232, "2011-09-30": -40.969, "2011-06-30": -35.6, "2011-03-31": "-20.13700", "2010-12-31": -18.688, "2010-09-30": -20.467, "2010-06-30": -15.315, "2010-03-31": "-12.14800", "2009-12-31": -12.547, "2009-09-30": -11.979, "2009-06-30": -14.057, "2009-03-31": "-7.55200", "2008-12-31": -9.438, "2008-09-30": -9.935, "2008-06-30": -8.4, "2008-03-31": "-8.34200", "2007-12-31": -7.716, "2007-09-30": -6.704, "2007-06-30": -7.474, "2007-03-31": "-5.74600", "2006-12-31": -9.393, "2006-09-30": -6.765, "2006-06-30": -7, "2006-03-31": "-5.54600", "2005-12-31": -6.045, "2005-09-30": -5.988, "2005-06-30": -3.72, "2005-03-31": "-2.56000"}, "Net Change In Intangible Assets": {"2020-09-30": 0, "2020-06-30": 0, "2020-03-31": "", "2019-12-31": 0, "2019-09-30": 0, "2019-06-30": 0, "2019-03-31": "", "2018-12-31": 0, "2018-09-30": 0, "2018-06-30": 0, "2018-03-31": "", "2017-12-31": 0, "2017-09-30": 0, "2017-06-30": 0, "2017-03-31": "", "2016-12-31": 0, "2016-09-30": 0, "2016-06-30": 0, "2016-03-31": "", "2015-12-31": 0, "2015-09-30": 0, "2015-06-30": 0, "2015-03-31": "", "2014-12-31": 0, "2014-09-30": 0, "2014-06-30": 0, "2014-03-31": "", "2013-12-31": 0, "2013-09-30": 0, "2013-06-30": 0, "2013-03-31": "", "2012-12-31": 0, "2012-09-30": 0, "2012-06-30": 0, "2012-03-31": "", "2011-12-31": 0, "2011-09-30": 0, "2011-06-30": 0, "2011-03-31": "", "2010-12-31": 0, "2010-09-30": 0, "2010-06-30": 0, "2010-03-31": "", "2009-12-31": 0, "2009-09-30": 0, "2009-06-30": 0, "2009-03-31": "", "2008-12-31": 0, "2008-09-30": 0, "2008-06-30": 0, "2008-03-31": "", "2007-12-31": 0, "2007-09-30": 0, "2007-06-30": 0, "2007-03-31": "", "2006-12-31": 0, "2006-09-30": 0, "2006-06-30": 0, "2006-03-31": "", "2005-12-31": 0, "2005-09-30": 0, "2005-06-30": 0, "2005-03-31": ""}, "Net Acquisitions/Divestitures": {"2020-09-30": -80.864, "2020-06-30": -29.504, "2020-03-31": "-89.53100", "2019-12-31": -490.256, "2019-09-30": -132.519, "2019-06-30": -95.895, "2019-03-31": "-55.28700", "2018-12-31": -47.994, "2018-09-30": -118.472, "2018-06-30": -167.741, "2018-03-31": "-117.62200", "2017-12-31": -280.54, "2017-09-30": -78.826, "2017-06-30": -39.53, "2017-03-31": "-42.65100", "2016-12-31": -85.433, "2016-09-30": -42.698, "2016-06-30": -56.872, "2016-03-31": "-91.83200", "2015-12-31": -200.819, "2015-09-30": -85.629, "2015-06-30": -269.803, "2015-03-31": "-53.27900", "2014-12-31": -536.474, "2014-09-30": -81.274, "2014-06-30": -39.821, "2014-03-31": "-927.65300", "2013-12-31": -330.324, "2013-09-30": -91.646, "2013-06-30": -45.867, "2013-03-31": "-209.54200", "2012-12-31": -1269.735, "2012-09-30": -31.598, "2012-06-30": -900.243, "2012-03-31": "-51.14800", "2011-12-31": -169.965, "2011-09-30": -43.311, "2011-06-30": -75.747, "2011-03-31": "-90.29700", "2010-12-31": -156.63, "2010-09-30": -59.445, "2010-06-30": -81.625, "2010-03-31": "-30.34500", "2009-12-31": -126.179, "2009-09-30": -25.03, "2009-06-30": -25.47, "2009-03-31": "-4.11900", "2008-12-31": -242.083, "2008-09-30": -35.922, "2008-06-30": -256.111, "2008-03-31": "-50.38200", "2007-12-31": -51.724, "2007-09-30": -54.017, "2007-06-30": -43.921, "2007-03-31": "-51.80400", "2006-12-31": -15.903, "2006-09-30": -30.327, "2006-06-30": -655.758, "2006-03-31": "-24.24900", "2005-12-31": -22.511, "2005-09-30": -22.803, "2005-06-30": -5.806, "2005-03-31": "-10.20600"}, "Net Change In Short-term Investments": {"2020-09-30": 325, "2020-06-30": 300, "2020-03-31": "610.00000", "2019-12-31": 110.25, "2019-09-30": 260, "2019-06-30": 105, "2019-03-31": "150.55700", "2018-12-31": 150.89, "2018-09-30": 0, "2018-06-30": 0, "2018-03-31": "", "2017-12-31": 0.231, "2017-09-30": 0, "2017-06-30": 0, "2017-03-31": "", "2016-12-31": 0.712, "2016-09-30": 0, "2016-06-30": 0, "2016-03-31": "", "2015-12-31": 89.728, "2015-09-30": 0, "2015-06-30": 0, "2015-03-31": "", "2014-12-31": 20.889, "2014-09-30": 0, "2014-06-30": 0, "2014-03-31": "", "2013-12-31": 0, "2013-09-30": 0, "2013-06-30": 0, "2013-03-31": "", "2012-12-31": 0, "2012-09-30": 0, "2012-06-30": 0, "2012-03-31": "", "2011-12-31": 0, "2011-09-30": 0, "2011-06-30": -1.686, "2011-03-31": "1.68600", "2010-12-31": -6.447, "2010-09-30": 6.447, "2010-06-30": -2.017, "2010-03-31": "2.01700", "2009-12-31": 0.98, "2009-09-30": 0, "2009-06-30": 0, "2009-03-31": "", "2008-12-31": 0.144, "2008-09-30": 0, "2008-06-30": 0, "2008-03-31": "40.90000", "2007-12-31": 50.199, "2007-09-30": -19.899, "2007-06-30": -101, "2007-03-31": "", "2006-12-31": 0, "2006-09-30": 0, "2006-06-30": 0, "2006-03-31": "19.90000", "2005-12-31": -19.632, "2005-09-30": 0, "2005-06-30": 0, "2005-03-31": ""}, "Net Change In Long-Term Investments": {"2020-09-30": -153.241, "2020-06-30": -525.014, "2020-03-31": "-610.01200", "2019-12-31": -110.048, "2019-09-30": -243.316, "2019-06-30": -135.546, "2019-03-31": "-150.05300", "2018-12-31": -153.05, "2018-09-30": 0.859, "2018-06-30": -4.106, "2018-03-31": "-0.68600", "2017-12-31": -0.015, "2017-09-30": -0.382, "2017-06-30": 0, "2017-03-31": "", "2016-12-31": -0.1, "2016-09-30": 0, "2016-06-30": 0, "2016-03-31": "", "2015-12-31": 0, "2015-09-30": 0, "2015-06-30": 0, "2015-03-31": "", "2014-12-31": 0, "2014-09-30": 0, "2014-06-30": 0, "2014-03-31": "", "2013-12-31": 0, "2013-09-30": 0, "2013-06-30": 0, "2013-03-31": "", "2012-12-31": 0, "2012-09-30": 0, "2012-06-30": 0, "2012-03-31": "", "2011-12-31": 0, "2011-09-30": 0, "2011-06-30": 0, "2011-03-31": "", "2010-12-31": 35.926, "2010-09-30": -4.983, "2010-06-30": 1.357, "2010-03-31": "-32.30000", "2009-12-31": -3, "2009-09-30": -2.56, "2009-06-30": -3.604, "2009-03-31": "", "2008-12-31": 0, "2008-09-30": 0, "2008-06-30": 0, "2008-03-31": "", "2007-12-31": 0, "2007-09-30": 0, "2007-06-30": 0, "2007-03-31": "", "2006-12-31": 0, "2006-09-30": 0, "2006-06-30": 0, "2006-03-31": "", "2005-12-31": 0, "2005-09-30": 0, "2005-06-30": 0, "2005-03-31": ""}, "Net Change In Investments - Total": {"2020-09-30": 171.759, "2020-06-30": -225.014, "2020-03-31": "-0.01200", "2019-12-31": 0.202, "2019-09-30": 16.684, "2019-06-30": -30.546, "2019-03-31": "0.50400", "2018-12-31": -2.16, "2018-09-30": 0.859, "2018-06-30": -4.106, "2018-03-31": "-0.68600", "2017-12-31": 0.216, "2017-09-30": -0.382, "2017-06-30": 0, "2017-03-31": "", "2016-12-31": 0.612, "2016-09-30": 0, "2016-06-30": 0, "2016-03-31": "", "2015-12-31": 89.728, "2015-09-30": 0, "2015-06-30": 0, "2015-03-31": "", "2014-12-31": 20.889, "2014-09-30": 0, "2014-06-30": 0, "2014-03-31": "", "2013-12-31": 0, "2013-09-30": 0, "2013-06-30": 0, "2013-03-31": "", "2012-12-31": 0, "2012-09-30": 0, "2012-06-30": 0, "2012-03-31": "", "2011-12-31": 0, "2011-09-30": 0, "2011-06-30": -1.686, "2011-03-31": "1.68600", "2010-12-31": 29.479, "2010-09-30": 1.464, "2010-06-30": -0.66, "2010-03-31": "-30.28300", "2009-12-31": -2.02, "2009-09-30": -2.56, "2009-06-30": -3.604, "2009-03-31": "", "2008-12-31": 0.144, "2008-09-30": 0, "2008-06-30": 0, "2008-03-31": "40.90000", "2007-12-31": 50.199, "2007-09-30": -19.899, "2007-06-30": -101, "2007-03-31": "", "2006-12-31": 0, "2006-09-30": 0, "2006-06-30": 0, "2006-03-31": "19.90000", "2005-12-31": -19.632, "2005-09-30": 0, "2005-06-30": 0, "2005-03-31": ""}, "Investing Activities - Other": {"2020-09-30": -1.911, "2020-06-30": 0.248, "2020-03-31": "-3.17800", "2019-12-31": 0.817, "2019-09-30": -5.16, "2019-06-30": -7.647, "2019-03-31": "6.18100", "2018-12-31": -3.03, "2018-09-30": 3.803, "2018-06-30": -9.193, "2018-03-31": "-2.19300", "2017-12-31": 6.866, "2017-09-30": -6.191, "2017-06-30": -11.146, "2017-03-31": "-5.87900", "2016-12-31": -7.539, "2016-09-30": 5.571, "2016-06-30": -5.615, "2016-03-31": "-4.44700", "2015-12-31": -12.847, "2015-09-30": -0.573, "2015-06-30": 5.039, "2015-03-31": "-0.17500", "2014-12-31": -4.652, "2014-09-30": 3.134, "2014-06-30": -5.36, "2014-03-31": "18.33500", "2013-12-31": 28.114, "2013-09-30": 0.747, "2013-06-30": -1.095, "2013-03-31": "1.30800", "2012-12-31": 98.912, "2012-09-30": -0.867, "2012-06-30": -1.286, "2012-03-31": "0.11000", "2011-12-31": -0.441, "2011-09-30": -2.389, "2011-06-30": 1.2, "2011-03-31": "", "2010-12-31": -29.709, "2010-09-30": 0, "2010-06-30": -0.691, "2010-03-31": "0.02400", "2009-12-31": -0.031, "2009-09-30": -0.011, "2009-06-30": -0.116, "2009-03-31": "6.20000", "2008-12-31": -0.117, "2008-09-30": -0.095, "2008-06-30": -0.151, "2008-03-31": "-0.61700", "2007-12-31": -0.718, "2007-09-30": -0.456, "2007-06-30": -0.647, "2007-03-31": "-0.25700", "2006-12-31": -0.143, "2006-09-30": -0.151, "2006-06-30": -2.388, "2006-03-31": "-0.63000", "2005-12-31": -0.128, "2005-09-30": 0.419, "2005-06-30": -0.069, "2005-03-31": "-0.23400"}, "Cash Flow From Investing Activities": {"2020-09-30": 60.592, "2020-06-30": -281.958, "2020-03-31": "-132.01200", "2019-12-31": -532.092, "2019-09-30": -159.591, "2019-06-30": -170.499, "2019-03-31": "-84.97600", "2018-12-31": -98.03, "2018-09-30": -150.162, "2018-06-30": -218.558, "2018-03-31": "-151.59700", "2017-12-31": -314.192, "2017-09-30": -122.274, "2017-06-30": -84.364, "2017-03-31": "-84.27700", "2016-12-31": -128.022, "2016-09-30": -70.786, "2016-06-30": -97.088, "2016-03-31": "-132.33900", "2015-12-31": -170.334, "2015-09-30": -130.121, "2015-06-30": -315.056, "2015-03-31": "-121.55400", "2014-12-31": -600.141, "2014-09-30": -137.336, "2014-06-30": -85.094, "2014-03-31": "-941.55600", "2013-12-31": -367.73, "2013-09-30": -124.07, "2013-06-30": -80.741, "2013-03-31": "-244.65700", "2012-12-31": -1303.927, "2012-09-30": 35.661, "2012-06-30": -924.964, "2012-03-31": "-75.89000", "2011-12-31": -200.638, "2011-09-30": -86.669, "2011-06-30": -111.833, "2011-03-31": "-108.74800", "2010-12-31": -175.548, "2010-09-30": -78.448, "2010-06-30": -98.291, "2010-03-31": "-72.75200", "2009-12-31": -140.777, "2009-09-30": -39.58, "2009-06-30": -43.247, "2009-03-31": "-5.47100", "2008-12-31": -251.494, "2008-09-30": -45.952, "2008-06-30": -264.662, "2008-03-31": "-18.44100", "2007-12-31": -9.959, "2007-09-30": -81.076, "2007-06-30": -153.042, "2007-03-31": "-57.80700", "2006-12-31": -25.439, "2006-09-30": -37.243, "2006-06-30": -665.146, "2006-03-31": "-10.52500", "2005-12-31": -48.316, "2005-09-30": -28.372, "2005-06-30": -9.595, "2005-03-31": "-13.00000"}, "Net Long-Term Debt": {"2020-09-30": 135.3187, "2020-06-30": 6.6901, "2020-03-31": "224.37300", "2019-12-31": 465.422, "2019-09-30": 153.036, "2019-06-30": -30, "2019-03-31": "-215.00000", "2018-12-31": -1110.5799, "2018-09-30": 1970.0001, "2018-06-30": -339.5841, "2018-03-31": "71.84800", "2017-12-31": 346.0611, "2017-09-30": 274.658, "2017-06-30": -104.847, "2017-03-31": "-5.00000", "2016-12-31": -144.438, "2016-09-30": 393.1759, "2016-06-30": -15, "2016-03-31": "15.00000", "2015-12-31": 44.085, "2015-09-30": 785.773, "2015-06-30": -275.874, "2015-03-31": "110.00000", "2014-12-31": 373.466, "2014-09-30": 574.7381, "2014-06-30": -23.8091, "2014-03-31": "975.47000", "2013-12-31": 112.3111, "2013-09-30": 96.42, "2013-06-30": 46.062, "2013-03-31": "40.73000", "2012-12-31": -496.816, "2012-09-30": 2393.705, "2012-06-30": -88.125, "2012-03-31": "-1.54100", "2011-12-31": -1.266, "2011-09-30": -1.291, "2011-06-30": 492.617, "2011-03-31": "-17.03800", "2010-12-31": -30.021, "2010-09-30": 978.783, "2010-06-30": 233.023, "2010-03-31": "", "2009-12-31": 229.754, "2009-09-30": 746.673, "2009-06-30": 18.143, "2009-03-31": "-29.11100", "2008-12-31": -562.934, "2008-09-30": 224.76, "2008-06-30": 359.805, "2008-03-31": "40.00000", "2007-12-31": -0.055, "2007-09-30": -0.008, "2007-06-30": -0.61, "2007-03-31": "264.92500", "2006-12-31": 0, "2006-09-30": -0.033, "2006-06-30": -433.244, "2006-03-31": "", "2005-12-31": -486.116, "2005-09-30": 11.107, "2005-06-30": -66.99, "2005-03-31": "-53.36000"}, "Net Current Debt": {"2020-09-30": 0, "2020-06-30": 0, "2020-03-31": "", "2019-12-31": 0, "2019-09-30": 0, "2019-06-30": 0, "2019-03-31": "", "2018-12-31": 1941, "2018-09-30": -1941, "2018-06-30": 0, "2018-03-31": "", "2017-12-31": 0, "2017-09-30": 0, "2017-06-30": 110, "2017-03-31": "-110.00000", "2016-12-31": -150, "2016-09-30": 120, "2016-06-30": 30, "2016-03-31": "", "2015-12-31": 0, "2015-09-30": -404.899, "2015-06-30": 412.399, "2015-03-31": "-7.50000", "2014-12-31": -85, "2014-09-30": 85, "2014-06-30": 0, "2014-03-31": "", "2013-12-31": 100, "2013-09-30": -100, "2013-06-30": 0, "2013-03-31": "", "2012-12-31": 484, "2012-09-30": -1168, "2012-06-30": 479, "2012-03-31": "200.00000", "2011-12-31": 0, "2011-09-30": 0, "2011-06-30": -195, "2011-03-31": "175.00000", "2010-12-31": 20, "2010-09-30": -979.368, "2010-06-30": 7.038, "2010-03-31": "-7.03800", "2009-12-31": -264.854, "2009-09-30": -669.132, "2009-06-30": 2.926, "2009-03-31": "-5.92600", "2008-12-31": 419.199, "2008-09-30": 0, "2008-06-30": 0, "2008-03-31": "", "2007-12-31": 0, "2007-09-30": 0, "2007-06-30": 0, "2007-03-31": "", "2006-12-31": -0.089, "2006-09-30": 0.039, "2006-06-30": -0.039, "2006-03-31": "", "2005-12-31": 0, "2005-09-30": 0, "2005-06-30": 0, "2005-03-31": "-0.52600"}, "Debt Issuance/Retirement Net - Total": {"2020-09-30": 135.3187, "2020-06-30": 6.6901, "2020-03-31": "224.37300", "2019-12-31": 465.422, "2019-09-30": 153.036, "2019-06-30": -30, "2019-03-31": "-215.00000", "2018-12-31": 830.4201, "2018-09-30": 29.0001, "2018-06-30": -339.5841, "2018-03-31": "71.84800", "2017-12-31": 346.0611, "2017-09-30": 274.658, "2017-06-30": 5.153, "2017-03-31": "-115.00000", "2016-12-31": -294.438, "2016-09-30": 513.1759, "2016-06-30": 15, "2016-03-31": "15.00000", "2015-12-31": 44.085, "2015-09-30": 380.874, "2015-06-30": 136.525, "2015-03-31": "102.50000", "2014-12-31": 288.466, "2014-09-30": 659.7381, "2014-06-30": -23.8091, "2014-03-31": "975.47000", "2013-12-31": 212.3111, "2013-09-30": -3.58, "2013-06-30": 46.062, "2013-03-31": "40.73000", "2012-12-31": -12.816, "2012-09-30": 1225.705, "2012-06-30": 390.875, "2012-03-31": "198.45900", "2011-12-31": -1.266, "2011-09-30": -1.291, "2011-06-30": 297.617, "2011-03-31": "157.96200", "2010-12-31": -10.0211, "2010-09-30": -0.585, "2010-06-30": 240.061, "2010-03-31": "-7.03800", "2009-12-31": -35.0998, "2009-09-30": 77.5409, "2009-06-30": 21.069, "2009-03-31": "-35.03700", "2008-12-31": -143.735, "2008-09-30": 224.76, "2008-06-30": 359.805, "2008-03-31": "40.00000", "2007-12-31": -0.055, "2007-09-30": -0.008, "2007-06-30": -0.61, "2007-03-31": "264.92500", "2006-12-31": -0.089, "2006-09-30": 0.006, "2006-06-30": -433.283, "2006-03-31": "", "2005-12-31": -486.116, "2005-09-30": 11.107, "2005-06-30": -66.99, "2005-03-31": "-53.88600"}, "Net Common Equity Issued/Repurchased": {"2020-09-30": -162.691, "2020-06-30": -1.553, "2020-03-31": "-164.46100", "2019-12-31": -196.155, "2019-09-30": -147.974, "2019-06-30": -76.341, "2019-03-31": "69.69000", "2018-12-31": -947.319, "2018-09-30": -86.654, "2018-06-30": 329.916, "2018-03-31": "-31.64400", "2017-12-31": -276.214, "2017-09-30": -378.932, "2017-06-30": -140.019, "2017-03-31": "-4.41900", "2016-12-31": -343.34, "2016-09-30": -52.32, "2016-06-30": -100.017, "2016-03-31": "-50.01200", "2015-12-31": -50.009, "2015-09-30": -400.915, "2015-06-30": -14.787, "2015-03-31": "-135.23600", "2014-12-31": -282.151, "2014-09-30": -326.607, "2014-06-30": -276.227, "2014-03-31": "", "2013-12-31": -65.655, "2013-09-30": -14.714, "2013-06-30": -21.868, "2013-03-31": "4.32500", "2012-12-31": -20.952, "2012-09-30": 7.341, "2012-06-30": 7.818, "2012-03-31": "289.66500", "2011-12-31": 7.55, "2011-09-30": -73.096, "2011-06-30": -73.608, "2011-03-31": "-70.11700", "2010-12-31": -6.698, "2010-09-30": 5.733, "2010-06-30": -86.472, "2010-03-31": "-3.85600", "2009-12-31": 2.357, "2009-09-30": 1.159, "2009-06-30": 48.935, "2009-03-31": "1.36500", "2008-12-31": 0.556, "2008-09-30": 1.123, "2008-06-30": -60.694, "2008-03-31": "1.70100", "2007-12-31": 1.071, "2007-09-30": 0.936, "2007-06-30": 3.364, "2007-03-31": "-61.59600", "2006-12-31": -1083.032, "2006-09-30": 1089.856, "2006-06-30": 2.297, "2006-03-31": "1.37000", "2005-12-31": 228.477, "2005-09-30": 1.303, "2005-06-30": 1.485, "2005-03-31": "0.27800"}, "Net Total Equity Issued/Repurchased": {"2020-09-30": -162.691, "2020-06-30": -1.553, "2020-03-31": "-164.46100", "2019-12-31": -196.155, "2019-09-30": -147.974, "2019-06-30": -76.341, "2019-03-31": "69.69000", "2018-12-31": -947.319, "2018-09-30": -86.654, "2018-06-30": 329.916, "2018-03-31": "-31.64400", "2017-12-31": -276.214, "2017-09-30": -378.932, "2017-06-30": -140.019, "2017-03-31": "-4.41900", "2016-12-31": -343.34, "2016-09-30": -52.32, "2016-06-30": -100.017, "2016-03-31": "-50.01200", "2015-12-31": -50.009, "2015-09-30": -400.915, "2015-06-30": -14.787, "2015-03-31": "-135.23600", "2014-12-31": -282.151, "2014-09-30": -326.607, "2014-06-30": -276.227, "2014-03-31": "", "2013-12-31": -65.655, "2013-09-30": -14.714, "2013-06-30": -21.868, "2013-03-31": "4.32500", "2012-12-31": -20.952, "2012-09-30": 7.341, "2012-06-30": 7.818, "2012-03-31": "289.66500", "2011-12-31": 7.55, "2011-09-30": -73.096, "2011-06-30": -73.608, "2011-03-31": "-70.11700", "2010-12-31": -6.698, "2010-09-30": 5.733, "2010-06-30": -86.472, "2010-03-31": "-3.85600", "2009-12-31": 2.357, "2009-09-30": 1.159, "2009-06-30": 48.935, "2009-03-31": "1.36500", "2008-12-31": 0.556, "2008-09-30": 1.123, "2008-06-30": -60.694, "2008-03-31": "1.70100", "2007-12-31": 1.071, "2007-09-30": 0.936, "2007-06-30": 3.364, "2007-03-31": "-61.59600", "2006-12-31": -1083.032, "2006-09-30": 1089.856, "2006-06-30": 2.297, "2006-03-31": "1.37000", "2005-12-31": 228.477, "2005-09-30": 1.303, "2005-06-30": 1.485, "2005-03-31": "0.27800"}, "Total Common And Preferred Stock Dividends Paid": {"2020-09-30": -52.028, "2020-06-30": -51.97, "2020-03-31": "-52.20100", "2019-12-31": -41.514, "2019-09-30": -41.873, "2019-06-30": 0, "2019-03-31": "", "2018-12-31": 0, "2018-09-30": 0, "2018-06-30": 0, "2018-03-31": "", "2017-12-31": 0, "2017-09-30": 0, "2017-06-30": 0, "2017-03-31": "", "2016-12-31": 0, "2016-09-30": 0, "2016-06-30": 0, "2016-03-31": "", "2015-12-31": 0, "2015-09-30": 0, "2015-06-30": 0, "2015-03-31": "", "2014-12-31": 0, "2014-09-30": 0, "2014-06-30": 0, "2014-03-31": "", "2013-12-31": 0, "2013-09-30": 0, "2013-06-30": 0, "2013-03-31": "", "2012-12-31": 0, "2012-09-30": 0, "2012-06-30": 0, "2012-03-31": "", "2011-12-31": 0, "2011-09-30": 0, "2011-06-30": 0, "2011-03-31": "", "2010-12-31": 0, "2010-09-30": 0, "2010-06-30": 0, "2010-03-31": "", "2009-12-31": 0, "2009-09-30": 0, "2009-06-30": 0, "2009-03-31": "", "2008-12-31": 0, "2008-09-30": 0, "2008-06-30": 0, "2008-03-31": "", "2007-12-31": 0, "2007-09-30": 0, "2007-06-30": 0, "2007-03-31": "", "2006-12-31": 0, "2006-09-30": 0, "2006-06-30": 0, "2006-03-31": "", "2005-12-31": 0, "2005-09-30": 0, "2005-06-30": 0, "2005-03-31": ""}, "Financial Activities - Other": {"2020-09-30": -182.729, "2020-06-30": 38.047, "2020-03-31": "-51.04600", "2019-12-31": 17.514, "2019-09-30": -6.307, "2019-06-30": -0.075, "2019-03-31": "-12.73700", "2018-12-31": -0.449, "2018-09-30": -0.252, "2018-06-30": 2.336, "2018-03-31": "-6.15500", "2017-12-31": -46.819, "2017-09-30": 10.782, "2017-06-30": 23.028, "2017-03-31": "7.14700", "2016-12-31": 15.687, "2016-09-30": -3.022, "2016-06-30": -5.96, "2016-03-31": "1.68900", "2015-12-31": 3.162, "2015-09-30": 4.77, "2015-06-30": 3.575, "2015-03-31": "1.20700", "2014-12-31": -1.38, "2014-09-30": -1.763, "2014-06-30": -5.131, "2014-03-31": "-11.30800", "2013-12-31": 2.671, "2013-09-30": 26.806, "2013-06-30": -8.997, "2013-03-31": "-7.25400", "2012-12-31": 25.144, "2012-09-30": -4.173, "2012-06-30": 3.448, "2012-03-31": "-0.03300", "2011-12-31": -0.31, "2011-09-30": -0.632, "2011-06-30": 0.682, "2011-03-31": "-1.44400", "2010-12-31": 0.936, "2010-09-30": -2.074, "2010-06-30": -6.35, "2010-03-31": "3.18500", "2009-12-31": -3.763, "2009-09-30": 10.139, "2009-06-30": -0.474, "2009-03-31": "0.78700", "2008-12-31": -5.213, "2008-09-30": -2.044, "2008-06-30": 0.472, "2008-03-31": "-1.29400", "2007-12-31": -4.916, "2007-09-30": -2.909, "2007-06-30": 1.606, "2007-03-31": "1.26600", "2006-12-31": 1078.835, "2006-09-30": -1086.849, "2006-06-30": 1087.843, "2006-03-31": "7.88300", "2005-12-31": 314.788, "2005-09-30": -0.062, "2005-06-30": 75.439, "2005-03-31": ""}, "Cash Flow From Financial Activities": {"2020-09-30": -262.129, "2020-06-30": -8.786, "2020-03-31": "-43.33500", "2019-12-31": 245.267, "2019-09-30": -43.118, "2019-06-30": -106.416, "2019-03-31": "-158.04700", "2018-12-31": -117.348, "2018-09-30": -57.906, "2018-06-30": -7.332, "2018-03-31": "34.04900", "2017-12-31": 23.028, "2017-09-30": -93.492, "2017-06-30": -111.838, "2017-03-31": "-112.27200", "2016-12-31": -622.091, "2016-09-30": 457.834, "2016-06-30": -90.977, "2016-03-31": "-33.32300", "2015-12-31": -2.762, "2015-09-30": -15.271, "2015-06-30": 125.313, "2015-03-31": "-31.52900", "2014-12-31": 4.935, "2014-09-30": 331.368, "2014-06-30": -305.167, "2014-03-31": "964.16200", "2013-12-31": 149.327, "2013-09-30": 8.512, "2013-06-30": 15.197, "2013-03-31": "37.80100", "2012-12-31": -8.624, "2012-09-30": 1228.873, "2012-06-30": 402.141, "2012-03-31": "488.09100", "2011-12-31": 5.974, "2011-09-30": -75.019, "2011-06-30": 224.691, "2011-03-31": "86.40100", "2010-12-31": -15.783, "2010-09-30": 3.074, "2010-06-30": 147.239, "2010-03-31": "-7.70900", "2009-12-31": -36.506, "2009-09-30": 88.839, "2009-06-30": 69.53, "2009-03-31": "-32.88500", "2008-12-31": -148.392, "2008-09-30": 223.839, "2008-06-30": 299.583, "2008-03-31": "40.40700", "2007-12-31": -3.9, "2007-09-30": -1.981, "2007-06-30": 4.36, "2007-03-31": "204.59500", "2006-12-31": -4.286, "2006-09-30": 3.013, "2006-06-30": 656.857, "2006-03-31": "9.25300", "2005-12-31": 57.149, "2005-09-30": 12.348, "2005-06-30": 9.934, "2005-03-31": "-53.60800"}, "Net Cash Flow": {"2020-09-30": 84.335, "2020-06-30": 22.023, "2020-03-31": "88.49500", "2019-12-31": -17.56, "2019-09-30": 31.868, "2019-06-30": -17.059, "2019-03-31": "-34.42900", "2018-12-31": 14.976, "2018-09-30": -13.039, "2018-06-30": 11.543, "2018-03-31": "60.52500", "2017-12-31": -68.167, "2017-09-30": -24.731, "2017-06-30": 31.722, "2017-03-31": "-20.49900", "2016-12-31": -534.961, "2016-09-30": 558.295, "2016-06-30": 31.003, "2016-03-31": "-14.98600", "2015-12-31": 14.895, "2015-09-30": 3.425, "2015-06-30": 7.475, "2015-03-31": "22.92800", "2014-12-31": -408.657, "2014-09-30": 342.605, "2014-06-30": -215.262, "2014-03-31": "200.80200", "2013-12-31": -67.297, "2013-09-30": -0.033, "2013-06-30": 67.212, "2013-03-31": "-110.86900", "2012-12-31": -1207.946, "2012-09-30": 1354.306, "2012-06-30": -438.815, "2012-03-31": "478.23800", "2011-12-31": -131.989, "2011-09-30": -98.444, "2011-06-30": 182.645, "2011-03-31": "30.85000", "2010-12-31": -132.982, "2010-09-30": -30.703, "2010-06-30": 109.665, "2010-03-31": "-43.04300", "2009-12-31": -124.526, "2009-09-30": 111.614, "2009-06-30": 84.445, "2009-03-31": "10.92800", "2008-12-31": -360.299, "2008-09-30": 231.885, "2008-06-30": 80.287, "2008-03-31": "56.71100", "2007-12-31": 26.911, "2007-09-30": -54.173, "2007-06-30": -121.95, "2007-03-31": "173.33600", "2006-12-31": 5.733, "2006-09-30": -21.181, "2006-06-30": 1.722, "2006-03-31": "13.94000", "2005-12-31": 22.457, "2005-09-30": 2.355, "2005-06-30": 2.105, "2005-03-31": "-50.61000"}, "Stock-Based Compensation": {"2020-09-30": 17.058, "2020-06-30": 18.579, "2020-03-31": "16.27800", "2019-12-31": 12.581, "2019-09-30": 12.732, "2019-06-30": 24.487, "2019-03-31": "23.41400", "2018-12-31": 10.187, "2018-09-30": 10.433, "2018-06-30": 11.297, "2018-03-31": "10.41000", "2017-12-31": 9.355, "2017-09-30": 9.423, "2017-06-30": 10.194, "2017-03-31": "9.27700", "2016-12-31": 8.163, "2016-09-30": 8.075, "2016-06-30": 8.892, "2016-03-31": "7.78500", "2015-12-31": 6.844, "2015-09-30": 6.702, "2015-06-30": 8.213, "2015-03-31": "6.98800", "2014-12-31": 5.44, "2014-09-30": 6.417, "2014-06-30": 6.196, "2014-03-31": "4.61800", "2013-12-31": 4.195, "2013-09-30": 4.206, "2013-06-30": 4.93, "2013-03-31": "3.87400", "2012-12-31": 3.382, "2012-09-30": 3.679, "2012-06-30": 3.85, "2012-03-31": "3.05700", "2011-12-31": 2.774, "2011-09-30": 2.773, "2011-06-30": 3.141, "2011-03-31": "2.78100", "2010-12-31": 2.696, "2010-09-30": 2.453, "2010-06-30": 2.78, "2010-03-31": "2.57200", "2009-12-31": 2.327, "2009-09-30": 1.922, "2009-06-30": 2.325, "2009-03-31": "1.62600", "2008-12-31": 1.58, "2008-09-30": 1.615, "2008-06-30": 2.477, "2008-03-31": "1.53500", "2007-12-31": 1.428, "2007-09-30": 1.595, "2007-06-30": 2.172, "2007-03-31": "1.41700", "2006-12-31": 1.186, "2006-09-30": 1.646, "2006-06-30": 1.496, "2006-03-31": "1.08200", "2005-12-31": 0.139, "2005-09-30": 0.108, "2005-06-30": 0.1, "2005-03-31": "0.11500"}, "Common Stock Dividends Paid": {"2020-09-30": -52.028, "2020-06-30": -51.97, "2020-03-31": "-52.20100", "2019-12-31": -41.514, "2019-09-30": -41.873, "2019-06-30": 0, "2019-03-31": "", "2018-12-31": 0, "2018-09-30": 0, "2018-06-30": 0, "2018-03-31": "", "2017-12-31": 0, "2017-09-30": 0, "2017-06-30": 0, "2017-03-31": "", "2016-12-31": 0, "2016-09-30": 0, "2016-06-30": 0, "2016-03-31": "", "2015-12-31": 0, "2015-09-30": 0, "2015-06-30": 0, "2015-03-31": "", "2014-12-31": 0, "2014-09-30": 0, "2014-06-30": 0, "2014-03-31": "", "2013-12-31": 0, "2013-09-30": 0, "2013-06-30": 0, "2013-03-31": "", "2012-12-31": 0, "2012-09-30": 0, "2012-06-30": 0, "2012-03-31": "", "2011-12-31": 0, "2011-09-30": 0, "2011-06-30": 0, "2011-03-31": "", "2010-12-31": 0, "2010-09-30": 0, "2010-06-30": 0, "2010-03-31": "", "2009-12-31": 0, "2009-09-30": 0, "2009-06-30": 0, "2009-03-31": "", "2008-12-31": 0, "2008-09-30": 0, "2008-06-30": 0, "2008-03-31": "", "2007-12-31": 0, "2007-09-30": 0, "2007-06-30": 0, "2007-03-31": "", "2006-12-31": 0, "2006-09-30": 0, "2006-06-30": 0, "2006-03-31": "", "2005-12-31": 0, "2005-09-30": 0, "2005-06-30": 0, "2005-03-31": ""}}, "financial ratios": {"Current Ratio": {"2019-12-31": "0.31890", "2018-12-31": "0.30990", "2017-12-31": "0.93050", "2016-12-31": "0.37160", "2015-12-31": "1.07530", "2014-12-31": "0.98740", "2013-12-31": "0.45960", "2012-12-31": "0.45020", "2011-12-31": "1.01950", "2010-12-31": "1.12360", "2009-12-31": "1.49210", "2008-12-31": "1.70340", "2007-12-31": "2.79920", "2006-12-31": "2.18680", "2005-12-31": "2.53510"}, "Long-term Debt / Capital": {"2019-12-31": "1.59670", "2018-12-31": "1.60090", "2017-12-31": "1.38840", "2016-12-31": "1.32440", "2015-12-31": "1.25370", "2014-12-31": "1.09220", "2013-12-31": "0.93790", "2012-12-31": "0.88200", "2011-12-31": "1.00340", "2010-12-31": "0.89920", "2009-12-31": "0.80400", "2008-12-31": "0.78580", "2007-12-31": "0.84950", "2006-12-31": "0.80120", "2005-12-31": "0.90590"}, "Debt/Equity Ratio": {"2019-12-31": "-2.81820", "2018-12-31": "-2.94320", "2017-12-31": "-3.58230", "2016-12-31": "-4.39680", "2015-12-31": "-4.95390", "2014-12-31": "-11.89590", "2013-12-31": "16.46270", "2012-12-31": "8.20240", "2011-12-31": "-296.51600", "2010-12-31": "8.91630", "2009-12-31": "4.14880", "2008-12-31": "3.67750", "2007-12-31": "5.64630", "2006-12-31": "4.02930", "2005-12-31": "9.63260"}, "Gross Margin": {"2019-12-31": "75.52770", "2018-12-31": "74.87290", "2017-12-31": "74.16690", "2016-12-31": "74.22750", "2015-12-31": "72.87730", "2014-12-31": "71.93940", "2013-12-31": "68.71300", "2012-12-31": "70.70420", "2011-12-31": "70.93530", "2010-12-31": "68.17170", "2009-12-31": "67.49980", "2008-12-31": "64.59340", "2007-12-31": "59.98220", "2006-12-31": "55.40160", "2005-12-31": "46.17040"}, "Operating Margin": {"2019-12-31": "28.96230", "2018-12-31": "29.16690", "2017-12-31": "26.53860", "2016-12-31": "23.71580", "2015-12-31": "19.06990", "2014-12-31": "22.03820", "2013-12-31": "17.59910", "2012-12-31": "15.42280", "2011-12-31": "15.84990", "2010-12-31": "11.85300", "2009-12-31": "9.89250", "2008-12-31": "9.59710", "2007-12-31": "7.36080", "2006-12-31": "5.55620", "2005-12-31": "1.61350"}, "EBIT Margin": {"2019-12-31": "28.96230", "2018-12-31": "29.16690", "2017-12-31": "26.53860", "2016-12-31": "23.71580", "2015-12-31": "19.06990", "2014-12-31": "22.03820", "2013-12-31": "17.59910", "2012-12-31": "15.42280", "2011-12-31": "15.84990", "2010-12-31": "11.85300", "2009-12-31": "9.89250", "2008-12-31": "9.59710", "2007-12-31": "7.36080", "2006-12-31": "5.55620", "2005-12-31": "1.61350"}, "EBITDA Margin": {"2019-12-31": "66.17370", "2018-12-31": "67.68310", "2017-12-31": "66.90870", "2016-12-31": "65.66100", "2015-12-31": "60.52160", "2014-12-31": "65.45870", "2013-12-31": "61.48970", "2012-12-31": "60.25320", "2011-12-31": "61.44540", "2010-12-31": "57.78620", "2009-12-31": "58.31490", "2008-12-31": "56.37870", "2007-12-31": "50.81840", "2006-12-31": "48.03590", "2005-12-31": "46.21350"}, "Pre-Tax Profit Margin": {"2019-12-31": "9.27650", "2018-12-31": "2.77020", "2017-12-31": "6.76580", "2016-12-31": "5.34580", "2015-12-31": "-10.16770", "2014-12-31": "-1.02550", "2013-12-31": "-4.38500", "2012-12-31": "-18.56150", "2011-12-31": "-17.87230", "2010-12-31": "-30.86660", "2009-12-31": "-25.31480", "2008-12-31": "-13.92280", "2007-12-31": "-22.19640", "2006-12-31": "-37.86110", "2005-12-31": "-35.59510"}, "Net Profit Margin": {"2019-12-31": "7.29610", "2018-12-31": "2.54330", "2017-12-31": "5.99960", "2016-12-31": "4.66820", "2015-12-31": "-10.72070", "2014-12-31": "-1.59100", "2013-12-31": "-4.28470", "2012-12-31": "-18.97500", "2011-12-31": "-18.11250", "2010-12-31": "-31.06740", "2009-12-31": "-25.35870", "2008-12-31": "-14.14120", "2007-12-31": "-22.40910", "2006-12-31": "-38.00830", "2005-12-31": "-36.42780"}, "Asset Turnover": {"2019-12-31": "0.20640", "2018-12-31": "0.25860", "2017-12-31": "0.23600", "2016-12-31": "0.22190", "2015-12-31": "0.22410", "2014-12-31": "0.19470", "2013-12-31": "0.19240", "2012-12-31": "0.14420", "2011-12-31": "0.19360", "2010-12-31": "0.18430", "2009-12-31": "0.16760", "2008-12-31": "0.14810", "2007-12-31": "0.17120", "2006-12-31": "0.17160", "2005-12-31": "0.27290"}, "Inventory Turnover Ratio": {"2019-12-31": "", "2018-12-31": "", "2017-12-31": "", "2016-12-31": "", "2015-12-31": "", "2014-12-31": "", "2013-12-31": "", "2012-12-31": "", "2011-12-31": "", "2010-12-31": "", "2009-12-31": "", "2008-12-31": "", "2007-12-31": "", "2006-12-31": "", "2005-12-31": ""}, "Receiveable Turnover": {"2019-12-31": "15.24800", "2018-12-31": "16.80280", "2017-12-31": "19.05390", "2016-12-31": "20.84560", "2015-12-31": "19.66340", "2014-12-31": "14.64490", "2013-12-31": "18.29110", "2012-12-31": "24.40180", "2011-12-31": "31.59140", "2010-12-31": "33.35920", "2009-12-31": "28.27900", "2008-12-31": "29.04740", "2007-12-31": "20.22500", "2006-12-31": "16.89530", "2005-12-31": "14.82870"}, "Days Sales In Receivables": {"2019-12-31": "23.93750", "2018-12-31": "21.72260", "2017-12-31": "19.15620", "2016-12-31": "17.50970", "2015-12-31": "18.56240", "2014-12-31": "24.92330", "2013-12-31": "19.95510", "2012-12-31": "14.95790", "2011-12-31": "11.55380", "2010-12-31": "10.94150", "2009-12-31": "12.90710", "2008-12-31": "12.56570", "2007-12-31": "18.04700", "2006-12-31": "21.60360", "2005-12-31": "24.61450"}, "ROE - Return On Equity": {"2019-12-31": "-4.01650", "2018-12-31": "-1.40520", "2017-12-31": "-3.98810", "2016-12-31": "-3.81970", "2015-12-31": "10.29550", "2014-12-31": "3.67660", "2013-12-31": "-15.66230", "2012-12-31": "-28.13000", "2011-12-31": "1121.63800", "2010-12-31": "-61.31030", "2009-12-31": "-23.52180", "2008-12-31": "-10.32480", "2007-12-31": "-27.11220", "2006-12-31": "-34.57910", "2005-12-31": "-116.23080"}, "Return On Tangible Equity": {"2019-12-31": "-2.01930", "2018-12-31": "-0.70730", "2017-12-31": "-1.67260", "2016-12-31": "-1.34870", "2015-12-31": "3.22800", "2014-12-31": "0.50090", "2013-12-31": "1.84500", "2012-12-31": "7.40330", "2011-12-31": "7.68530", "2010-12-31": "16.43590", "2009-12-31": "16.88750", "2008-12-31": "8.67060", "2007-12-31": "17.20700", "2006-12-31": "39.37090", "2005-12-31": "-189.52330"}, "ROA - Return On Assets": {"2019-12-31": "1.50910", "2018-12-31": "0.65780", "2017-12-31": "1.41600", "2016-12-31": "1.03570", "2015-12-31": "-2.40200", "2014-12-31": "-0.30980", "2013-12-31": "-0.82420", "2012-12-31": "-2.77640", "2011-12-31": "-3.51850", "2010-12-31": "-5.71800", "2009-12-31": "-4.25870", "2008-12-31": "-2.09380", "2007-12-31": "-3.83650", "2006-12-31": "-6.52150", "2005-12-31": "-9.93640"}, "ROI - Return On Investment": {"2019-12-31": "2.39670", "2018-12-31": "0.84430", "2017-12-31": "1.54900", "2016-12-31": "1.23910", "2015-12-31": "-2.61160", "2014-12-31": "-0.33900", "2013-12-31": "-0.97200", "2012-12-31": "-3.31940", "2011-12-31": "-3.80120", "2010-12-31": "-6.18280", "2009-12-31": "-4.61120", "2008-12-31": "-2.21170", "2007-12-31": "-4.07930", "2006-12-31": "-6.87550", "2005-12-31": "-10.93160"}, "Book Value Per Share": {"2019-12-31": "-32.80700", "2018-12-31": "-30.03410", "2017-12-31": "-22.32030", "2016-12-31": "-16.49470", "2015-12-31": "-13.56850", "2014-12-31": "-5.11720", "2013-12-31": "2.77940", "2012-12-31": "5.14440", "2011-12-31": "-0.10320", "2010-12-31": "2.76150", "2009-12-31": "5.12420", "2008-12-31": "5.53510", "2007-12-31": "3.11300", "2006-12-31": "3.65210", "2005-12-31": "0.95110"}, "Operating Cash Flow Per Share": {"2019-12-31": 1.1573, "2018-12-31": 0.5375, "2017-12-31": 0.8296, "2016-12-31": 0.2756, "2015-12-31": 0.4271, "2014-12-31": 1.3363, "2013-12-31": 1.0601, "2012-12-31": 0.6025, "2011-12-31": 0.4917, "2010-12-31": -0.1595, "2009-12-31": 0.3188, "2008-12-31": 0.4071, "2007-12-31": 0.4228, "2006-12-31": 0.0768, "2005-12-31": 0.6741}, "Free Cash Flow Per Share": {"2019-12-31": 1.0983, "2018-12-31": 0.4667, "2017-12-31": 0.7332, "2016-12-31": 0.7902, "2015-12-31": 0.4325, "2014-12-31": 1.0195, "2013-12-31": 0.6799, "2012-12-31": 0.7984, "2011-12-31": -0.0695, "2010-12-31": -0.3421, "2009-12-31": 0.2538, "2008-12-31": 0.3423, "2007-12-31": 0.4513, "2006-12-31": 0.0324, "2005-12-31": 0.4261}}, "financial ratios, quarterly": {"Current Ratio": {"2020-09-30": "0.83190", "2020-06-30": "1.12920", "2020-03-31": "0.38750", "2019-12-31": "0.31890", "2019-09-30": "0.64540", "2019-06-30": "0.22110", "2019-03-31": "0.21400", "2018-12-31": "0.30990", "2018-09-30": "1.23410", "2018-06-30": "1.17660", "2018-03-31": "1.20660", "2017-12-31": "0.93050", "2017-09-30": "0.31690", "2017-06-30": "0.32150", "2017-03-31": "1.31790", "2016-12-31": "0.37160", "2016-09-30": "1.16170", "2016-06-30": "0.36190", "2016-03-31": "1.21230", "2015-12-31": "1.07530", "2015-09-30": "1.16170", "2015-06-30": "1.09690", "2015-03-31": "1.13450", "2014-12-31": "0.98740", "2014-09-30": "0.50090", "2014-06-30": "0.23430", "2014-03-31": "0.68200", "2013-12-31": "0.45960", "2013-09-30": "1.54410", "2013-06-30": "1.65380", "2013-03-31": "0.39980", "2012-12-31": "0.45020", "2012-09-30": "2.26040", "2012-06-30": "0.28850", "2012-03-31": "5.30680", "2011-12-31": "1.01950", "2011-09-30": "1.96060", "2011-06-30": "2.73000", "2011-03-31": "1.44190", "2010-12-31": "1.12360", "2010-09-30": "1.79290", "2010-06-30": "1.93280", "2010-03-31": "1.32520", "2009-12-31": "1.49210", "2009-09-30": "3.10490", "2009-06-30": "2.54640", "2009-03-31": "1.75090", "2008-12-31": "1.70340", "2008-09-30": "5.10230", "2008-06-30": "3.93230", "2008-03-31": "3.18930", "2007-12-31": "2.79920", "2007-09-30": "3.96160", "2007-06-30": "4.73130", "2007-03-31": "5.29930", "2006-12-31": "2.18680", "2006-09-30": "1.57980", "2006-06-30": "0.11840", "2006-03-31": "2.44830", "2005-12-31": "2.53510", "2005-09-30": "1.45210", "2005-06-30": "1.40510", "2005-03-31": "1.19590"}, "Long-term Debt / Capital": {"2020-09-30": "1.72290", "2020-06-30": "1.68870", "2020-03-31": "1.75300", "2019-12-31": "1.59670", "2019-09-30": "1.56860", "2019-06-30": "1.61720", "2019-03-31": "1.60290", "2018-12-31": "1.60090", "2018-09-30": "1.47910", "2018-06-30": "1.45860", "2018-03-31": "1.38200", "2017-12-31": "1.38840", "2017-09-30": "1.38090", "2017-06-30": "1.33540", "2017-03-31": "1.28480", "2016-12-31": "1.32440", "2016-09-30": "1.24380", "2016-06-30": "1.25490", "2016-03-31": "1.23900", "2015-12-31": "1.25370", "2015-09-30": "1.25150", "2015-06-30": "1.16000", "2015-03-31": "1.15040", "2014-12-31": "1.09220", "2014-09-30": "1.04820", "2014-06-30": "0.97320", "2014-03-31": "0.94140", "2013-12-31": "0.93790", "2013-09-30": "0.92630", "2013-06-30": "0.92820", "2013-03-31": "0.87520", "2012-12-31": "0.88200", "2012-09-30": "0.91560", "2012-06-30": "0.86560", "2012-03-31": "0.93210", "2011-12-31": "1.00340", "2011-09-30": "0.99810", "2011-06-30": "0.96710", "2011-03-31": "0.93380", "2010-12-31": "0.89920", "2010-09-30": "0.88250", "2010-06-30": "0.87470", "2010-03-31": "0.81470", "2009-12-31": "0.80400", "2009-09-30": "0.79720", "2009-06-30": "0.77620", "2009-03-31": "0.78320", "2008-12-31": "0.78580", "2008-09-30": "0.87930", "2008-06-30": "0.94970", "2008-03-31": "0.85650", "2007-12-31": "0.84950", "2007-09-30": "0.87380", "2007-06-30": "0.89020", "2007-03-31": "0.89130", "2006-12-31": "0.80120", "2006-09-30": "0.79500", "2006-06-30": "0.50010", "2006-03-31": "0.91210", "2005-12-31": "0.90590", "2005-09-30": "1.05850", "2005-06-30": "1.06420", "2005-03-31": "1.13460"}, "Debt/Equity Ratio": {"2020-09-30": "-2.38870", "2020-06-30": "-2.45750", "2020-03-31": "-2.44910", "2019-12-31": "-2.81820", "2019-09-30": "-2.76530", "2019-06-30": "-2.90250", "2019-03-31": "-2.94390", "2018-12-31": "-2.94320", "2018-09-30": "-3.09500", "2018-06-30": "-3.18850", "2018-03-31": "-3.62550", "2017-12-31": "-3.58230", "2017-09-30": "-3.96790", "2017-06-30": "-4.37060", "2017-03-31": "-4.52190", "2016-12-31": "-4.39680", "2016-09-30": "-5.41100", "2016-06-30": "-5.27680", "2016-03-31": "-5.19590", "2015-12-31": "-4.95390", "2015-09-30": "-4.99920", "2015-06-30": "-7.28570", "2015-03-31": "-7.68100", "2014-12-31": "-11.89590", "2014-09-30": "-25.36850", "2014-06-30": "43.06090", "2014-03-31": "17.33960", "2013-12-31": "16.46270", "2013-09-30": "12.59580", "2013-06-30": "12.94640", "2013-03-31": "7.69950", "2012-12-31": "8.20240", "2012-09-30": "12.04460", "2012-06-30": "8.34950", "2012-03-31": "13.75430", "2011-12-31": "-296.51600", "2011-09-30": "530.11600", "2011-06-30": "29.43970", "2011-03-31": "14.10280", "2010-12-31": "8.91630", "2010-09-30": "7.58890", "2010-06-30": "7.05700", "2010-03-31": "4.44840", "2009-12-31": "4.14880", "2009-09-30": "3.93200", "2009-06-30": "3.47760", "2009-03-31": "3.62080", "2008-12-31": "3.67750", "2008-09-30": "7.30060", "2008-06-30": "18.88970", "2008-03-31": "5.96830", "2007-12-31": "5.64630", "2007-09-30": "6.92620", "2007-06-30": "8.11080", "2007-03-31": "8.19740", "2006-12-31": "4.02930", "2006-09-30": "3.87920", "2006-06-30": "1.00050", "2006-03-31": "10.37780", "2005-12-31": "9.63260", "2005-09-30": "-18.15470", "2005-06-30": "-16.62990", "2005-03-31": "-8.45940"}, "Gross Margin": {"2020-09-30": "76.76240", "2020-06-30": "78.01730", "2020-03-31": "77.65980", "2019-12-31": "76.39310", "2019-09-30": "75.66550", "2019-06-30": "75.11770", "2019-03-31": "74.90030", "2018-12-31": "74.72290", "2018-09-30": "75.01380", "2018-06-30": "74.92700", "2018-03-31": "74.83380", "2017-12-31": "74.15090", "2017-09-30": "74.31290", "2017-06-30": "74.41010", "2017-03-31": "73.78850", "2016-12-31": "74.48600", "2016-09-30": "74.35860", "2016-06-30": "73.72170", "2016-03-31": "74.33640", "2015-12-31": "73.10570", "2015-09-30": "72.79680", "2015-06-30": "72.70250", "2015-03-31": "72.90620", "2014-12-31": "72.32650", "2014-09-30": "71.55400", "2014-06-30": "71.97900", "2014-03-31": "71.88050", "2013-12-31": "70.02410", "2013-09-30": "68.89590", "2013-06-30": "68.01620", "2013-03-31": "67.83640", "2012-12-31": "69.56650", "2012-09-30": "69.95760", "2012-06-30": "71.10810", "2012-03-31": "72.88530", "2011-12-31": "72.65620", "2011-09-30": "70.46580", "2011-06-30": "70.70670", "2011-03-31": "69.77390", "2010-12-31": "68.69370", "2010-09-30": "68.10370", "2010-06-30": "67.66790", "2010-03-31": "68.18710", "2009-12-31": "67.68840", "2009-09-30": "67.48630", "2009-06-30": "67.78740", "2009-03-31": "67.02110", "2008-12-31": "65.36390", "2008-09-30": "64.59680", "2008-06-30": "64.84120", "2008-03-31": "63.39510", "2007-12-31": "60.52910", "2007-09-30": "57.70200", "2007-06-30": "60.86310", "2007-03-31": "60.89470", "2006-12-31": "58.66360", "2006-09-30": "57.06110", "2006-06-30": "54.01940", "2006-03-31": "50.20200", "2005-12-31": "46.18190", "2005-09-30": "46.97900", "2005-06-30": "45.16980", "2005-03-31": "46.32620"}, "Operating Margin": {"2020-09-30": "30.66070", "2020-06-30": "30.96330", "2020-03-31": "29.24240", "2019-12-31": "29.96470", "2019-09-30": "30.31190", "2019-06-30": "27.28240", "2019-03-31": "28.23330", "2018-12-31": "31.06770", "2018-09-30": "29.53760", "2018-06-30": "27.58380", "2018-03-31": "28.35860", "2017-12-31": "26.87620", "2017-09-30": "26.96450", "2017-06-30": "26.81760", "2017-03-31": "25.46730", "2016-12-31": "25.79320", "2016-09-30": "26.30810", "2016-06-30": "18.26390", "2016-03-31": "24.41460", "2015-12-31": "20.18080", "2015-09-30": "10.48920", "2015-06-30": "23.90120", "2015-03-31": "21.72330", "2014-12-31": "23.86410", "2014-09-30": "22.75250", "2014-06-30": "21.73000", "2014-03-31": "19.42870", "2013-12-31": "17.72350", "2013-09-30": "19.24210", "2013-06-30": "15.27390", "2013-03-31": "18.13170", "2012-12-31": "10.56630", "2012-09-30": "17.21290", "2012-06-30": "15.15970", "2012-03-31": "20.93050", "2011-12-31": "17.39760", "2011-09-30": "15.70560", "2011-06-30": "15.90680", "2011-03-31": "14.24690", "2010-12-31": "10.08780", "2010-09-30": "13.02810", "2010-06-30": "12.95930", "2010-03-31": "11.41220", "2009-12-31": "8.31430", "2009-09-30": "10.73450", "2009-06-30": "9.98420", "2009-03-31": "10.62570", "2008-12-31": "8.57480", "2008-09-30": "9.63040", "2008-06-30": "9.63810", "2008-03-31": "10.77000", "2007-12-31": "8.90700", "2007-09-30": "5.14630", "2007-06-30": "7.78850", "2007-03-31": "7.54110", "2006-12-31": "6.99530", "2006-09-30": "5.70630", "2006-06-30": "3.22740", "2006-03-31": "6.27580", "2005-12-31": "5.36470", "2005-09-30": "3.94270", "2005-06-30": "-0.36210", "2005-03-31": "-3.54010"}, "EBIT Margin": {"2020-09-30": "30.66070", "2020-06-30": "30.96330", "2020-03-31": "29.24240", "2019-12-31": "29.96470", "2019-09-30": "30.31190", "2019-06-30": "27.28240", "2019-03-31": "28.23330", "2018-12-31": "31.06770", "2018-09-30": "29.53760", "2018-06-30": "27.58380", "2018-03-31": "28.35860", "2017-12-31": "26.87620", "2017-09-30": "26.96450", "2017-06-30": "26.81760", "2017-03-31": "25.46730", "2016-12-31": "25.79320", "2016-09-30": "26.30810", "2016-06-30": "18.26390", "2016-03-31": "24.41460", "2015-12-31": "20.18080", "2015-09-30": "10.48920", "2015-06-30": "23.90120", "2015-03-31": "21.72330", "2014-12-31": "23.86410", "2014-09-30": "22.75250", "2014-06-30": "21.73000", "2014-03-31": "19.42870", "2013-12-31": "17.72350", "2013-09-30": "19.24210", "2013-06-30": "15.27390", "2013-03-31": "18.13170", "2012-12-31": "10.56630", "2012-09-30": "17.21290", "2012-06-30": "15.15970", "2012-03-31": "20.93050", "2011-12-31": "17.39760", "2011-09-30": "15.70560", "2011-06-30": "15.90680", "2011-03-31": "14.24690", "2010-12-31": "10.08780", "2010-09-30": "13.02810", "2010-06-30": "12.95930", "2010-03-31": "11.41220", "2009-12-31": "8.31430", "2009-09-30": "10.73450", "2009-06-30": "9.98420", "2009-03-31": "10.62570", "2008-12-31": "8.57480", "2008-09-30": "9.63040", "2008-06-30": "9.63810", "2008-03-31": "10.77000", "2007-12-31": "8.90700", "2007-09-30": "5.14630", "2007-06-30": "7.78850", "2007-03-31": "7.54110", "2006-12-31": "6.99530", "2006-09-30": "5.70630", "2006-06-30": "3.22740", "2006-03-31": "6.27580", "2005-12-31": "5.36470", "2005-09-30": "3.94270", "2005-06-30": "-0.36210", "2005-03-31": "-3.54010"}, "EBITDA Margin": {"2020-09-30": "", "2020-06-30": "", "2020-03-31": "", "2019-12-31": "", "2019-09-30": "", "2019-06-30": "", "2019-03-31": "", "2018-12-31": "", "2018-09-30": "", "2018-06-30": "", "2018-03-31": "", "2017-12-31": "", "2017-09-30": "", "2017-06-30": "", "2017-03-31": "", "2016-12-31": "", "2016-09-30": "", "2016-06-30": "", "2016-03-31": "", "2015-12-31": "", "2015-09-30": "", "2015-06-30": "", "2015-03-31": "", "2014-12-31": "", "2014-09-30": "", "2014-06-30": "", "2014-03-31": "", "2013-12-31": "", "2013-09-30": "", "2013-06-30": "", "2013-03-31": "", "2012-12-31": "", "2012-09-30": "", "2012-06-30": "", "2012-03-31": "", "2011-12-31": "", "2011-09-30": "", "2011-06-30": "", "2011-03-31": "", "2010-12-31": "", "2010-09-30": "", "2010-06-30": "", "2010-03-31": "", "2009-12-31": "", "2009-09-30": "", "2009-06-30": "", "2009-03-31": "", "2008-12-31": "", "2008-09-30": "", "2008-06-30": "", "2008-03-31": "", "2007-12-31": "", "2007-09-30": "", "2007-06-30": "", "2007-03-31": "", "2006-12-31": "", "2006-09-30": "", "2006-06-30": "", "2006-03-31": "", "2005-12-31": "", "2005-09-30": "", "2005-06-30": "", "2005-03-31": ""}, "Pre-Tax Profit Margin": {"2020-09-30": "2.53090", "2020-06-30": "4.52520", "2020-03-31": "-37.61040", "2019-12-31": "16.42100", "2019-09-30": "3.69700", "2019-06-30": "9.51340", "2019-03-31": "7.33760", "2018-12-31": "15.09400", "2018-09-30": "3.03180", "2018-06-30": "-16.57600", "2018-03-31": "8.75560", "2017-12-31": "2.42240", "2017-09-30": "12.10730", "2017-06-30": "2.95420", "2017-03-31": "9.68340", "2016-12-31": "2.53130", "2016-09-30": "-3.35410", "2016-06-30": "8.55960", "2016-03-31": "13.96910", "2015-12-31": "8.10020", "2015-09-30": "-37.49860", "2015-06-30": "7.43330", "2015-03-31": "-18.54870", "2014-12-31": "1.06560", "2014-09-30": "-3.97720", "2014-06-30": "-1.93630", "2014-03-31": "0.89510", "2013-12-31": "-6.53410", "2013-09-30": "6.54570", "2013-06-30": "-10.49140", "2013-03-31": "-7.35200", "2012-12-31": "-17.27060", "2012-09-30": "-22.06110", "2012-06-30": "-22.85910", "2012-03-31": "-11.07800", "2011-12-31": "-15.68940", "2011-09-30": "-18.82440", "2011-06-30": "-17.07540", "2011-03-31": "-20.08060", "2010-12-31": "-23.19440", "2010-09-30": "-21.34110", "2010-06-30": "-54.28080", "2010-03-31": "-25.21000", "2009-12-31": "-30.07950", "2009-09-30": "-36.01940", "2009-06-30": "-21.43910", "2009-03-31": "-13.06780", "2008-12-31": "4.68500", "2008-09-30": "-22.94360", "2008-06-30": "-23.27160", "2008-03-31": "-17.42040", "2007-12-31": "-38.87960", "2007-09-30": "-16.46500", "2007-06-30": "-14.92790", "2007-03-31": "-17.01530", "2006-12-31": "-25.12770", "2006-09-30": "-24.59660", "2006-06-30": "-86.34060", "2006-03-31": "-13.12710", "2005-12-31": "-42.95760", "2005-09-30": "-21.34620", "2005-06-30": "-41.17920", "2005-03-31": "-36.52750"}, "Net Profit Margin": {"2020-09-30": "4.31560", "2020-06-30": "4.49760", "2020-03-31": "-24.57280", "2019-12-31": "13.11180", "2019-09-30": "4.27130", "2019-06-30": "6.39270", "2019-03-31": "5.26850", "2018-12-31": "11.81220", "2018-09-30": "3.45530", "2018-06-30": "-12.57680", "2018-03-31": "6.88300", "2017-12-31": "1.72930", "2017-09-30": "11.32890", "2017-06-30": "2.16080", "2017-03-31": "8.88080", "2016-12-31": "1.26240", "2016-09-30": "-3.73680", "2016-06-30": "8.06620", "2016-03-31": "13.41750", "2015-12-31": "7.62150", "2015-09-30": "-37.96760", "2015-06-30": "6.89180", "2015-03-31": "-19.27120", "2014-12-31": "0.09610", "2014-09-30": "-4.22690", "2014-06-30": "-2.46910", "2014-03-31": "0.40720", "2013-12-31": "-5.71410", "2013-09-30": "6.48340", "2013-06-30": "-11.06950", "2013-03-31": "-7.14730", "2012-12-31": "-17.86310", "2012-09-30": "-21.97980", "2012-06-30": "-23.33520", "2012-03-31": "-11.75700", "2011-12-31": "-15.82050", "2011-09-30": "-18.97190", "2011-06-30": "-17.43260", "2011-03-31": "-20.41800", "2010-12-31": "-23.66270", "2010-09-30": "-21.73950", "2010-06-30": "-54.16890", "2010-03-31": "-25.22620", "2009-12-31": "-30.01260", "2009-09-30": "-35.97490", "2009-06-30": "-21.55730", "2009-03-31": "-13.24690", "2008-12-31": "4.42840", "2008-09-30": "-23.30100", "2008-06-30": "-23.44130", "2008-03-31": "-17.49140", "2007-12-31": "-39.00170", "2007-09-30": "-16.99020", "2007-06-30": "-15.02860", "2007-03-31": "-17.11130", "2006-12-31": "-25.07910", "2006-09-30": "-24.79420", "2006-06-30": "-86.56610", "2006-03-31": "-13.37860", "2005-12-31": "-44.59800", "2005-09-30": "-21.87790", "2005-06-30": "-41.51120", "2005-03-31": "-37.24100"}, "Asset Turnover": {"2020-09-30": "0.05790", "2020-06-30": "0.05400", "2020-03-31": "0.05520", "2019-12-31": "0.05260", "2019-09-30": "0.05520", "2019-06-30": "0.05400", "2019-03-31": "0.05300", "2018-12-31": "0.06710", "2018-09-30": "0.06480", "2018-06-30": "0.06260", "2018-03-31": "0.06190", "2017-12-31": "0.06050", "2017-09-30": "0.05940", "2017-06-30": "0.05850", "2017-03-31": "0.05800", "2016-12-31": "0.05660", "2016-09-30": "0.05200", "2016-06-30": "0.05450", "2016-03-31": "0.05420", "2015-12-31": "0.05560", "2015-09-30": "0.05550", "2015-06-30": "0.05300", "2015-03-31": "0.05450", "2014-12-31": "0.05160", "2014-09-30": "0.05040", "2014-06-30": "0.05070", "2014-03-31": "0.04440", "2013-12-31": "0.04940", "2013-09-30": "0.05040", "2013-06-30": "0.05000", "2013-03-31": "0.04850", "2012-12-31": "0.04440", "2012-09-30": "0.03920", "2012-06-30": "0.04780", "2012-03-31": "0.04710", "2011-12-31": "0.05100", "2011-09-30": "0.04860", "2011-06-30": "0.04630", "2011-03-31": "0.04840", "2010-12-31": "0.04870", "2010-09-30": "0.04630", "2010-06-30": "0.04500", "2010-03-31": "0.04520", "2009-12-31": "0.04380", "2009-09-30": "0.04160", "2009-06-30": "0.04180", "2009-03-31": "0.04260", "2008-12-31": "0.04190", "2008-09-30": "0.03500", "2008-06-30": "0.04100", "2008-03-31": "0.04570", "2007-12-31": "0.04570", "2007-09-30": "0.04480", "2007-06-30": "0.04450", "2007-03-31": "0.04270", "2006-12-31": "0.04730", "2006-09-30": "0.04900", "2006-06-30": "0.04350", "2006-03-31": "0.07240", "2005-12-31": "0.07600", "2005-09-30": "0.07450", "2005-06-30": "0.07380", "2005-03-31": "0.06830"}, "Inventory Turnover Ratio": {"2020-09-30": "", "2020-06-30": "", "2020-03-31": "", "2019-12-31": "", "2019-09-30": "", "2019-06-30": "", "2019-03-31": "", "2018-12-31": "", "2018-09-30": "", "2018-06-30": "", "2018-03-31": "", "2017-12-31": "", "2017-09-30": "", "2017-06-30": "", "2017-03-31": "", "2016-12-31": "", "2016-09-30": "", "2016-06-30": "", "2016-03-31": "", "2015-12-31": "", "2015-09-30": "", "2015-06-30": "", "2015-03-31": "", "2014-12-31": "", "2014-09-30": "", "2014-06-30": "", "2014-03-31": "", "2013-12-31": "", "2013-09-30": "", "2013-06-30": "", "2013-03-31": "", "2012-12-31": "", "2012-09-30": "", "2012-06-30": "", "2012-03-31": "", "2011-12-31": "", "2011-09-30": "", "2011-06-30": "", "2011-03-31": "", "2010-12-31": "", "2010-09-30": "", "2010-06-30": "", "2010-03-31": "", "2009-12-31": "", "2009-09-30": "", "2009-06-30": "", "2009-03-31": "", "2008-12-31": "", "2008-09-30": "", "2008-06-30": "", "2008-03-31": "", "2007-12-31": "", "2007-09-30": "", "2007-06-30": "", "2007-03-31": "", "2006-12-31": "", "2006-09-30": "", "2006-06-30": "", "2006-03-31": "", "2005-12-31": "", "2005-09-30": "", "2005-06-30": "", "2005-03-31": ""}, "Receiveable Turnover": {"2020-09-30": "7.68550", "2020-06-30": "5.55590", "2020-03-31": "4.82340", "2019-12-31": "3.88770", "2019-09-30": "4.13560", "2019-06-30": "4.25740", "2019-03-31": "4.36480", "2018-12-31": "4.35760", "2018-09-30": "5.23190", "2018-06-30": "5.22150", "2018-03-31": "4.53300", "2017-12-31": "4.88650", "2017-09-30": "4.96410", "2017-06-30": "5.64170", "2017-03-31": "5.70460", "2016-12-31": "5.31640", "2016-09-30": "5.51090", "2016-06-30": "6.13360", "2016-03-31": "4.56460", "2015-12-31": "4.88370", "2015-09-30": "5.59710", "2015-06-30": "4.39850", "2015-03-31": "4.48350", "2014-12-31": "3.88170", "2014-09-30": "5.07900", "2014-06-30": "5.26810", "2014-03-31": "5.07400", "2013-12-31": "4.70140", "2013-09-30": "5.10010", "2013-06-30": "6.78700", "2013-03-31": "6.32940", "2012-12-31": "7.51530", "2012-09-30": "6.80270", "2012-06-30": "8.72970", "2012-03-31": "8.04860", "2011-12-31": "8.31760", "2011-09-30": "9.83910", "2011-06-30": "9.36150", "2011-03-31": "8.67050", "2010-12-31": "8.81050", "2010-09-30": "8.34650", "2010-06-30": "9.05450", "2010-03-31": "9.98080", "2009-12-31": "7.38030", "2009-09-30": "8.91160", "2009-06-30": "9.98350", "2009-03-31": "9.59160", "2008-12-31": "8.22150", "2008-09-30": "9.27580", "2008-06-30": "7.12750", "2008-03-31": "6.71490", "2007-12-31": "5.39580", "2007-09-30": "4.26470", "2007-06-30": "5.11130", "2007-03-31": "5.57480", "2006-12-31": "4.65570", "2006-09-30": "4.35470", "2006-06-30": "4.40470", "2006-03-31": "3.70610", "2005-12-31": "4.13040", "2005-09-30": "3.13250", "2005-06-30": "3.86340", "2005-03-31": "4.38640"}, "Days Sales In Receivables": {"2020-09-30": "11.71030", "2020-06-30": "16.19900", "2020-03-31": "18.65910", "2019-12-31": "23.15010", "2019-09-30": "21.76200", "2019-06-30": "21.13950", "2019-03-31": "20.61970", "2018-12-31": "20.65350", "2018-09-30": "17.20210", "2018-06-30": "17.23640", "2018-03-31": "19.85430", "2017-12-31": "18.41820", "2017-09-30": "18.13030", "2017-06-30": "15.95270", "2017-03-31": "15.77670", "2016-12-31": "16.92890", "2016-09-30": "16.33120", "2016-06-30": "14.67340", "2016-03-31": "19.71690", "2015-12-31": "18.42860", "2015-09-30": "16.07960", "2015-06-30": "20.46160", "2015-03-31": "20.07370", "2014-12-31": "23.18600", "2014-09-30": "17.72000", "2014-06-30": "17.08410", "2014-03-31": "17.73750", "2013-12-31": "19.14310", "2013-09-30": "17.64670", "2013-06-30": "13.26060", "2013-03-31": "14.21940", "2012-12-31": "11.97560", "2012-09-30": "13.23000", "2012-06-30": "10.30960", "2012-03-31": "11.18210", "2011-12-31": "10.82040", "2011-09-30": "9.14720", "2011-06-30": "9.61390", "2011-03-31": "10.38000", "2010-12-31": "10.21510", "2010-09-30": "10.78300", "2010-06-30": "9.93980", "2010-03-31": "9.01730", "2009-12-31": "12.19460", "2009-09-30": "10.09920", "2009-06-30": "9.01490", "2009-03-31": "9.38320", "2008-12-31": "10.94700", "2008-09-30": "9.70270", "2008-06-30": "12.62710", "2008-03-31": "13.40290", "2007-12-31": "16.67970", "2007-09-30": "21.10360", "2007-06-30": "17.60800", "2007-03-31": "16.14420", "2006-12-31": "19.33120", "2006-09-30": "20.66740", "2006-06-30": "20.43270", "2006-03-31": "24.28420", "2005-12-31": "21.78980", "2005-09-30": "28.73090", "2005-06-30": "23.29540", "2005-03-31": "20.51800"}, "ROE - Return On Equity": {"2020-09-30": "-0.50540", "2020-06-30": "-0.53700", "2020-03-31": "2.96330", "2019-12-31": "-1.84230", "2019-09-30": "-0.61130", "2019-06-30": "-0.95750", "2019-03-31": "-0.78690", "2018-12-31": "-1.69250", "2018-09-30": "-0.51330", "2018-06-30": "1.88650", "2018-03-31": "-1.21880", "2017-12-31": "-0.29480", "2017-09-30": "-2.17740", "2017-06-30": "-0.46500", "2017-03-31": "-1.96180", "2016-12-31": "-0.26340", "2016-09-30": "0.92090", "2016-06-30": "-2.03480", "2016-03-31": "-3.28960", "2015-12-31": "-1.81780", "2015-09-30": "9.18600", "2015-06-30": "-2.49770", "2015-03-31": "7.62260", "2014-12-31": "-0.05890", "2014-09-30": "5.58570", "2014-06-30": "-5.94330", "2014-03-31": "0.35510", "2013-12-31": "-5.36890", "2013-09-30": "4.80140", "2013-06-30": "-8.23870", "2013-03-31": "-3.21200", "2012-12-31": "-8.04500", "2012-09-30": "-12.18250", "2012-06-30": "-11.41910", "2012-03-31": "-8.72630", "2011-12-31": "257.83400", "2011-09-30": "-530.82900", "2011-06-30": "-26.48750", "2011-03-31": "-16.13310", "2010-12-31": "-12.16640", "2010-09-30": "-9.29620", "2010-06-30": "-21.07820", "2010-03-31": "-6.65310", "2009-12-31": "-7.26930", "2009-09-30": "-7.86720", "2009-06-30": "-4.28280", "2009-03-31": "-2.75170", "2008-12-31": "0.91510", "2008-09-30": "-7.13880", "2008-06-30": "-20.19240", "2008-03-31": "-5.89960", "2007-12-31": "-12.58900", "2007-09-30": "-6.37500", "2007-06-30": "-6.41710", "2007-03-31": "-7.05450", "2006-12-31": "-6.28730", "2006-09-30": "-6.27400", "2006-06-30": "-18.68590", "2006-03-31": "-12.09740", "2005-12-31": "-39.64340", "2005-09-30": "30.95630", "2005-06-30": "52.84390", "2005-03-31": "20.65430"}, "Return On Tangible Equity": {"2020-09-30": "-0.30030", "2020-06-30": "-0.30910", "2020-03-31": "1.68080", "2019-12-31": "-0.92620", "2019-09-30": "-0.31900", "2019-06-30": "-0.48610", "2019-03-31": "-0.39610", "2018-12-31": "-0.85200", "2018-09-30": "-0.24710", "2018-06-30": "0.88270", "2018-03-31": "-0.50970", "2017-12-31": "-0.12360", "2017-09-30": "-0.84640", "2017-06-30": "-0.16620", "2017-03-31": "-0.68090", "2016-12-31": "-0.09300", "2016-09-30": "0.28570", "2016-06-30": "-0.60620", "2016-03-31": "-0.99430", "2015-12-31": "-0.57000", "2015-09-30": "2.86940", "2015-06-30": "-0.54800", "2015-03-31": "1.59250", "2014-12-31": "-0.00800", "2014-09-30": "0.39500", "2014-06-30": "0.24390", "2014-03-31": "-0.03820", "2013-12-31": "0.63250", "2013-09-30": "-0.80520", "2013-06-30": "1.35340", "2013-03-31": "0.93670", "2012-12-31": "2.11730", "2012-09-30": "3.23290", "2012-06-30": "3.34110", "2012-03-31": "1.63560", "2011-12-31": "1.76660", "2011-09-30": "2.16600", "2011-06-30": "2.07920", "2011-03-31": "2.60910", "2010-12-31": "3.26160", "2010-09-30": "3.24440", "2010-06-30": "8.09960", "2010-03-31": "4.35900", "2009-12-31": "5.21900", "2009-09-30": "6.71650", "2009-06-30": "4.12830", "2009-03-31": "2.36880", "2008-12-31": "-0.76850", "2008-09-30": "3.03470", "2008-06-30": "3.02820", "2008-03-31": "3.49430", "2007-12-31": "7.98970", "2007-09-30": "3.41310", "2007-06-30": "2.90100", "2007-03-31": "3.23880", "2006-12-31": "7.15860", "2006-09-30": "7.24320", "2006-06-30": "24.50620", "2006-03-31": "-23.90540", "2005-12-31": "-64.64150", "2005-09-30": "19.88550", "2005-06-30": "51.94380", "2005-03-31": "20.43720"}, "ROA - Return On Assets": {"2020-09-30": "0.25100", "2020-06-30": "0.24620", "2020-03-31": "-1.36690", "2019-12-31": "0.69220", "2019-09-30": "0.23660", "2019-06-30": "0.34490", "2019-03-31": "0.27910", "2018-12-31": "0.79230", "2018-09-30": "0.22380", "2018-06-30": "-0.78730", "2018-03-31": "0.42600", "2017-12-31": "0.10470", "2017-09-30": "0.67340", "2017-06-30": "0.12630", "2017-03-31": "0.51520", "2016-12-31": "0.07140", "2016-09-30": "-0.19420", "2016-06-30": "0.43990", "2016-03-31": "0.72760", "2015-12-31": "0.42410", "2015-09-30": "-2.10830", "2015-06-30": "0.36510", "2015-03-31": "-1.04990", "2014-12-31": "0.00500", "2014-09-30": "-0.21290", "2014-06-30": "-0.12510", "2014-03-31": "0.01810", "2013-12-31": "-0.28250", "2013-09-30": "0.32700", "2013-06-30": "-0.55360", "2013-03-31": "-0.34690", "2012-12-31": "-0.79400", "2012-09-30": "-0.88220", "2012-06-30": "-1.14390", "2012-03-31": "-0.55430", "2011-12-31": "-0.80880", "2011-09-30": "-0.92650", "2011-06-30": "-0.80990", "2011-03-31": "-0.99170", "2010-12-31": "-1.13470", "2010-09-30": "-1.00980", "2010-06-30": "-2.44210", "2010-03-31": "-1.14380", "2009-12-31": "-1.31610", "2009-09-30": "-1.49750", "2009-06-30": "-0.90390", "2009-03-31": "-0.56400", "2008-12-31": "0.18560", "2008-09-30": "-0.81610", "2008-06-30": "-0.96020", "2008-03-31": "-0.79880", "2007-12-31": "-1.78140", "2007-09-30": "-0.76190", "2007-06-30": "-0.66880", "2007-03-31": "-0.72990", "2006-12-31": "-1.18580", "2006-09-30": "-1.21580", "2006-06-30": "-3.76520", "2006-03-31": "-0.96880", "2005-12-31": "-3.38910", "2005-09-30": "-1.63070", "2005-06-30": "-3.07720", "2005-03-31": "-2.52250"}, "ROI - Return On Investment": {"2020-09-30": "0.36540", "2020-06-30": "0.36990", "2020-03-31": "-2.23130", "2019-12-31": "1.09930", "2019-09-30": "0.34760", "2019-06-30": "0.59100", "2019-03-31": "0.47440", "2018-12-31": "1.01700", "2018-09-30": "0.24590", "2018-06-30": "-0.86520", "2018-03-31": "0.46560", "2017-12-31": "0.11450", "2017-09-30": "0.82930", "2017-06-30": "0.15590", "2017-03-31": "0.55870", "2016-12-31": "0.08550", "2016-09-30": "-0.22450", "2016-06-30": "0.51870", "2016-03-31": "0.78630", "2015-12-31": "0.46110", "2015-09-30": "-2.31060", "2015-06-30": "0.39960", "2015-03-31": "-1.14650", "2014-12-31": "0.00540", "2014-09-30": "-0.26930", "2014-06-30": "-0.15940", "2014-03-31": "0.02080", "2013-12-31": "-0.33320", "2013-09-30": "0.35380", "2013-06-30": "-0.59170", "2013-03-31": "-0.40090", "2012-12-31": "-0.94930", "2012-09-30": "-1.02870", "2012-06-30": "-1.53530", "2012-03-31": "-0.59220", "2011-12-31": "-0.87380", "2011-09-30": "-1.00100", "2011-06-30": "-0.87140", "2011-03-31": "-1.06820", "2010-12-31": "-1.22690", "2010-09-30": "-1.09260", "2010-06-30": "-2.64050", "2010-03-31": "-1.23280", "2009-12-31": "-1.42510", "2009-09-30": "-1.59510", "2009-06-30": "-0.95830", "2009-03-31": "-0.59670", "2008-12-31": "0.19600", "2008-09-30": "-0.86150", "2008-06-30": "-1.01520", "2008-03-31": "-0.84660", "2007-12-31": "-1.89410", "2007-09-30": "-0.80430", "2007-06-30": "-0.70430", "2007-03-31": "-0.76700", "2006-12-31": "-1.25010", "2006-09-30": "-1.28590", "2006-06-30": "-9.34050", "2006-03-31": "-1.06320", "2005-12-31": "-3.72850", "2005-09-30": "-1.81190", "2005-06-30": "-3.39510", "2005-03-31": "-2.78050"}, "Book Value Per Share": {"2020-09-30": "-40.25730", "2020-06-30": "-38.46560", "2020-03-31": "-38.69910", "2019-12-31": "-32.80700", "2019-09-30": "-31.61850", "2019-06-30": "-29.52820", "2019-03-31": "-29.17520", "2018-12-31": "-30.03410", "2018-09-30": "-27.52950", "2018-06-30": "-26.49210", "2018-03-31": "-22.22200", "2017-12-31": "-22.32030", "2017-09-30": "-19.06470", "2017-06-30": "-16.41320", "2017-03-31": "-15.80540", "2016-12-31": "-16.49470", "2016-09-30": "-13.42800", "2016-06-30": "-12.90540", "2016-03-31": "-12.99130", "2015-12-31": "-13.56850", "2015-09-30": "-13.45820", "2015-06-30": "-8.83760", "2015-03-31": "-8.01050", "2014-12-31": "-5.11720", "2014-09-30": "-2.30540", "2014-06-30": "1.23380", "2014-03-31": "3.07630", "2013-12-31": "2.77940", "2013-09-30": "3.49960", "2013-06-30": "3.41000", "2013-03-31": "5.48830", "2012-12-31": "5.14440", "2012-09-30": "3.61660", "2012-06-30": "3.95240", "2012-03-31": "2.23820", "2011-12-31": "-0.10320", "2011-09-30": "0.05760", "2011-06-30": "1.01320", "2011-03-31": "1.88030", "2010-12-31": "2.76150", "2010-09-30": "3.23620", "2010-06-30": "3.47170", "2010-03-31": "4.80100", "2009-12-31": "5.12420", "2009-09-30": "5.46330", "2009-06-30": "5.89090", "2009-03-31": "5.47650", "2008-12-31": "5.53510", "2008-09-30": "3.40580", "2008-06-30": "1.22710", "2008-03-31": "3.00270", "2007-12-31": "3.11300", "2007-09-30": "2.60700", "2007-06-30": "2.26530", "2007-03-31": "2.26150", "2006-12-31": "3.65210", "2006-09-30": "3.71250", "2006-06-30": "3.92410", "2006-03-31": "0.88660", "2005-12-31": "0.95110", "2005-09-30": "-0.62040", "2005-06-30": "-0.67220", "2005-03-31": "-1.58950"}, "Operating Cash Flow Per Share": {"2020-09-30": 2.5516, "2020-06-30": 2.7315, "2020-03-31": "2.48190", "2019-12-31": 2.3373, "2019-09-30": 2.0653, "2019-06-30": 2.1079, "2019-03-31": "1.94730", "2018-12-31": 1.9252, "2018-09-30": 1.6812, "2018-06-30": 2.1845, "2018-03-31": "1.50960", "2017-12-31": 1.8759, "2017-09-30": 1.5858, "2017-06-30": 1.8859, "2017-03-31": "1.41540", "2016-12-31": 1.7021, "2016-09-30": 1.4111, "2016-06-30": 1.6734, "2016-03-31": "1.14680", "2015-12-31": 1.4529, "2015-09-30": 1.315, "2015-06-30": 1.5094, "2015-03-31": "1.38050", "2014-12-31": 1.4701, "2014-09-30": 1.1631, "2014-06-30": 1.4395, "2014-03-31": "1.15800", "2013-12-31": 1.3888, "2013-09-30": 0.7191, "2013-06-30": 1.0449, "2013-03-31": "0.74160", "2012-12-31": 0.8824, "2012-09-30": 0.7256, "2012-06-30": 0.6336, "2012-03-31": "0.59270", "2011-12-31": 0.5406, "2011-09-30": 0.5971, "2011-06-30": 0.6292, "2011-03-31": "0.46490", "2010-12-31": 0.4955, "2010-09-30": 0.3962, "2010-06-30": 0.5289, "2010-03-31": "0.31950", "2009-12-31": 0.4444, "2009-09-30": 0.5375, "2009-06-30": 0.5, "2009-03-31": "0.41770", "2008-12-31": 0.3319, "2008-09-30": 0.5011, "2008-06-30": 0.4275, "2008-03-31": "0.32030", "2007-12-31": 0.3851, "2007-09-30": 0.2721, "2007-06-30": 0.2653, "2007-03-31": "0.25120", "2006-12-31": 0.382, "2006-09-30": 0.1119, "2006-06-30": 0.0795, "2006-03-31": "0.17750", "2005-12-31": 0.1889, "2005-09-30": 0.2326, "2005-06-30": 0.0075, "2005-03-31": "0.24510"}, "Free Cash Flow Per Share": {"2020-09-30": 2.3023, "2020-06-30": 2.4932, "2020-03-31": "2.13080", "2019-12-31": 1.9595, "2019-09-30": 1.7315, "2019-06-30": 1.7928, "2019-03-31": "1.62920", "2018-12-31": 1.5434, "2018-09-30": 1.3735, "2018-06-30": 1.8511, "2018-03-31": "1.24670", "2017-12-31": 1.5393, "2017-09-30": 1.2745, "2017-06-30": 1.6124, "2017-03-31": "1.12180", "2016-12-31": 1.4208, "2016-09-30": 1.1356, "2016-06-30": 1.3975, "2016-03-31": "0.86090", "2015-12-31": 1.096, "2015-09-30": 0.9498, "2015-06-30": 1.1253, "2015-03-31": "0.85350", "2014-12-31": 0.8493, "2014-09-30": 0.7048, "2014-06-30": 1.113, "2014-03-31": "0.92500", "2013-12-31": 0.822, "2013-09-30": 0.5138, "2013-06-30": 0.7818, "2013-03-31": "0.45500", "2012-12-31": -0.2222, "2012-09-30": 1.2866, "2012-06-30": 0.4587, "2012-03-31": "0.36960", "2011-12-31": 0.2804, "2011-09-30": 0.2161, "2011-06-30": 0.3089, "2011-03-31": "0.28890", "2010-12-31": 0.3369, "2010-09-30": 0.2159, "2010-06-30": 0.3952, "2010-03-31": "0.21580", "2009-12-31": 0.3386, "2009-09-30": 0.4341, "2009-06-30": 0.3795, "2009-03-31": "0.35370", "2008-12-31": 0.2517, "2008-09-30": 0.4089, "2008-06-30": 0.3481, "2008-03-31": "0.24340", "2007-12-31": 0.3124, "2007-09-30": 0.2091, "2007-06-30": 0.1914, "2007-03-31": "0.19690", "2006-12-31": 0.2757, "2006-09-30": 0.0536, "2006-06-30": 0.0164, "2006-03-31": "0.11280", "2005-12-31": 0.1056, "2005-09-30": 0.1572, "2005-06-30": -0.0426, "2005-03-31": "0.20590"}}, "revenue": {"SBA Communications Annual Revenue (Millions of US $)": {"2019": "$2,015", "2018": "$1,866", "2017": "$1,728", "2016": "$1,633", "2015": "$1,638", "2014": "$1,527", "2013": "$1,305", "2012": "$954", "2011": "$698", "2010": "$627", "2009": "$556", "2008": "$475", "2007": "$408", "2006": "$351", "2005": "$260"}, "SBA Communications Quarterly Revenue (Millions of US $)": {"2020-09-30": "$523", "2020-06-30": "$507", "2020-03-31": "$517", "2019-12-31": "$514", "2019-09-30": "$508", "2019-06-30": "$500", "2019-03-31": "$493", "2018-12-31": "$484", "2018-09-30": "$467", "2018-06-30": "$456", "2018-03-31": "$458", "2017-12-31": "$443", "2017-09-30": "$434", "2017-06-30": "$427", "2017-03-31": "$423", "2016-12-31": "$417", "2016-09-30": "$411", "2016-06-30": "$406", "2016-03-31": "$400", "2015-12-31": "$407", "2015-09-30": "$411", "2015-06-30": "$411", "2015-03-31": "$410", "2014-12-31": "$405", "2014-09-30": "$393", "2014-06-30": "$383", "2014-03-31": "$346", "2013-12-31": "$335", "2013-09-30": "$332", "2013-06-30": "$324", "2013-03-31": "$313", "2012-12-31": "$294", "2012-09-30": "$239", "2012-06-30": "$229", "2012-03-31": "$192", "2011-12-31": "$184", "2011-09-30": "$176", "2011-06-30": "$171", "2011-03-31": "$168", "2010-12-31": "$165", "2010-09-30": "$159", "2010-06-30": "$155", "2010-03-31": "$148", "2009-12-31": "$145", "2009-09-30": "$139", "2009-06-30": "$136", "2009-03-31": "$135", "2008-12-31": "$134", "2008-09-30": "$119", "2008-06-30": "$112", "2008-03-31": "$110", "2007-12-31": "$109", "2007-09-30": "$103", "2007-06-30": "$100", "2007-03-31": "$96", "2006-12-31": "$97", "2006-09-30": "$98", "2006-06-30": "$87", "2006-03-31": "$69", "2005-12-31": "$72", "2005-09-30": "$66", "2005-06-30": "$63", "2005-03-31": "$58"}}, "gross-profit": {"SBA Communications Annual Gross Profit (Millions of US $)": {"2019": "$1,522", "2018": "$1,397", "2017": "$1,281", "2016": "$1,212", "2015": "$1,194", "2014": "$1,099", "2013": "$897", "2012": "$675", "2011": "$495", "2010": "$427", "2009": "$375", "2008": "$307", "2007": "$245", "2006": "$195", "2005": "$120"}, "SBA Communications Quarterly Gross Profit (Millions of US $)": {"2020-09-30": "$401", "2020-06-30": "$396", "2020-03-31": "$402", "2019-12-31": "$392", "2019-09-30": "$384", "2019-06-30": "$376", "2019-03-31": "$369", "2018-12-31": "$362", "2018-09-30": "$350", "2018-06-30": "$342", "2018-03-31": "$343", "2017-12-31": "$329", "2017-09-30": "$322", "2017-06-30": "$318", "2017-03-31": "$312", "2016-12-31": "$310", "2016-09-30": "$306", "2016-06-30": "$299", "2016-03-31": "$297", "2015-12-31": "$297", "2015-09-30": "$299", "2015-06-30": "$299", "2015-03-31": "$299", "2014-12-31": "$293", "2014-09-30": "$281", "2014-06-30": "$276", "2014-03-31": "$248", "2013-12-31": "$235", "2013-09-30": "$229", "2013-06-30": "$221", "2013-03-31": "$212", "2012-12-31": "$204", "2012-09-30": "$167", "2012-06-30": "$163", "2012-03-31": "$140", "2011-12-31": "$134", "2011-09-30": "$124", "2011-06-30": "$121", "2011-03-31": "$117", "2010-12-31": "$114", "2010-09-30": "$108", "2010-06-30": "$105", "2010-03-31": "$101", "2009-12-31": "$98", "2009-09-30": "$94", "2009-06-30": "$92", "2009-03-31": "$91", "2008-12-31": "$88", "2008-09-30": "$77", "2008-06-30": "$73", "2008-03-31": "$70", "2007-12-31": "$66", "2007-09-30": "$60", "2007-06-30": "$61", "2007-03-31": "$58", "2006-12-31": "$57", "2006-09-30": "$56", "2006-06-30": "$47", "2006-03-31": "$35", "2005-12-31": "$33", "2005-09-30": "$31", "2005-06-30": "$29", "2005-03-31": "$27"}}, "operating-income": {"SBA Communications Annual Operating Income (Millions of US $)": {"2019": "$583", "2018": "$544", "2017": "$459", "2016": "$387", "2015": "$312", "2014": "$337", "2013": "$230", "2012": "$147", "2011": "$111", "2010": "$74", "2009": "$55", "2008": "$46", "2007": "$30", "2006": "$20", "2005": "$4"}, "SBA Communications Quarterly Operating Income (Millions of US $)": {"2020-09-30": "$160", "2020-06-30": "$157", "2020-03-31": "$151", "2019-12-31": "$154", "2019-09-30": "$154", "2019-06-30": "$136", "2019-03-31": "$139", "2018-12-31": "$150", "2018-09-30": "$138", "2018-06-30": "$126", "2018-03-31": "$130", "2017-12-31": "$119", "2017-09-30": "$117", "2017-06-30": "$115", "2017-03-31": "$108", "2016-12-31": "$107", "2016-09-30": "$108", "2016-06-30": "$74", "2016-03-31": "$98", "2015-12-31": "$82", "2015-09-30": "$43", "2015-06-30": "$98", "2015-03-31": "$89", "2014-12-31": "$97", "2014-09-30": "$89", "2014-06-30": "$83", "2014-03-31": "$67", "2013-12-31": "$59", "2013-09-30": "$64", "2013-06-30": "$50", "2013-03-31": "$57", "2012-12-31": "$31", "2012-09-30": "$41", "2012-06-30": "$35", "2012-03-31": "$40", "2011-12-31": "$32", "2011-09-30": "$28", "2011-06-30": "$27", "2011-03-31": "$24", "2010-12-31": "$17", "2010-09-30": "$21", "2010-06-30": "$20", "2010-03-31": "$17", "2009-12-31": "$12", "2009-09-30": "$15", "2009-06-30": "$14", "2009-03-31": "$14", "2008-12-31": "$12", "2008-09-30": "$11", "2008-06-30": "$11", "2008-03-31": "$12", "2007-12-31": "$10", "2007-09-30": "$5", "2007-06-30": "$8", "2007-03-31": "$7", "2006-12-31": "$7", "2006-09-30": "$6", "2006-06-30": "$3", "2006-03-31": "$4", "2005-12-31": "$4", "2005-09-30": "$3", "2005-06-30": "$-0", "2005-03-31": "$-2"}}, "ebitda": {"SBA Communications Annual EBITDA (Millions of US $)": {"2019": "$1,333", "2018": "$1,263", "2017": "$1,156", "2016": "$1,072", "2015": "$992", "2014": "$1,000", "2013": "$802", "2012": "$575", "2011": "$429", "2010": "$362", "2009": "$324", "2008": "$268", "2007": "$207", "2006": "$169", "2005": "$120"}, "SBA Communications Quarterly EBITDA (Millions of US $)": {"2020-09-30": "$310", "2020-06-30": "$347", "2020-03-31": "$353", "2019-12-31": "$386", "2019-09-30": "$304", "2019-06-30": "$322", "2019-03-31": "$321", "2018-12-31": "$366", "2018-09-30": "$290", "2018-06-30": "$311", "2018-03-31": "$295", "2017-12-31": "$297", "2017-09-30": "$292", "2017-06-30": "$286", "2017-03-31": "$281", "2016-12-31": "$297", "2016-09-30": "$256", "2016-06-30": "$253", "2016-03-31": "$267", "2015-12-31": "$249", "2015-09-30": "$204", "2015-06-30": "$273", "2015-03-31": "$265", "2014-12-31": "$282", "2014-09-30": "$253", "2014-06-30": "$249", "2014-03-31": "$216", "2013-12-31": "$221", "2013-09-30": "$194", "2013-06-30": "$202", "2013-03-31": "$186", "2012-12-31": "$172", "2012-09-30": "$145", "2012-06-30": "$132", "2012-03-31": "$125", "2011-12-31": "$114", "2011-09-30": "$108", "2011-06-30": "$106", "2011-03-31": "$101", "2010-12-31": "$92", "2010-09-30": "$93", "2010-06-30": "$91", "2010-03-31": "$87", "2009-12-31": "$80", "2009-09-30": "$83", "2009-06-30": "$81", "2009-03-31": "$81", "2008-12-31": "$76", "2008-09-30": "$67", "2008-06-30": "$63", "2008-03-31": "$61", "2007-12-31": "$56", "2007-09-30": "$50", "2007-06-30": "$52", "2007-03-31": "$49", "2006-12-31": "$48", "2006-09-30": "$49", "2006-06-30": "$41", "2006-03-31": "$31", "2005-12-31": "$32", "2005-09-30": "$31", "2005-06-30": "$29", "2005-03-31": "$28"}}, "net-income": {"SBA Communications Annual Net Income (Millions of US $)": {"2019": "$147", "2018": "$47", "2017": "$104", "2016": "$76", "2015": "$-176", "2014": "$-24", "2013": "$-56", "2012": "$-181", "2011": "$-126", "2010": "$-195", "2009": "$-141", "2008": "$-67", "2007": "$-91", "2006": "$-133", "2005": "$-95"}, "SBA Communications Quarterly Net Income (Millions of US $)": {"2020-09-30": "$23", "2020-06-30": "$23", "2020-03-31": "$-127", "2019-12-31": "$67", "2019-09-30": "$22", "2019-06-30": "$32", "2019-03-31": "$26", "2018-12-31": "$57", "2018-09-30": "$16", "2018-06-30": "$-57", "2018-03-31": "$32", "2017-12-31": "$8", "2017-09-30": "$49", "2017-06-30": "$9", "2017-03-31": "$38", "2016-12-31": "$5", "2016-09-30": "$-15", "2016-06-30": "$33", "2016-03-31": "$54", "2015-12-31": "$31", "2015-09-30": "$-156", "2015-06-30": "$28", "2015-03-31": "$-79", "2014-12-31": "$0", "2014-09-30": "$-17", "2014-06-30": "$-9", "2014-03-31": "$1", "2013-12-31": "$-19", "2013-09-30": "$22", "2013-06-30": "$-36", "2013-03-31": "$-22", "2012-12-31": "$-52", "2012-09-30": "$-52", "2012-06-30": "$-53", "2012-03-31": "$-23", "2011-12-31": "$-29", "2011-09-30": "$-33", "2011-06-30": "$-30", "2011-03-31": "$-34", "2010-12-31": "$-39", "2010-09-30": "$-34", "2010-06-30": "$-84", "2010-03-31": "$-37", "2009-12-31": "$-44", "2009-09-30": "$-50", "2009-06-30": "$-29", "2009-03-31": "$-18", "2008-12-31": "$6", "2008-09-30": "$-28", "2008-06-30": "$-26", "2008-03-31": "$-19", "2007-12-31": "$-42", "2007-09-30": "$-18", "2007-06-30": "$-15", "2007-03-31": "$-16", "2006-12-31": "$-24", "2006-09-30": "$-24", "2006-06-30": "$-76", "2006-03-31": "$-9", "2005-12-31": "$-32", "2005-09-30": "$-14", "2005-06-30": "$-26", "2005-03-31": "$-22"}}, "eps-earnings-per-share-diluted": {"SBA Communications Annual EPS": {"2019": "$1.28", "2018": "$0.41", "2017": "$0.86", "2016": "$0.61", "2015": "$-1.37", "2014": "$-0.19", "2013": "$-0.44", "2012": "$-1.51", "2011": "$-1.14", "2010": "$-1.68", "2009": "$-1.20", "2008": "$-0.61", "2007": "$-0.87", "2006": "$-1.36", "2005": "$-1.28"}, "SBA Communications Quarterly EPS": {"2020-09-30": "$0.20", "2020-06-30": "$0.20", "2020-03-31": "$-1.14", "2019-12-31": "$0.58", "2019-09-30": "$0.19", "2019-06-30": "$0.28", "2019-03-31": "$0.23", "2018-12-31": "$0.50", "2018-09-30": "$0.14", "2018-06-30": "$-0.50", "2018-03-31": "$0.27", "2017-12-31": "$0.06", "2017-09-30": "$0.41", "2017-06-30": "$0.08", "2017-03-31": "$0.31", "2016-12-31": "$0.04", "2016-09-30": "$-0.12", "2016-06-30": "$0.26", "2016-03-31": "$0.43", "2015-12-31": "$0.25", "2015-09-30": "$-1.23", "2015-06-30": "$0.22", "2015-03-31": "$-0.61", "2014-12-31": "$0.00", "2014-09-30": "$-0.13", "2014-06-30": "$-0.07", "2014-03-31": "$0.01", "2013-12-31": "$-0.14", "2013-09-30": "$0.16", "2013-06-30": "$-0.28", "2013-03-31": "$-0.18", "2012-12-31": "$-0.44", "2012-09-30": "$-0.43", "2012-06-30": "$-0.44", "2012-03-31": "$-0.20", "2011-12-31": "$-0.27", "2011-09-30": "$-0.30", "2011-06-30": "$-0.27", "2011-03-31": "$-0.30", "2010-12-31": "$-0.34", "2010-09-30": "$-0.30", "2010-06-30": "$-0.72", "2010-03-31": "$-0.32", "2009-12-31": "$-0.37", "2009-09-30": "$-0.43", "2009-06-30": "$-0.25", "2009-03-31": "$-0.15", "2008-12-31": "$0.07", "2008-09-30": "$-0.26", "2008-06-30": "$-0.24", "2008-03-31": "$-0.18", "2007-12-31": "$-0.39", "2007-09-30": "$-0.17", "2007-06-30": "$-0.15", "2007-03-31": "$-0.16", "2006-12-31": "$-0.24", "2006-09-30": "$-0.24", "2006-06-30": "$-0.77", "2006-03-31": "$-0.11", "2005-12-31": "$-0.38", "2005-09-30": "$-0.19", "2005-06-30": "$-0.38", "2005-03-31": "$-0.33"}}, "shares-outstanding": {"SBA Communications Annual Shares Outstanding (Millions of Shares)": {"2019": "115", "2018": "117", "2017": "121", "2016": "125", "2015": "128", "2014": "129", "2013": "128", "2012": "120", "2011": "112", "2010": "116", "2009": "117", "2008": "110", "2007": "105", "2006": "98", "2005": "74"}, "SBA Communications Quarterly Shares Outstanding (Millions of Shares)": {"2020-09-30": "114", "2020-06-30": "114", "2020-03-31": "112", "2019-12-31": "115", "2019-09-30": "115", "2019-06-30": "115", "2019-03-31": "114", "2018-12-31": "117", "2018-09-30": "116", "2018-06-30": "115", "2018-03-31": "118", "2017-12-31": "121", "2017-09-30": "121", "2017-06-30": "122", "2017-03-31": "122", "2016-12-31": "125", "2016-09-30": "125", "2016-06-30": "126", "2016-03-31": "126", "2015-12-31": "128", "2015-09-30": "127", "2015-06-30": "130", "2015-03-31": "129", "2014-12-31": "129", "2014-09-30": "129", "2014-06-30": "129", "2014-03-31": "138", "2013-12-31": "128", "2013-09-30": "137", "2013-06-30": "128", "2013-03-31": "127", "2012-12-31": "120", "2012-09-30": "122", "2012-06-30": "121", "2012-03-31": "111", "2011-12-31": "112", "2011-09-30": "110", "2011-06-30": "112", "2011-03-31": "114", "2010-12-31": "116", "2010-09-30": "115", "2010-06-30": "116", "2010-03-31": "117", "2009-12-31": "117", "2009-09-30": "117", "2009-06-30": "117", "2009-03-31": "118", "2008-12-31": "110", "2008-09-30": "107", "2008-06-30": "107", "2008-03-31": "108", "2007-12-31": "105", "2007-09-30": "104", "2007-06-30": "103", "2007-03-31": "106", "2006-12-31": "98", "2006-09-30": "104", "2006-06-30": "98", "2006-03-31": "86", "2005-12-31": "74", "2005-09-30": "74", "2005-06-30": "70", "2005-03-31": "65"}}, "total-assets": {"SBA Communications Annual Total Assets (Millions of US $)": {"2019": "$9,760", "2018": "$7,214", "2017": "$7,320", "2016": "$7,361", "2015": "$7,313", "2014": "$7,841", "2013": "$6,783", "2012": "$6,616", "2011": "$3,606", "2010": "$3,400", "2009": "$3,314", "2008": "$3,208", "2007": "$2,384", "2006": "$2,046", "2005": "$953"}, "SBA Communications Quarterly Total Assets (Millions of US $)": {"2020-09-30": "$9,035", "2020-06-30": "$9,391", "2020-03-31": "$9,360", "2019-12-31": "$9,760", "2019-09-30": "$9,201", "2019-06-30": "$9,269", "2019-03-31": "$9,313", "2018-12-31": "$7,214", "2018-09-30": "$7,214", "2018-06-30": "$7,289", "2018-03-31": "$7,405", "2017-12-31": "$7,320", "2017-09-30": "$7,300", "2017-06-30": "$7,309", "2017-03-31": "$7,297", "2016-12-31": "$7,361", "2016-09-30": "$7,916", "2016-06-30": "$7,436", "2016-03-31": "$7,372", "2015-12-31": "$7,313", "2015-09-30": "$7,397", "2015-06-30": "$7,752", "2015-03-31": "$7,527", "2014-12-31": "$7,841", "2014-09-30": "$7,809", "2014-06-30": "$7,565", "2014-03-31": "$7,791", "2013-12-31": "$6,783", "2013-09-30": "$6,584", "2013-06-30": "$6,485", "2013-03-31": "$6,450", "2012-12-31": "$6,616", "2012-09-30": "$6,083", "2012-06-30": "$4,794", "2012-03-31": "$4,087", "2011-12-31": "$3,606", "2011-09-30": "$3,609", "2011-06-30": "$3,693", "2011-03-31": "$3,466", "2010-12-31": "$3,400", "2010-09-30": "$3,424", "2010-06-30": "$3,434", "2010-03-31": "$3,271", "2009-12-31": "$3,314", "2009-09-30": "$3,352", "2009-06-30": "$3,256", "2009-03-31": "$3,172", "2008-12-31": "$3,208", "2008-09-30": "$3,388", "2008-06-30": "$2,733", "2008-03-31": "$2,407", "2007-12-31": "$2,384", "2007-09-30": "$2,301", "2007-06-30": "$2,254", "2007-03-31": "$2,246", "2006-12-31": "$2,046", "2006-09-30": "$2,002", "2006-06-30": "$2,009", "2006-03-31": "$950", "2005-12-31": "$953", "2005-09-30": "$886", "2005-06-30": "$857", "2005-03-31": "$854"}}, "cash-on-hand": {"SBA Communications Annual Cash on Hand (Millions of US $)": {"2019": "$139", "2018": "$176", "2017": "$102", "2016": "$183", "2015": "$144", "2014": "$98", "2013": "$175", "2012": "$266", "2011": "$75", "2010": "$98", "2009": "$197", "2008": "$118", "2007": "$163", "2006": "$81", "2005": "$85"}, "SBA Communications Quarterly Cash on Hand (Millions of US $)": {"2020-09-30": "$333", "2020-06-30": "$475", "2020-03-31": "$227", "2019-12-31": "$139", "2019-09-30": "$156", "2019-06-30": "$124", "2019-03-31": "$141", "2018-12-31": "$176", "2018-09-30": "$161", "2018-06-30": "$159", "2018-03-31": "$138", "2017-12-31": "$102", "2017-09-30": "$170", "2017-06-30": "$195", "2017-03-31": "$163", "2016-12-31": "$183", "2016-09-30": "$718", "2016-06-30": "$160", "2016-03-31": "$129", "2015-12-31": "$144", "2015-09-30": "$121", "2015-06-30": "$118", "2015-03-31": "$109", "2014-12-31": "$98", "2014-09-30": "$502", "2014-06-30": "$150", "2014-03-31": "$363", "2013-12-31": "$175", "2013-09-30": "$243", "2013-06-30": "$231", "2013-03-31": "$153", "2012-12-31": "$266", "2012-09-30": "$1,469", "2012-06-30": "$109", "2012-03-31": "$549", "2011-12-31": "$75", "2011-09-30": "$209", "2011-06-30": "$305", "2011-03-31": "$128", "2010-12-31": "$98", "2010-09-30": "$231", "2010-06-30": "$260", "2010-03-31": "$149", "2009-12-31": "$197", "2009-09-30": "$319", "2009-06-30": "$215", "2009-03-31": "$127", "2008-12-31": "$118", "2008-09-30": "$477", "2008-06-30": "$252", "2008-03-31": "$175", "2007-12-31": "$163", "2007-09-30": "$197", "2007-06-30": "$229", "2007-03-31": "$253", "2006-12-31": "$81", "2006-09-30": "$52", "2006-06-30": "$75", "2006-03-31": "$71", "2005-12-31": "$85", "2005-09-30": "$25", "2005-06-30": "$23", "2005-03-31": "$21"}}, "long-term-debt": {"SBA Communications Annual Long Term Debt (Millions of US $)": {"2019": "$9,812", "2018": "$8,997", "2017": "$9,291", "2016": "$8,148", "2015": "$8,432", "2014": "$7,828", "2013": "$5,395", "2012": "$4,881", "2011": "$3,349", "2010": "$2,827", "2009": "$2,460", "2008": "$2,386", "2007": "$1,905", "2006": "$1,555", "2005": "$784"}, "SBA Communications Quarterly Long Term Debt (Millions of US $)": {"2020-09-30": "$10,693", "2020-06-30": "$10,556", "2020-03-31": "$10,051", "2019-12-31": "$9,812", "2019-09-30": "$9,822", "2019-06-30": "$8,749", "2019-03-31": "$8,781", "2018-12-31": "$8,997", "2018-09-30": "$9,710", "2018-06-30": "$9,676", "2018-03-31": "$9,364", "2017-12-31": "$9,291", "2017-09-30": "$8,186", "2017-06-30": "$7,906", "2017-03-31": "$8,646", "2016-12-31": "$8,148", "2016-09-30": "$8,515", "2016-06-30": "$7,914", "2016-03-31": "$8,452", "2015-12-31": "$8,432", "2015-09-30": "$8,447", "2015-06-30": "$8,216", "2015-03-31": "$7,930", "2014-12-31": "$7,828", "2014-09-30": "$6,472", "2014-06-30": "$5,779", "2014-03-31": "$6,366", "2013-12-31": "$5,395", "2013-09-30": "$5,637", "2013-06-30": "$5,631", "2013-03-31": "$4,885", "2012-12-31": "$4,881", "2012-09-30": "$4,776", "2012-06-30": "$3,091", "2012-03-31": "$3,565", "2011-12-31": "$3,349", "2011-09-30": "$3,334", "2011-06-30": "$3,319", "2011-03-31": "$3,005", "2010-12-31": "$2,827", "2010-09-30": "$2,792", "2010-06-30": "$2,778", "2010-03-31": "$2,472", "2009-12-31": "$2,460", "2009-09-30": "$2,508", "2009-06-30": "$2,384", "2009-03-31": "$2,348", "2008-12-31": "$2,386", "2008-09-30": "$2,822", "2008-06-30": "$2,455", "2008-03-31": "$1,945", "2007-12-31": "$1,905", "2007-09-30": "$1,905", "2007-06-30": "$1,905", "2007-03-31": "$1,905", "2006-12-31": "$1,555", "2006-09-30": "$1,505", "2006-06-30": "$405", "2006-03-31": "$790", "2005-12-31": "$784", "2005-09-30": "$844", "2005-06-30": "$827", "2005-03-31": "$879"}}, "total-liabilities": {"SBA Communications Annual Total Liabilities (Millions of US $)": {"2019": "$13,427", "2018": "$10,591", "2017": "$9,919", "2016": "$9,357", "2015": "$9,019", "2014": "$8,502", "2013": "$6,426", "2012": "$5,963", "2011": "$3,618", "2010": "$3,083", "2009": "$2,714", "2008": "$2,557", "2007": "$2,047", "2006": "$1,660", "2005": "$871"}, "SBA Communications Quarterly Total Liabilities (Millions of US $)": {"2020-09-30": "$13,521", "2020-06-30": "$13,696", "2020-03-31": "$13,677", "2019-12-31": "$13,427", "2019-09-30": "$12,762", "2019-06-30": "$12,609", "2019-03-31": "$12,616", "2018-12-31": "$10,591", "2018-09-30": "$10,359", "2018-06-30": "$10,332", "2018-03-31": "$9,993", "2017-12-31": "$9,919", "2017-09-30": "$9,558", "2017-06-30": "$9,295", "2017-03-31": "$9,214", "2016-12-31": "$9,357", "2016-09-30": "$9,585", "2016-06-30": "$9,044", "2016-03-31": "$9,002", "2015-12-31": "$9,019", "2015-09-30": "$9,094", "2015-06-30": "$8,885", "2015-03-31": "$8,564", "2014-12-31": "$8,502", "2014-09-30": "$8,107", "2014-06-30": "$7,405", "2014-03-31": "$7,395", "2013-12-31": "$6,426", "2013-09-30": "$6,136", "2013-06-30": "$6,049", "2013-03-31": "$5,753", "2012-12-31": "$5,963", "2012-09-30": "$5,643", "2012-06-30": "$4,313", "2012-03-31": "$3,827", "2011-12-31": "$3,618", "2011-09-30": "$3,603", "2011-06-30": "$3,580", "2011-03-31": "$3,253", "2010-12-31": "$3,083", "2010-09-30": "$3,052", "2010-06-30": "$3,036", "2010-03-31": "$2,708", "2009-12-31": "$2,714", "2009-09-30": "$2,714", "2009-06-30": "$2,568", "2009-03-31": "$2,522", "2008-12-31": "$2,557", "2008-09-30": "$3,001", "2008-06-30": "$2,603", "2008-03-31": "$2,081", "2007-12-31": "$2,047", "2007-09-30": "$2,026", "2007-06-30": "$2,019", "2007-03-31": "$2,014", "2006-12-31": "$1,660", "2006-09-30": "$1,614", "2006-06-30": "$1,604", "2006-03-31": "$874", "2005-12-31": "$871", "2005-09-30": "$933", "2005-06-30": "$907", "2005-03-31": "$958"}}, "total-share-holder-equity": {"SBA Communications Annual Share Holder Equity (Millions of US $)": {"2019": "$-3,667", "2018": "$-3,377", "2017": "$-2,599", "2016": "$-1,996", "2015": "$-1,706", "2014": "$-661", "2013": "$357", "2012": "$653", "2011": "$-11", "2010": "$317", "2009": "$600", "2008": "$651", "2007": "$337", "2006": "$386", "2005": "$81"}, "SBA Communications Quarterly Share Holder Equity (Millions of US $)": {"2020-09-30": "$-4,486", "2020-06-30": "$-4,305", "2020-03-31": "$-4,317", "2019-12-31": "$-3,667", "2019-09-30": "$-3,560", "2019-06-30": "$-3,339", "2019-03-31": "$-3,303", "2018-12-31": "$-3,377", "2018-09-30": "$-3,145", "2018-06-30": "$-3,042", "2018-03-31": "$-2,588", "2017-12-31": "$-2,599", "2017-09-30": "$-2,258", "2017-06-30": "$-1,986", "2017-03-31": "$-1,916", "2016-12-31": "$-1,996", "2016-09-30": "$-1,669", "2016-06-30": "$-1,608", "2016-03-31": "$-1,631", "2015-12-31": "$-1,706", "2015-09-30": "$-1,698", "2015-06-30": "$-1,133", "2015-03-31": "$-1,037", "2014-12-31": "$-661", "2014-09-30": "$-298", "2014-06-30": "$159", "2014-03-31": "$396", "2013-12-31": "$357", "2013-09-30": "$448", "2013-06-30": "$436", "2013-03-31": "$697", "2012-12-31": "$653", "2012-09-30": "$441", "2012-06-30": "$480", "2012-03-31": "$260", "2011-12-31": "$-11", "2011-09-30": "$6", "2011-06-30": "$113", "2011-03-31": "$213", "2010-12-31": "$317", "2010-09-30": "$372", "2010-06-30": "$398", "2010-03-31": "$562", "2009-12-31": "$600", "2009-09-30": "$638", "2009-06-30": "$687", "2009-03-31": "$650", "2008-12-31": "$651", "2008-09-30": "$387", "2008-06-30": "$130", "2008-03-31": "$326", "2007-12-31": "$337", "2007-09-30": "$275", "2007-06-30": "$235", "2007-03-31": "$232", "2006-12-31": "$386", "2006-09-30": "$388", "2006-06-30": "$405", "2006-03-31": "$76", "2005-12-31": "$81", "2005-09-30": "$-47", "2005-06-30": "$-50", "2005-03-31": "$-104"}}, "profit-margins": {"current": "-0.7%"}, "gross margin": {"2020-09-30": "77.20%", "2020-06-30": "76.93%", "2020-03-31": "76.21%", "2019-12-31": "75.48%", "2019-09-30": "75.11%", "2019-06-30": "74.95%", "2019-03-31": "74.89%", "2018-12-31": "74.91%", "2018-09-30": "74.78%", "2018-06-30": "74.60%", "2018-03-31": "74.46%", "2017-12-31": "74.17%", "2017-09-30": "74.19%", "2017-06-30": "74.26%", "2017-03-31": "74.05%", "2016-12-31": "74.17%", "2016-09-30": "73.83%", "2016-06-30": "73.40%", "2016-03-31": "73.17%", "2015-12-31": "72.85%", "2015-09-30": "72.69%", "2015-06-30": "72.39%", "2015-03-31": "72.22%", "2014-12-31": "71.91%", "2014-09-30": "71.38%", "2014-06-30": "70.77%", "2014-03-31": "69.78%", "2013-12-31": "68.79%", "2013-09-30": "68.57%", "2013-06-30": "68.72%", "2013-03-31": "69.40%", "2012-12-31": "70.65%", "2012-09-30": "71.56%", "2012-06-30": "71.83%", "2012-03-31": "71.78%", "2011-12-31": "70.96%", "2011-09-30": "70.00%", "2011-06-30": "69.38%", "2011-03-31": "68.62%", "2010-12-31": "68.26%", "2010-09-30": "67.87%", "2010-06-30": "67.80%", "2010-03-31": "67.78%", "2009-12-31": "67.57%", "2009-09-30": "67.10%", "2009-06-30": "66.41%", "2009-03-31": "65.80%", "2008-12-31": "64.84%", "2008-09-30": "63.56%", "2008-06-30": "61.98%", "2008-03-31": "60.90%", "2007-12-31": "60.05%", "2007-09-30": "59.60%", "2007-06-30": "59.34%", "2007-03-31": "57.67%", "2006-12-31": "55.56%", "2006-09-30": "52.45%", "2006-06-30": "49.66%", "2006-03-31": "47.41%", "2005-12-31": "46.33%"}, "operating margin": {"2020-09-30": "30.18%", "2020-06-30": "30.11%", "2020-03-31": "29.18%", "2019-12-31": "28.93%", "2019-09-30": "29.17%", "2019-06-30": "28.96%", "2019-03-31": "29.11%", "2018-12-31": "29.17%", "2018-09-30": "28.13%", "2018-06-30": "27.47%", "2018-03-31": "27.30%", "2017-12-31": "26.58%", "2017-09-30": "26.28%", "2017-06-30": "26.10%", "2017-03-31": "23.96%", "2016-12-31": "23.68%", "2016-09-30": "22.29%", "2016-06-30": "18.29%", "2016-03-31": "19.71%", "2015-12-31": "19.04%", "2015-09-30": "19.98%", "2015-06-30": "23.04%", "2015-03-31": "22.50%", "2014-12-31": "22.00%", "2014-09-30": "20.45%", "2014-06-30": "19.56%", "2014-03-31": "17.95%", "2013-12-31": "17.64%", "2013-09-30": "15.99%", "2013-06-30": "15.30%", "2013-03-31": "15.26%", "2012-12-31": "15.41%", "2012-09-30": "17.54%", "2012-06-30": "17.29%", "2012-03-31": "17.57%", "2011-12-31": "15.88%", "2011-09-30": "14.12%", "2011-06-30": "13.42%", "2011-03-31": "12.67%", "2010-12-31": "11.96%", "2010-09-30": "11.53%", "2010-06-30": "10.90%", "2010-03-31": "10.21%", "2009-12-31": "9.91%", "2009-09-30": "10.11%", "2009-06-30": "9.73%", "2009-03-31": "9.60%", "2008-12-31": "9.68%", "2008-09-30": "9.78%", "2008-06-30": "8.76%", "2008-03-31": "8.29%", "2007-12-31": "7.35%", "2007-09-30": "6.82%", "2007-06-30": "7.16%", "2007-03-31": "6.08%", "2006-12-31": "5.70%", "2006-09-30": "5.21%", "2006-06-30": "4.76%", "2006-03-31": "4.07%", "2005-12-31": "1.93%"}, "ebitda margin": {"2020-09-30": "67.73%", "2020-06-30": "67.94%", "2020-03-31": "66.94%", "2019-12-31": "66.15%", "2019-09-30": "66.15%", "2019-06-30": "66.82%", "2019-03-31": "67.79%", "2018-12-31": "67.67%", "2018-09-30": "65.41%", "2018-06-30": "66.72%", "2018-03-31": "66.40%", "2017-12-31": "66.94%", "2017-09-30": "67.96%", "2017-06-30": "66.75%", "2017-03-31": "65.60%", "2016-12-31": "65.67%", "2016-09-30": "63.12%", "2016-06-30": "59.91%", "2016-03-31": "60.96%", "2015-12-31": "60.46%", "2015-09-30": "62.55%", "2015-06-30": "66.28%", "2015-03-31": "65.93%", "2014-12-31": "65.49%", "2014-09-30": "64.45%", "2014-06-30": "63.04%", "2014-03-31": "62.30%", "2013-12-31": "61.58%", "2013-09-30": "59.70%", "2013-06-30": "60.26%", "2013-03-31": "59.07%", "2012-12-31": "60.17%", "2012-09-30": "61.14%", "2012-06-30": "61.33%", "2012-03-31": "62.66%", "2011-12-31": "61.37%", "2011-09-30": "59.85%", "2011-06-30": "59.13%", "2011-03-31": "58.27%", "2010-12-31": "57.89%", "2010-09-30": "57.83%", "2010-06-30": "58.09%", "2010-03-31": "58.27%", "2009-12-31": "58.56%", "2009-09-30": "59.01%", "2009-06-30": "58.21%", "2009-03-31": "57.40%", "2008-12-31": "56.21%", "2008-09-30": "54.89%", "2008-06-30": "53.00%", "2008-03-31": "51.90%", "2007-12-31": "50.74%", "2007-09-30": "50.25%", "2007-06-30": "50.64%", "2007-03-31": "49.47%", "2006-12-31": "48.15%", "2006-09-30": "46.93%", "2006-06-30": "45.92%", "2006-03-31": "45.56%", "2005-12-31": "46.33%"}, "pre tax profit margin": {"2020-09-30": "-3.59%", "2020-06-30": "-3.32%", "2020-03-31": "-2.11%", "2019-12-31": "9.28%", "2019-09-30": "8.87%", "2019-06-30": "8.80%", "2019-03-31": "2.47%", "2018-12-31": "2.73%", "2018-09-30": "-0.60%", "2018-06-30": "1.56%", "2018-03-31": "6.64%", "2017-12-31": "6.83%", "2017-09-30": "6.94%", "2017-06-30": "3.04%", "2017-03-31": "4.41%", "2016-12-31": "5.39%", "2016-09-30": "6.77%", "2016-06-30": "-1.85%", "2016-03-31": "-2.09%", "2015-12-31": "-10.13%", "2015-09-30": "-11.91%", "2015-06-30": "-3.52%", "2015-03-31": "-5.97%", "2014-12-31": "-1.05%", "2014-09-30": "-2.88%", "2014-06-30": "-0.29%", "2014-03-31": "-2.32%", "2013-12-31": "-4.37%", "2013-09-30": "-6.81%", "2013-06-30": "-13.76%", "2013-03-31": "-16.65%", "2012-12-31": "-18.55%", "2012-09-30": "-18.36%", "2012-06-30": "-17.29%", "2012-03-31": "-15.49%", "2011-12-31": "-17.88%", "2011-09-30": "-19.71%", "2011-06-30": "-20.36%", "2011-03-31": "-29.37%", "2010-12-31": "-30.78%", "2010-09-30": "-32.78%", "2010-06-30": "-36.63%", "2010-03-31": "-28.17%", "2009-12-31": "-25.41%", "2009-09-30": "-16.73%", "2009-06-30": "-12.98%", "2009-03-31": "-13.00%", "2008-12-31": "-13.89%", "2008-09-30": "-25.33%", "2008-06-30": "-23.96%", "2008-03-31": "-22.04%", "2007-12-31": "-22.06%", "2007-09-30": "-18.18%", "2007-06-30": "-20.20%", "2007-03-31": "-36.77%", "2006-12-31": "-37.61%", "2006-09-30": "-42.64%", "2006-06-30": "-43.88%", "2006-03-31": "-29.63%", "2005-12-31": "-35.52%"}, "net profit margin": {"2020-09-30": "-0.68%", "2020-06-30": "-0.73%", "2020-03-31": "-0.29%", "2019-12-31": "7.30%", "2019-09-30": "6.90%", "2019-06-30": "6.74%", "2019-03-31": "2.21%", "2018-12-31": "2.57%", "2018-09-30": "-0.05%", "2018-06-30": "1.79%", "2018-03-31": "5.56%", "2017-12-31": "6.02%", "2017-09-30": "5.94%", "2017-06-30": "2.21%", "2017-03-31": "3.68%", "2016-12-31": "4.71%", "2016-09-30": "6.34%", "2016-06-30": "-2.34%", "2016-03-31": "-2.64%", "2015-12-31": "-10.74%", "2015-09-30": "-12.65%", "2015-06-30": "-4.20%", "2015-03-31": "-6.60%", "2014-12-31": "-1.64%", "2014-09-30": "-3.02%", "2014-06-30": "-0.36%", "2014-03-31": "-2.39%", "2013-12-31": "-4.22%", "2013-09-30": "-6.97%", "2013-06-30": "-13.85%", "2013-03-31": "-16.65%", "2012-12-31": "-18.87%", "2012-09-30": "-18.60%", "2012-06-30": "-17.67%", "2012-03-31": "-15.91%", "2011-12-31": "-18.03%", "2011-09-30": "-20.00%", "2011-06-30": "-20.66%", "2011-03-31": "-29.52%", "2010-12-31": "-30.94%", "2010-09-30": "-32.78%", "2010-06-30": "-36.63%", "2010-03-31": "-28.17%", "2009-12-31": "-25.41%", "2009-09-30": "-16.73%", "2009-06-30": "-13.17%", "2009-03-31": "-13.20%", "2008-12-31": "-14.11%", "2008-09-30": "-25.56%", "2008-06-30": "-24.19%", "2008-03-31": "-22.27%", "2007-12-31": "-22.30%", "2007-09-30": "-18.43%", "2007-06-30": "-20.20%", "2007-03-31": "-37.04%", "2006-12-31": "-37.89%", "2006-09-30": "-43.25%", "2006-06-30": "-44.56%", "2006-03-31": "-30.00%", "2005-12-31": "-36.29%"}, "pe ratio": {"current": "30.00", "2021-02-05": "0.00", "2020-09-30": "0.00", "2020-06-30": "0.00", "2020-03-31": "0.00", "2019-12-31": "185.62", "2019-09-30": "199.37", "2019-06-30": "193.70", "2019-03-31": "534.62", "2018-12-31": "391.19", "2018-09-30": "0.00", "2018-06-30": "681.62", "2018-03-31": "206.51", "2017-12-31": "188.19", "2017-09-30": "169.90", "2017-06-30": "431.13", "2017-03-31": "243.37", "2016-12-31": "167.71", "2016-09-30": "137.18", "2016-06-30": "0.00", "2016-03-31": "0.00", "2015-12-31": "0.00", "2015-09-30": "0.00", "2015-06-30": "0.00", "2015-03-31": "0.00", "2014-12-31": "0.00", "2014-09-30": "0.00", "2014-06-30": "0.00", "2014-03-31": "0.00", "2013-12-31": "0.00", "2013-09-30": "0.00", "2013-06-30": "0.00", "2013-03-31": "0.00", "2012-12-31": "0.00", "2012-09-30": "0.00", "2012-06-30": "0.00", "2012-03-31": "0.00", "2011-12-31": "0.00", "2011-09-30": "0.00", "2011-06-30": "0.00", "2011-03-31": "0.00", "2010-12-31": "0.00", "2010-09-30": "0.00", "2010-06-30": "0.00", "2010-03-31": "0.00", "2009-12-31": "0.00", "2009-09-30": "0.00", "2009-06-30": "0.00", "2009-03-31": "0.00", "2008-12-31": "0.00", "2008-09-30": "0.00", "2008-06-30": "0.00", "2008-03-31": "0.00", "2007-12-31": "0.00", "2007-09-30": "0.00", "2007-06-30": "0.00", "2007-03-31": "0.00", "2006-12-31": "0.00"}, "price sales": {"2021-02-05": "15.08", "2020-09-30": "17.51", "2020-06-30": "16.53", "2020-03-31": "15.05", "2019-12-31": "13.64", "2019-09-30": "13.89", "2019-06-30": "13.23", "2019-03-31": "12.02", "2018-12-31": "10.01", "2018-09-30": "10.25", "2018-06-30": "10.84", "2018-03-31": "11.59", "2017-12-31": "11.39", "2017-09-30": "10.28", "2017-06-30": "9.83", "2017-03-31": "8.95", "2016-12-31": "7.86", "2016-09-30": "8.63", "2016-06-30": "8.35", "2016-03-31": "7.79", "2015-12-31": "8.17", "2015-09-30": "8.16", "2015-06-30": "9.10", "2015-03-31": "9.41", "2014-12-31": "9.41", "2014-09-30": "9.86", "2014-06-30": "9.63", "2014-03-31": "8.93", "2013-12-31": "8.85", "2013-09-30": "8.07", "2013-06-30": "7.81", "2013-03-31": "8.15", "2012-12-31": "8.77", "2012-09-30": "8.63", "2012-06-30": "8.24", "2012-03-31": "7.76", "2011-12-31": "6.83", "2011-09-30": "5.68", "2011-06-30": "6.52", "2011-03-31": "7.00", "2010-12-31": "7.49", "2010-09-30": "7.65", "2010-06-30": "6.70", "2010-03-31": "7.36", "2009-12-31": "7.14", "2009-09-30": "5.67", "2009-06-30": "5.24", "2009-03-31": "5.11", "2008-12-31": "3.69", "2008-09-30": "6.10", "2008-06-30": "8.73", "2008-03-31": "7.36", "2007-12-31": "8.58", "2007-09-30": "9.07", "2007-06-30": "8.73", "2007-03-31": "7.85", "2006-12-31": "7.52"}, "price book": {"current": "0.00", "2021-02-05": "0.00", "2020-09-30": "-7.90", "2020-06-30": "-7.72", "2020-03-31": "-6.94", "2019-12-31": "-7.30", "2019-09-30": "-7.57", "2019-06-30": "-7.54", "2019-03-31": "-6.78", "2018-12-31": "-5.34", "2018-09-30": "-5.78", "2018-06-30": "-6.17", "2018-03-31": "-7.62", "2017-12-31": "-7.25", "2017-09-30": "-7.49", "2017-06-30": "-8.14", "2017-03-31": "-7.55", "2016-12-31": "-6.20", "2016-09-30": "-8.28", "2016-06-30": "-8.29", "2016-03-31": "-7.64", "2015-12-31": "-7.67", "2015-09-30": "-7.70", "2015-06-30": "-12.89", "2015-03-31": "-14.48", "2014-12-31": "-21.44", "2014-09-30": "-47.66", "2014-06-30": "82.15", "2014-03-31": "29.29", "2013-12-31": "32.02", "2013-09-30": "22.78", "2013-06-30": "21.53", "2013-03-31": "13.00", "2012-12-31": "13.67", "2012-09-30": "17.23", "2012-06-30": "14.30", "2012-03-31": "22.49", "2011-12-31": "-412.42", "2011-09-30": "593.06", "2011-06-30": "37.34", "2011-03-31": "20.91", "2010-12-31": "14.69", "2010-09-30": "12.34", "2010-06-30": "9.71", "2010-03-31": "7.44", "2009-12-31": "6.60", "2009-09-30": "4.90", "2009-06-30": "4.13", "2009-03-31": "4.22", "2008-12-31": "2.92", "2008-09-30": "7.53", "2008-06-30": "29.07", "2008-03-31": "9.84", "2007-12-31": "10.77", "2007-09-30": "13.41", "2007-06-30": "14.69", "2007-03-31": "12.95", "2006-12-31": "7.46", "2006-09-30": "6.49", "2006-06-30": "6.60", "2006-03-31": "26.16"}, "price fcf": {"2021-02-05": "", "2020-09-30": "$8.89", "2020-06-30": "$8.32", "2020-03-31": "$7.61", "2019-12-31": "$7.11", "2019-09-30": "$6.70", "2019-06-30": "$6.34", "2019-03-31": "$6.40", "2018-12-31": "$6.01", "2018-09-30": "$6.01", "2018-06-30": "$5.91", "2018-03-31": "$5.67", "2017-12-31": "$5.55", "2017-09-30": "$5.43", "2017-06-30": "$5.29", "2017-03-31": "$5.08", "2016-12-31": "$4.81", "2016-09-30": "$4.49", "2016-06-30": "$4.30", "2016-03-31": "$4.03", "2015-12-31": "$4.02", "2015-09-30": "$3.78", "2015-06-30": "$3.53", "2015-03-31": "$3.52", "2014-12-31": "$3.59", "2014-09-30": "$3.56", "2014-06-30": "$3.37", "2014-03-31": "$3.04", "2013-12-31": "$2.57", "2013-09-30": "$1.53", "2013-06-30": "$2.30", "2013-03-31": "$1.98", "2012-12-31": "$1.89", "2012-09-30": "$2.40", "2012-06-30": "$1.32", "2012-03-31": "$1.18", "2011-12-31": "$1.09", "2011-09-30": "$1.15", "2011-06-30": "$1.15", "2011-03-31": "$1.24", "2010-12-31": "$1.16", "2010-09-30": "$1.17", "2010-06-30": "$1.38", "2010-03-31": "$1.37", "2009-12-31": "$1.51", "2009-09-30": "$1.42", "2009-06-30": "$1.39", "2009-03-31": "$1.36", "2008-12-31": "$1.25", "2008-09-30": "$1.31", "2008-06-30": "$1.11", "2008-03-31": "$0.96", "2007-12-31": "$0.91", "2007-09-30": "$0.87", "2007-06-30": "$0.72", "2007-03-31": "$0.54", "2006-12-31": "$0.46"}, "net worth": {"value": "$30.43B"}, "current ratio": {"current": "0.83", "2020-09-30": "0.83", "2020-06-30": "1.13", "2020-03-31": "0.39", "2019-12-31": "0.32", "2019-09-30": "0.65", "2019-06-30": "0.22", "2019-03-31": "0.21", "2018-12-31": "0.31", "2018-09-30": "1.23", "2018-06-30": "1.18", "2018-03-31": "1.21", "2017-12-31": "0.93", "2017-09-30": "0.32", "2017-06-30": "0.32", "2017-03-31": "1.32", "2016-12-31": "0.37", "2016-09-30": "1.16", "2016-06-30": "0.36", "2016-03-31": "1.21", "2015-12-31": "1.08", "2015-09-30": "1.16", "2015-06-30": "1.10", "2015-03-31": "1.14", "2014-12-31": "0.99", "2014-09-30": "0.50", "2014-06-30": "0.23", "2014-03-31": "0.68", "2013-12-31": "0.46", "2013-09-30": "1.54", "2013-06-30": "1.65", "2013-03-31": "0.40", "2012-12-31": "0.45", "2012-09-30": "2.26", "2012-06-30": "0.29", "2012-03-31": "5.31", "2011-12-31": "1.02", "2011-09-30": "1.96", "2011-06-30": "2.73", "2011-03-31": "1.44", "2010-12-31": "1.12", "2010-09-30": "1.79", "2010-06-30": "1.93", "2010-03-31": "1.33", "2009-12-31": "1.49", "2009-09-30": "3.11", "2009-06-30": "2.55", "2009-03-31": "1.75", "2008-12-31": "1.70", "2008-09-30": "5.10", "2008-06-30": "3.93", "2008-03-31": "3.19", "2007-12-31": "2.80", "2007-09-30": "3.96", "2007-06-30": "4.73", "2007-03-31": "5.30", "2006-12-31": "2.19", "2006-09-30": "1.58", "2006-06-30": "0.12", "2006-03-31": "2.45", "2005-12-31": "2.54", "2005-09-30": "1.45", "2005-06-30": "1.41", "2005-03-31": "1.20"}, "quick ratio": {"2020-09-30": "0.00", "2020-06-30": "0.00", "2020-03-31": "0.00", "2019-12-31": "0.00", "2019-09-30": "0.00", "2019-06-30": "0.00", "2019-03-31": "0.00", "2018-12-31": "0.00", "2018-09-30": "0.00", "2018-06-30": "0.00", "2018-03-31": "0.00", "2017-12-31": "0.00", "2017-09-30": "0.00", "2017-06-30": "0.00", "2017-03-31": "0.00", "2016-12-31": "0.00", "2016-09-30": "0.00", "2016-06-30": "0.00", "2016-03-31": "0.00", "2015-12-31": "0.00", "2015-09-30": "0.00", "2015-06-30": "0.00", "2015-03-31": "0.00", "2014-12-31": "0.00", "2014-09-30": "0.00", "2014-06-30": "0.00", "2014-03-31": "0.00", "2013-12-31": "0.00", "2013-09-30": "0.00", "2013-06-30": "0.00", "2013-03-31": "0.00", "2012-12-31": "0.00", "2012-09-30": "0.00", "2012-06-30": "0.00", "2012-03-31": "0.00", "2011-12-31": "0.00", "2011-09-30": "0.00", "2011-06-30": "0.00", "2011-03-31": "0.00", "2010-12-31": "0.00", "2010-09-30": "0.00", "2010-06-30": "0.00", "2010-03-31": "0.00", "2009-12-31": "0.00", "2009-09-30": "0.00", "2009-06-30": "0.00", "2009-03-31": "0.00", "2008-12-31": "0.00", "2008-09-30": "0.00", "2008-06-30": "0.00", "2008-03-31": "0.00", "2007-12-31": "0.00", "2007-09-30": "0.00", "2007-06-30": "0.00", "2007-03-31": "0.00", "2006-12-31": "0.00", "2006-09-30": "0.00", "2006-06-30": "0.00", "2006-03-31": "0.00", "2005-12-31": "0.00", "2005-09-30": "0.00", "2005-06-30": "0.00", "2005-03-31": "0.00"}, "debt equity ratio": {"current": "0.00", "2020-09-30": "-3.01", "2020-06-30": "-3.18", "2020-03-31": "-3.17", "2019-12-31": "-3.66", "2019-09-30": "-3.58", "2019-06-30": "-3.78", "2019-03-31": "-3.82", "2018-12-31": "-3.14", "2018-09-30": "-3.29", "2018-06-30": "-3.40", "2018-03-31": "-3.86", "2017-12-31": "-3.82", "2017-09-30": "-4.23", "2017-06-30": "-4.68", "2017-03-31": "-4.81", "2016-12-31": "-4.69", "2016-09-30": "-5.74", "2016-06-30": "-5.63", "2016-03-31": "-5.52", "2015-12-31": "-5.29", "2015-09-30": "-5.36", "2015-06-30": "-7.84", "2015-03-31": "-8.26", "2014-12-31": "-12.87", "2014-09-30": "-27.24", "2014-06-30": "46.49", "2014-03-31": "18.67", "2013-12-31": "18.00", "2013-09-30": "13.68", "2013-06-30": "13.88", "2013-03-31": "8.26", "2012-12-31": "9.13", "2012-09-30": "12.81", "2012-06-30": "8.98", "2012-03-31": "14.74", "2011-12-31": "-319.78", "2011-09-30": "571.97", "2011-06-30": "31.70", "2011-03-31": "15.27", "2010-12-31": "9.72", "2010-09-30": "8.21", "2010-06-30": "7.63", "2010-03-31": "4.82", "2009-12-31": "4.52", "2009-09-30": "4.25", "2009-06-30": "3.74", "2009-03-31": "3.88", "2008-12-31": "3.93", "2008-09-30": "7.75", "2008-06-30": "20.03", "2008-03-31": "6.39", "2007-12-31": "6.07", "2007-09-30": "7.37", "2007-06-30": "8.60", "2007-03-31": "8.67", "2006-12-31": "4.30", "2006-09-30": "4.16", "2006-06-30": "3.96", "2006-03-31": "11.49", "2005-12-31": "10.70", "2005-09-30": "-19.98", "2005-06-30": "-18.17", "2005-03-31": "-9.19"}, "return on equity": {"2020-09-30": "0.33%", "2020-06-30": "0.38%", "2020-03-31": "0.16%", "2019-12-31": "-4.24%", "2019-09-30": "-4.04%", "2019-06-30": "-3.98%", "2019-03-31": "-1.31%", "2018-12-31": "-1.58%", "2018-09-30": "0.04%", "2018-06-30": "-1.22%", "2018-03-31": "-4.16%", "2017-12-31": "-4.75%", "2017-09-30": "-4.95%", "2017-06-30": "-1.96%", "2017-03-31": "-3.39%", "2016-12-31": "-4.46%", "2016-09-30": "-6.23%", "2016-06-30": "2.29%", "2016-03-31": "2.79%", "2015-12-31": "12.63%", "2015-09-30": "18.28%", "2015-06-30": "8.69%", "2015-03-31": "22.86%", "2014-12-31": "24.75%", "2014-09-30": "-28.66%", "2014-06-30": "-1.47%", "2014-03-31": "-7.82%", "2013-12-31": "-11.35%", "2013-09-30": "-15.76%", "2013-06-30": "-29.10%", "2013-03-31": "-31.53%", "2012-12-31": "-39.26%", "2012-09-30": "-53.68%", "2012-06-30": "-75.10%", "2012-03-31": "-125.00%", "2011-12-31": "-157.01%", "2011-09-30": "-83.82%", "2011-06-30": "-53.99%", "2011-03-31": "-58.77%", "2010-12-31": "-47.06%", "2010-09-30": "-41.20%", "2010-06-30": "-39.13%", "2010-03-31": "-25.73%", "2009-12-31": "-21.90%", "2009-09-30": "-13.86%", "2009-06-30": "-11.62%", "2009-03-31": "-14.52%", "2008-12-31": "-17.94%", "2008-09-30": "-38.98%", "2008-06-30": "-39.33%", "2008-03-31": "-32.05%", "2007-12-31": "-33.73%", "2007-09-30": "-25.89%", "2007-06-30": "-25.46%", "2007-03-31": "-39.69%", "2006-12-31": "-42.39%", "2006-09-30": "-59.37%", "2006-06-30": "-101.75%", "2006-03-31": "-540.00%", "2005-12-31": "313.33%"}, "return on assets": {"2020-09-30": "-0.15%", "2020-06-30": "-0.16%", "2020-03-31": "-0.06%", "2019-12-31": "1.57%", "2019-09-30": "1.57%", "2019-06-30": "1.59%", "2019-03-31": "0.54%", "2018-12-31": "0.66%", "2018-09-30": "-0.01%", "2018-06-30": "0.44%", "2018-03-31": "1.34%", "2017-12-31": "1.42%", "2017-09-30": "1.38%", "2017-06-30": "0.50%", "2017-03-31": "0.81%", "2016-12-31": "1.02%", "2016-09-30": "1.37%", "2016-06-30": "-0.51%", "2016-03-31": "-0.58%", "2015-12-31": "-2.35%", "2015-09-30": "-2.71%", "2015-06-30": "-0.88%", "2015-03-31": "-1.37%", "2014-12-31": "-0.32%", "2014-09-30": "-0.59%", "2014-06-30": "-0.07%", "2014-03-31": "-0.46%", "2013-12-31": "-0.84%", "2013-09-30": "-1.35%", "2013-06-30": "-2.53%", "2013-03-31": "-2.99%", "2012-12-31": "-3.34%", "2012-09-30": "-3.38%", "2012-06-30": "-3.43%", "2012-03-31": "-3.07%", "2011-12-31": "-3.51%", "2011-09-30": "-3.84%", "2011-06-30": "-3.92%", "2011-03-31": "-5.57%", "2010-12-31": "-5.74%", "2010-09-30": "-5.92%", "2010-06-30": "-6.43%", "2010-03-31": "-4.85%", "2009-12-31": "-4.31%", "2009-09-30": "-2.80%", "2009-06-30": "-2.12%", "2009-03-31": "-2.11%", "2008-12-31": "-2.28%", "2008-09-30": "-4.22%", "2008-06-30": "-4.27%", "2008-03-31": "-4.02%", "2007-12-31": "-3.96%", "2007-09-30": "-3.30%", "2007-06-30": "-3.70%", "2007-03-31": "-6.74%", "2006-12-31": "-7.59%", "2006-09-30": "-9.54%", "2006-06-30": "-10.92%", "2006-03-31": "-8.89%", "2005-12-31": "-10.59%"}, "return on investments": {"2020-09-30": "10.22%", "2020-06-30": "10.10%", "2020-03-31": "10.11%", "2019-12-31": "10.01%", "2019-09-30": "10.17%", "2019-06-30": "9.76%", "2019-03-31": "9.10%", "2018-12-31": "8.50%", "2018-09-30": "7.70%", "2018-06-30": "7.56%", "2018-03-31": "7.60%", "2017-12-31": "7.27%", "2017-09-30": "7.23%", "2017-06-30": "6.83%", "2017-03-31": "6.10%", "2016-12-31": "5.92%", "2016-09-30": "5.42%", "2016-06-30": "4.47%", "2016-03-31": "4.69%", "2015-12-31": "4.55%", "2015-09-30": "4.69%", "2015-06-30": "5.46%", "2015-03-31": "5.47%", "2014-12-31": "5.16%", "2014-09-30": "4.84%", "2014-06-30": "4.45%", "2014-03-31": "3.89%", "2013-12-31": "3.92%", "2013-09-30": "3.47%", "2013-06-30": "3.20%", "2013-03-31": "3.30%", "2012-12-31": "3.24%", "2012-09-30": "3.71%", "2012-06-30": "3.84%", "2012-03-31": "3.65%", "2011-12-31": "3.33%", "2011-09-30": "2.92%", "2011-06-30": "2.75%", "2011-03-31": "2.58%", "2010-12-31": "2.40%", "2010-09-30": "2.25%", "2010-06-30": "2.06%", "2010-03-31": "1.88%", "2009-12-31": "1.79%", "2009-09-30": "1.80%", "2009-06-30": "1.66%", "2009-03-31": "1.62%", "2008-12-31": "1.66%", "2008-09-30": "1.71%", "2008-06-30": "1.64%", "2008-03-31": "1.58%", "2007-12-31": "1.38%", "2007-09-30": "1.29%", "2007-06-30": "1.38%", "2007-03-31": "1.36%", "2006-12-31": "1.45%", "2006-09-30": "1.53%", "2006-06-30": "1.68%", "2006-03-31": "1.33%", "2005-12-31": "0.62%"}, "return on tangible equity": {"2020-09-30": "0.19%", "2020-06-30": "0.21%", "2020-03-31": "0.08%", "2019-12-31": "-2.16%", "2019-09-30": "-2.05%", "2019-06-30": "-1.99%", "2019-03-31": "-0.64%", "2018-12-31": "-0.74%", "2018-09-30": "0.02%", "2018-06-30": "-0.52%", "2018-03-31": "-1.65%", "2017-12-31": "-1.80%", "2017-09-30": "-1.79%", "2017-06-30": "-0.67%", "2017-03-31": "-1.11%", "2016-12-31": "-1.41%", "2016-09-30": "-1.91%", "2016-06-30": "0.70%", "2016-03-31": "0.80%", "2015-12-31": "3.35%", "2015-09-30": "4.06%", "2015-06-30": "1.42%", "2015-03-31": "2.35%", "2014-12-31": "0.60%", "2014-09-30": "1.19%", "2014-06-30": "0.15%", "2014-03-31": "1.06%", "2013-12-31": "2.05%", "2013-09-30": "3.45%", "2013-06-30": "7.06%", "2013-03-31": "8.76%", "2012-12-31": "10.05%", "2012-09-30": "9.91%", "2012-06-30": "8.87%", "2012-03-31": "7.64%", "2011-12-31": "8.47%", "2011-09-30": "9.92%", "2011-06-30": "10.95%", "2011-03-31": "16.60%", "2010-12-31": "18.73%", "2010-09-30": "20.97%", "2010-06-30": "24.74%", "2010-03-31": "20.29%", "2009-12-31": "18.49%", "2009-09-30": "12.17%", "2009-06-30": "8.75%", "2009-03-31": "7.98%", "2008-12-31": "8.64%", "2008-09-30": "16.08%", "2008-06-30": "17.05%", "2008-03-31": "17.77%", "2007-12-31": "17.57%", "2007-09-30": "15.54%", "2007-06-30": "18.58%", "2007-03-31": "37.58%", "2006-12-31": "56.30%", "2006-09-30": "101.44%", "2006-06-30": "178.84%", "2006-03-31": "925.71%", "2005-12-31": "210.06%"}, "dividend yield history": {"last payout": "$1.86", "last yield": "0.68%"}}