{"ticker": "SBUX", "price": {"title": "Starbucks Historical Annual Stock Price Data", "value": 105.86, "historical": {"2021": {"Average Stock Price": "103.1161", "Year Open": "103.1000", "Year High": "106.4800", "Year Low": "96.8100", "Year Close": "105.8600", "Annual % Change": "-1.05%"}, "2020": {"Average Stock Price": "82.8624", "Year Open": "89.3500", "Year High": "106.9800", "Year Low": "56.3300", "Year Close": "106.9800", "Annual % Change": "21.68%"}, "2019": {"Average Stock Price": "81.4432", "Year Open": "64.3200", "Year High": "99.1100", "Year Low": "61.5300", "Year Close": "87.9200", "Annual % Change": "36.52%"}, "2018": {"Average Stock Price": "57.5019", "Year Open": "57.6300", "Year High": "68.7200", "Year Low": "48.5400", "Year Close": "64.4000", "Annual % Change": "12.14%"}, "2017": {"Average Stock Price": "57.2678", "Year Open": "55.3500", "Year High": "64.5700", "Year Low": "52.7000", "Year Close": "57.4300", "Annual % Change": "3.44%"}, "2016": {"Average Stock Price": "56.5888", "Year Open": "58.2600", "Year High": "61.4000", "Year Low": "51.7700", "Year Close": "55.5200", "Annual % Change": "-7.51%"}, "2015": {"Average Stock Price": "53.2536", "Year Open": "40.7200", "Year High": "63.5100", "Year Low": "39.6150", "Year Close": "60.0300", "Annual % Change": "46.33%"}, "2014": {"Average Stock Price": "37.7725", "Year Open": "38.5850", "Year High": "41.9000", "Year Low": "34.3650", "Year Close": "41.0250", "Annual % Change": "4.67%"}, "2013": {"Average Stock Price": "33.7108", "Year Open": "27.5000", "Year High": "40.9950", "Year Low": "26.6050", "Year Close": "39.1950", "Annual % Change": "46.17%"}, "2012": {"Average Stock Price": "25.6305", "Year Open": "22.6425", "Year High": "30.8350", "Year Low": "21.5800", "Year Close": "26.8150", "Annual % Change": "16.56%"}, "2011": {"Average Stock Price": "18.9240", "Year Open": "16.6250", "Year High": "23.2250", "Year Low": "15.7650", "Year Close": "23.0050", "Annual % Change": "43.20%"}, "2010": {"Average Stock Price": "13.0778", "Year Open": "11.5250", "Year High": "16.4650", "Year Low": "10.8500", "Year Close": "16.0650", "Annual % Change": "39.33%"}, "2009": {"Average Stock Price": "7.8651", "Year Open": "4.9200", "Year High": "11.9050", "Year Low": "4.1350", "Year Close": "11.5300", "Annual % Change": "143.76%"}, "2008": {"Average Stock Price": "7.6088", "Year Open": "9.6550", "Year High": "10.2250", "Year Low": "3.5850", "Year Close": "4.7300", "Annual % Change": "-53.79%"}, "2007": {"Average Stock Price": "14.1193", "Year Open": "17.6250", "Year High": "18.1450", "Year Low": "10.0150", "Year Close": "10.2350", "Annual % Change": "-42.21%"}, "2006": {"Average Stock Price": "17.6191", "Year Open": "15.4350", "Year High": "19.8150", "Year Low": "14.7750", "Year Close": "17.7100", "Annual % Change": "18.03%"}, "2005": {"Average Stock Price": "13.3982", "Year Open": "15.2850", "Year High": "15.9800", "Year Low": "11.3900", "Year Close": "15.0050", "Annual % Change": "-3.75%"}, "2004": {"Average Stock Price": "11.0597", "Year Open": "8.2275", "Year High": "15.9675", "Year Low": "8.2275", "Year Close": "15.5900", "Annual % Change": "88.06%"}, "2003": {"Average Stock Price": "6.6409", "Year Open": "5.3000", "Year High": "8.2900", "Year Low": "4.9500", "Year Close": "8.2900", "Annual % Change": "62.71%"}, "2002": {"Average Stock Price": "5.5663", "Year Open": "4.8775", "Year High": "6.4075", "Year Low": "4.6575", "Year Close": "5.0950", "Annual % Change": "6.98%"}, "2001": {"Average Stock Price": "4.9275", "Year Open": "5.2575", "Year High": "6.2500", "Year Low": "3.5000", "Year Close": "4.7625", "Annual % Change": "-13.90%"}, "2000": {"Average Stock Price": "4.6963", "Year Open": "3.0825", "Year High": "6.2350", "Year Low": "2.9850", "Year Close": "5.5313", "Annual % Change": "82.47%"}, "1999": {"Average Stock Price": "3.4636", "Year Open": "3.3675", "Year High": "4.9688", "Year Low": "2.5075", "Year Close": "3.0313", "Annual % Change": "-13.59%"}, "1998": {"Average Stock Price": "2.6982", "Year Open": "2.3519", "Year High": "3.6288", "Year Low": "1.8244", "Year Close": "3.5081", "Annual % Change": "46.24%"}, "1997": {"Average Stock Price": "2.1987", "Year Open": "1.7344", "Year High": "2.7894", "Year Low": "1.7031", "Year Close": "2.3988", "Annual % Change": "34.10%"}, "1996": {"Average Stock Price": "1.7059", "Year Open": "1.2188", "Year High": "2.4297", "Year Low": "0.9922", "Year Close": "1.7888", "Annual % Change": "36.29%"}, "1995": {"Average Stock Price": "1.0455", "Year Open": "0.8322", "Year High": "1.4375", "Year Low": "0.7072", "Year Close": "1.3125", "Annual % Change": "52.72%"}, "1994": {"Average Stock Price": "0.8141", "Year Open": "0.7031", "Year High": "1.0000", "Year Low": "0.6094", "Year Close": "0.8594", "Annual % Change": "23.60%"}, "1993": {"Average Stock Price": "0.7023", "Year Open": "0.5820", "Year High": "0.8556", "Year Low": "0.5156", "Year Close": "0.6953", "Annual % Change": "20.27%"}}}, "market cap": {"value": "$125.05B"}, "income statement": {"Revenue": {"2020-09-30": "23518.00000", "2019-09-30": "26508.60000", "2018-09-30": "24719.50000", "2017-09-30": "22386.80000", "2016-09-30": "21315.90000", "2015-09-30": "19162.70000", "2014-09-30": "16447.80000", "2013-09-30": "14866.80000", "2012-09-30": "13276.80000", "2011-09-30": "11700.40000", "2010-09-30": "10707.40000", "2009-09-30": "9774.60000", "2008-09-30": "10383.00000", "2007-09-30": "9411.50000", "2006-09-30": "7786.90000", "2005-09-30": "6369.30000"}, "Cost Of Goods Sold": {"2020-09-30": "7694.90000", "2019-09-30": "8526.90000", "2018-09-30": "7930.70000", "2017-09-30": "7065.80000", "2016-09-30": "8509.00000", "2015-09-30": "7787.50000", "2014-09-30": "6858.80000", "2013-09-30": "6382.30000", "2012-09-30": "5813.30000", "2011-09-30": "4915.50000", "2010-09-30": "4416.50000", "2009-09-30": "4324.90000", "2008-09-30": "4645.30000", "2007-09-30": "3999.10000", "2006-09-30": "3178.80000", "2005-09-30": "2605.21200"}, "Gross Profit": {"2020-09-30": "15823.10000", "2019-09-30": "17981.70000", "2018-09-30": "16788.80000", "2017-09-30": "15321.00000", "2016-09-30": "12806.90000", "2015-09-30": "11375.20000", "2014-09-30": "9589.00100", "2013-09-30": "8484.50000", "2012-09-30": "7463.50000", "2011-09-30": "6784.90000", "2010-09-30": "6290.90000", "2009-09-30": "5449.70000", "2008-09-30": "5737.70000", "2007-09-30": "5412.40000", "2006-09-30": "4608.10000", "2005-09-30": "3764.08800"}, "Research And Development Expenses": {"2020-09-30": "", "2019-09-30": "", "2018-09-30": "", "2017-09-30": "", "2016-09-30": "", "2015-09-30": "", "2014-09-30": "", "2013-09-30": "", "2012-09-30": "", "2011-09-30": "", "2010-09-30": "", "2009-09-30": "", "2008-09-30": "", "2007-09-30": "", "2006-09-30": "", "2005-09-30": ""}, "SG&A Expenses": {"2020-09-30": "1679.60000", "2019-09-30": "1824.10000", "2018-09-30": "1708.20000", "2017-09-30": "1408.40000", "2016-09-30": "1408.90000", "2015-09-30": "1196.70000", "2014-09-30": "991.30000", "2013-09-30": "937.90000", "2012-09-30": "801.20000", "2011-09-30": "749.30000", "2010-09-30": "704.60000", "2009-09-30": "453.00000", "2008-09-30": "456.00000", "2007-09-30": "489.20000", "2006-09-30": "479.40000", "2005-09-30": "361.61300"}, "Other Operating Income Or Expenses": {"2020-09-30": "-10871.80000", "2019-09-30": "-10566.60000", "2018-09-30": "-9725.89900", "2017-09-30": "-8613.00000", "2016-09-30": "-6245.30000", "2015-09-30": "-5683.60000", "2014-09-30": "-4807.00000", "2013-09-30": "-7250.60000", "2012-09-30": "-4114.60000", "2011-09-30": "-3783.80000", "2010-09-30": "-3603.50000", "2009-09-30": "-3567.60000", "2008-09-30": "-3961.60000", "2007-09-30": "-3402.10000", "2006-09-30": "-2847.50000", "2005-09-30": "-2281.78800"}, "Operating Expenses": {"2020-09-30": "21956.30000", "2019-09-30": "22430.70000", "2018-09-30": "20836.20000", "2017-09-30": "18252.10000", "2016-09-30": "17144.00000", "2015-09-30": "15561.70000", "2014-09-30": "13366.70000", "2013-09-30": "15192.20000", "2012-09-30": "11279.40000", "2011-09-30": "9971.89900", "2010-09-30": "9288.00000", "2009-09-30": "9212.60000", "2008-09-30": "9879.10000", "2007-09-30": "8357.60100", "2006-09-30": "6892.90000", "2005-09-30": "5588.78200"}, "Operating Income": {"2020-09-30": "1561.69900", "2019-09-30": "4077.90000", "2018-09-30": "3883.30100", "2017-09-30": "4134.70100", "2016-09-30": "4171.90000", "2015-09-30": "3600.99800", "2014-09-30": "3081.10100", "2013-09-30": "-325.39940", "2012-09-30": "1997.40000", "2011-09-30": "1728.50100", "2010-09-30": "1419.40000", "2009-09-30": "562.00000", "2008-09-30": "503.90040", "2007-09-30": "1053.89900", "2006-09-30": "894.00000", "2005-09-30": "780.51760"}, "Total Non-Operating Income/Expense": {"2020-09-30": "-397.30000", "2019-09-30": "388.30000", "2018-09-30": "1896.70000", "2017-09-30": "182.80000", "2016-09-30": "26.70000", "2015-09-30": "302.00000", "2014-09-30": "78.60000", "2013-09-30": "95.50000", "2012-09-30": "61.70000", "2011-09-30": "82.60000", "2010-09-30": "17.60000", "2009-09-30": "-2.10000", "2008-09-30": "-48.20000", "2007-09-30": "2.40000", "2006-09-30": "12.30000", "2005-09-30": "15.82900"}, "Pre-Tax Income": {"2020-09-30": "1164.40000", "2019-09-30": "4466.20000", "2018-09-30": "5780.00000", "2017-09-30": "4317.50000", "2016-09-30": "4198.60000", "2015-09-30": "3903.00000", "2014-09-30": "3159.70000", "2013-09-30": "-229.90000", "2012-09-30": "2059.10000", "2011-09-30": "1811.10000", "2010-09-30": "1437.00000", "2009-09-30": "559.90000", "2008-09-30": "455.70000", "2007-09-30": "1056.30000", "2006-09-30": "906.30000", "2005-09-30": "796.34700"}, "Income Taxes": {"2020-09-30": "239.70000", "2019-09-30": "871.60000", "2018-09-30": "1262.00000", "2017-09-30": "1432.60000", "2016-09-30": "1379.70000", "2015-09-30": "1143.70000", "2014-09-30": "1092.00000", "2013-09-30": "-238.70000", "2012-09-30": "674.40000", "2011-09-30": "563.10000", "2010-09-30": "488.70000", "2009-09-30": "168.40000", "2008-09-30": "144.00000", "2007-09-30": "383.70000", "2006-09-30": "324.80000", "2005-09-30": "301.97700"}, "Income After Taxes": {"2020-09-30": "924.70000", "2019-09-30": "3594.60000", "2018-09-30": "4518.00000", "2017-09-30": "2884.90000", "2016-09-30": "2818.90000", "2015-09-30": "2759.30000", "2014-09-30": "2067.70000", "2013-09-30": "8.80000", "2012-09-30": "1384.70000", "2011-09-30": "1248.00000", "2010-09-30": "948.30000", "2009-09-30": "391.50000", "2008-09-30": "311.70000", "2007-09-30": "672.60000", "2006-09-30": "581.50000", "2005-09-30": "494.37000"}, "Other Income": {"2020-09-30": "", "2019-09-30": "", "2018-09-30": "", "2017-09-30": "", "2016-09-30": "", "2015-09-30": "", "2014-09-30": "", "2013-09-30": "", "2012-09-30": "", "2011-09-30": "", "2010-09-30": "", "2009-09-30": "", "2008-09-30": "", "2007-09-30": "", "2006-09-30": "", "2005-09-30": ""}, "Income From Continuous Operations": {"2020-09-30": "924.70000", "2019-09-30": "3594.60000", "2018-09-30": "4518.00000", "2017-09-30": "2884.90000", "2016-09-30": "2818.90000", "2015-09-30": "2759.30000", "2014-09-30": "2067.70000", "2013-09-30": "8.80000", "2012-09-30": "1384.70000", "2011-09-30": "1248.00000", "2010-09-30": "948.30000", "2009-09-30": "391.50000", "2008-09-30": "311.70000", "2007-09-30": "672.60000", "2006-09-30": "581.50000", "2005-09-30": "494.37000"}, "Income From Discontinued Operations": {"2020-09-30": "", "2019-09-30": "", "2018-09-30": "", "2017-09-30": "", "2016-09-30": "", "2015-09-30": "", "2014-09-30": "", "2013-09-30": "", "2012-09-30": "", "2011-09-30": "", "2010-09-30": "", "2009-09-30": "", "2008-09-30": "", "2007-09-30": "", "2006-09-30": "", "2005-09-30": ""}, "Net Income": {"2020-09-30": "928.30000", "2019-09-30": "3599.20000", "2018-09-30": "4518.30000", "2017-09-30": "2884.70000", "2016-09-30": "2817.70000", "2015-09-30": "2757.40000", "2014-09-30": "2068.10000", "2013-09-30": "8.30000", "2012-09-30": "1383.80000", "2011-09-30": "1245.70000", "2010-09-30": "945.60000", "2009-09-30": "390.80000", "2008-09-30": "315.50000", "2007-09-30": "672.60000", "2006-09-30": "564.30000", "2005-09-30": "494.37000"}, "EBITDA": {"2020-09-30": "3064.89900", "2019-09-30": "5527.20000", "2018-09-30": "5189.20100", "2017-09-30": "5201.80100", "2016-09-30": "5202.00000", "2015-09-30": "4534.79800", "2014-09-30": "3829.50000", "2013-09-30": "330.20060", "2012-09-30": "2578.00000", "2011-09-30": "2278.50100", "2010-09-30": "1960.20000", "2009-09-30": "1125.30000", "2008-09-30": "1108.40000", "2007-09-30": "1545.09900", "2006-09-30": "1306.60000", "2005-09-30": "1157.82200"}, "EBIT": {"2020-09-30": "1561.69900", "2019-09-30": "4077.90000", "2018-09-30": "3883.30100", "2017-09-30": "4134.70100", "2016-09-30": "4171.90000", "2015-09-30": "3600.99800", "2014-09-30": "3081.10100", "2013-09-30": "-325.39940", "2012-09-30": "1997.40000", "2011-09-30": "1728.50100", "2010-09-30": "1419.40000", "2009-09-30": "562.00000", "2008-09-30": "503.90040", "2007-09-30": "1053.89900", "2006-09-30": "894.00000", "2005-09-30": "780.51760"}, "Basic Shares Outstanding": {"2020-09-30": "1172.80000", "2019-09-30": "1221.20000", "2018-09-30": "1382.70000", "2017-09-30": "1449.50000", "2016-09-30": "1471.60000", "2015-09-30": "1495.90000", "2014-09-30": "1506.30000", "2013-09-30": "1498.50000", "2012-09-30": "1508.80000", "2011-09-30": "1496.60000", "2010-09-30": "1488.80000", "2009-09-30": "1477.40000", "2008-09-30": "1463.00000", "2007-09-30": "1499.60000", "2006-09-30": "1532.20000", "2005-09-30": "1579.14000"}, "Shares Outstanding": {"2020-09-30": "1181.80000", "2019-09-30": "1233.20000", "2018-09-30": "1394.60000", "2017-09-30": "1461.50000", "2016-09-30": "1486.70000", "2015-09-30": "1513.40000", "2014-09-30": "1526.30000", "2013-09-30": "1524.50000", "2012-09-30": "1546.00000", "2011-09-30": "1539.40000", "2010-09-30": "1528.40000", "2009-09-30": "1491.80000", "2008-09-30": "1483.40000", "2007-09-30": "1540.20000", "2006-09-30": "1585.20000", "2005-09-30": "1630.83400"}, "Basic EPS": {"2020-09-30": "0.79000", "2019-09-30": "2.95000", "2018-09-30": "3.27000", "2017-09-30": "1.99000", "2016-09-30": "1.91000", "2015-09-30": "1.84000", "2014-09-30": "1.37000", "2013-09-30": "0.01000", "2012-09-30": "0.91500", "2011-09-30": "0.83000", "2010-09-30": "0.63500", "2009-09-30": "0.26500", "2008-09-30": "0.21500", "2007-09-30": "0.45000", "2006-09-30": "0.37000", "2005-09-30": "0.31500"}, "EPS - Earnings Per Share": {"2020-09-30": "0.79000", "2019-09-30": "2.92000", "2018-09-30": "3.24000", "2017-09-30": "1.97000", "2016-09-30": "1.90000", "2015-09-30": "1.82000", "2014-09-30": "1.35000", "2013-09-30": "0.01000", "2012-09-30": "0.89500", "2011-09-30": "0.81000", "2010-09-30": "0.62000", "2009-09-30": "0.26000", "2008-09-30": "0.21500", "2007-09-30": "0.43500", "2006-09-30": "0.35500", "2005-09-30": "0.30500"}}, "income statement, quarterly": {"Revenue": {"2020-12-31": "6749.40000", "2020-09-30": "6203.10000", "2020-06-30": "4222.10000", "2020-03-31": "5995.70000", "2019-12-31": "7097.10000", "2019-09-30": "6746.99900", "2019-06-30": "6823.00000", "2019-03-31": "6305.90000", "2018-12-31": "6632.70000", "2018-09-30": "6303.69900", "2018-06-30": "6310.30000", "2018-03-31": "6031.80000", "2017-12-31": "6073.70000", "2017-09-30": "5698.40100", "2017-06-30": "5661.50000", "2017-03-31": "5294.00000", "2016-12-31": "5732.90000", "2016-09-30": "5711.20000", "2016-06-30": "5238.00000", "2016-03-31": "4993.20000", "2015-12-31": "5373.50000", "2015-09-30": "4914.79900", "2015-06-30": "4881.20000", "2015-03-31": "4563.50000", "2014-12-31": "4803.20000", "2014-09-30": "4180.70100", "2014-06-30": "4153.70000", "2014-03-31": "3873.80000", "2013-12-31": "4239.60000", "2013-09-30": "3788.70000", "2013-06-30": "3735.30000", "2013-03-31": "3549.60000", "2012-12-31": "3793.20000", "2012-09-30": "3341.39900", "2012-06-30": "3303.60000", "2012-03-31": "3195.90000", "2011-12-31": "3435.90000", "2011-09-30": "3031.70000", "2011-06-30": "2932.20000", "2011-03-31": "2785.70000", "2010-12-31": "2950.80000", "2010-09-30": "2838.00000", "2010-06-30": "2612.00000", "2010-03-31": "2534.70000", "2009-12-31": "2722.70000", "2009-09-30": "2422.19900", "2009-06-30": "2403.90000", "2009-03-31": "2333.30000", "2008-12-31": "2615.20000", "2008-09-30": "2515.40000", "2008-06-30": "2574.00000", "2008-03-31": "2526.00000", "2007-12-31": "2767.60000", "2007-09-30": "2440.90000", "2007-06-30": "2359.30000", "2007-03-31": "2255.60000", "2006-12-31": "2355.70000", "2006-09-30": "2003.31300", "2006-06-30": "1963.67300", "2006-03-31": "1885.82200", "2005-12-31": "1934.09200", "2005-09-30": "1659.24100", "2005-06-30": "1601.79900", "2005-03-31": "1518.71600"}, "Cost Of Goods Sold": {"2020-12-31": "2049.10000", "2020-09-30": "1976.80000", "2020-06-30": "1484.00000", "2020-03-31": "1997.70000", "2019-12-31": "2236.40000", "2019-09-30": "2139.50000", "2019-06-30": "2199.60000", "2019-03-31": "2012.00000", "2018-12-31": "2175.80000", "2018-09-30": "360.90040", "2018-06-30": "2553.40000", "2018-03-31": "2514.70000", "2017-12-31": "2501.70000", "2017-09-30": "380.49980", "2017-06-30": "2249.10000", "2017-03-31": "2141.20000", "2016-12-31": "2295.00000", "2016-09-30": "2252.20000", "2016-06-30": "2060.30000", "2016-03-31": "2010.30000", "2015-12-31": "2186.20000", "2015-09-30": "1982.60000", "2015-06-30": "1953.90000", "2015-03-31": "1859.80000", "2014-12-31": "1991.20000", "2014-09-30": "1723.00000", "2014-06-30": "1711.50000", "2014-03-31": "1629.20000", "2013-12-31": "1795.10000", "2013-09-30": "1633.60000", "2013-06-30": "1597.60000", "2013-03-31": "1530.40000", "2012-12-31": "1620.70000", "2012-09-30": "1459.20000", "2012-06-30": "1446.10000", "2012-03-31": "1411.90000", "2011-12-31": "1496.10000", "2011-09-30": "1314.50000", "2011-06-30": "1237.50000", "2011-03-31": "1171.20000", "2010-12-31": "1192.30000", "2010-09-30": "1130.50000", "2010-06-30": "1076.20000", "2010-03-31": "1064.10000", "2009-12-31": "1145.70000", "2009-09-30": "1041.20000", "2009-06-30": "1043.40000", "2009-03-31": "1043.50000", "2008-12-31": "1196.80000", "2008-09-30": "1189.50000", "2008-06-30": "1163.10000", "2008-03-31": "1106.70000", "2007-12-31": "1186.00000", "2007-09-30": "1065.60000", "2007-06-30": "1004.00000", "2007-03-31": "944.70000", "2006-12-31": "984.80000", "2006-09-30": "835.00010", "2006-06-30": "804.88900", "2006-03-31": "760.87300", "2005-12-31": "778.03800", "2005-09-30": "678.88590", "2005-06-30": "649.83100", "2005-03-31": "628.74000"}, "Gross Profit": {"2020-12-31": "4700.30000", "2020-09-30": "4226.30000", "2020-06-30": "2738.10000", "2020-03-31": "3998.00000", "2019-12-31": "4860.70000", "2019-09-30": "4607.49900", "2019-06-30": "4623.40000", "2019-03-31": "4293.90000", "2018-12-31": "4456.90000", "2018-09-30": "5942.79900", "2018-06-30": "3756.90000", "2018-03-31": "3517.10000", "2017-12-31": "3572.00000", "2017-09-30": "5317.90100", "2017-06-30": "3412.40000", "2017-03-31": "3152.80000", "2016-12-31": "3437.90000", "2016-09-30": "3459.00000", "2016-06-30": "3177.70000", "2016-03-31": "2982.90000", "2015-12-31": "3187.30000", "2015-09-30": "2932.19900", "2015-06-30": "2927.30000", "2015-03-31": "2703.70000", "2014-12-31": "2812.00000", "2014-09-30": "2457.70100", "2014-06-30": "2442.20000", "2014-03-31": "2244.60000", "2013-12-31": "2444.50000", "2013-09-30": "2155.10000", "2013-06-30": "2137.70000", "2013-03-31": "2019.20000", "2012-12-31": "2172.50000", "2012-09-30": "1882.20000", "2012-06-30": "1857.50000", "2012-03-31": "1784.00000", "2011-12-31": "1939.80000", "2011-09-30": "1717.20000", "2011-06-30": "1694.70000", "2011-03-31": "1614.50000", "2010-12-31": "1758.50000", "2010-09-30": "1707.50000", "2010-06-30": "1535.80000", "2010-03-31": "1470.60000", "2009-12-31": "1577.00000", "2009-09-30": "1381.00000", "2009-06-30": "1360.50000", "2009-03-31": "1289.80000", "2008-12-31": "1418.40000", "2008-09-30": "1325.90000", "2008-06-30": "1410.90000", "2008-03-31": "1419.30000", "2007-12-31": "1581.60000", "2007-09-30": "1375.30000", "2007-06-30": "1355.30000", "2007-03-31": "1310.90000", "2006-12-31": "1370.90000", "2006-09-30": "1168.31300", "2006-06-30": "1158.78400", "2006-03-31": "1124.94900", "2005-12-31": "1156.05400", "2005-09-30": "980.35530", "2005-06-30": "951.96800", "2005-03-31": "889.97600"}, "Research And Development Expenses": {"2020-12-31": "", "2020-09-30": "", "2020-06-30": "", "2020-03-31": "", "2019-12-31": "", "2019-09-30": "", "2019-06-30": "", "2019-03-31": "", "2018-12-31": "", "2018-09-30": "", "2018-06-30": "", "2018-03-31": "", "2017-12-31": "", "2017-09-30": "", "2017-06-30": "", "2017-03-31": "", "2016-12-31": "", "2016-09-30": "", "2016-06-30": "", "2016-03-31": "", "2015-12-31": "", "2015-09-30": "", "2015-06-30": "", "2015-03-31": "", "2014-12-31": "", "2014-09-30": "", "2014-06-30": "", "2014-03-31": "", "2013-12-31": "", "2013-09-30": "", "2013-06-30": "", "2013-03-31": "", "2012-12-31": "", "2012-09-30": "", "2012-06-30": "", "2012-03-31": "", "2011-12-31": "", "2011-09-30": "", "2011-06-30": "", "2011-03-31": "", "2010-12-31": "", "2010-09-30": "", "2010-06-30": "", "2010-03-31": "", "2009-12-31": "", "2009-09-30": "", "2009-06-30": "", "2009-03-31": "", "2008-12-31": "", "2008-09-30": "", "2008-06-30": "", "2008-03-31": "", "2007-12-31": "", "2007-09-30": "", "2007-06-30": "", "2007-03-31": "", "2006-12-31": "", "2006-09-30": "", "2006-06-30": "", "2006-03-31": "", "2005-12-31": "", "2005-09-30": "", "2005-06-30": "", "2005-03-31": ""}, "SG&A Expenses": {"2020-12-31": "472.10000", "2020-09-30": "438.99990", "2020-06-30": "399.90000", "2020-03-31": "406.50000", "2019-12-31": "434.20000", "2019-09-30": "458.29990", "2019-06-30": "459.70000", "2019-03-31": "458.10000", "2018-12-31": "448.00000", "2018-09-30": "409.30000", "2018-06-30": "485.90000", "2018-03-31": "420.60000", "2017-12-31": "392.40000", "2017-09-30": "400.20000", "2017-06-30": "325.00000", "2017-03-31": "326.80000", "2016-12-31": "356.40000", "2016-09-30": "449.50000", "2016-06-30": "323.40000", "2016-03-31": "330.50000", "2015-12-31": "305.50000", "2015-09-30": "303.89990", "2015-06-30": "288.50000", "2015-03-31": "305.90000", "2014-12-31": "298.40000", "2014-09-30": "238.70000", "2014-06-30": "269.40000", "2014-03-31": "240.60000", "2013-12-31": "242.60000", "2013-09-30": "226.10010", "2013-06-30": "249.60000", "2013-03-31": "230.30000", "2012-12-31": "231.90000", "2012-09-30": "203.80000", "2012-06-30": "199.00000", "2012-03-31": "206.90000", "2011-12-31": "191.50000", "2011-09-30": "192.30000", "2011-06-30": "190.20000", "2011-03-31": "181.60000", "2010-12-31": "185.20000", "2010-09-30": "296.00000", "2010-06-30": "132.70000", "2010-03-31": "139.00000", "2009-12-31": "136.90000", "2009-09-30": "133.20000", "2009-06-30": "110.30000", "2009-03-31": "104.30000", "2008-12-31": "105.20000", "2008-09-30": "96.40000", "2008-06-30": "116.10000", "2008-03-31": "117.60000", "2007-12-31": "125.90000", "2007-09-30": "123.30000", "2007-06-30": "121.30000", "2007-03-31": "127.80000", "2006-12-31": "116.80000", "2006-09-30": "121.20600", "2006-06-30": "115.25800", "2006-03-31": "119.61100", "2005-12-31": "123.32500", "2005-09-30": "105.44800", "2005-06-30": "90.63700", "2005-03-31": "81.92900"}, "Other Operating Income Or Expenses": {"2020-12-31": "-2876.40000", "2020-09-30": "-2670.90000", "2020-06-30": "-2603.00000", "2020-03-31": "-2748.50000", "2019-12-31": "-2849.40000", "2019-09-30": "-2709.50000", "2019-06-30": "-2661.60000", "2019-03-31": "-2578.90000", "2018-12-31": "-2616.60000", "2018-09-30": "-4205.19900", "2018-06-30": "-1885.90000", "2018-03-31": "-1857.70000", "2017-12-31": "-1777.10000", "2017-09-30": "-3606.40000", "2017-06-30": "-1670.40000", "2017-03-31": "-1637.00000", "2016-12-31": "-1699.20000", "2016-09-30": "-1532.20000", "2016-06-30": "-1584.40000", "2016-03-31": "-1540.40000", "2015-12-31": "-1588.30000", "2015-09-30": "-1424.60000", "2015-06-30": "-1463.70000", "2015-03-31": "-1403.20000", "2014-12-31": "-1392.10000", "2014-09-30": "-1178.60000", "2014-06-30": "-1224.20000", "2014-03-31": "-1185.50000", "2013-12-31": "-1218.70000", "2013-09-30": "-3878.20000", "2013-06-30": "-1119.60000", "2013-03-31": "-1091.70000", "2012-12-31": "-1161.10000", "2012-09-30": "-1017.29900", "2012-06-30": "-1030.20000", "2012-03-31": "-1009.60000", "2011-12-31": "-1057.50000", "2011-09-30": "-939.60000", "2011-06-30": "-972.80000", "2011-03-31": "-927.80000", "2010-12-31": "-943.60000", "2010-09-30": "-879.70000", "2010-06-30": "-929.80000", "2010-03-31": "-855.40000", "2009-12-31": "-938.60000", "2009-09-30": "-862.60020", "2009-06-30": "-860.90000", "2009-03-31": "-858.40000", "2008-12-31": "-985.70000", "2008-09-30": "-977.89970", "2008-06-30": "-1008.90000", "2008-03-31": "-985.40000", "2007-12-31": "-989.40000", "2007-09-30": "-879.80020", "2007-06-30": "-869.40000", "2007-03-31": "-828.70000", "2006-12-31": "-824.20000", "2006-09-30": "-746.55580", "2006-06-30": "-730.41400", "2006-03-31": "-708.93600", "2005-12-31": "-661.59410", "2005-09-30": "-589.95310", "2005-06-30": "-576.39800", "2005-03-31": "-562.99700"}, "Operating Expenses": {"2020-12-31": "5835.90000", "2020-09-30": "5644.70100", "2020-06-30": "4926.00000", "2020-03-31": "5508.30000", "2019-12-31": "5877.30000", "2019-09-30": "5663.80000", "2019-06-30": "5701.70000", "2019-03-31": "5448.20000", "2018-12-31": "5617.00000", "2018-09-30": "5347.19900", "2018-06-30": "5272.10000", "2018-03-31": "5259.30000", "2017-12-31": "4957.60000", "2017-09-30": "4675.89900", "2017-06-30": "4617.30000", "2017-03-31": "4358.60000", "2016-12-31": "4600.30000", "2016-09-30": "4483.80000", "2016-06-30": "4215.70000", "2016-03-31": "4129.00000", "2015-12-31": "4315.50000", "2015-09-30": "3945.40200", "2015-06-30": "3942.60000", "2015-03-31": "3786.00000", "2014-12-31": "3887.70000", "2014-09-30": "3325.70000", "2014-06-30": "3385.20000", "2014-03-31": "3229.70000", "2013-12-31": "3426.10000", "2013-09-30": "5904.00000", "2013-06-30": "3120.10000", "2013-03-31": "3005.50000", "2012-12-31": "3162.60000", "2012-09-30": "2822.00000", "2012-06-30": "2812.00000", "2012-03-31": "2765.50000", "2011-12-31": "2879.90000", "2011-09-30": "2583.40000", "2011-06-30": "2530.00000", "2011-03-31": "2409.60000", "2010-12-31": "2448.90000", "2010-09-30": "2438.70000", "2010-06-30": "2284.30000", "2010-03-31": "2194.90000", "2009-12-31": "2370.10000", "2009-09-30": "2222.80000", "2009-06-30": "2199.90000", "2009-03-31": "2292.40000", "2008-12-31": "2497.50000", "2008-09-30": "2501.20000", "2008-06-30": "2595.60000", "2008-03-31": "2347.80000", "2007-12-31": "2434.50000", "2007-09-30": "2192.90000", "2007-06-30": "2114.10000", "2007-03-31": "2014.60000", "2006-12-31": "2036.00000", "2006-09-30": "1805.62700", "2006-06-30": "1749.10000", "2006-03-31": "1683.92800", "2005-12-31": "1654.24500", "2005-09-30": "1462.76200", "2005-06-30": "1402.22900", "2005-03-31": "1361.43800"}, "Operating Income": {"2020-12-31": "913.49950", "2020-09-30": "558.39890", "2020-06-30": "-703.89990", "2020-03-31": "487.40040", "2019-12-31": "1219.80000", "2019-09-30": "1083.19900", "2019-06-30": "1121.30000", "2019-03-31": "857.69970", "2018-12-31": "1015.70000", "2018-09-30": "956.50050", "2018-06-30": "1038.20000", "2018-03-31": "772.49950", "2017-12-31": "1116.10000", "2017-09-30": "1022.50100", "2017-06-30": "1044.20000", "2017-03-31": "935.39990", "2016-12-31": "1132.60000", "2016-09-30": "1227.40000", "2016-06-30": "1022.30000", "2016-03-31": "864.20020", "2015-12-31": "1058.00000", "2015-09-30": "969.39700", "2015-06-30": "938.60030", "2015-03-31": "777.50000", "2014-12-31": "915.50050", "2014-09-30": "855.00100", "2014-06-30": "768.50020", "2014-03-31": "644.10010", "2013-12-31": "813.50000", "2013-09-30": "-2115.30000", "2013-06-30": "615.20000", "2013-03-31": "544.10010", "2012-12-31": "630.59990", "2012-09-30": "519.39990", "2012-06-30": "491.60010", "2012-03-31": "430.39990", "2011-12-31": "556.00000", "2011-09-30": "448.30000", "2011-06-30": "402.20000", "2011-03-31": "376.10010", "2010-12-31": "501.90010", "2010-09-30": "399.30000", "2010-06-30": "327.70020", "2010-03-31": "339.80000", "2009-12-31": "352.59990", "2009-09-30": "199.39970", "2009-06-30": "204.00000", "2009-03-31": "40.90020", "2008-12-31": "117.70000", "2008-09-30": "14.20020", "2008-06-30": "-21.60010", "2008-03-31": "178.20020", "2007-12-31": "333.10010", "2007-09-30": "247.99980", "2007-06-30": "245.20000", "2007-03-31": "241.00000", "2006-12-31": "319.70000", "2006-09-30": "197.68630", "2006-06-30": "214.57300", "2006-03-31": "201.89400", "2005-12-31": "279.84690", "2005-09-30": "196.47900", "2005-06-30": "199.56990", "2005-03-31": "157.27800"}, "Total Non-Operating Income/Expense": {"2020-12-31": "-105.20000", "2020-09-30": "-116.00000", "2020-06-30": "-108.10000", "2020-03-31": "-97.20000", "2019-12-31": "-76.00000", "2019-09-30": "-79.40000", "2019-06-30": "555.60000", "2019-03-31": "-37.70000", "2018-12-31": "-50.20000", "2018-09-30": "-24.79990", "2018-06-30": "-11.40000", "2018-03-31": "43.10000", "2017-12-31": "1889.80000", "2017-09-30": "129.30000", "2017-06-30": "8.20000", "2017-03-31": "45.00000", "2016-12-31": "0.30000", "2016-09-30": "-12.20000", "2016-06-30": "51.10000", "2016-03-31": "-3.80000", "2015-12-31": "-8.40000", "2015-09-30": "-72.80000", "2015-06-30": "6.40000", "2015-03-31": "-15.60000", "2014-12-31": "384.00000", "2014-09-30": "69.20000", "2014-06-30": "3.00000", "2014-03-31": "1.10000", "2013-12-31": "5.30000", "2013-09-30": "63.10000", "2013-06-30": "-2.80000", "2013-03-31": "44.70000", "2012-12-31": "-9.50000", "2012-09-30": "19.80000", "2012-06-30": "0.80000", "2012-03-31": "26.50000", "2011-12-31": "14.60000", "2011-09-30": "55.80000", "2011-06-30": "7.50000", "2011-03-31": "12.80000", "2010-12-31": "6.50000", "2010-09-30": "13.30000", "2010-06-30": "-9.30000", "2010-03-31": "-3.30000", "2009-12-31": "16.90000", "2009-09-30": "12.80000", "2009-06-30": "10.00000", "2009-03-31": "-5.90000", "2008-12-31": "-19.00000", "2008-09-30": "-19.20000", "2008-06-30": "-11.60000", "2008-03-31": "-11.00000", "2007-12-31": "-6.40000", "2007-09-30": "-1.20000", "2007-06-30": "-2.20000", "2007-03-31": "-0.70000", "2006-12-31": "6.50000", "2006-09-30": "3.86100", "2006-06-30": "5.02800", "2006-03-31": "3.06300", "2005-12-31": "0.34800", "2005-09-30": "3.45800", "2005-06-30": "3.23500", "2005-03-31": "4.01400"}, "Pre-Tax Income": {"2020-12-31": "808.30000", "2020-09-30": "442.39990", "2020-06-30": "-812.00000", "2020-03-31": "390.20000", "2019-12-31": "1143.80000", "2019-09-30": "1003.80000", "2019-06-30": "1676.90000", "2019-03-31": "820.00000", "2018-12-31": "965.50000", "2018-09-30": "931.70020", "2018-06-30": "1026.80000", "2018-03-31": "815.60000", "2017-12-31": "3005.90000", "2017-09-30": "1151.80000", "2017-06-30": "1052.40000", "2017-03-31": "980.40000", "2016-12-31": "1132.90000", "2016-09-30": "1215.20000", "2016-06-30": "1073.40000", "2016-03-31": "860.40000", "2015-12-31": "1049.60000", "2015-09-30": "896.60010", "2015-06-30": "945.00000", "2015-03-31": "761.90000", "2014-12-31": "1299.50000", "2014-09-30": "924.20000", "2014-06-30": "771.50000", "2014-03-31": "645.20000", "2013-12-31": "818.80000", "2013-09-30": "-2052.20000", "2013-06-30": "612.40000", "2013-03-31": "588.80000", "2012-12-31": "621.10000", "2012-09-30": "539.20010", "2012-06-30": "492.40000", "2012-03-31": "456.90000", "2011-12-31": "570.60000", "2011-09-30": "504.09990", "2011-06-30": "409.70000", "2011-03-31": "388.90000", "2010-12-31": "508.40000", "2010-09-30": "412.60000", "2010-06-30": "318.40000", "2010-03-31": "336.50000", "2009-12-31": "369.50000", "2009-09-30": "212.20000", "2009-06-30": "214.00000", "2009-03-31": "35.00000", "2008-12-31": "98.70000", "2008-09-30": "-5.00000", "2008-06-30": "-33.20000", "2008-03-31": "167.20000", "2007-12-31": "326.70000", "2007-09-30": "246.80000", "2007-06-30": "243.00000", "2007-03-31": "240.30000", "2006-12-31": "326.20000", "2006-09-30": "201.54700", "2006-06-30": "219.60100", "2006-03-31": "204.95700", "2005-12-31": "280.19500", "2005-09-30": "199.93700", "2005-06-30": "202.80500", "2005-03-31": "161.29200"}, "Income Taxes": {"2020-12-31": "186.10000", "2020-09-30": "49.70000", "2020-06-30": "-133.90000", "2020-03-31": "65.40000", "2019-12-31": "258.50000", "2019-09-30": "201.59990", "2019-06-30": "303.70000", "2019-03-31": "161.20000", "2018-12-31": "205.10000", "2018-09-30": "175.60000", "2018-06-30": "174.80000", "2018-03-31": "155.80000", "2017-12-31": "755.80000", "2017-09-30": "362.50000", "2017-06-30": "361.10000", "2017-03-31": "327.60000", "2016-12-31": "381.40000", "2016-09-30": "413.49990", "2016-06-30": "318.90000", "2016-03-31": "285.40000", "2015-12-31": "361.90000", "2015-09-30": "243.90000", "2015-06-30": "318.50000", "2015-03-31": "266.30000", "2014-12-31": "315.00000", "2014-09-30": "336.60000", "2014-06-30": "259.00000", "2014-03-31": "218.30000", "2013-12-31": "278.10000", "2013-09-30": "-820.10000", "2013-06-30": "194.60000", "2013-03-31": "198.10000", "2012-12-31": "188.70000", "2012-09-30": "180.10010", "2012-06-30": "159.10000", "2012-03-31": "146.80000", "2011-12-31": "188.40000", "2011-09-30": "145.90000", "2011-06-30": "129.90000", "2011-03-31": "126.50000", "2010-12-31": "160.80000", "2010-09-30": "134.10000", "2010-06-30": "109.90000", "2010-03-31": "118.70000", "2009-12-31": "126.00000", "2009-09-30": "58.70000", "2009-06-30": "65.80000", "2009-03-31": "9.90000", "2008-12-31": "34.00000", "2008-09-30": "-6.60000", "2008-06-30": "-26.50000", "2008-03-31": "58.50000", "2007-12-31": "118.60000", "2007-09-30": "88.30000", "2007-06-30": "84.70000", "2007-03-31": "89.50000", "2006-12-31": "121.20000", "2006-09-30": "67.01700", "2006-06-30": "74.10300", "2006-03-31": "77.64100", "2005-12-31": "106.03900", "2005-09-30": "76.25100", "2005-06-30": "77.29200", "2005-03-31": "60.83100"}, "Income After Taxes": {"2020-12-31": "622.20000", "2020-09-30": "392.70000", "2020-06-30": "-678.10000", "2020-03-31": "324.80000", "2019-12-31": "885.30000", "2019-09-30": "802.20010", "2019-06-30": "1373.20000", "2019-03-31": "658.80000", "2018-12-31": "760.40000", "2018-09-30": "756.10010", "2018-06-30": "852.00010", "2018-03-31": "659.80000", "2017-12-31": "2250.10000", "2017-09-30": "789.29980", "2017-06-30": "691.30000", "2017-03-31": "652.80000", "2016-12-31": "751.50000", "2016-09-30": "801.70020", "2016-06-30": "754.50000", "2016-03-31": "575.00000", "2015-12-31": "687.70000", "2015-09-30": "652.70000", "2015-06-30": "626.50000", "2015-03-31": "495.60000", "2014-12-31": "984.50000", "2014-09-30": "587.60000", "2014-06-30": "512.50000", "2014-03-31": "426.90000", "2013-12-31": "540.70000", "2013-09-30": "-1232.10000", "2013-06-30": "417.80000", "2013-03-31": "390.70000", "2012-12-31": "432.40000", "2012-09-30": "359.10020", "2012-06-30": "333.30000", "2012-03-31": "310.10000", "2011-12-31": "382.20000", "2011-09-30": "358.20000", "2011-06-30": "279.80000", "2011-03-31": "262.40000", "2010-12-31": "347.60000", "2010-09-30": "278.50000", "2010-06-30": "208.50000", "2010-03-31": "217.80000", "2009-12-31": "243.50000", "2009-09-30": "153.50000", "2009-06-30": "148.20000", "2009-03-31": "25.10000", "2008-12-31": "64.70000", "2008-09-30": "1.60000", "2008-06-30": "-6.70000", "2008-03-31": "108.70000", "2007-12-31": "208.10000", "2007-09-30": "158.50000", "2007-06-30": "158.30000", "2007-03-31": "150.80000", "2006-12-31": "205.00000", "2006-09-30": "134.53000", "2006-06-30": "145.49800", "2006-03-31": "127.31600", "2005-12-31": "174.15600", "2005-09-30": "123.68600", "2005-06-30": "125.51300", "2005-03-31": "100.46100"}, "Other Income": {"2020-12-31": "", "2020-09-30": "", "2020-06-30": "", "2020-03-31": "", "2019-12-31": "", "2019-09-30": "", "2019-06-30": "", "2019-03-31": "", "2018-12-31": "", "2018-09-30": "", "2018-06-30": "", "2018-03-31": "", "2017-12-31": "", "2017-09-30": "", "2017-06-30": "", "2017-03-31": "", "2016-12-31": "", "2016-09-30": "", "2016-06-30": "", "2016-03-31": "", "2015-12-31": "", "2015-09-30": "", "2015-06-30": "", "2015-03-31": "", "2014-12-31": "", "2014-09-30": "", "2014-06-30": "", "2014-03-31": "", "2013-12-31": "", "2013-09-30": "", "2013-06-30": "", "2013-03-31": "", "2012-12-31": "", "2012-09-30": "", "2012-06-30": "", "2012-03-31": "", "2011-12-31": "", "2011-09-30": "", "2011-06-30": "", "2011-03-31": "", "2010-12-31": "", "2010-09-30": "", "2010-06-30": "", "2010-03-31": "", "2009-12-31": "", "2009-09-30": "", "2009-06-30": "", "2009-03-31": "", "2008-12-31": "", "2008-09-30": "", "2008-06-30": "", "2008-03-31": "", "2007-12-31": "", "2007-09-30": "", "2007-06-30": "", "2007-03-31": "", "2006-12-31": "", "2006-09-30": "", "2006-06-30": "", "2006-03-31": "", "2005-12-31": "", "2005-09-30": "", "2005-06-30": "", "2005-03-31": ""}, "Income From Continuous Operations": {"2020-12-31": "622.20000", "2020-09-30": "392.70000", "2020-06-30": "-678.10000", "2020-03-31": "324.80000", "2019-12-31": "885.30000", "2019-09-30": "802.20010", "2019-06-30": "1373.20000", "2019-03-31": "658.80000", "2018-12-31": "760.40000", "2018-09-30": "756.10010", "2018-06-30": "852.00010", "2018-03-31": "659.80000", "2017-12-31": "2250.10000", "2017-09-30": "789.29980", "2017-06-30": "691.30000", "2017-03-31": "652.80000", "2016-12-31": "751.50000", "2016-09-30": "801.70020", "2016-06-30": "754.50000", "2016-03-31": "575.00000", "2015-12-31": "687.70000", "2015-09-30": "652.70000", "2015-06-30": "626.50000", "2015-03-31": "495.60000", "2014-12-31": "984.50000", "2014-09-30": "587.60000", "2014-06-30": "512.50000", "2014-03-31": "426.90000", "2013-12-31": "540.70000", "2013-09-30": "-1232.10000", "2013-06-30": "417.80000", "2013-03-31": "390.70000", "2012-12-31": "432.40000", "2012-09-30": "359.10020", "2012-06-30": "333.30000", "2012-03-31": "310.10000", "2011-12-31": "382.20000", "2011-09-30": "358.20000", "2011-06-30": "279.80000", "2011-03-31": "262.40000", "2010-12-31": "347.60000", "2010-09-30": "278.50000", "2010-06-30": "208.50000", "2010-03-31": "217.80000", "2009-12-31": "243.50000", "2009-09-30": "153.50000", "2009-06-30": "148.20000", "2009-03-31": "25.10000", "2008-12-31": "64.70000", "2008-09-30": "1.60000", "2008-06-30": "-6.70000", "2008-03-31": "108.70000", "2007-12-31": "208.10000", "2007-09-30": "158.50000", "2007-06-30": "158.30000", "2007-03-31": "150.80000", "2006-12-31": "205.00000", "2006-09-30": "134.53000", "2006-06-30": "145.49800", "2006-03-31": "127.31600", "2005-12-31": "174.15600", "2005-09-30": "123.68600", "2005-06-30": "125.51300", "2005-03-31": "100.46100"}, "Income From Discontinued Operations": {"2020-12-31": "", "2020-09-30": "", "2020-06-30": "", "2020-03-31": "", "2019-12-31": "", "2019-09-30": "", "2019-06-30": "", "2019-03-31": "", "2018-12-31": "", "2018-09-30": "", "2018-06-30": "", "2018-03-31": "", "2017-12-31": "", "2017-09-30": "", "2017-06-30": "", "2017-03-31": "", "2016-12-31": "", "2016-09-30": "", "2016-06-30": "", "2016-03-31": "", "2015-12-31": "", "2015-09-30": "", "2015-06-30": "", "2015-03-31": "", "2014-12-31": "", "2014-09-30": "", "2014-06-30": "", "2014-03-31": "", "2013-12-31": "", "2013-09-30": "", "2013-06-30": "", "2013-03-31": "", "2012-12-31": "", "2012-09-30": "", "2012-06-30": "", "2012-03-31": "", "2011-12-31": "", "2011-09-30": "", "2011-06-30": "", "2011-03-31": "", "2010-12-31": "", "2010-09-30": "", "2010-06-30": "", "2010-03-31": "", "2009-12-31": "", "2009-09-30": "", "2009-06-30": "", "2009-03-31": "", "2008-12-31": "", "2008-09-30": "", "2008-06-30": "", "2008-03-31": "", "2007-12-31": "", "2007-09-30": "", "2007-06-30": "", "2007-03-31": "", "2006-12-31": "", "2006-09-30": "", "2006-06-30": "", "2006-03-31": "", "2005-12-31": "", "2005-09-30": "", "2005-06-30": "", "2005-03-31": ""}, "Net Income": {"2020-12-31": "622.20000", "2020-09-30": "392.59990", "2020-06-30": "-678.40000", "2020-03-31": "328.40000", "2019-12-31": "885.70000", "2019-09-30": "802.60000", "2019-06-30": "1372.80000", "2019-03-31": "663.20000", "2018-12-31": "760.60000", "2018-09-30": "755.49980", "2018-06-30": "852.50000", "2018-03-31": "660.10000", "2017-12-31": "2250.20000", "2017-09-30": "788.50010", "2017-06-30": "691.60000", "2017-03-31": "652.80000", "2016-12-31": "751.80000", "2016-09-30": "800.90010", "2016-06-30": "754.10000", "2016-03-31": "575.10000", "2015-12-31": "687.60000", "2015-09-30": "652.70000", "2015-06-30": "626.70000", "2015-03-31": "494.90000", "2014-12-31": "983.10000", "2014-09-30": "587.80010", "2014-06-30": "512.60000", "2014-03-31": "427.00000", "2013-12-31": "540.70000", "2013-09-30": "-1232.10000", "2013-06-30": "417.80000", "2013-03-31": "390.40000", "2012-12-31": "432.20000", "2012-09-30": "358.70000", "2012-06-30": "333.10000", "2012-03-31": "309.90000", "2011-12-31": "382.10000", "2011-09-30": "358.40000", "2011-06-30": "279.10000", "2011-03-31": "261.60000", "2010-12-31": "346.60000", "2010-09-30": "278.90000", "2010-06-30": "207.90000", "2010-03-31": "217.30000", "2009-12-31": "241.50000", "2009-09-30": "150.00000", "2009-06-30": "151.50000", "2009-03-31": "25.00000", "2008-12-31": "64.30000", "2008-09-30": "5.40000", "2008-06-30": "-6.70000", "2008-03-31": "108.70000", "2007-12-31": "208.10000", "2007-09-30": "158.50000", "2007-06-30": "158.30000", "2007-03-31": "150.80000", "2006-12-31": "205.00000", "2006-09-30": "117.33000", "2006-06-30": "145.49800", "2006-03-31": "127.31600", "2005-12-31": "174.15600", "2005-09-30": "123.68600", "2005-06-30": "125.51300", "2005-03-31": "100.46100"}, "EBITDA": {"2020-12-31": "1301.90000", "2020-09-30": "937.59890", "2020-06-30": "-326.79990", "2020-03-31": "865.10040", "2019-12-31": "1589.00000", "2019-09-30": "1448.89900", "2019-06-30": "1481.40000", "2019-03-31": "1230.40000", "2018-12-31": "1366.50000", "2018-09-30": "1300.90100", "2018-06-30": "1382.10000", "2018-03-31": "1117.69900", "2017-12-31": "1388.50000", "2017-09-30": "1293.20100", "2017-06-30": "1310.80000", "2017-03-31": "1202.00000", "2016-12-31": "1395.80000", "2016-09-30": "1489.30000", "2016-06-30": "1281.20000", "2016-03-31": "1126.20000", "2015-12-31": "1305.30000", "2015-09-30": "1209.89700", "2015-06-30": "1187.70000", "2015-03-31": "1005.40000", "2014-12-31": "1131.80100", "2014-09-30": "1049.40100", "2014-06-30": "958.30020", "2014-03-31": "828.20010", "2013-12-31": "993.60000", "2013-09-30": "-1939.00000", "2013-06-30": "776.39990", "2013-03-31": "705.40010", "2012-12-31": "787.39980", "2012-09-30": "672.29990", "2012-06-30": "631.40010", "2012-03-31": "574.69990", "2011-12-31": "699.60000", "2011-09-30": "590.10000", "2011-06-30": "538.79990", "2011-03-31": "512.40010", "2010-12-31": "637.20010", "2010-09-30": "535.60000", "2010-06-30": "459.70020", "2010-03-31": "474.10000", "2009-12-31": "490.79990", "2009-09-30": "339.49960", "2009-06-30": "345.00000", "2009-03-31": "182.10020", "2008-12-31": "258.70000", "2008-09-30": "187.30020", "2008-06-30": "123.49990", "2008-03-31": "324.60020", "2007-12-31": "473.00010", "2007-09-30": "378.29980", "2007-06-30": "370.20000", "2007-03-31": "360.60000", "2006-12-31": "435.99990", "2006-09-30": "305.43330", "2006-06-30": "319.58400", "2006-03-31": "303.44700", "2005-12-31": "378.13590", "2005-09-30": "292.74000", "2005-06-30": "293.64400", "2005-03-31": "255.65490"}, "EBIT": {"2020-12-31": "913.49950", "2020-09-30": "558.39840", "2020-06-30": "-703.89990", "2020-03-31": "487.40040", "2019-12-31": "1219.80000", "2019-09-30": "1083.20100", "2019-06-30": "1121.30000", "2019-03-31": "857.69970", "2018-12-31": "1015.70000", "2018-09-30": "956.50100", "2018-06-30": "1038.20000", "2018-03-31": "772.49950", "2017-12-31": "1116.10000", "2017-09-30": "1022.50100", "2017-06-30": "1044.20000", "2017-03-31": "935.39990", "2016-12-31": "1132.60000", "2016-09-30": "1227.40000", "2016-06-30": "1022.30000", "2016-03-31": "864.20020", "2015-12-31": "1058.00000", "2015-09-30": "969.39720", "2015-06-30": "938.60030", "2015-03-31": "777.50000", "2014-12-31": "915.50050", "2014-09-30": "855.00020", "2014-06-30": "768.50020", "2014-03-31": "644.10010", "2013-12-31": "813.50000", "2013-09-30": "-2115.29900", "2013-06-30": "615.20000", "2013-03-31": "544.10010", "2012-12-31": "630.59990", "2012-09-30": "519.40040", "2012-06-30": "491.60010", "2012-03-31": "430.39990", "2011-12-31": "556.00000", "2011-09-30": "448.30080", "2011-06-30": "402.20000", "2011-03-31": "376.10010", "2010-12-31": "501.90010", "2010-09-30": "399.30030", "2010-06-30": "327.70020", "2010-03-31": "339.80000", "2009-12-31": "352.59990", "2009-09-30": "199.39990", "2009-06-30": "204.00000", "2009-03-31": "40.90020", "2008-12-31": "117.70000", "2008-09-30": "14.20020", "2008-06-30": "-21.60010", "2008-03-31": "178.20020", "2007-12-31": "333.10010", "2007-09-30": "247.99950", "2007-06-30": "245.20000", "2007-03-31": "241.00000", "2006-12-31": "319.70000", "2006-09-30": "197.68600", "2006-06-30": "214.57300", "2006-03-31": "201.89400", "2005-12-31": "279.84690", "2005-09-30": "196.47880", "2005-06-30": "199.56990", "2005-03-31": "157.27800"}, "Basic Shares Outstanding": {"2020-12-31": "1175.00000", "2020-09-30": "1172.80000", "2020-06-30": "1168.50000", "2020-03-31": "1171.80000", "2019-12-31": "1180.40000", "2019-09-30": "1221.20000", "2019-06-30": "1211.00000", "2019-03-31": "1239.20000", "2018-12-31": "1242.00000", "2018-09-30": "1382.70000", "2018-06-30": "1377.10000", "2018-03-31": "1394.90000", "2017-12-31": "1421.00000", "2017-09-30": "1449.50000", "2017-06-30": "1447.70000", "2017-03-31": "1453.20000", "2016-12-31": "1457.50000", "2016-09-30": "1471.60000", "2016-06-30": "1465.30000", "2016-03-31": "1472.10000", "2015-12-31": "1485.90000", "2015-09-30": "1495.90000", "2015-06-30": "1498.50000", "2015-03-31": "1500.50000", "2014-12-31": "1498.80000", "2014-09-30": "1506.30000", "2014-06-30": "1503.50000", "2014-03-31": "1510.30000", "2013-12-31": "1509.80000", "2013-09-30": "1498.50000", "2013-06-30": "1499.40000", "2013-03-31": "1498.20000", "2012-12-31": "1492.20000", "2012-09-30": "1508.80000", "2012-06-30": "1517.80000", "2012-03-31": "1509.20000", "2011-12-31": "1495.80000", "2011-09-30": "1496.60000", "2011-06-30": "1501.00000", "2011-03-31": "1500.60000", "2010-12-31": "1491.40000", "2010-09-30": "1488.80000", "2010-06-30": "1492.20000", "2010-03-31": "1494.20000", "2009-12-31": "1488.40000", "2009-09-30": "1477.40000", "2009-06-30": "1478.80000", "2009-03-31": "1476.00000", "2008-12-31": "1472.60000", "2008-09-30": "1463.00000", "2008-06-30": "1463.40000", "2008-03-31": "1457.40000", "2007-12-31": "1463.20000", "2007-09-30": "1499.60000", "2007-06-30": "1489.00000", "2007-03-31": "1505.00000", "2006-12-31": "1516.20000", "2006-09-30": "1532.20000", "2006-06-30": "1539.65000", "2006-03-31": "1534.89000", "2005-12-31": "1534.04200", "2005-09-30": "1579.14000", "2005-06-30": "1567.26400", "2005-03-31": "1603.85200"}, "Shares Outstanding": {"2020-12-31": "1183.00000", "2020-09-30": "1181.80000", "2020-06-30": "1168.50000", "2020-03-31": "1180.70000", "2019-12-31": "1191.00000", "2019-09-30": "1233.20000", "2019-06-30": "1223.00000", "2019-03-31": "1250.70000", "2018-12-31": "1253.40000", "2018-09-30": "1394.60000", "2018-06-30": "1388.50000", "2018-03-31": "1406.60000", "2017-12-31": "1434.60000", "2017-09-30": "1461.50000", "2017-06-30": "1459.40000", "2017-03-31": "1464.80000", "2016-12-31": "1470.50000", "2016-09-30": "1486.70000", "2016-06-30": "1479.30000", "2016-03-31": "1486.60000", "2015-12-31": "1503.30000", "2015-09-30": "1513.40000", "2015-06-30": "1515.70000", "2015-03-31": "1516.50000", "2014-12-31": "1516.80000", "2014-09-30": "1526.30000", "2014-06-30": "1522.00000", "2014-03-31": "1529.10000", "2013-12-31": "1532.40000", "2013-09-30": "1524.50000", "2013-06-30": "1523.80000", "2013-03-31": "1522.60000", "2012-12-31": "1522.60000", "2012-09-30": "1546.00000", "2012-06-30": "1553.60000", "2012-03-31": "1546.60000", "2011-12-31": "1537.00000", "2011-09-30": "1539.40000", "2011-06-30": "1543.80000", "2011-03-31": "1543.60000", "2010-12-31": "1533.40000", "2010-09-30": "1528.40000", "2010-06-30": "1533.40000", "2010-03-31": "1533.80000", "2009-12-31": "1525.80000", "2009-09-30": "1491.80000", "2009-06-30": "1493.40000", "2009-03-31": "1479.80000", "2008-12-31": "1478.20000", "2008-09-30": "1483.40000", "2008-06-30": "1463.40000", "2008-03-31": "1478.60000", "2007-12-31": "1489.80000", "2007-09-30": "1540.20000", "2007-06-30": "1527.20000", "2007-03-31": "1548.20000", "2006-12-31": "1565.60000", "2006-09-30": "1585.20000", "2006-06-30": "1596.51800", "2006-03-31": "1589.22600", "2005-12-31": "1585.89800", "2005-09-30": "1630.83400", "2005-06-30": "1616.07400", "2005-03-31": "1656.12400"}, "Basic EPS": {"2020-12-31": "0.53000", "2020-09-30": "0.34000", "2020-06-30": "-0.58000", "2020-03-31": "0.28000", "2019-12-31": "0.75000", "2019-09-30": "0.67000", "2019-06-30": "1.13000", "2019-03-31": "0.54000", "2018-12-31": "0.61000", "2018-09-30": "0.60000", "2018-06-30": "0.62000", "2018-03-31": "0.47000", "2017-12-31": "1.58000", "2017-09-30": "0.54000", "2017-06-30": "0.48000", "2017-03-31": "0.45000", "2016-12-31": "0.52000", "2016-09-30": "0.55000", "2016-06-30": "0.51000", "2016-03-31": "0.39000", "2015-12-31": "0.46000", "2015-09-30": "0.43000", "2015-06-30": "0.42000", "2015-03-31": "0.33000", "2014-12-31": "0.66000", "2014-09-30": "0.39000", "2014-06-30": "0.34000", "2014-03-31": "0.28000", "2013-12-31": "0.36000", "2013-09-30": "-0.82000", "2013-06-30": "0.28000", "2013-03-31": "0.26000", "2012-12-31": "0.29000", "2012-09-30": "0.23500", "2012-06-30": "0.22000", "2012-03-31": "0.20500", "2011-12-31": "0.25500", "2011-09-30": "0.24000", "2011-06-30": "0.18500", "2011-03-31": "0.17500", "2010-12-31": "0.23000", "2010-09-30": "0.19000", "2010-06-30": "0.14000", "2010-03-31": "0.14500", "2009-12-31": "0.16000", "2009-09-30": "0.10500", "2009-06-30": "0.10000", "2009-03-31": "0.01500", "2008-12-31": "0.04500", "2008-09-30": "0.00500", "2008-06-30": "-0.00500", "2008-03-31": "0.07500", "2007-12-31": "0.14000", "2007-09-30": "0.11000", "2007-06-30": "0.10500", "2007-03-31": "0.10000", "2006-12-31": "0.13500", "2006-09-30": "0.07500", "2006-06-30": "0.09500", "2006-03-31": "0.08500", "2005-12-31": "0.11500", "2005-09-30": "0.08000", "2005-06-30": "0.08000", "2005-03-31": "0.06500"}, "EPS - Earnings Per Share": {"2020-12-31": "0.53000", "2020-09-30": "0.35000", "2020-06-30": "-0.58000", "2020-03-31": "0.28000", "2019-12-31": "0.74000", "2019-09-30": "0.66000", "2019-06-30": "1.12000", "2019-03-31": "0.53000", "2018-12-31": "0.61000", "2018-09-30": "0.59000", "2018-06-30": "0.61000", "2018-03-31": "0.47000", "2017-12-31": "1.57000", "2017-09-30": "0.54000", "2017-06-30": "0.47000", "2017-03-31": "0.45000", "2016-12-31": "0.51000", "2016-09-30": "0.54000", "2016-06-30": "0.51000", "2016-03-31": "0.39000", "2015-12-31": "0.46000", "2015-09-30": "0.43000", "2015-06-30": "0.41000", "2015-03-31": "0.33000", "2014-12-31": "0.65000", "2014-09-30": "0.37500", "2014-06-30": "0.34000", "2014-03-31": "0.28000", "2013-12-31": "0.35500", "2013-09-30": "-0.80500", "2013-06-30": "0.27500", "2013-03-31": "0.25500", "2012-12-31": "0.28500", "2012-09-30": "0.23000", "2012-06-30": "0.21500", "2012-03-31": "0.20000", "2011-12-31": "0.25000", "2011-09-30": "0.23500", "2011-06-30": "0.18000", "2011-03-31": "0.17000", "2010-12-31": "0.22500", "2010-09-30": "0.18500", "2010-06-30": "0.13500", "2010-03-31": "0.14000", "2009-12-31": "0.16000", "2009-09-30": "0.10000", "2009-06-30": "0.10000", "2009-03-31": "0.01500", "2008-12-31": "0.04500", "2008-09-30": "0.00500", "2008-06-30": "-0.00500", "2008-03-31": "0.07500", "2007-12-31": "0.14000", "2007-09-30": "0.10500", "2007-06-30": "0.10500", "2007-03-31": "0.09500", "2006-12-31": "0.13000", "2006-09-30": "0.07500", "2006-06-30": "0.09000", "2006-03-31": "0.08000", "2005-12-31": "0.11000", "2005-09-30": "0.08000", "2005-06-30": "0.08000", "2005-03-31": "0.06000"}}, "balance sheet": {"Cash On Hand": {"2020-09-30": "4632.10000", "2019-09-30": "2757.10000", "2018-09-30": "8937.80000", "2017-09-30": "2690.90000", "2016-09-30": "2263.20000", "2015-09-30": "1611.40000", "2014-09-30": "1843.80000", "2013-09-30": "3233.80000", "2012-09-30": "2037.00000", "2011-09-30": "2050.70000", "2010-09-30": "1449.70000", "2009-09-30": "666.10000", "2008-09-30": "322.30000", "2007-09-30": "438.70000", "2006-09-30": "453.64400", "2005-09-30": "307.03600"}, "Receivables": {"2020-09-30": "883.40000", "2019-09-30": "879.20000", "2018-09-30": "693.10000", "2017-09-30": "870.40000", "2016-09-30": "768.80000", "2015-09-30": "719.00000", "2014-09-30": "631.00000", "2013-09-30": "561.40000", "2012-09-30": "485.90000", "2011-09-30": "386.50000", "2010-09-30": "302.70000", "2009-09-30": "271.00000", "2008-09-30": "329.50000", "2007-09-30": "287.90000", "2006-09-30": "224.27100", "2005-09-30": "190.76200"}, "Inventory": {"2020-09-30": "1551.40000", "2019-09-30": "1529.40000", "2018-09-30": "1400.50000", "2017-09-30": "1364.00000", "2016-09-30": "1378.50000", "2015-09-30": "1306.40000", "2014-09-30": "1090.90000", "2013-09-30": "1111.20000", "2012-09-30": "1241.50000", "2011-09-30": "965.80000", "2010-09-30": "543.30000", "2009-09-30": "664.90000", "2008-09-30": "692.80000", "2007-09-30": "691.70000", "2006-09-30": "636.22200", "2005-09-30": "546.29900"}, "Pre-Paid Expenses": {"2020-09-30": "739.50000", "2019-09-30": "488.20000", "2018-09-30": "1462.80000", "2017-09-30": "358.10000", "2016-09-30": "347.40000", "2015-09-30": "334.20000", "2014-09-30": "285.60000", "2013-09-30": "287.70000", "2012-09-30": "196.50000", "2011-09-30": "161.50000", "2010-09-30": "156.50000", "2009-09-30": "147.20000", "2008-09-30": "169.20000", "2007-09-30": "148.80000", "2006-09-30": "126.87400", "2005-09-30": "94.42900"}, "Other Current Assets": {"2020-09-30": "", "2019-09-30": "", "2018-09-30": "", "2017-09-30": "", "2016-09-30": "", "2015-09-30": "", "2014-09-30": "", "2013-09-30": "", "2012-09-30": "", "2011-09-30": "", "2010-09-30": "", "2009-09-30": "", "2008-09-30": "", "2007-09-30": "", "2006-09-30": "", "2005-09-30": ""}, "Total Current Assets": {"2020-09-30": "7806.40000", "2019-09-30": "5653.90000", "2018-09-30": "12494.20000", "2017-09-30": "5283.40000", "2016-09-30": "4757.90000", "2015-09-30": "3971.00000", "2014-09-30": "4168.70000", "2013-09-30": "5471.40000", "2012-09-30": "4199.60000", "2011-09-30": "3794.90000", "2010-09-30": "2756.40000", "2009-09-30": "2035.80000", "2008-09-30": "1748.00000", "2007-09-30": "1696.50000", "2006-09-30": "1529.78800", "2005-09-30": "1209.33400"}, "Property, Plant, And Equipment": {"2020-09-30": "6241.40000", "2019-09-30": "6431.70000", "2018-09-30": "5929.10000", "2017-09-30": "4919.50000", "2016-09-30": "4533.80000", "2015-09-30": "4088.30000", "2014-09-30": "3519.00000", "2013-09-30": "3200.50000", "2012-09-30": "2658.90000", "2011-09-30": "2355.00000", "2010-09-30": "2416.50000", "2009-09-30": "2536.40000", "2008-09-30": "2956.40000", "2007-09-30": "2890.40000", "2006-09-30": "2287.89900", "2005-09-30": "1842.01900"}, "Long-Term Investments": {"2020-09-30": "684.80000", "2019-09-30": "616.00000", "2018-09-30": "602.40000", "2017-09-30": "1023.90000", "2016-09-30": "1496.20000", "2015-09-30": "664.50000", "2014-09-30": "833.30000", "2013-09-30": "554.80000", "2012-09-30": "575.90000", "2011-09-30": "479.30000", "2010-09-30": "533.30000", "2009-09-30": "423.50000", "2008-09-30": "374.00000", "2007-09-30": "279.90000", "2006-09-30": "224.90400", "2005-09-30": "261.56400"}, "Goodwill And Intangible Assets": {"2020-09-30": "4149.30000", "2019-09-30": "4272.60000", "2018-09-30": "4583.80000", "2017-09-30": "1980.60000", "2016-09-30": "2235.90000", "2015-09-30": "2095.80000", "2014-09-30": "1129.70000", "2013-09-30": "1137.70000", "2012-09-30": "542.80000", "2011-09-30": "321.60000", "2010-09-30": "333.20000", "2009-09-30": "327.30000", "2008-09-30": "333.10000", "2007-09-30": "257.70000", "2006-09-30": "199.43300", "2005-09-30": "127.88300"}, "Other Long-Term Assets": {"2020-09-30": "568.60000", "2019-09-30": "479.60000", "2018-09-30": "412.20000", "2017-09-30": "362.80000", "2016-09-30": "403.30000", "2015-09-30": "415.90000", "2014-09-30": "198.90000", "2013-09-30": "185.30000", "2012-09-30": "144.70000", "2011-09-30": "409.60000", "2010-09-30": "346.50000", "2009-09-30": "253.80000", "2008-09-30": "261.10000", "2007-09-30": "219.40000", "2006-09-30": "186.91700", "2005-09-30": "72.89300"}, "Total Long-Term Assets": {"2020-09-30": "21568.10000", "2019-09-30": "13565.70000", "2018-09-30": "11662.20000", "2017-09-30": "9082.20000", "2016-09-30": "9554.60100", "2015-09-30": "8445.30000", "2014-09-30": "6584.20000", "2013-09-30": "6045.30000", "2012-09-30": "4019.60000", "2011-09-30": "3565.50000", "2010-09-30": "3629.50000", "2009-09-30": "3541.00000", "2008-09-30": "3924.60000", "2007-09-30": "3647.40000", "2006-09-30": "2899.15300", "2005-09-30": "2304.35900"}, "Total Assets": {"2020-09-30": "29374.50000", "2019-09-30": "19219.60000", "2018-09-30": "24156.40000", "2017-09-30": "14365.60000", "2016-09-30": "14312.50000", "2015-09-30": "12416.30000", "2014-09-30": "10752.90000", "2013-09-30": "11516.70000", "2012-09-30": "8219.20000", "2011-09-30": "7360.40000", "2010-09-30": "6385.90000", "2009-09-30": "5576.80000", "2008-09-30": "5672.60000", "2007-09-30": "5343.90000", "2006-09-30": "4428.94100", "2005-09-30": "3513.69300"}, "Total Current Liabilities": {"2020-09-30": "7346.80000", "2019-09-30": "6168.70000", "2018-09-30": "5684.20000", "2017-09-30": "4220.70000", "2016-09-30": "4546.80000", "2015-09-30": "3648.10000", "2014-09-30": "3038.70000", "2013-09-30": "5377.30000", "2012-09-30": "2209.80000", "2011-09-30": "2075.80000", "2010-09-30": "1779.10000", "2009-09-30": "1581.00000", "2008-09-30": "2189.70000", "2007-09-30": "2155.60000", "2006-09-30": "1935.62000", "2005-09-30": "1226.99600"}, "Long Term Debt": {"2020-09-30": "14659.60000", "2019-09-30": "11167.00000", "2018-09-30": "9090.20000", "2017-09-30": "3932.60000", "2016-09-30": "3185.30000", "2015-09-30": "2347.50000", "2014-09-30": "2048.30000", "2013-09-30": "1299.40000", "2012-09-30": "549.60000", "2011-09-30": "549.50000", "2010-09-30": "549.40000", "2009-09-30": "549.30000", "2008-09-30": "549.60000", "2007-09-30": "550.10000", "2006-09-30": "1.95800", "2005-09-30": "2.87000"}, "Other Non-Current Liabilities": {"2020-09-30": "907.30000", "2019-09-30": "1370.50000", "2018-09-30": "1430.50000", "2017-09-30": "750.90000", "2016-09-30": "689.70000", "2015-09-30": "600.90000", "2014-09-30": "392.20000", "2013-09-30": "357.70000", "2012-09-30": "345.30000", "2011-09-30": "347.80000", "2010-09-30": "375.10000", "2009-09-30": "389.60000", "2008-09-30": "442.40000", "2007-09-30": "354.10000", "2006-09-30": "262.85700", "2005-09-30": "193.56500"}, "Total Long Term Liabilities": {"2020-09-30": "29827.10000", "2019-09-30": "19281.90000", "2018-09-30": "17296.40000", "2017-09-30": "4687.90000", "2016-09-30": "3875.00000", "2015-09-30": "2948.40000", "2014-09-30": "2440.50000", "2013-09-30": "1657.10000", "2012-09-30": "894.90000", "2011-09-30": "897.30000", "2010-09-30": "924.50000", "2009-09-30": "938.90000", "2008-09-30": "992.00000", "2007-09-30": "904.20000", "2006-09-30": "264.81500", "2005-09-30": "196.43500"}, "Total Liabilities": {"2020-09-30": "37173.90000", "2019-09-30": "25450.60000", "2018-09-30": "22980.60000", "2017-09-30": "8908.60000", "2016-09-30": "8421.80000", "2015-09-30": "6596.50000", "2014-09-30": "5479.20000", "2013-09-30": "7034.40000", "2012-09-30": "3104.70000", "2011-09-30": "2973.10000", "2010-09-30": "2703.60000", "2009-09-30": "2519.90000", "2008-09-30": "3181.70000", "2007-09-30": "3059.80000", "2006-09-30": "2200.43500", "2005-09-30": "1423.43100"}, "Common Stock Net": {"2020-09-30": "1.20000", "2019-09-30": "1.20000", "2018-09-30": "1.30000", "2017-09-30": "1.40000", "2016-09-30": "1.50000", "2015-09-30": "1.50000", "2014-09-30": "0.70000", "2013-09-30": "0.80000", "2012-09-30": "0.70000", "2011-09-30": "0.70000", "2010-09-30": "0.70000", "2009-09-30": "0.70000", "2008-09-30": "0.70000", "2007-09-30": "0.70000", "2006-09-30": "0.75600", "2005-09-30": "0.76700"}, "Retained Earnings (Accumulated Deficit)": {"2020-09-30": "-7815.60000", "2019-09-30": "-5771.20000", "2018-09-30": "1457.40000", "2017-09-30": "5563.20000", "2016-09-30": "5949.80000", "2015-09-30": "5974.80000", "2014-09-30": "5206.60000", "2013-09-30": "4130.30000", "2012-09-30": "5046.20000", "2011-09-30": "4297.40000", "2010-09-30": "3471.20000", "2009-09-30": "2793.20000", "2008-09-30": "2402.40000", "2007-09-30": "2189.40000", "2006-09-30": "2151.08400", "2005-09-30": "1938.98700"}, "Comprehensive Income": {"2020-09-30": "-364.60000", "2019-09-30": "-503.30000", "2018-09-30": "-330.30000", "2017-09-30": "-155.60000", "2016-09-30": "-108.40000", "2015-09-30": "-199.40000", "2014-09-30": "25.30000", "2013-09-30": "67.00000", "2012-09-30": "22.70000", "2011-09-30": "46.30000", "2010-09-30": "57.20000", "2009-09-30": "65.40000", "2008-09-30": "48.40000", "2007-09-30": "54.60000", "2006-09-30": "37.27300", "2005-09-30": "20.91400"}, "Other Share Holders Equity": {"2020-09-30": "", "2019-09-30": "", "2018-09-30": "", "2017-09-30": "", "2016-09-30": "", "2015-09-30": "", "2014-09-30": "", "2013-09-30": "", "2012-09-30": "", "2011-09-30": "", "2010-09-30": "", "2009-09-30": "", "2008-09-30": "", "2007-09-30": "", "2006-09-30": "", "2005-09-30": ""}, "Share Holder Equity": {"2020-09-30": "-7799.40000", "2019-09-30": "-6231.00000", "2018-09-30": "1175.80000", "2017-09-30": "5457.00000", "2016-09-30": "5890.70000", "2015-09-30": "5819.80000", "2014-09-30": "5273.70000", "2013-09-30": "4482.30000", "2012-09-30": "5114.50000", "2011-09-30": "4387.30000", "2010-09-30": "3682.30000", "2009-09-30": "3056.90000", "2008-09-30": "2490.90000", "2007-09-30": "2284.10000", "2006-09-30": "2228.50600", "2005-09-30": "2090.26200"}, "Total Liabilities And Share Holders Equity": {"2020-09-30": "29374.50000", "2019-09-30": "19219.60000", "2018-09-30": "24156.40000", "2017-09-30": "14365.60000", "2016-09-30": "14312.50000", "2015-09-30": "12416.30000", "2014-09-30": "10752.90000", "2013-09-30": "11516.70000", "2012-09-30": "8219.20000", "2011-09-30": "7360.40000", "2010-09-30": "6385.90000", "2009-09-30": "5576.80000", "2008-09-30": "5672.60000", "2007-09-30": "5343.90000", "2006-09-30": "4428.94100", "2005-09-30": "3513.69300"}}, "balance sheet, quarterly": {"Cash On Hand": {"2020-12-31": "5263.60000", "2020-09-30": "4632.10000", "2020-06-30": "4195.80000", "2020-03-31": "2625.20000", "2019-12-31": "3108.90000", "2019-09-30": "2757.10000", "2019-06-30": "4835.40000", "2019-03-31": "2131.70000", "2018-12-31": "4991.80000", "2018-09-30": "8937.80000", "2018-06-30": "1976.60000", "2018-03-31": "2242.50000", "2017-12-31": "3768.00000", "2017-09-30": "2690.90000", "2017-06-30": "3006.10000", "2017-03-31": "2394.90000", "2016-12-31": "2175.40000", "2016-09-30": "2263.20000", "2016-06-30": "2316.30000", "2016-03-31": "1417.60000", "2015-12-31": "2379.90000", "2015-09-30": "1611.40000", "2015-06-30": "2175.20000", "2015-03-31": "1849.80000", "2014-12-31": "1953.10000", "2014-09-30": "1843.80000", "2014-06-30": "1196.30000", "2014-03-31": "1489.50000", "2013-12-31": "1702.80000", "2013-09-30": "3233.80000", "2013-06-30": "2044.30000", "2013-03-31": "1697.70000", "2012-12-31": "2459.70000", "2012-09-30": "2037.00000", "2012-06-30": "2497.60000", "2012-03-31": "2234.30000", "2011-12-31": "2273.20000", "2011-09-30": "2050.70000", "2011-06-30": "1952.50000", "2011-03-31": "1927.50000", "2010-12-31": "2050.60000", "2010-09-30": "1449.70000", "2010-06-30": "1395.10000", "2010-03-31": "1293.90000", "2009-12-31": "1356.70000", "2009-09-30": "666.10000", "2009-06-30": "336.70000", "2009-03-31": "294.50000", "2008-12-31": "395.50000", "2008-09-30": "322.30000", "2008-06-30": "349.70000", "2008-03-31": "371.50000", "2007-12-31": "535.40000", "2007-09-30": "438.70000", "2007-06-30": "330.02300", "2007-03-31": "343.83100", "2006-12-31": "436.47000", "2006-09-30": "453.64400", "2006-06-30": "441.97900", "2006-03-31": "445.44800", "2005-12-31": "538.53000", "2005-09-30": "307.03600", "2005-06-30": "348.54100", "2005-03-31": "700.60400"}, "Receivables": {"2020-12-31": "888.00000", "2020-09-30": "883.40000", "2020-06-30": "881.10000", "2020-03-31": "941.00000", "2019-12-31": "908.10000", "2019-09-30": "879.20000", "2019-06-30": "790.60000", "2019-03-31": "703.60000", "2018-12-31": "721.40000", "2018-09-30": "693.10000", "2018-06-30": "854.80000", "2018-03-31": "869.60000", "2017-12-31": "851.80000", "2017-09-30": "870.40000", "2017-06-30": "791.10000", "2017-03-31": "791.00000", "2016-12-31": "865.10000", "2016-09-30": "768.80000", "2016-06-30": "747.30000", "2016-03-31": "743.70000", "2015-12-31": "764.40000", "2015-09-30": "719.00000", "2015-06-30": "672.70000", "2015-03-31": "655.60000", "2014-12-31": "664.90000", "2014-09-30": "631.00000", "2014-06-30": "580.90000", "2014-03-31": "590.00000", "2013-12-31": "589.80000", "2013-09-30": "561.40000", "2013-06-30": "506.80000", "2013-03-31": "520.00000", "2012-12-31": "469.20000", "2012-09-30": "485.90000", "2012-06-30": "433.00000", "2012-03-31": "437.40000", "2011-12-31": "431.00000", "2011-09-30": "386.50000", "2011-06-30": "361.50000", "2011-03-31": "355.70000", "2010-12-31": "316.10000", "2010-09-30": "302.70000", "2010-06-30": "282.50000", "2010-03-31": "299.70000", "2009-12-31": "263.40000", "2009-09-30": "271.00000", "2009-06-30": "295.20000", "2009-03-31": "309.30000", "2008-12-31": "332.00000", "2008-09-30": "329.50000", "2008-06-30": "284.10000", "2008-03-31": "300.30000", "2007-12-31": "316.20000", "2007-09-30": "287.90000", "2007-06-30": "250.86600", "2007-03-31": "240.77500", "2006-12-31": "227.82300", "2006-09-30": "224.27100", "2006-06-30": "184.94100", "2006-03-31": "190.63100", "2005-12-31": "197.76500", "2005-09-30": "190.76200", "2005-06-30": "148.98200", "2005-03-31": "151.63800"}, "Inventory": {"2020-12-31": "1471.50000", "2020-09-30": "1551.40000", "2020-06-30": "1583.80000", "2020-03-31": "1492.20000", "2019-12-31": "1408.70000", "2019-09-30": "1529.40000", "2019-06-30": "1517.20000", "2019-03-31": "1443.00000", "2018-12-31": "1354.60000", "2018-09-30": "1400.50000", "2018-06-30": "1387.40000", "2018-03-31": "1375.90000", "2017-12-31": "1313.20000", "2017-09-30": "1364.00000", "2017-06-30": "1357.30000", "2017-03-31": "1323.60000", "2016-12-31": "1218.70000", "2016-09-30": "1378.50000", "2016-06-30": "1325.10000", "2016-03-31": "1293.10000", "2015-12-31": "1242.60000", "2015-09-30": "1306.40000", "2015-06-30": "1166.00000", "2015-03-31": "1061.10000", "2014-12-31": "1018.30000", "2014-09-30": "1090.90000", "2014-06-30": "1025.80000", "2014-03-31": "954.70000", "2013-12-31": "943.30000", "2013-09-30": "1111.20000", "2013-06-30": "1173.80000", "2013-03-31": "1124.50000", "2012-12-31": "1093.20000", "2012-09-30": "1241.50000", "2012-06-30": "1249.20000", "2012-03-31": "1205.00000", "2011-12-31": "1124.00000", "2011-09-30": "965.80000", "2011-06-30": "856.70000", "2011-03-31": "772.40000", "2010-12-31": "620.50000", "2010-09-30": "543.30000", "2010-06-30": "496.60000", "2010-03-31": "488.70000", "2009-12-31": "544.90000", "2009-09-30": "664.90000", "2009-06-30": "703.60000", "2009-03-31": "627.80000", "2008-12-31": "590.40000", "2008-09-30": "692.80000", "2008-06-30": "662.70000", "2008-03-31": "607.30000", "2007-12-31": "580.90000", "2007-09-30": "691.70000", "2007-06-30": "657.46600", "2007-03-31": "578.87700", "2006-12-31": "547.27700", "2006-09-30": "636.22200", "2006-06-30": "557.35900", "2006-03-31": "456.69500", "2005-12-31": "452.65000", "2005-09-30": "546.29900", "2005-06-30": "495.54200", "2005-03-31": "406.07300"}, "Pre-Paid Expenses": {"2020-12-31": "734.40000", "2020-09-30": "739.50000", "2020-06-30": "920.30000", "2020-03-31": "691.50000", "2019-12-31": "474.00000", "2019-09-30": "488.20000", "2019-06-30": "591.60000", "2019-03-31": "674.00000", "2018-12-31": "608.50000", "2018-09-30": "1462.80000", "2018-06-30": "1364.60000", "2018-03-31": "1169.00000", "2017-12-31": "950.50000", "2017-09-30": "358.10000", "2017-06-30": "354.80000", "2017-03-31": "409.90000", "2016-12-31": "357.00000", "2016-09-30": "347.40000", "2016-06-30": "467.50000", "2016-03-31": "429.10000", "2015-12-31": "340.80000", "2015-09-30": "334.20000", "2015-06-30": "413.80000", "2015-03-31": "355.10000", "2014-12-31": "600.50000", "2014-09-30": "285.60000", "2014-06-30": "289.40000", "2014-03-31": "286.10000", "2013-12-31": "271.10000", "2013-09-30": "287.70000", "2013-06-30": "302.00000", "2013-03-31": "256.70000", "2012-12-31": "178.30000", "2012-09-30": "196.50000", "2012-06-30": "172.90000", "2012-03-31": "259.60000", "2011-12-31": "180.10000", "2011-09-30": "161.50000", "2011-06-30": "152.80000", "2011-03-31": "226.70000", "2010-12-31": "151.00000", "2010-09-30": "156.50000", "2010-06-30": "156.00000", "2010-03-31": "136.10000", "2009-12-31": "141.00000", "2009-09-30": "147.20000", "2009-06-30": "145.10000", "2009-03-31": "159.60000", "2008-12-31": "159.70000", "2008-09-30": "169.20000", "2008-06-30": "145.40000", "2008-03-31": "145.80000", "2007-12-31": "144.70000", "2007-09-30": "148.80000", "2007-06-30": "128.37000", "2007-03-31": "124.95700", "2006-12-31": "121.32000", "2006-09-30": "126.87400", "2006-06-30": "95.42400", "2006-03-31": "87.16300", "2005-12-31": "85.93800", "2005-09-30": "94.42900", "2005-06-30": "80.77000", "2005-03-31": "83.17500"}, "Other Current Assets": {"2020-12-31": "", "2020-09-30": "", "2020-06-30": "", "2020-03-31": "", "2019-12-31": "", "2019-09-30": "", "2019-06-30": "", "2019-03-31": "", "2018-12-31": "", "2018-09-30": "", "2018-06-30": "", "2018-03-31": "", "2017-12-31": "", "2017-09-30": "", "2017-06-30": "", "2017-03-31": "", "2016-12-31": "", "2016-09-30": "", "2016-06-30": "", "2016-03-31": "", "2015-12-31": "", "2015-09-30": "", "2015-06-30": "", "2015-03-31": "", "2014-12-31": "", "2014-09-30": "", "2014-06-30": "", "2014-03-31": "", "2013-12-31": "", "2013-09-30": "", "2013-06-30": "", "2013-03-31": "", "2012-12-31": "", "2012-09-30": "", "2012-06-30": "", "2012-03-31": "", "2011-12-31": "", "2011-09-30": "", "2011-06-30": "", "2011-03-31": "", "2010-12-31": "", "2010-09-30": "", "2010-06-30": "", "2010-03-31": "", "2009-12-31": "", "2009-09-30": "", "2009-06-30": "", "2009-03-31": "", "2008-12-31": "", "2008-09-30": "", "2008-06-30": "", "2008-03-31": "", "2007-12-31": "", "2007-09-30": "", "2007-06-30": "", "2007-03-31": "", "2006-12-31": "", "2006-09-30": "", "2006-06-30": "", "2006-03-31": "", "2005-12-31": "", "2005-09-30": "", "2005-06-30": "", "2005-03-31": ""}, "Total Current Assets": {"2020-12-31": "8357.50000", "2020-09-30": "7806.40000", "2020-06-30": "7581.00000", "2020-03-31": "5749.90000", "2019-12-31": "5899.70000", "2019-09-30": "5653.90000", "2019-06-30": "7734.80000", "2019-03-31": "4952.30000", "2018-12-31": "7676.30000", "2018-09-30": "12494.20000", "2018-06-30": "5583.40000", "2018-03-31": "5657.00000", "2017-12-31": "6883.50000", "2017-09-30": "5283.40000", "2017-06-30": "5509.30000", "2017-03-31": "4919.40000", "2016-12-31": "4616.20000", "2016-09-30": "4757.90000", "2016-06-30": "4856.20000", "2016-03-31": "3883.50000", "2015-12-31": "4727.70000", "2015-09-30": "3971.00000", "2015-06-30": "4760.70000", "2015-03-31": "4245.40000", "2014-12-31": "4546.10000", "2014-09-30": "4168.70000", "2014-06-30": "3356.90000", "2014-03-31": "3579.00000", "2013-12-31": "3759.40000", "2013-09-30": "5471.40000", "2013-06-30": "4239.70000", "2013-03-31": "3810.20000", "2012-12-31": "4416.00000", "2012-09-30": "4199.60000", "2012-06-30": "4569.60000", "2012-03-31": "4351.50000", "2011-12-31": "4237.10000", "2011-09-30": "3794.90000", "2011-06-30": "3587.00000", "2011-03-31": "3540.30000", "2010-12-31": "3400.40000", "2010-09-30": "2756.40000", "2010-06-30": "2610.90000", "2010-03-31": "2490.40000", "2009-12-31": "2583.90000", "2009-09-30": "2035.80000", "2009-06-30": "1717.70000", "2009-03-31": "1604.10000", "2008-12-31": "1693.90000", "2008-09-30": "1748.00000", "2008-06-30": "1657.30000", "2008-03-31": "1579.20000", "2007-12-31": "1737.60000", "2007-09-30": "1696.50000", "2007-06-30": "1467.79600", "2007-03-31": "1384.86200", "2006-12-31": "1429.53600", "2006-09-30": "1529.78800", "2006-06-30": "1369.67200", "2006-03-31": "1267.41400", "2005-12-31": "1351.92900", "2005-09-30": "1209.33400", "2005-06-30": "1140.37500", "2005-03-31": "1412.45700"}, "Property, Plant, And Equipment": {"2020-12-31": "6177.90000", "2020-09-30": "6241.40000", "2020-06-30": "6295.60000", "2020-03-31": "6387.00000", "2019-12-31": "6390.90000", "2019-09-30": "6431.70000", "2019-06-30": "6187.80000", "2019-03-31": "6135.50000", "2018-12-31": "6039.30000", "2018-09-30": "5929.10000", "2018-06-30": "5689.60000", "2018-03-31": "5576.80000", "2017-12-31": "5378.70000", "2017-09-30": "4919.50000", "2017-06-30": "4699.80000", "2017-03-31": "4564.50000", "2016-12-31": "4478.50000", "2016-09-30": "4533.80000", "2016-06-30": "4359.20000", "2016-03-31": "4246.90000", "2015-12-31": "4122.50000", "2015-09-30": "4088.30000", "2015-06-30": "3977.70000", "2015-03-31": "3897.70000", "2014-12-31": "3822.30000", "2014-09-30": "3519.00000", "2014-06-30": "3373.70000", "2014-03-31": "3278.10000", "2013-12-31": "3233.00000", "2013-09-30": "3200.50000", "2013-06-30": "2987.10000", "2013-03-31": "2845.30000", "2012-12-31": "2711.10000", "2012-09-30": "2658.90000", "2012-06-30": "2444.20000", "2012-03-31": "2382.50000", "2011-12-31": "2347.30000", "2011-09-30": "2355.00000", "2011-06-30": "2384.80000", "2011-03-31": "2378.50000", "2010-12-31": "2393.60000", "2010-09-30": "2416.50000", "2010-06-30": "2361.50000", "2010-03-31": "2414.60000", "2009-12-31": "2482.70000", "2009-09-30": "2536.40000", "2009-06-30": "2594.20000", "2009-03-31": "2658.00000", "2008-12-31": "2822.50000", "2008-09-30": "2956.40000", "2008-06-30": "2947.40000", "2008-03-31": "3052.30000", "2007-12-31": "2993.00000", "2007-09-30": "2890.40000", "2007-06-30": "2686.96900", "2007-03-31": "2523.87000", "2006-12-31": "2396.80100", "2006-09-30": "2287.89900", "2006-06-30": "2090.90300", "2006-03-31": "1963.70100", "2005-12-31": "1870.79300", "2005-09-30": "1842.01900", "2005-06-30": "1738.83000", "2005-03-31": "1698.80300"}, "Long-Term Investments": {"2020-12-31": "686.90000", "2020-09-30": "684.80000", "2020-06-30": "649.50000", "2020-03-31": "619.70000", "2019-12-31": "611.10000", "2019-09-30": "616.00000", "2019-06-30": "562.90000", "2019-03-31": "561.20000", "2018-12-31": "601.10000", "2018-09-30": "602.40000", "2018-06-30": "584.80000", "2018-03-31": "590.70000", "2017-12-31": "651.10000", "2017-09-30": "1023.90000", "2017-06-30": "1138.50000", "2017-03-31": "1461.30000", "2016-12-31": "1652.00000", "2016-09-30": "1496.20000", "2016-06-30": "1172.10000", "2016-03-31": "937.40000", "2015-12-31": "656.50000", "2015-09-30": "664.50000", "2015-06-30": "749.50000", "2015-03-31": "662.10000", "2014-12-31": "628.40000", "2014-09-30": "833.30000", "2014-06-30": "1374.20000", "2014-03-31": "962.60000", "2013-12-31": "969.30000", "2013-09-30": "554.80000", "2013-06-30": "488.90000", "2013-03-31": "468.90000", "2012-12-31": "534.30000", "2012-09-30": "575.90000", "2012-06-30": "554.40000", "2012-03-31": "539.70000", "2011-12-31": "528.10000", "2011-09-30": "479.30000", "2011-06-30": "473.70000", "2011-03-31": "447.50000", "2010-12-31": "483.50000", "2010-09-30": "533.30000", "2010-06-30": "592.80000", "2010-03-31": "588.80000", "2009-12-31": "393.40000", "2009-09-30": "423.50000", "2009-06-30": "408.40000", "2009-03-31": "387.40000", "2008-12-31": "391.10000", "2008-09-30": "374.00000", "2008-06-30": "388.70000", "2008-03-31": "376.10000", "2007-12-31": "270.30000", "2007-09-30": "279.90000", "2007-06-30": "258.44000", "2007-03-31": "251.58800", "2006-12-31": "248.19800", "2006-09-30": "224.90400", "2006-06-30": "241.35100", "2006-03-31": "252.41900", "2005-12-31": "263.12900", "2005-09-30": "261.56400", "2005-06-30": "265.96100", "2005-03-31": "331.89700"}, "Goodwill And Intangible Assets": {"2020-12-31": "4213.20000", "2020-09-30": "4149.30000", "2020-06-30": "4109.70000", "2020-03-31": "4171.70000", "2019-12-31": "4255.00000", "2019-09-30": "4272.60000", "2019-06-30": "4417.90000", "2019-03-31": "4521.80000", "2018-12-31": "4541.90000", "2018-09-30": "4583.80000", "2018-06-30": "4770.50000", "2018-03-31": "5021.90000", "2017-12-31": "4921.00000", "2017-09-30": "1980.60000", "2017-06-30": "2003.90000", "2017-03-31": "2103.50000", "2016-12-31": "2069.60000", "2016-09-30": "2235.90000", "2016-06-30": "2231.80000", "2016-03-31": "2140.20000", "2015-12-31": "2081.40000", "2015-09-30": "2095.80000", "2015-06-30": "2086.40000", "2015-03-31": "2139.20000", "2014-12-31": "2140.40000", "2014-09-30": "1129.70000", "2014-06-30": "1140.40000", "2014-03-31": "1138.00000", "2013-12-31": "1138.70000", "2013-09-30": "1137.70000", "2013-06-30": "860.90000", "2013-03-31": "863.60000", "2012-12-31": "400.20000", "2012-09-30": "542.80000", "2012-06-30": "336.70000", "2012-03-31": "340.70000", "2011-12-31": "337.10000", "2011-09-30": "321.60000", "2011-06-30": "340.20000", "2011-03-31": "337.90000", "2010-12-31": "335.70000", "2010-09-30": "333.20000", "2010-06-30": "330.60000", "2010-03-31": "331.90000", "2009-12-31": "331.10000", "2009-09-30": "327.30000", "2009-06-30": "324.90000", "2009-03-31": "328.40000", "2008-12-31": "328.70000", "2008-09-30": "333.10000", "2008-06-30": "300.60000", "2008-03-31": "281.50000", "2007-12-31": "258.50000", "2007-09-30": "257.70000", "2007-06-30": "255.61100", "2007-03-31": "248.42700", "2006-12-31": "247.37500", "2006-09-30": "199.43300", "2006-06-30": "202.86800", "2006-03-31": "208.99400", "2005-12-31": "128.27900", "2005-09-30": "127.88300", "2005-06-30": "107.44100", "2005-03-31": "101.28200"}, "Other Long-Term Assets": {"2020-12-31": "541.10000", "2020-09-30": "568.60000", "2020-06-30": "550.79980", "2020-03-31": "580.10060", "2019-12-31": "484.70020", "2019-09-30": "479.60000", "2019-06-30": "458.00000", "2019-03-31": "464.50000", "2018-12-31": "472.70000", "2018-09-30": "412.20000", "2018-06-30": "404.70000", "2018-03-31": "541.80000", "2017-12-31": "526.30000", "2017-09-30": "362.80000", "2017-06-30": "365.30000", "2017-03-31": "368.00000", "2016-12-31": "394.90000", "2016-09-30": "403.30000", "2016-06-30": "391.10000", "2016-03-31": "401.20000", "2015-12-31": "416.90000", "2015-09-30": "415.90000", "2015-06-30": "443.30000", "2015-03-31": "395.20000", "2014-12-31": "382.20000", "2014-09-30": "198.90000", "2014-06-30": "193.00000", "2014-03-31": "195.90000", "2013-12-31": "205.80000", "2013-09-30": "185.30000", "2013-06-30": "485.80000", "2013-03-31": "514.80000", "2012-12-31": "428.50000", "2012-09-30": "144.70000", "2012-06-30": "404.00000", "2012-03-31": "392.10000", "2011-12-31": "386.00000", "2011-09-30": "409.60000", "2011-06-30": "312.10000", "2011-03-31": "323.40000", "2010-12-31": "317.90000", "2010-09-30": "346.50000", "2010-06-30": "311.10000", "2010-03-31": "319.00000", "2009-12-31": "310.50000", "2009-09-30": "253.80000", "2009-06-30": "287.90000", "2009-03-31": "303.40000", "2008-12-31": "294.20000", "2008-09-30": "261.10000", "2008-06-30": "258.30000", "2008-03-31": "245.00000", "2007-12-31": "247.00000", "2007-09-30": "219.40000", "2007-06-30": "235.10700", "2007-03-31": "228.12800", "2006-12-31": "205.72400", "2006-09-30": "186.91700", "2006-06-30": "147.64800", "2006-03-31": "125.17100", "2005-12-31": "97.37500", "2005-09-30": "72.89300", "2005-06-30": "63.49000", "2005-03-31": "58.97800"}, "Total Long-Term Assets": {"2020-12-31": "21610.90000", "2020-09-30": "21568.10000", "2020-06-30": "21559.60000", "2020-03-31": "21729.00000", "2019-12-31": "21831.60000", "2019-09-30": "13565.70000", "2019-06-30": "13159.60000", "2019-03-31": "12689.60000", "2018-12-31": "12305.00000", "2018-09-30": "11662.20000", "2018-06-30": "11598.70000", "2018-03-31": "11896.50000", "2017-12-31": "11635.00000", "2017-09-30": "9082.20000", "2017-06-30": "9013.39900", "2017-03-31": "9308.50000", "2016-12-31": "9401.10000", "2016-09-30": "9554.60100", "2016-06-30": "8977.00000", "2016-03-31": "8635.90000", "2015-12-31": "8215.80100", "2015-09-30": "8445.30000", "2015-06-30": "8108.10000", "2015-03-31": "7945.30000", "2014-12-31": "7805.00000", "2014-09-30": "6584.20000", "2014-06-30": "7028.40000", "2014-03-31": "6518.00000", "2013-12-31": "6495.80000", "2013-09-30": "6045.30000", "2013-06-30": "4822.70000", "2013-03-31": "4692.60000", "2012-12-31": "4074.10000", "2012-09-30": "4019.60000", "2012-06-30": "3739.30000", "2012-03-31": "3655.00000", "2011-12-31": "3598.50000", "2011-09-30": "3565.50000", "2011-06-30": "3510.80000", "2011-03-31": "3487.30000", "2010-12-31": "3530.70000", "2010-09-30": "3629.50000", "2010-06-30": "3596.00000", "2010-03-31": "3654.30000", "2009-12-31": "3517.70000", "2009-09-30": "3541.00000", "2009-06-30": "3615.40000", "2009-03-31": "3677.20000", "2008-12-31": "3836.50000", "2008-09-30": "3924.60000", "2008-06-30": "3895.00000", "2008-03-31": "3954.90000", "2007-12-31": "3768.80000", "2007-09-30": "3647.40000", "2007-06-30": "3436.12700", "2007-03-31": "3252.01300", "2006-12-31": "3098.09800", "2006-09-30": "2899.15300", "2006-06-30": "2682.77000", "2006-03-31": "2550.28500", "2005-12-31": "2359.57600", "2005-09-30": "2304.35900", "2005-06-30": "2187.60600", "2005-03-31": "2190.96000"}, "Total Assets": {"2020-12-31": "29968.40000", "2020-09-30": "29374.50000", "2020-06-30": "29140.60000", "2020-03-31": "27478.90000", "2019-12-31": "27731.30000", "2019-09-30": "19219.60000", "2019-06-30": "20894.40000", "2019-03-31": "17641.90000", "2018-12-31": "19981.30000", "2018-09-30": "24156.40000", "2018-06-30": "17182.10000", "2018-03-31": "17553.50000", "2017-12-31": "18518.50000", "2017-09-30": "14365.60000", "2017-06-30": "14522.70000", "2017-03-31": "14227.90000", "2016-12-31": "14017.30000", "2016-09-30": "14312.50000", "2016-06-30": "13833.20000", "2016-03-31": "12519.40000", "2015-12-31": "12943.50000", "2015-09-30": "12416.30000", "2015-06-30": "12868.80000", "2015-03-31": "12190.70000", "2014-12-31": "12351.10000", "2014-09-30": "10752.90000", "2014-06-30": "10385.30000", "2014-03-31": "10097.00000", "2013-12-31": "10255.20000", "2013-09-30": "11516.70000", "2013-06-30": "9062.40000", "2013-03-31": "8502.80000", "2012-12-31": "8490.10000", "2012-09-30": "8219.20000", "2012-06-30": "8308.90000", "2012-03-31": "8006.50000", "2011-12-31": "7835.60000", "2011-09-30": "7360.40000", "2011-06-30": "7097.80000", "2011-03-31": "7027.60000", "2010-12-31": "6931.10000", "2010-09-30": "6385.90000", "2010-06-30": "6206.90000", "2010-03-31": "6144.70000", "2009-12-31": "6101.60000", "2009-09-30": "5576.80000", "2009-06-30": "5333.10000", "2009-03-31": "5281.30000", "2008-12-31": "5530.40000", "2008-09-30": "5672.60000", "2008-06-30": "5552.30000", "2008-03-31": "5534.10000", "2007-12-31": "5506.40000", "2007-09-30": "5343.90000", "2007-06-30": "4903.92300", "2007-03-31": "4636.87500", "2006-12-31": "4527.63400", "2006-09-30": "4428.94100", "2006-06-30": "4052.44200", "2006-03-31": "3817.69900", "2005-12-31": "3711.50500", "2005-09-30": "3513.69300", "2005-06-30": "3327.98100", "2005-03-31": "3603.41700"}, "Total Current Liabilities": {"2020-12-31": "7883.90000", "2020-09-30": "7346.80000", "2020-06-30": "8002.00000", "2020-03-31": "8265.80000", "2019-12-31": "8675.50000", "2019-09-30": "6168.70000", "2019-06-30": "5895.80000", "2019-03-31": "5273.40000", "2018-12-31": "5427.50000", "2018-09-30": "5684.20000", "2018-06-30": "5551.60000", "2018-03-31": "5187.00000", "2017-12-31": "6841.10000", "2017-09-30": "4220.70000", "2017-06-30": "4026.50000", "2017-03-31": "4000.10000", "2016-12-31": "4397.30000", "2016-09-30": "4546.80000", "2016-06-30": "4245.20000", "2016-03-31": "4351.20000", "2015-12-31": "4420.10000", "2015-09-30": "3648.10000", "2015-06-30": "4049.20000", "2015-03-31": "3521.20000", "2014-12-31": "3557.50000", "2014-09-30": "3038.70000", "2014-06-30": "2883.90000", "2014-03-31": "2733.50000", "2013-12-31": "2953.00000", "2013-09-30": "5377.30000", "2013-06-30": "2424.40000", "2013-03-31": "2269.70000", "2012-12-31": "2390.90000", "2012-09-30": "2209.80000", "2012-06-30": "2018.20000", "2012-03-31": "1971.40000", "2011-12-31": "2158.80000", "2011-09-30": "2075.80000", "2011-06-30": "1859.40000", "2011-03-31": "1794.20000", "2010-12-31": "1956.40000", "2010-09-30": "1779.10000", "2010-06-30": "1726.60000", "2010-03-31": "1646.60000", "2009-12-31": "1779.20000", "2009-09-30": "1581.00000", "2009-06-30": "1557.90000", "2009-03-31": "1685.90000", "2008-12-31": "1953.00000", "2008-09-30": "2189.70000", "2008-06-30": "2061.90000", "2008-03-31": "2079.40000", "2007-12-31": "2253.20000", "2007-09-30": "2155.60000", "2007-06-30": "2223.41800", "2007-03-31": "2119.83200", "2006-12-31": "1804.23700", "2006-09-30": "1935.62000", "2006-06-30": "1322.78000", "2006-03-31": "1187.12300", "2005-12-31": "1270.70800", "2005-09-30": "1226.99600", "2005-06-30": "881.29500", "2005-03-31": "832.65700"}, "Long Term Debt": {"2020-12-31": "14673.50000", "2020-09-30": "14659.60000", "2020-06-30": "14645.60000", "2020-03-31": "11658.70000", "2019-12-31": "10653.20000", "2019-09-30": "11167.00000", "2019-06-30": "11159.10000", "2019-03-31": "9141.50000", "2018-12-31": "9130.70000", "2018-09-30": "9090.20000", "2018-06-30": "6149.10000", "2018-03-31": "6185.10000", "2017-12-31": "4566.50000", "2017-09-30": "3932.60000", "2017-06-30": "3935.50000", "2017-03-31": "3942.50000", "2016-12-31": "3185.70000", "2016-09-30": "3185.30000", "2016-06-30": "3202.40000", "2016-03-31": "2447.60000", "2015-12-31": "1947.90000", "2015-09-30": "2347.50000", "2015-06-30": "2347.40000", "2015-03-31": "2048.50000", "2014-12-31": "2048.40000", "2014-09-30": "2048.30000", "2014-06-30": "2048.10000", "2014-03-31": "2048.00000", "2013-12-31": "2047.90000", "2013-09-30": "1299.40000", "2013-06-30": "549.70000", "2013-03-31": "549.60000", "2012-12-31": "549.60000", "2012-09-30": "549.60000", "2012-06-30": "549.60000", "2012-03-31": "549.60000", "2011-12-31": "549.50000", "2011-09-30": "549.50000", "2011-06-30": "549.40000", "2011-03-31": "549.40000", "2010-12-31": "549.40000", "2010-09-30": "549.40000", "2010-06-30": "549.40000", "2010-03-31": "549.30000", "2009-12-31": "549.30000", "2009-09-30": "549.30000", "2009-06-30": "549.40000", "2009-03-31": "549.40000", "2008-12-31": "549.50000", "2008-09-30": "549.60000", "2008-06-30": "549.80000", "2008-03-31": "549.90000", "2007-12-31": "550.00000", "2007-09-30": "550.10000", "2007-06-30": "1.35600", "2007-03-31": "1.55100", "2006-12-31": "1.74600", "2006-09-30": "1.95800", "2006-06-30": "2.30000", "2006-03-31": "2.49100", "2005-12-31": "2.68100", "2005-09-30": "2.87000", "2005-06-30": "3.05800", "2005-03-31": "3.24600"}, "Other Non-Current Liabilities": {"2020-12-31": "962.80000", "2020-09-30": "907.30000", "2020-06-30": "821.10000", "2020-03-31": "751.40000", "2019-12-31": "701.20000", "2019-09-30": "1370.50000", "2019-06-30": "1440.60000", "2019-03-31": "1500.30000", "2018-12-31": "1478.20000", "2018-09-30": "1430.50000", "2018-06-30": "1484.70000", "2018-03-31": "1463.70000", "2017-12-31": "1352.00000", "2017-09-30": "750.90000", "2017-06-30": "711.20000", "2017-03-31": "673.90000", "2016-12-31": "631.20000", "2016-09-30": "689.70000", "2016-06-30": "661.60000", "2016-03-31": "624.20000", "2015-12-31": "592.10000", "2015-09-30": "600.90000", "2015-06-30": "613.90000", "2015-03-31": "610.30000", "2014-12-31": "587.40000", "2014-09-30": "392.20000", "2014-06-30": "382.50000", "2014-03-31": "368.40000", "2013-12-31": "364.80000", "2013-09-30": "357.70000", "2013-06-30": "340.70000", "2013-03-31": "356.00000", "2012-12-31": "374.60000", "2012-09-30": "345.30000", "2012-06-30": "353.10000", "2012-03-31": "348.80000", "2011-12-31": "352.00000", "2011-09-30": "347.80000", "2011-06-30": "347.50000", "2011-03-31": "356.80000", "2010-12-31": "365.00000", "2010-09-30": "375.10000", "2010-06-30": "396.30000", "2010-03-31": "394.10000", "2009-12-31": "409.00000", "2009-09-30": "389.60000", "2009-06-30": "407.80000", "2009-03-31": "415.60000", "2008-12-31": "443.30000", "2008-09-30": "442.40000", "2008-06-30": "463.30000", "2008-03-31": "464.00000", "2007-12-31": "450.00000", "2007-09-30": "354.10000", "2007-06-30": "323.36400", "2007-03-31": "303.19300", "2006-12-31": "282.79600", "2006-09-30": "262.85700", "2006-06-30": "222.26700", "2006-03-31": "210.17600", "2005-12-31": "205.32400", "2005-09-30": "193.56500", "2005-06-30": "167.77100", "2005-03-31": "157.30100"}, "Total Long Term Liabilities": {"2020-12-31": "29988.50000", "2020-09-30": "29827.10000", "2020-06-30": "29762.90000", "2020-03-31": "26746.00000", "2019-12-31": "25814.90000", "2019-09-30": "19281.90000", "2019-06-30": "19317.60000", "2019-03-31": "17403.70000", "2018-12-31": "17432.60000", "2018-09-30": "17296.40000", "2018-06-30": "7633.80000", "2018-03-31": "7648.80000", "2017-12-31": "5918.50000", "2017-09-30": "4687.90000", "2017-06-30": "4646.70000", "2017-03-31": "4616.40000", "2016-12-31": "3816.90000", "2016-09-30": "3875.00000", "2016-06-30": "3864.00000", "2016-03-31": "3071.80000", "2015-12-31": "2540.00000", "2015-09-30": "2948.40000", "2015-06-30": "2961.30000", "2015-03-31": "2658.80000", "2014-12-31": "2635.80000", "2014-09-30": "2440.50000", "2014-06-30": "2430.60000", "2014-03-31": "2416.40000", "2013-12-31": "2412.70000", "2013-09-30": "1657.10000", "2013-06-30": "890.40000", "2013-03-31": "905.60000", "2012-12-31": "924.20000", "2012-09-30": "894.90000", "2012-06-30": "902.70000", "2012-03-31": "898.40000", "2011-12-31": "901.50000", "2011-09-30": "897.30000", "2011-06-30": "896.90000", "2011-03-31": "906.20000", "2010-12-31": "914.40000", "2010-09-30": "924.50000", "2010-06-30": "945.70000", "2010-03-31": "943.40000", "2009-12-31": "958.30000", "2009-09-30": "938.90000", "2009-06-30": "957.20000", "2009-03-31": "965.00000", "2008-12-31": "992.80000", "2008-09-30": "992.00000", "2008-06-30": "1013.10000", "2008-03-31": "1013.90000", "2007-12-31": "1000.00000", "2007-09-30": "904.20000", "2007-06-30": "324.72000", "2007-03-31": "304.74400", "2006-12-31": "284.54200", "2006-09-30": "264.81500", "2006-06-30": "224.56700", "2006-03-31": "212.66700", "2005-12-31": "208.00500", "2005-09-30": "196.43500", "2005-06-30": "170.82900", "2005-03-31": "166.47600"}, "Total Liabilities": {"2020-12-31": "37872.40000", "2020-09-30": "37173.90000", "2020-06-30": "37764.90000", "2020-03-31": "35011.80000", "2019-12-31": "34490.40000", "2019-09-30": "25450.60000", "2019-06-30": "25213.40000", "2019-03-31": "22677.10000", "2018-12-31": "22860.10000", "2018-09-30": "22980.60000", "2018-06-30": "13185.40000", "2018-03-31": "12835.80000", "2017-12-31": "12759.60000", "2017-09-30": "8908.60000", "2017-06-30": "8673.20000", "2017-03-31": "8616.50000", "2016-12-31": "8214.20000", "2016-09-30": "8421.80000", "2016-06-30": "8109.20000", "2016-03-31": "7423.00000", "2015-12-31": "6960.10000", "2015-09-30": "6596.50000", "2015-06-30": "7010.50000", "2015-03-31": "6180.00000", "2014-12-31": "6193.30000", "2014-09-30": "5479.20000", "2014-06-30": "5314.50000", "2014-03-31": "5149.90000", "2013-12-31": "5365.70000", "2013-09-30": "7034.40000", "2013-06-30": "3314.80000", "2013-03-31": "3175.30000", "2012-12-31": "3315.10000", "2012-09-30": "3104.70000", "2012-06-30": "2920.90000", "2012-03-31": "2869.80000", "2011-12-31": "3060.30000", "2011-09-30": "2973.10000", "2011-06-30": "2756.30000", "2011-03-31": "2700.40000", "2010-12-31": "2870.80000", "2010-09-30": "2703.60000", "2010-06-30": "2672.30000", "2010-03-31": "2590.00000", "2009-12-31": "2737.50000", "2009-09-30": "2519.90000", "2009-06-30": "2515.10000", "2009-03-31": "2650.90000", "2008-12-31": "2945.80000", "2008-09-30": "3181.70000", "2008-06-30": "3075.00000", "2008-03-31": "3093.30000", "2007-12-31": "3253.20000", "2007-09-30": "3059.80000", "2007-06-30": "2548.13800", "2007-03-31": "2424.57600", "2006-12-31": "2088.77900", "2006-09-30": "2200.43500", "2006-06-30": "1547.34700", "2006-03-31": "1399.79000", "2005-12-31": "1478.71300", "2005-09-30": "1423.43100", "2005-06-30": "1052.12400", "2005-03-31": "999.13300"}, "Common Stock Net": {"2020-12-31": "1.20000", "2020-09-30": "1.20000", "2020-06-30": "1.20000", "2020-03-31": "1.20000", "2019-12-31": "1.20000", "2019-09-30": "1.20000", "2019-06-30": "1.20000", "2019-03-31": "1.20000", "2018-12-31": "1.20000", "2018-09-30": "1.30000", "2018-06-30": "1.40000", "2018-03-31": "1.40000", "2017-12-31": "1.40000", "2017-09-30": "1.40000", "2017-06-30": "1.40000", "2017-03-31": "1.40000", "2016-12-31": "1.50000", "2016-09-30": "1.50000", "2016-06-30": "148.40000", "2016-03-31": "1.50000", "2015-12-31": "1.50000", "2015-09-30": "1.50000", "2015-06-30": "1.50000", "2015-03-31": "1.50000", "2014-12-31": "0.80000", "2014-09-30": "0.70000", "2014-06-30": "0.80000", "2014-03-31": "0.80000", "2013-12-31": "0.80000", "2013-09-30": "0.80000", "2013-06-30": "0.80000", "2013-03-31": "0.70000", "2012-12-31": "0.70000", "2012-09-30": "0.70000", "2012-06-30": "0.80000", "2012-03-31": "0.80000", "2011-12-31": "0.80000", "2011-09-30": "0.70000", "2011-06-30": "0.70000", "2011-03-31": "0.80000", "2010-12-31": "0.70000", "2010-09-30": "0.70000", "2010-06-30": "0.70000", "2010-03-31": "0.70000", "2009-12-31": "0.70000", "2009-09-30": "0.70000", "2009-06-30": "0.70000", "2009-03-31": "0.70000", "2008-12-31": "0.70000", "2008-09-30": "0.70000", "2008-06-30": "0.70000", "2008-03-31": "0.70000", "2007-12-31": "0.70000", "2007-09-30": "0.70000", "2007-06-30": "0.74500", "2007-03-31": "0.74600", "2006-12-31": "0.75700", "2006-09-30": "0.75600", "2006-06-30": "0.76800", "2006-03-31": "0.76900", "2005-12-31": "0.76700", "2005-09-30": "0.76700", "2005-06-30": "395.33300", "2005-03-31": "832.25100"}, "Retained Earnings (Accumulated Deficit)": {"2020-12-31": "-8253.60000", "2020-09-30": "-7815.60000", "2020-06-30": "-8208.30000", "2020-03-31": "-7050.60000", "2019-12-31": "-6414.80000", "2019-09-30": "-5771.20000", "2019-06-30": "-4013.90000", "2019-03-31": "-4807.70000", "2018-12-31": "-2584.00000", "2018-09-30": "1457.40000", "2018-06-30": "4150.90000", "2018-03-31": "4635.80000", "2017-12-31": "5834.90000", "2017-09-30": "5563.20000", "2017-06-30": "5986.00000", "2017-03-31": "5768.90000", "2016-12-31": "5996.30000", "2016-09-30": "5949.80000", "2016-06-30": "5702.00000", "2016-03-31": "5241.20000", "2015-12-31": "6164.00000", "2015-09-30": "5974.80000", "2015-06-30": "5945.00000", "2015-03-31": "6083.00000", "2014-12-31": "5832.20000", "2014-09-30": "5206.60000", "2014-06-30": "4957.70000", "2014-03-31": "4705.40000", "2013-12-31": "4474.20000", "2013-09-30": "4130.30000", "2013-06-30": "5558.50000", "2013-03-31": "5298.60000", "2012-12-31": "5117.30000", "2012-09-30": "5046.20000", "2012-06-30": "4935.80000", "2012-03-31": "4732.10000", "2011-12-31": "4551.20000", "2011-09-30": "4297.40000", "2011-06-30": "4065.70000", "2011-03-31": "3883.70000", "2010-12-31": "3720.10000", "2010-09-30": "3471.20000", "2010-06-30": "3288.30000", "2010-03-31": "3177.10000", "2009-12-31": "3034.60000", "2009-09-30": "2793.20000", "2009-06-30": "2643.20000", "2009-03-31": "2491.70000", "2008-12-31": "2466.70000", "2008-09-30": "2402.40000", "2008-06-30": "2357.60000", "2008-03-31": "2315.60000", "2007-12-31": "2148.60000", "2007-09-30": "2189.40000", "2007-06-30": "2264.99200", "2007-03-31": "2121.78300", "2006-12-31": "2349.91800", "2006-09-30": "2151.08400", "2006-06-30": "2385.95700", "2006-03-31": "2240.45900", "2005-12-31": "2113.54900", "2005-09-30": "1938.98700", "2005-06-30": "1816.19300", "2005-03-31": "1690.61800"}, "Comprehensive Income": {"2020-12-31": "-145.90000", "2020-09-30": "-364.60000", "2020-06-30": "-529.90000", "2020-03-31": "-521.80000", "2019-12-31": "-387.40000", "2019-09-30": "-503.30000", "2019-06-30": "-349.00000", "2019-03-31": "-271.50000", "2018-12-31": "-343.20000", "2018-09-30": "-330.30000", "2018-06-30": "-202.70000", "2018-03-31": "32.90000", "2017-12-31": "-125.30000", "2017-09-30": "-155.60000", "2017-06-30": "-185.10000", "2017-03-31": "-206.40000", "2016-12-31": "-242.30000", "2016-09-30": "-108.40000", "2016-06-30": "-128.60000", "2016-03-31": "-189.20000", "2015-12-31": "-225.10000", "2015-09-30": "-199.40000", "2015-06-30": "-131.10000", "2015-03-31": "-116.90000", "2014-12-31": "-97.00000", "2014-09-30": "25.30000", "2014-06-30": "70.90000", "2014-03-31": "64.30000", "2013-12-31": "68.70000", "2013-09-30": "67.00000", "2013-06-30": "14.50000", "2013-03-31": "-17.30000", "2012-12-31": "11.90000", "2012-09-30": "22.70000", "2012-06-30": "-2.50000", "2012-03-31": "41.70000", "2011-12-31": "42.10000", "2011-09-30": "46.30000", "2011-06-30": "97.50000", "2011-03-31": "84.60000", "2010-12-31": "62.60000", "2010-09-30": "57.20000", "2010-06-30": "30.40000", "2010-03-31": "47.90000", "2009-12-31": "58.20000", "2009-09-30": "65.40000", "2009-06-30": "47.80000", "2009-03-31": "37.40000", "2008-12-31": "44.90000", "2008-09-30": "48.40000", "2008-06-30": "79.60000", "2008-03-31": "85.10000", "2007-12-31": "64.50000", "2007-09-30": "54.60000", "2007-06-30": "50.65500", "2007-03-31": "50.37700", "2006-12-31": "48.78700", "2006-09-30": "37.27300", "2006-06-30": "36.91200", "2006-03-31": "26.17900", "2005-12-31": "18.41900", "2005-09-30": "20.91400", "2005-06-30": "24.93800", "2005-03-31": "42.02200"}, "Other Share Holders Equity": {"2020-12-31": "", "2020-09-30": "", "2020-06-30": "", "2020-03-31": "", "2019-12-31": "", "2019-09-30": "", "2019-06-30": "", "2019-03-31": "", "2018-12-31": "", "2018-09-30": "", "2018-06-30": "", "2018-03-31": "", "2017-12-31": "", "2017-09-30": "", "2017-06-30": "", "2017-03-31": "", "2016-12-31": "", "2016-09-30": "", "2016-06-30": "", "2016-03-31": "", "2015-12-31": "", "2015-09-30": "", "2015-06-30": "", "2015-03-31": "", "2014-12-31": "", "2014-09-30": "", "2014-06-30": "", "2014-03-31": "", "2013-12-31": "", "2013-09-30": "", "2013-06-30": "", "2013-03-31": "", "2012-12-31": "", "2012-09-30": "", "2012-06-30": "", "2012-03-31": "", "2011-12-31": "", "2011-09-30": "", "2011-06-30": "", "2011-03-31": "", "2010-12-31": "", "2010-09-30": "", "2010-06-30": "", "2010-03-31": "", "2009-12-31": "", "2009-09-30": "", "2009-06-30": "", "2009-03-31": "", "2008-12-31": "", "2008-09-30": "", "2008-06-30": "", "2008-03-31": "", "2007-12-31": "", "2007-09-30": "", "2007-06-30": "", "2007-03-31": "", "2006-12-31": "", "2006-09-30": "", "2006-06-30": "", "2006-03-31": "", "2005-12-31": "", "2005-09-30": "", "2005-06-30": "", "2005-03-31": ""}, "Share Holder Equity": {"2020-12-31": "-7904.00000", "2020-09-30": "-7799.40000", "2020-06-30": "-8624.30000", "2020-03-31": "-7532.90000", "2019-12-31": "-6759.10000", "2019-09-30": "-6231.00000", "2019-06-30": "-4319.00000", "2019-03-31": "-5035.20000", "2018-12-31": "-2878.80000", "2018-09-30": "1175.80000", "2018-06-30": "3996.70000", "2018-03-31": "4717.70000", "2017-12-31": "5758.90000", "2017-09-30": "5457.00000", "2017-06-30": "5849.50000", "2017-03-31": "5611.40000", "2016-12-31": "5803.10000", "2016-09-30": "5890.70000", "2016-06-30": "5724.00000", "2016-03-31": "5096.40000", "2015-12-31": "5983.40000", "2015-09-30": "5819.80000", "2015-06-30": "5858.30000", "2015-03-31": "6010.70000", "2014-12-31": "6157.80000", "2014-09-30": "5273.70000", "2014-06-30": "5070.80000", "2014-03-31": "4947.10000", "2013-12-31": "4889.50000", "2013-09-30": "4482.30000", "2013-06-30": "5747.60000", "2013-03-31": "5327.50000", "2012-12-31": "5175.00000", "2012-09-30": "5114.50000", "2012-06-30": "5388.00000", "2012-03-31": "5136.70000", "2011-12-31": "4775.30000", "2011-09-30": "4387.30000", "2011-06-30": "4341.50000", "2011-03-31": "4327.20000", "2010-12-31": "4060.30000", "2010-09-30": "3682.30000", "2010-06-30": "3534.60000", "2010-03-31": "3554.70000", "2009-12-31": "3364.10000", "2009-09-30": "3056.90000", "2009-06-30": "2818.00000", "2009-03-31": "2630.40000", "2008-12-31": "2584.60000", "2008-09-30": "2490.90000", "2008-06-30": "2477.30000", "2008-03-31": "2440.80000", "2007-12-31": "2253.20000", "2007-09-30": "2284.10000", "2007-06-30": "2355.78500", "2007-03-31": "2212.29900", "2006-12-31": "2438.85500", "2006-09-30": "2228.50600", "2006-06-30": "2505.09500", "2006-03-31": "2417.90900", "2005-12-31": "2232.79200", "2005-09-30": "2090.26200", "2005-06-30": "2275.85700", "2005-03-31": "2604.28400"}, "Total Liabilities And Share Holders Equity": {"2020-12-31": "29968.40000", "2020-09-30": "29374.50000", "2020-06-30": "29140.60000", "2020-03-31": "27478.90000", "2019-12-31": "27731.30000", "2019-09-30": "19219.60000", "2019-06-30": "20894.40000", "2019-03-31": "17641.90000", "2018-12-31": "19981.30000", "2018-09-30": "24156.40000", "2018-06-30": "17182.10000", "2018-03-31": "17553.50000", "2017-12-31": "18518.50000", "2017-09-30": "14365.60000", "2017-06-30": "14522.70000", "2017-03-31": "14227.90000", "2016-12-31": "14017.30000", "2016-09-30": "14312.50000", "2016-06-30": "13833.20000", "2016-03-31": "12519.40000", "2015-12-31": "12943.50000", "2015-09-30": "12416.30000", "2015-06-30": "12868.80000", "2015-03-31": "12190.70000", "2014-12-31": "12351.10000", "2014-09-30": "10752.90000", "2014-06-30": "10385.30000", "2014-03-31": "10097.00000", "2013-12-31": "10255.20000", "2013-09-30": "11516.70000", "2013-06-30": "9062.40000", "2013-03-31": "8502.80000", "2012-12-31": "8490.10000", "2012-09-30": "8219.20000", "2012-06-30": "8308.90000", "2012-03-31": "8006.50000", "2011-12-31": "7835.60000", "2011-09-30": "7360.40000", "2011-06-30": "7097.80000", "2011-03-31": "7027.60000", "2010-12-31": "6931.10000", "2010-09-30": "6385.90000", "2010-06-30": "6206.90000", "2010-03-31": "6144.70000", "2009-12-31": "6101.60000", "2009-09-30": "5576.80000", "2009-06-30": "5333.10000", "2009-03-31": "5281.30000", "2008-12-31": "5530.40000", "2008-09-30": "5672.60000", "2008-06-30": "5552.30000", "2008-03-31": "5534.10000", "2007-12-31": "5506.40000", "2007-09-30": "5343.90000", "2007-06-30": "4903.92300", "2007-03-31": "4636.87500", "2006-12-31": "4527.63400", "2006-09-30": "4428.94100", "2006-06-30": "4052.44200", "2006-03-31": "3817.69900", "2005-12-31": "3711.50500", "2005-09-30": "3513.69300", "2005-06-30": "3327.98100", "2005-03-31": "3603.41700"}}, "cash flow statement": {"Net Income/Loss": {"2020-09-30": "924.70000", "2019-09-30": "3594.60000", "2018-09-30": "4518.00000", "2017-09-30": "2884.90000", "2016-09-30": "2818.90000", "2015-09-30": "2759.30000", "2014-09-30": "2067.70000", "2013-09-30": "8.80000", "2012-09-30": "1384.70000", "2011-09-30": "1248.00000", "2010-09-30": "948.30000", "2009-09-30": "391.50000", "2008-09-30": "311.70000", "2007-09-30": "672.60000", "2006-09-30": "564.30000", "2005-09-30": "494.37000"}, "Total Depreciation And Amortization - Cash Flow": {"2020-09-30": "1503.20000", "2019-09-30": "1449.30000", "2018-09-30": "1305.90000", "2017-09-30": "1067.10000", "2016-09-30": "1030.10000", "2015-09-30": "933.80000", "2014-09-30": "748.40000", "2013-09-30": "655.60000", "2012-09-30": "580.60000", "2011-09-30": "550.00000", "2010-09-30": "540.80000", "2009-09-30": "563.30000", "2008-09-30": "604.50000", "2007-09-30": "491.20000", "2006-09-30": "412.60000", "2005-09-30": "377.30400"}, "Other Non-Cash Items": {"2020-09-30": "1821.80000", "2019-09-30": "-1690.90000", "2018-09-30": "-813.20000", "2017-09-30": "141.20000", "2016-09-30": "450.80000", "2015-09-30": "-276.60000", "2014-09-30": "-34.70000", "2013-09-30": "1486.10000", "2012-09-30": "-4.40000", "2011-09-30": "133.10000", "2010-09-30": "31.30000", "2009-09-30": "196.70000", "2008-09-30": "263.30000", "2007-09-30": "7.40000", "2006-09-30": "-69.30000", "2005-09-30": "79.57100"}, "Total Non-Cash Items": {"2020-09-30": "3325.00000", "2019-09-30": "-241.59990", "2018-09-30": "492.70010", "2017-09-30": "1208.30000", "2016-09-30": "1480.90000", "2015-09-30": "657.20000", "2014-09-30": "713.70010", "2013-09-30": "2141.70000", "2012-09-30": "576.20000", "2011-09-30": "683.10000", "2010-09-30": "572.10000", "2009-09-30": "760.00000", "2008-09-30": "867.80000", "2007-09-30": "498.60010", "2006-09-30": "343.30000", "2005-09-30": "456.87500"}, "Change In Accounts Receivable": {"2020-09-30": "-2.70000", "2019-09-30": "-197.70000", "2018-09-30": "131.00000", "2017-09-30": "-96.80000", "2016-09-30": "-55.60000", "2015-09-30": "-82.80000", "2014-09-30": "-79.70000", "2013-09-30": "-68.30000", "2012-09-30": "-90.30000", "2011-09-30": "-88.70000", "2010-09-30": "-33.40000", "2009-09-30": "59.10000", "2008-09-30": "", "2007-09-30": "", "2006-09-30": "", "2005-09-30": ""}, "Change In Inventories": {"2020-09-30": "-10.90000", "2019-09-30": "-173.00000", "2018-09-30": "-41.20000", "2017-09-30": "14.00000", "2016-09-30": "-67.50000", "2015-09-30": "-207.90000", "2014-09-30": "14.30000", "2013-09-30": "152.50000", "2012-09-30": "-273.30000", "2011-09-30": "-422.30000", "2010-09-30": "123.20000", "2009-09-30": "28.50000", "2008-09-30": "-0.60000", "2007-09-30": "-48.60000", "2006-09-30": "-85.50000", "2005-09-30": "-121.61800"}, "Change In Accounts Payable": {"2020-09-30": "-210.80000", "2019-09-30": "31.90000", "2018-09-30": "391.60000", "2017-09-30": "46.40000", "2016-09-30": "46.90000", "2015-09-30": "137.70000", "2014-09-30": "60.40000", "2013-09-30": "88.70000", "2012-09-30": "-105.20000", "2011-09-30": "227.50000", "2010-09-30": "-3.60000", "2009-09-30": "-53.00000", "2008-09-30": "-63.90000", "2007-09-30": "36.10000", "2006-09-30": "105.00000", "2005-09-30": "9.71700"}, "Change In Assets/Liabilities": {"2020-09-30": "-1237.40000", "2019-09-30": "750.40000", "2018-09-30": "6286.30000", "2017-09-30": "218.00000", "2016-09-30": "429.20000", "2015-09-30": "431.80000", "2014-09-30": "559.10000", "2013-09-30": "216.20000", "2012-09-30": "41.10000", "2011-09-30": "13.30000", "2010-09-30": "41.50000", "2009-09-30": "138.30000", "2008-09-30": "136.50000", "2007-09-30": "85.40000", "2006-09-30": "69.80000", "2005-09-30": "46.42500"}, "Total Change In Assets/Liabilities": {"2020-09-30": "-2676.40000", "2019-09-30": "1648.70000", "2018-09-30": "6913.70000", "2017-09-30": "89.70000", "2016-09-30": "353.00000", "2015-09-30": "278.80000", "2014-09-30": "-2209.80000", "2013-09-30": "734.80000", "2012-09-30": "-234.20000", "2011-09-30": "-352.00000", "2010-09-30": "109.00000", "2009-09-30": "232.10000", "2008-09-30": "79.30000", "2007-09-30": "159.30000", "2006-09-30": "222.00000", "2005-09-30": "-28.33000"}, "Cash Flow From Operating Activities": {"2020-09-30": "1597.80000", "2019-09-30": "5047.00000", "2018-09-30": "11937.80000", "2017-09-30": "4251.80000", "2016-09-30": "4697.90000", "2015-09-30": "3749.10000", "2014-09-30": "607.80000", "2013-09-30": "2908.30000", "2012-09-30": "1750.30000", "2011-09-30": "1612.40000", "2010-09-30": "1704.90000", "2009-09-30": "1389.00000", "2008-09-30": "1258.70000", "2007-09-30": "1331.20000", "2006-09-30": "1131.60000", "2005-09-30": "922.91500"}, "Net Change In Property, Plant, And Equipment": {"2020-09-30": "-1483.60000", "2019-09-30": "-1806.60000", "2018-09-30": "-1976.40000", "2017-09-30": "-1519.40000", "2016-09-30": "-1440.30000", "2015-09-30": "-1294.80000", "2014-09-30": "-1160.90000", "2013-09-30": "-1151.20000", "2012-09-30": "-856.20000", "2011-09-30": "-414.50000", "2010-09-30": "-440.70000", "2009-09-30": "-403.10000", "2008-09-30": "-984.50000", "2007-09-30": "-1080.30000", "2006-09-30": "-771.20000", "2005-09-30": "-643.29600"}, "Net Change In Intangible Assets": {"2020-09-30": "", "2019-09-30": "", "2018-09-30": "", "2017-09-30": "", "2016-09-30": "", "2015-09-30": "", "2014-09-30": "", "2013-09-30": "", "2012-09-30": "", "2011-09-30": "", "2010-09-30": "", "2009-09-30": "", "2008-09-30": "", "2007-09-30": "", "2006-09-30": "", "2005-09-30": ""}, "Net Acquisitions/Divestitures": {"2020-09-30": "", "2019-09-30": "684.30000", "2018-09-30": "-703.10000", "2017-09-30": "85.40000", "2016-09-30": "69.60000", "2015-09-30": "-284.30000", "2014-09-30": "", "2013-09-30": "-610.40000", "2012-09-30": "-129.10000", "2011-09-30": "-55.80000", "2010-09-30": "-12.00000", "2009-09-30": "", "2008-09-30": "-74.20000", "2007-09-30": "-53.30000", "2006-09-30": "-91.70000", "2005-09-30": "-21.58300"}, "Net Change In Short-term Investments": {"2020-09-30": "", "2019-09-30": "", "2018-09-30": "", "2017-09-30": "", "2016-09-30": "", "2015-09-30": "", "2014-09-30": "", "2013-09-30": "", "2012-09-30": "", "2011-09-30": "", "2010-09-30": "", "2009-09-30": "", "2008-09-30": "", "2007-09-30": "", "2006-09-30": "", "2005-09-30": ""}, "Net Change In Long-Term Investments": {"2020-09-30": "-183.50000", "2019-09-30": "167.70000", "2018-09-30": "312.40000", "2017-09-30": "529.70000", "2016-09-30": "-877.09990", "2015-09-30": "51.99990", "2014-09-30": "362.30000", "2013-09-30": "362.29990", "2012-09-30": "47.80010", "2011-09-30": "-536.00000", "2010-09-30": "-339.10000", "2009-09-30": "-18.00000", "2008-09-30": "-27.90000", "2007-09-30": "-68.30000", "2006-09-30": "21.90000", "2005-09-30": "444.26400"}, "Net Change In Investments - Total": {"2020-09-30": "-183.50000", "2019-09-30": "167.70000", "2018-09-30": "312.40000", "2017-09-30": "529.70000", "2016-09-30": "-877.09990", "2015-09-30": "51.99990", "2014-09-30": "362.30000", "2013-09-30": "362.29990", "2012-09-30": "47.80010", "2011-09-30": "-536.00000", "2010-09-30": "-339.10000", "2009-09-30": "-18.00000", "2008-09-30": "-27.90000", "2007-09-30": "-68.30000", "2006-09-30": "21.90000", "2005-09-30": "444.26400"}, "Investing Activities - Other": {"2020-09-30": "-44.40000", "2019-09-30": "-56.20000", "2018-09-30": "5.60000", "2017-09-30": "54.30000", "2016-09-30": "24.90000", "2015-09-30": "6.80000", "2014-09-30": "-19.10000", "2013-09-30": "-11.90000", "2012-09-30": "-36.50000", "2011-09-30": "-13.20000", "2010-09-30": "2.30000", "2009-09-30": "", "2008-09-30": "", "2007-09-30": "", "2006-09-30": "", "2005-09-30": ""}, "Cash Flow From Investing Activities": {"2020-09-30": "-1711.50000", "2019-09-30": "-1010.80000", "2018-09-30": "-2361.50000", "2017-09-30": "-850.00000", "2016-09-30": "-2222.90000", "2015-09-30": "-1520.30000", "2014-09-30": "-817.70000", "2013-09-30": "-1411.20000", "2012-09-30": "-974.00000", "2011-09-30": "-1019.50000", "2010-09-30": "-789.50000", "2009-09-30": "-421.10000", "2008-09-30": "-1086.60000", "2007-09-30": "-1201.90000", "2006-09-30": "-841.00000", "2005-09-30": "-220.61500"}, "Net Long-Term Debt": {"2020-09-30": "4727.60000", "2019-09-30": "1646.00000", "2018-09-30": "5584.10000", "2017-09-30": "350.20000", "2016-09-30": "1254.50000", "2015-09-30": "238.40000", "2014-09-30": "748.50000", "2013-09-30": "714.50000", "2012-09-30": "", "2011-09-30": "", "2010-09-30": "", "2009-09-30": "-0.70000", "2008-09-30": "-0.60000", "2007-09-30": "548.20000", "2006-09-30": "-0.90000", "2005-09-30": "-0.73500"}, "Net Current Debt": {"2020-09-30": "438.90000", "2019-09-30": "", "2018-09-30": "", "2017-09-30": "", "2016-09-30": "", "2015-09-30": "", "2014-09-30": "", "2013-09-30": "", "2012-09-30": "-30.80000", "2011-09-30": "30.80000", "2010-09-30": "", "2009-09-30": "-713.09960", "2008-09-30": "2.20310", "2007-09-30": "10.19920", "2006-09-30": "423.00000", "2005-09-30": "277.00000"}, "Debt Issuance/Retirement Net - Total": {"2020-09-30": "5166.50000", "2019-09-30": "1646.00000", "2018-09-30": "5584.10000", "2017-09-30": "350.20000", "2016-09-30": "1254.50000", "2015-09-30": "238.40000", "2014-09-30": "748.50000", "2013-09-30": "714.50000", "2012-09-30": "-30.80000", "2011-09-30": "30.80000", "2010-09-30": "", "2009-09-30": "-713.79960", "2008-09-30": "1.60310", "2007-09-30": "558.39920", "2006-09-30": "422.10000", "2005-09-30": "276.26500"}, "Net Common Equity Issued/Repurchased": {"2020-09-30": "-1400.10000", "2019-09-30": "-9812.50000", "2018-09-30": "-6979.60000", "2017-09-30": "-1891.70000", "2016-09-30": "-1834.90000", "2015-09-30": "-1244.30000", "2014-09-30": "-618.90000", "2013-09-30": "-340.90000", "2012-09-30": "-312.50000", "2011-09-30": "-305.50000", "2010-09-30": "-157.70000", "2009-09-30": "57.30000", "2008-09-30": "-199.10000", "2007-09-30": "-819.90000", "2006-09-30": "-694.80000", "2005-09-30": "-950.09200"}, "Net Total Equity Issued/Repurchased": {"2020-09-30": "-1400.10000", "2019-09-30": "-9812.50000", "2018-09-30": "-6979.60000", "2017-09-30": "-1891.70000", "2016-09-30": "-1834.90000", "2015-09-30": "-1244.30000", "2014-09-30": "-618.90000", "2013-09-30": "-340.90000", "2012-09-30": "-312.50000", "2011-09-30": "-305.50000", "2010-09-30": "-157.70000", "2009-09-30": "57.30000", "2008-09-30": "-199.10000", "2007-09-30": "-819.90000", "2006-09-30": "-694.80000", "2005-09-30": "-950.09200"}, "Total Common And Preferred Stock Dividends Paid": {"2020-09-30": "-1923.50000", "2019-09-30": "-1761.30000", "2018-09-30": "-1743.40000", "2017-09-30": "-1450.40000", "2016-09-30": "-1178.00000", "2015-09-30": "-928.60000", "2014-09-30": "-783.10000", "2013-09-30": "-628.90000", "2012-09-30": "-513.00000", "2011-09-30": "-389.50000", "2010-09-30": "-171.00000", "2009-09-30": "", "2008-09-30": "", "2007-09-30": "", "2006-09-30": "", "2005-09-30": ""}, "Financial Activities - Other": {"2020-09-30": "-129.60000", "2019-09-30": "-129.10000", "2018-09-30": "-103.90000", "2017-09-30": "-87.20000", "2016-09-30": "-114.40000", "2015-09-30": "-322.00000", "2014-09-30": "30.20000", "2013-09-30": "147.10000", "2012-09-30": "110.80000", "2011-09-30": "56.20000", "2010-09-30": "-17.30000", "2009-09-30": "14.30000", "2008-09-30": "13.00000", "2007-09-30": "89.60000", "2006-09-30": "117.40000", "2005-09-30": ""}, "Cash Flow From Financial Activities": {"2020-09-30": "1713.30000", "2019-09-30": "-10056.90000", "2018-09-30": "-3242.80000", "2017-09-30": "-3079.10000", "2016-09-30": "-1872.80000", "2015-09-30": "-2256.50000", "2014-09-30": "-623.30000", "2013-09-30": "-108.20000", "2012-09-30": "-745.50000", "2011-09-30": "-608.00000", "2010-09-30": "-346.00000", "2009-09-30": "-642.20000", "2008-09-30": "-184.50000", "2007-09-30": "-171.90000", "2006-09-30": "-155.30000", "2005-09-30": "-673.82700"}, "Net Cash Flow": {"2020-09-30": "1664.30000", "2019-09-30": "-6069.70000", "2018-09-30": "6294.00000", "2017-09-30": "333.50000", "2016-09-30": "598.70000", "2015-09-30": "-178.30000", "2014-09-30": "-867.30000", "2013-09-30": "1387.10000", "2012-09-30": "40.50000", "2011-09-30": "-15.90000", "2010-09-30": "564.20000", "2009-09-30": "330.00000", "2008-09-30": "-11.50000", "2007-09-30": "-31.30000", "2006-09-30": "138.80000", "2005-09-30": "28.75600"}, "Stock-Based Compensation": {"2020-09-30": "248.60000", "2019-09-30": "308.00000", "2018-09-30": "250.30000", "2017-09-30": "176.00000", "2016-09-30": "218.10000", "2015-09-30": "209.80000", "2014-09-30": "183.20000", "2013-09-30": "142.30000", "2012-09-30": "153.60000", "2011-09-30": "145.20000", "2010-09-30": "113.60000", "2009-09-30": "83.20000", "2008-09-30": "75.00000", "2007-09-30": "103.90000", "2006-09-30": "105.70000", "2005-09-30": ""}, "Common Stock Dividends Paid": {"2020-09-30": "-1923.50000", "2019-09-30": "-1761.30000", "2018-09-30": "-1743.40000", "2017-09-30": "-1450.40000", "2016-09-30": "-1178.00000", "2015-09-30": "-928.60000", "2014-09-30": "-783.10000", "2013-09-30": "-628.90000", "2012-09-30": "-513.00000", "2011-09-30": "-389.50000", "2010-09-30": "-171.00000", "2009-09-30": "0.00000", "2008-09-30": "0.00000", "2007-09-30": "", "2006-09-30": "", "2005-09-30": ""}}, "cash flow statement, quarterly": {"Net Income/Loss": {"2020-12-31": "622.20000", "2020-09-30": 392.7, "2020-06-30": -678.1, "2020-03-31": 324.8, "2019-12-31": "885.30000", "2019-09-30": 802.4, "2019-06-30": 1373.2, "2019-03-31": 658.6, "2018-12-31": "760.40000", "2018-09-30": 756.1, "2018-06-30": 852, "2018-03-31": 659.8, "2017-12-31": "2250.10000", "2017-09-30": 789.4, "2017-06-30": 690.9, "2017-03-31": 653.1, "2016-12-31": "751.50000", "2016-09-30": 801.7, "2016-06-30": 754.6, "2016-03-31": 574.9, "2015-12-31": "687.70000", "2015-09-30": 652.5, "2015-06-30": 626.4, "2015-03-31": 495.9, "2014-12-31": "984.50000", "2014-09-30": 587.5, "2014-06-30": 512.6, "2014-03-31": 426.9, "2013-12-31": "540.70000", "2013-09-30": -1232.1, "2013-06-30": 417.8, "2013-03-31": 390.7, "2012-12-31": "432.40000", "2012-09-30": 359, "2012-06-30": 333.4, "2012-03-31": 310.1, "2011-12-31": "382.20000", "2011-09-30": 358.1, "2011-06-30": 280, "2011-03-31": 262.3, "2010-12-31": "347.60000", "2010-09-30": 278.5, "2010-06-30": 208.5, "2010-03-31": 217.8, "2009-12-31": "243.50000", "2009-09-30": 153.5, "2009-06-30": 148.2, "2009-03-31": 25.1, "2008-12-31": "64.70000", "2008-09-30": 1.6, "2008-06-30": -6.7, "2008-03-31": 108.7, "2007-12-31": "208.10000", "2007-09-30": 158.5, "2007-06-30": 158.3, "2007-03-31": 150.8, "2006-12-31": "205.00000", "2006-09-30": 117.33, "2006-06-30": 145.498, "2006-03-31": 127.316, "2005-12-31": "174.15600", "2005-09-30": 123.722, "2005-06-30": 125.513, "2005-03-31": 245.135}, "Total Depreciation And Amortization - Cash Flow": {"2020-12-31": "388.40000", "2020-09-30": 379.2, "2020-06-30": 377.1, "2020-03-31": 377.7, "2019-12-31": "369.20000", "2019-09-30": 365.7, "2019-06-30": 360.1, "2019-03-31": 372.7, "2018-12-31": "350.80000", "2018-09-30": 344.4, "2018-06-30": 343.9, "2018-03-31": 345.2, "2017-12-31": "272.40000", "2017-09-30": 270.7, "2017-06-30": 266.6, "2017-03-31": 266.6, "2016-12-31": "263.20000", "2016-09-30": 261.9, "2016-06-30": 258.9, "2016-03-31": 262, "2015-12-31": "247.30000", "2015-09-30": 240.5, "2015-06-30": 249.1, "2015-03-31": 227.9, "2014-12-31": "216.30000", "2014-09-30": 194.4, "2014-06-30": 189.8, "2014-03-31": 184.1, "2013-12-31": "180.10000", "2013-09-30": 176.3, "2013-06-30": 161.2, "2013-03-31": 161.3, "2012-12-31": "156.80000", "2012-09-30": 152.9, "2012-06-30": 139.8, "2012-03-31": 144.3, "2011-12-31": "143.60000", "2011-09-30": 141.8, "2011-06-30": 136.6, "2011-03-31": 136.3, "2010-12-31": "135.30000", "2010-09-30": 136.3, "2010-06-30": 132, "2010-03-31": 134.3, "2009-12-31": "138.20000", "2009-09-30": 140.1, "2009-06-30": 141, "2009-03-31": 141.2, "2008-12-31": "141.00000", "2008-09-30": 173.1, "2008-06-30": 145.1, "2008-03-31": 146.4, "2007-12-31": "139.90000", "2007-09-30": 130.3, "2007-06-30": 125, "2007-03-31": 119.6, "2006-12-31": "116.30000", "2006-09-30": 107.747, "2006-06-30": 105.011, "2006-03-31": 101.553, "2005-12-31": "98.28900", "2005-09-30": 96.261, "2005-06-30": 94.074, "2005-03-31": 186.969}, "Other Non-Cash Items": {"2020-12-31": "542.30000", "2020-09-30": 603.5, "2020-06-30": 445.9, "2020-03-31": 362.7, "2019-12-31": "409.70000", "2019-09-30": -130.6, "2019-06-30": -1007.4, "2019-03-31": -304.3, "2018-12-31": "-248.60000", "2018-09-30": 77.8, "2018-06-30": 64.7001, "2018-03-31": 50.4999, "2017-12-31": "-1006.20000", "2017-09-30": -83.3, "2017-06-30": 101.7, "2017-03-31": 37.6, "2016-12-31": "85.20000", "2016-09-30": 115.4, "2016-06-30": 50.2, "2016-03-31": 48.2, "2015-12-31": "237.00000", "2015-09-30": 50.6, "2015-06-30": -3.8, "2015-03-31": -31.6, "2014-12-31": "-291.80000", "2014-09-30": -70.5, "2014-06-30": 16.2, "2014-03-31": 11.1, "2013-12-31": "8.50000", "2013-09-30": 1454.4, "2013-06-30": 18.8, "2013-03-31": -28.6, "2012-12-31": "41.50000", "2012-09-30": -115.1, "2012-06-30": 8.3, "2012-03-31": 40.4, "2011-12-31": "62.00000", "2011-09-30": -2.6, "2011-06-30": 22.8, "2011-03-31": 30.1, "2010-12-31": "82.80000", "2010-09-30": -76, "2010-06-30": 27.5, "2010-03-31": 15.7, "2009-12-31": "64.10000", "2009-09-30": 15.2, "2009-06-30": 39.3, "2009-03-31": 62.7, "2008-12-31": "79.50000", "2008-09-30": 76.3, "2008-06-30": 131.5, "2008-03-31": 52.1, "2007-12-31": "3.40000", "2007-09-30": -9.4, "2007-06-30": 22.1, "2007-03-31": 4.5, "2006-12-31": "-9.80000", "2006-09-30": 10.988, "2006-06-30": -20.841, "2006-03-31": -29.8, "2005-12-31": "-29.64700", "2005-09-30": 5.4, "2005-06-30": 4.442, "2005-03-31": 69.729}, "Total Non-Cash Items": {"2020-12-31": "930.70000", "2020-09-30": 982.7, "2020-06-30": 823, "2020-03-31": 740.4, "2019-12-31": "778.90000", "2019-09-30": 235.1001, "2019-06-30": -647.3, "2019-03-31": 68.4, "2018-12-31": "102.20000", "2018-09-30": 422.2002, "2018-06-30": 408.6, "2018-03-31": 395.6999, "2017-12-31": "-733.80000", "2017-09-30": 187.4, "2017-06-30": 368.3, "2017-03-31": 304.2, "2016-12-31": "348.40000", "2016-09-30": 377.3, "2016-06-30": 309.1, "2016-03-31": 310.2, "2015-12-31": "484.30000", "2015-09-30": 291.1, "2015-06-30": 245.3, "2015-03-31": 196.3, "2014-12-31": "-75.50000", "2014-09-30": 123.9001, "2014-06-30": 206, "2014-03-31": 195.2, "2013-12-31": "188.60000", "2013-09-30": 1630.7, "2013-06-30": 180, "2013-03-31": 132.7, "2012-12-31": "198.30000", "2012-09-30": 37.8, "2012-06-30": 148.1, "2012-03-31": 184.7, "2011-12-31": "205.60000", "2011-09-30": 139.2, "2011-06-30": 159.4, "2011-03-31": 166.4, "2010-12-31": "218.10000", "2010-09-30": 60.3, "2010-06-30": 159.5, "2010-03-31": 150, "2009-12-31": "202.30000", "2009-09-30": 155.3, "2009-06-30": 180.3, "2009-03-31": 203.9, "2008-12-31": "220.50000", "2008-09-30": 249.4, "2008-06-30": 276.6, "2008-03-31": 198.5, "2007-12-31": "143.30000", "2007-09-30": 120.9001, "2007-06-30": 147.1, "2007-03-31": 124.1, "2006-12-31": "106.50000", "2006-09-30": 118.735, "2006-06-30": 84.17, "2006-03-31": 71.753, "2005-12-31": "68.64200", "2005-09-30": 101.661, "2005-06-30": 98.516, "2005-03-31": 256.698}, "Change In Accounts Receivable": {"2020-12-31": "19.60000", "2020-09-30": -16.1, "2020-06-30": 74.1, "2020-03-31": -37.8, "2019-12-31": "-22.90000", "2019-09-30": -127.6, "2019-06-30": -79.9, "2019-03-31": 38.6, "2018-12-31": "-28.80000", "2018-09-30": 145.9, "2018-06-30": -20.1, "2018-03-31": 3.9, "2017-12-31": "1.30000", "2017-09-30": -56.7, "2017-06-30": 5.5, "2017-03-31": 83.1, "2016-12-31": "-128.70000", "2016-09-30": -16.1, "2016-06-30": 0.3, "2016-03-31": 25.3, "2015-12-31": "-65.10000", "2015-09-30": -51.4, "2015-06-30": -17.3, "2015-03-31": -4.8, "2014-12-31": "-9.30000", "2014-09-30": -60.7, "2014-06-30": 9.6, "2014-03-31": -2.5, "2013-12-31": "-26.10000", "2013-09-30": -48, "2013-06-30": 4.9, "2013-03-31": -46.6, "2012-12-31": "21.40000", "2012-09-30": -45.5, "2012-06-30": 1.2, "2012-03-31": -46, "2011-12-31": "", "2011-09-30": -88.7, "2011-06-30": 0, "2011-03-31": 0, "2010-12-31": "", "2010-09-30": -33.4, "2010-06-30": 0, "2010-03-31": 0, "2009-12-31": "", "2009-09-30": 59.1, "2009-06-30": 0, "2009-03-31": 0, "2008-12-31": "", "2008-09-30": 0, "2008-06-30": 0, "2008-03-31": 0, "2007-12-31": "", "2007-09-30": 0, "2007-06-30": 0, "2007-03-31": 64.2, "2006-12-31": "-64.20000", "2006-09-30": 0, "2006-06-30": 0, "2006-03-31": 0, "2005-12-31": "", "2005-09-30": 16.44, "2005-06-30": -16.44, "2005-03-31": 0}, "Change In Inventories": {"2020-12-31": "90.10000", "2020-09-30": 40.8, "2020-06-30": -88.6, "2020-03-31": -85.9, "2019-12-31": "122.80000", "2019-09-30": -32.5, "2019-06-30": -89.5, "2019-03-31": -95.8, "2018-12-31": "44.80000", "2018-09-30": -19.7, "2018-06-30": -31.8, "2018-03-31": -60.9, "2017-12-31": "71.20000", "2017-09-30": -5.1, "2017-06-30": -26.3, "2017-03-31": -101, "2016-12-31": "146.40000", "2016-09-30": -51.8, "2016-06-30": -31, "2016-03-31": -45.3, "2015-12-31": "60.60000", "2015-09-30": -143.6, "2015-06-30": -103.9, "2015-03-31": -52.4, "2014-12-31": "92.00000", "2014-09-30": -70.9, "2014-06-30": -71, "2014-03-31": -11.7, "2013-12-31": "167.90000", "2013-09-30": 63.7, "2013-06-30": -49.8, "2013-03-31": -11.5, "2012-12-31": "150.10000", "2012-09-30": 11.8, "2012-06-30": -48.6, "2012-03-31": -78.8, "2011-12-31": "-157.70000", "2011-09-30": -113.8, "2011-06-30": -82.3, "2011-03-31": -148.6, "2010-12-31": "-77.60000", "2010-09-30": -40.4, "2010-06-30": -11.1, "2010-03-31": 54, "2009-12-31": "120.70000", "2009-09-30": 40.9, "2009-06-30": -72.3, "2009-03-31": -39.2, "2008-12-31": "99.10000", "2008-09-30": -33.2, "2008-06-30": -55.2, "2008-03-31": -24.1, "2007-12-31": "111.90000", "2007-09-30": -31.9, "2007-06-30": -77.3, "2007-03-31": -30.7, "2006-12-31": "91.30000", "2006-09-30": -78.828, "2006-06-30": -98.647, "2006-03-31": -1.373, "2005-12-31": "93.34800", "2005-09-30": -49.326, "2005-06-30": -91.186, "2005-03-31": 18.894}, "Change In Accounts Payable": {"2020-12-31": "24.80000", "2020-09-30": 109.5, "2020-06-30": -133.9, "2020-03-31": -76.1, "2019-12-31": "-110.30000", "2019-09-30": 47, "2019-06-30": 68.3, "2019-03-31": -62.1, "2018-12-31": "-21.30000", "2018-09-30": 319.2, "2018-06-30": 46.9, "2018-03-31": -2.6, "2017-12-31": "28.10000", "2017-09-30": 64.7, "2017-06-30": 3.2, "2017-03-31": 13.2, "2016-12-31": "-34.70000", "2016-09-30": 50.6, "2016-06-30": 13.5, "2016-03-31": 11, "2015-12-31": "-28.20000", "2015-09-30": 84, "2015-06-30": 5.5, "2015-03-31": 69, "2014-12-31": "-20.80000", "2014-09-30": 63.5, "2014-06-30": 6.5, "2014-03-31": 32.2, "2013-12-31": "-41.80000", "2013-09-30": 67.9, "2013-06-30": 58, "2013-03-31": -27.6, "2012-12-31": "-9.60000", "2012-09-30": 33.9, "2012-06-30": 20.2, "2012-03-31": 18.9, "2011-12-31": "-178.20000", "2011-09-30": 172, "2011-06-30": 9.4, "2011-03-31": 30.7, "2010-12-31": "15.40000", "2010-09-30": -4.9, "2010-06-30": -2, "2010-03-31": 47.1, "2009-12-31": "-43.80000", "2009-09-30": 7.4, "2009-06-30": -13.1, "2009-03-31": -5.5, "2008-12-31": "-41.80000", "2008-09-30": -8.5, "2008-06-30": 14.6, "2008-03-31": -27.4, "2007-12-31": "-42.60000", "2007-09-30": 67, "2007-06-30": 29.6, "2007-03-31": -60.5, "2006-12-31": "", "2006-09-30": 77.451, "2006-06-30": 19.279, "2006-03-31": 16.45, "2005-12-31": "-8.18000", "2005-09-30": 9.717, "2005-06-30": 20.35, "2005-03-31": -20.35}, "Change In Assets/Liabilities": {"2020-12-31": "101.60000", "2020-09-30": 10.4, "2020-06-30": -363.1, "2020-03-31": -949.5, "2019-12-31": "64.80000", "2019-09-30": 18.6, "2019-06-30": 60.5, "2019-03-31": -355, "2018-12-31": "1026.30000", "2018-09-30": 6875.7, "2018-06-30": -263.8, "2018-03-31": -539.4, "2017-12-31": "213.80000", "2017-09-30": 164.3, "2017-06-30": 86.1, "2017-03-31": -479.3, "2016-12-31": "446.90000", "2016-09-30": 265, "2016-06-30": 18.6, "2016-03-31": -333.1, "2015-12-31": "478.70000", "2015-09-30": 125.3, "2015-06-30": 73.6, "2015-03-31": -190.4, "2014-12-31": "423.30000", "2014-09-30": 392.1, "2014-06-30": 8.9, "2014-03-31": -240.4, "2013-12-31": "398.50000", "2013-09-30": 76, "2013-06-30": -27.7, "2013-03-31": -131.9, "2012-12-31": "299.80000", "2012-09-30": 5.5, "2012-06-30": 65.8, "2012-03-31": -190.3, "2011-12-31": "160.10000", "2011-09-30": 5.9, "2011-06-30": 65.8, "2011-03-31": -272.3, "2010-12-31": "213.90000", "2010-09-30": -30.3, "2010-06-30": 48.5, "2010-03-31": -160.5, "2009-12-31": "183.80000", "2009-09-30": -44.6, "2009-06-30": 40.3, "2009-03-31": -152.2, "2008-12-31": "294.80000", "2008-09-30": -56.3, "2008-06-30": 50.5, "2008-03-31": -120.1, "2007-12-31": "262.40000", "2007-09-30": -71.6, "2007-06-30": 32.9, "2007-03-31": -105.9, "2006-12-31": "230.00000", "2006-09-30": -29.719, "2006-06-30": 6.454, "2006-03-31": -60.713, "2005-12-31": "153.77800", "2005-09-30": -35.382, "2005-06-30": 11.474, "2005-03-31": 70.333}, "Total Change In Assets/Liabilities": {"2020-12-31": "293.00000", "2020-09-30": 154.5, "2020-06-30": -508.6, "2020-03-31": -2501.8, "2019-12-31": "179.50000", "2019-09-30": 97.2, "2019-06-30": 462.8, "2019-03-31": -421.6, "2018-12-31": "1510.30000", "2018-09-30": 7268.4, "2018-06-30": -70.1, "2018-03-31": -599, "2017-12-31": "314.40000", "2017-09-30": 75.3, "2017-06-30": 68.5, "2017-03-31": -484, "2016-12-31": "429.90000", "2016-09-30": 247.7, "2016-06-30": 1.4, "2016-03-31": -342.1, "2015-12-31": "446.00000", "2015-09-30": 14.3, "2015-06-30": -107.5, "2015-03-31": -135.7, "2014-12-31": "507.70000", "2014-09-30": 27.1, "2014-06-30": 109.4, "2014-03-31": -214.4, "2013-12-31": "-2131.90000", "2013-09-30": 467.2, "2013-06-30": 60.4, "2013-03-31": -223.8, "2012-12-31": "431.00000", "2012-09-30": 213, "2012-06-30": 59, "2012-03-31": -386.4, "2011-12-31": "-119.80000", "2011-09-30": -24.1, "2011-06-30": 18.1, "2011-03-31": -440.5, "2010-12-31": "94.50000", "2010-09-30": -88.7, "2010-06-30": 45, "2010-03-31": -177.5, "2009-12-31": "330.20000", "2009-09-30": 69.1, "2009-06-30": -22.1, "2009-03-31": -209.1, "2008-12-31": "394.20000", "2008-09-30": -71.1, "2008-06-30": 43.7, "2008-03-31": -349.6, "2007-12-31": "456.30000", "2007-09-30": 11.9, "2007-06-30": -4, "2007-03-31": -215.5, "2006-12-31": "366.90000", "2006-09-30": -42.239, "2006-06-30": -55.886, "2006-03-31": -45.939, "2005-12-31": "366.06400", "2005-09-30": -61.792, "2005-06-30": -42.249, "2005-03-31": 75.711}, "Cash Flow From Operating Activities": {"2020-12-31": "1835.70000", "2020-09-30": 1490.7, "2020-06-30": -367.7, "2020-03-31": -1361.3, "2019-12-31": "1836.10000", "2019-09-30": 1108.2, "2019-06-30": 1169.4, "2019-03-31": 390.4, "2018-12-31": "2379.00000", "2018-09-30": 8433.4, "2018-06-30": 1215.9, "2018-03-31": 454.5, "2017-12-31": "1834.00000", "2017-09-30": 1092.8, "2017-06-30": 1167.3, "2017-03-31": 461.9, "2016-12-31": "1529.80000", "2016-09-30": 1431, "2016-06-30": 1081.4, "2016-03-31": 549.5, "2015-12-31": "1636.00000", "2015-09-30": 969.9, "2015-06-30": 778.3, "2015-03-31": 575.7, "2014-12-31": "1425.20000", "2014-09-30": 741.2, "2014-06-30": 850.1, "2014-03-31": 418.4, "2013-12-31": "-1401.90000", "2013-09-30": 870.5, "2013-06-30": 665.3, "2013-03-31": 305.2, "2012-12-31": "1067.30000", "2012-09-30": 623.4, "2012-06-30": 551.3, "2012-03-31": 109.3, "2011-12-31": "466.30000", "2011-09-30": 485.7, "2011-06-30": 457.2, "2011-03-31": -4.1, "2010-12-31": "673.60000", "2010-09-30": 329.5, "2010-06-30": 417.6, "2010-03-31": 189.1, "2009-12-31": "768.70000", "2009-09-30": 372.3, "2009-06-30": 301.3, "2009-03-31": 21.9, "2008-12-31": "693.50000", "2008-09-30": 180, "2008-06-30": 313.6, "2008-03-31": -42.5, "2007-12-31": "807.60000", "2007-09-30": 291.4, "2007-06-30": 302, "2007-03-31": 59.4, "2006-12-31": "678.40000", "2006-09-30": 195.826, "2006-06-30": 173.782, "2006-03-31": 153.13, "2005-12-31": "608.86200", "2005-09-30": 163.591, "2005-06-30": 181.78, "2005-03-31": 577.544}, "Net Change In Property, Plant, And Equipment": {"2020-12-31": "-324.20000", "2020-09-30": -345.2, "2020-06-30": -380.1, "2020-03-31": -364, "2019-12-31": "-394.30000", "2019-09-30": -525.9, "2019-06-30": -435.1, "2019-03-31": -414.2, "2018-12-31": "-431.40000", "2018-09-30": -568.6, "2018-06-30": -511.1, "2018-03-31": -467.4, "2017-12-31": "-429.30000", "2017-09-30": -494.1, "2017-06-30": -387.4, "2017-03-31": -330.5, "2016-12-31": "-307.40000", "2016-09-30": -410.6, "2016-06-30": -391.7, "2016-03-31": -306.2, "2015-12-31": "-331.80000", "2015-09-30": -351.3, "2015-06-30": -336.9, "2015-03-31": -314.8, "2014-12-31": "-291.80000", "2014-09-30": -349.7, "2014-06-30": -307.6, "2014-03-31": -247.5, "2013-12-31": "-256.10000", "2013-09-30": -369, "2013-06-30": -297.3, "2013-03-31": -240.4, "2012-12-31": "-244.50000", "2012-09-30": -339.7, "2012-06-30": -202.7, "2012-03-31": -160.3, "2011-12-31": "-153.50000", "2011-09-30": -42.1, "2011-06-30": -133.3, "2011-03-31": -110.2, "2010-12-31": "-128.90000", "2010-09-30": -159.6, "2010-06-30": -96.6, "2010-03-31": -84.8, "2009-12-31": "-99.70000", "2009-09-30": -101, "2009-06-30": -65.2, "2009-03-31": -64.3, "2008-12-31": "-172.60000", "2008-09-30": -250.6, "2008-06-30": -228.8, "2008-03-31": -241.5, "2007-12-31": "-263.60000", "2007-09-30": -308.2, "2007-06-30": -264.9, "2007-03-31": -236.6, "2006-12-31": "-270.60000", "2006-09-30": -248.852, "2006-06-30": -212.017, "2006-03-31": -163.008, "2005-12-31": "-147.32300", "2005-09-30": -173.38, "2005-06-30": -158.462, "2005-03-31": -311.454}, "Net Change In Intangible Assets": {"2020-12-31": "", "2020-09-30": 0, "2020-06-30": 0, "2020-03-31": 0, "2019-12-31": "", "2019-09-30": 0, "2019-06-30": 0, "2019-03-31": 0, "2018-12-31": "", "2018-09-30": 0, "2018-06-30": 0, "2018-03-31": 0, "2017-12-31": "", "2017-09-30": 0, "2017-06-30": 0, "2017-03-31": 0, "2016-12-31": "", "2016-09-30": 0, "2016-06-30": 0, "2016-03-31": 0, "2015-12-31": "", "2015-09-30": 0, "2015-06-30": 0, "2015-03-31": 0, "2014-12-31": "", "2014-09-30": 0, "2014-06-30": 0, "2014-03-31": 0, "2013-12-31": "", "2013-09-30": 0, "2013-06-30": 0, "2013-03-31": 0, "2012-12-31": "", "2012-09-30": 0, "2012-06-30": 0, "2012-03-31": 0, "2011-12-31": "", "2011-09-30": 0, "2011-06-30": 0, "2011-03-31": 0, "2010-12-31": "", "2010-09-30": 0, "2010-06-30": 0, "2010-03-31": 0, "2009-12-31": "", "2009-09-30": 0, "2009-06-30": 0, "2009-03-31": 0, "2008-12-31": "", "2008-09-30": 0, "2008-06-30": 0, "2008-03-31": 0, "2007-12-31": "", "2007-09-30": 0, "2007-06-30": 0, "2007-03-31": 0, "2006-12-31": "", "2006-09-30": 0, "2006-06-30": 0, "2006-03-31": 0, "2005-12-31": "", "2005-09-30": 0, "2005-06-30": 0, "2005-03-31": 0}, "Net Acquisitions/Divestitures": {"2020-12-31": "", "2020-09-30": 0, "2020-06-30": 0, "2020-03-31": 0, "2019-12-31": "", "2019-09-30": 684.3, "2019-06-30": -48.5, "2019-03-31": 48.5, "2018-12-31": "", "2018-09-30": 0, "2018-06-30": -1311.3, "2018-03-31": 81.6, "2017-12-31": "526.60000", "2017-09-30": 85.4, "2017-06-30": 0, "2017-03-31": 0, "2016-12-31": "", "2016-09-30": 69.6, "2016-06-30": 0, "2016-03-31": 0, "2015-12-31": "", "2015-09-30": 0, "2015-06-30": 0, "2015-03-31": 0, "2014-12-31": "-284.30000", "2014-09-30": 0, "2014-06-30": 0, "2014-03-31": 0, "2013-12-31": "", "2013-09-30": -33.5, "2013-06-30": -8.1, "2013-03-31": -568.8, "2012-12-31": "", "2012-09-30": -99.4, "2012-06-30": 0, "2012-03-31": 0, "2011-12-31": "-29.70000", "2011-09-30": -55.8, "2011-06-30": 0, "2011-03-31": 0, "2010-12-31": "", "2010-09-30": -1.4, "2010-06-30": 0, "2010-03-31": 0, "2009-12-31": "-10.60000", "2009-09-30": 0, "2009-06-30": 0, "2009-03-31": 0, "2008-12-31": "", "2008-09-30": -51.7, "2008-06-30": -22.5, "2008-03-31": 0, "2007-12-31": "", "2007-09-30": 0.1, "2007-06-30": -6.1, "2007-03-31": 0, "2006-12-31": "-47.30000", "2006-09-30": -1.122, "2006-06-30": -0.359, "2006-03-31": -90.219, "2005-12-31": "", "2005-09-30": -2.607, "2005-06-30": -7.694, "2005-03-31": -11.282}, "Net Change In Short-term Investments": {"2020-12-31": "", "2020-09-30": 0, "2020-06-30": 0, "2020-03-31": 0, "2019-12-31": "", "2019-09-30": 0, "2019-06-30": 0, "2019-03-31": 0, "2018-12-31": "", "2018-09-30": 0, "2018-06-30": 0, "2018-03-31": 0, "2017-12-31": "", "2017-09-30": 0, "2017-06-30": 0, "2017-03-31": 0, "2016-12-31": "", "2016-09-30": 0, "2016-06-30": 0, "2016-03-31": 0, "2015-12-31": "", "2015-09-30": 0, "2015-06-30": 0, "2015-03-31": 0, "2014-12-31": "", "2014-09-30": 0, "2014-06-30": 0, "2014-03-31": 0, "2013-12-31": "", "2013-09-30": 0, "2013-06-30": 0, "2013-03-31": 0, "2012-12-31": "", "2012-09-30": 0, "2012-06-30": 0, "2012-03-31": 0, "2011-12-31": "", "2011-09-30": 0, "2011-06-30": 0, "2011-03-31": 0, "2010-12-31": "", "2010-09-30": 0, "2010-06-30": 0, "2010-03-31": 0, "2009-12-31": "", "2009-09-30": 0, "2009-06-30": 0, "2009-03-31": 0, "2008-12-31": "", "2008-09-30": 0, "2008-06-30": 0, "2008-03-31": 0, "2007-12-31": "", "2007-09-30": 0, "2007-06-30": 0, "2007-03-31": 0, "2006-12-31": "", "2006-09-30": 0, "2006-06-30": 0, "2006-03-31": 0, "2005-12-31": "", "2005-09-30": 0, "2005-06-30": 0, "2005-03-31": 0}, "Net Change In Long-Term Investments": {"2020-12-31": "69.40000", "2020-09-30": -29.6, "2020-06-30": -186.8, "2020-03-31": 5, "2019-12-31": "27.90000", "2019-09-30": 4.8, "2019-06-30": 39.7, "2019-03-31": 185.6, "2018-12-31": "-62.40000", "2018-09-30": -99.9, "2018-06-30": 1360.4, "2018-03-31": -1250.3, "2017-12-31": "302.20000", "2017-09-30": 228.8, "2017-06-30": 282.4, "2017-03-31": 174.2, "2016-12-31": "-155.70000", "2016-09-30": -345.3999, "2016-06-30": -204.8, "2016-03-31": -297.6, "2015-12-31": "-29.30000", "2015-09-30": 82.6999, "2015-06-30": -66.7, "2015-03-31": -15.8, "2014-12-31": "51.80000", "2014-09-30": 649.5999, "2014-06-30": -256.2998, "2014-03-31": -113.2001, "2013-12-31": "82.20000", "2013-09-30": 4.5999, "2013-06-30": -92.3, "2013-03-31": 173.7, "2012-12-31": "276.30000", "2012-09-30": 173.5001, "2012-06-30": -191.7, "2012-03-31": -92.7, "2011-12-31": "158.70000", "2011-09-30": -700, "2011-06-30": 54.4, "2011-03-31": 16.8, "2010-12-31": "92.80000", "2010-09-30": 59.2, "2010-06-30": -63.6, "2010-03-31": -345, "2009-12-31": "10.30000", "2009-09-30": -9.8, "2009-06-30": 9.5, "2009-03-31": -7.2, "2008-12-31": "-10.50000", "2008-09-30": -22, "2008-06-30": -13.6, "2008-03-31": 17.9, "2007-12-31": "-10.20000", "2007-09-30": -11, "2007-06-30": -20.5, "2007-03-31": 12.1, "2006-12-31": "-48.90000", "2006-09-30": 86.5401, "2006-06-30": 29.2899, "2006-03-31": 51.725, "2005-12-31": "-145.65500", "2005-09-30": 96.568, "2005-06-30": 358.951, "2005-03-31": -11.255}, "Net Change In Investments - Total": {"2020-12-31": "69.40000", "2020-09-30": -29.6, "2020-06-30": -186.8, "2020-03-31": 5, "2019-12-31": "27.90000", "2019-09-30": 4.8, "2019-06-30": 39.7, "2019-03-31": 185.6, "2018-12-31": "-62.40000", "2018-09-30": -99.9, "2018-06-30": 1360.4, "2018-03-31": -1250.3, "2017-12-31": "302.20000", "2017-09-30": 228.8, "2017-06-30": 282.4, "2017-03-31": 174.2, "2016-12-31": "-155.70000", "2016-09-30": -345.3999, "2016-06-30": -204.8, "2016-03-31": -297.6, "2015-12-31": "-29.30000", "2015-09-30": 82.6999, "2015-06-30": -66.7, "2015-03-31": -15.8, "2014-12-31": "51.80000", "2014-09-30": 649.5999, "2014-06-30": -256.2998, "2014-03-31": -113.2001, "2013-12-31": "82.20000", "2013-09-30": 4.5999, "2013-06-30": -92.3, "2013-03-31": 173.7, "2012-12-31": "276.30000", "2012-09-30": 173.5001, "2012-06-30": -191.7, "2012-03-31": -92.7, "2011-12-31": "158.70000", "2011-09-30": -700, "2011-06-30": 54.4, "2011-03-31": 16.8, "2010-12-31": "92.80000", "2010-09-30": 59.2, "2010-06-30": -63.6, "2010-03-31": -345, "2009-12-31": "10.30000", "2009-09-30": -9.8, "2009-06-30": 9.5, "2009-03-31": -7.2, "2008-12-31": "-10.50000", "2008-09-30": -22, "2008-06-30": -13.6, "2008-03-31": 17.9, "2007-12-31": "-10.20000", "2007-09-30": -11, "2007-06-30": -20.5, "2007-03-31": 12.1, "2006-12-31": "-48.90000", "2006-09-30": 86.5401, "2006-06-30": 29.2899, "2006-03-31": 51.725, "2005-12-31": "-145.65500", "2005-09-30": 96.568, "2005-06-30": 358.951, "2005-03-31": -11.255}, "Investing Activities - Other": {"2020-12-31": "-17.70000", "2020-09-30": -5, "2020-06-30": -16.9, "2020-03-31": -2.6, "2019-12-31": "-19.90000", "2019-09-30": -667.5, "2019-06-30": 648.4, "2019-03-31": -20.5, "2018-12-31": "-16.60000", "2018-09-30": 3.7, "2018-06-30": 4.2, "2018-03-31": 2.2, "2017-12-31": "-4.50000", "2017-09-30": -0.6, "2017-06-30": 0.8, "2017-03-31": -7.5, "2016-12-31": "61.60000", "2016-09-30": 21.6, "2016-06-30": -8.8, "2016-03-31": 11.1, "2015-12-31": "1.00000", "2015-09-30": 40.7, "2015-06-30": -16, "2015-03-31": -19.7, "2014-12-31": "1.80000", "2014-09-30": 5.3, "2014-06-30": -10, "2014-03-31": 5, "2013-12-31": "-19.40000", "2013-09-30": -14.9, "2013-06-30": 12.3, "2013-03-31": -6.2, "2012-12-31": "-3.10000", "2012-09-30": -24.2, "2012-06-30": -2.8, "2012-03-31": -14.3, "2011-12-31": "4.80000", "2011-09-30": -4.6, "2011-06-30": 1, "2011-03-31": -8.9, "2010-12-31": "-0.70000", "2010-09-30": 2.3, "2010-06-30": 0, "2010-03-31": 0, "2009-12-31": "", "2009-09-30": 0, "2009-06-30": 0, "2009-03-31": 0, "2008-12-31": "", "2008-09-30": 0, "2008-06-30": 0, "2008-03-31": 0, "2007-12-31": "", "2007-09-30": 0, "2007-06-30": 0, "2007-03-31": 0, "2006-12-31": "", "2006-09-30": 0, "2006-06-30": 0, "2006-03-31": 0, "2005-12-31": "", "2005-09-30": 0, "2005-06-30": 0, "2005-03-31": 0}, "Cash Flow From Investing Activities": {"2020-12-31": "-272.50000", "2020-09-30": -379.8, "2020-06-30": -583.8, "2020-03-31": -361.6, "2019-12-31": "-386.30000", "2019-09-30": -504.3, "2019-06-30": 204.5, "2019-03-31": -200.6, "2018-12-31": "-510.40000", "2018-09-30": -664.8, "2018-06-30": -457.8, "2018-03-31": -1633.9, "2017-12-31": "395.00000", "2017-09-30": -180.5, "2017-06-30": -104.2, "2017-03-31": -163.8, "2016-12-31": "-401.50000", "2016-09-30": -664.8, "2016-06-30": -605.3, "2016-03-31": -592.7, "2015-12-31": "-360.10000", "2015-09-30": -227.9, "2015-06-30": -419.6, "2015-03-31": -350.3, "2014-12-31": "-522.50000", "2014-09-30": 305.2, "2014-06-30": -573.9, "2014-03-31": -355.7, "2013-12-31": "-193.30000", "2013-09-30": -412.8, "2013-06-30": -385.4, "2013-03-31": -641.7, "2012-12-31": "28.70000", "2012-09-30": -289.8, "2012-06-30": -397.2, "2012-03-31": -267.3, "2011-12-31": "-19.70000", "2011-09-30": -802.5, "2011-06-30": -77.9, "2011-03-31": -102.3, "2010-12-31": "-36.80000", "2010-09-30": -99.5, "2010-06-30": -160.2, "2010-03-31": -429.8, "2009-12-31": "-100.00000", "2009-09-30": -110.8, "2009-06-30": -55.7, "2009-03-31": -71.5, "2008-12-31": "-183.10000", "2008-09-30": -324.3, "2008-06-30": -264.9, "2008-03-31": -223.6, "2007-12-31": "-273.80000", "2007-09-30": -319.1, "2007-06-30": -291.5, "2007-03-31": -224.5, "2006-12-31": "-366.80000", "2006-09-30": -163.434, "2006-06-30": -183.086, "2006-03-31": -201.502, "2005-12-31": "-292.97800", "2005-09-30": -79.419, "2005-06-30": 192.795, "2005-03-31": -333.991}, "Net Long-Term Debt": {"2020-12-31": "-500.00000", "2020-09-30": 0, "2020-06-30": 2987.9, "2020-03-31": 1739.7, "2019-12-31": "", "2019-09-30": 0, "2019-06-30": 1996, "2019-03-31": 0, "2018-12-31": "-350.00000", "2018-09-30": 2987.6, "2018-06-30": 0, "2018-03-31": 1598.2, "2017-12-31": "998.30000", "2017-09-30": 0, "2017-06-30": 0, "2017-03-31": 750.2, "2016-12-31": "-400.00000", "2016-09-30": 0, "2016-06-30": 754.8, "2016-03-31": 499.7, "2015-12-31": "", "2015-09-30": -610.1, "2015-06-30": 848.5, "2015-03-31": 0, "2014-12-31": "", "2014-09-30": 0, "2014-06-30": 0, "2014-03-31": 0, "2013-12-31": "748.50000", "2013-09-30": 749.7, "2013-06-30": 0, "2013-03-31": -35.2, "2012-12-31": "", "2012-09-30": 0, "2012-06-30": 0, "2012-03-31": 0, "2011-12-31": "", "2011-09-30": 0, "2011-06-30": 0, "2011-03-31": 0, "2010-12-31": "", "2010-09-30": 6.5, "2010-06-30": 0, "2010-03-31": 0, "2009-12-31": "-6.50000", "2009-09-30": -0.2, "2009-06-30": -0.2, "2009-03-31": -0.1, "2008-12-31": "-0.20000", "2008-09-30": -0.1, "2008-06-30": -0.2, "2008-03-31": -0.1, "2007-12-31": "-0.20000", "2007-09-30": 548.8, "2007-06-30": -0.2, "2007-03-31": -0.2, "2006-12-31": "-0.20000", "2006-09-30": -0.34, "2006-06-30": -0.188, "2006-03-31": -0.186, "2005-12-31": "-0.18600", "2005-09-30": -0.185, "2005-06-30": -0.184, "2005-03-31": -0.366}, "Net Current Debt": {"2020-12-31": "48.20000", "2020-09-30": -497.5999, "2020-06-30": -170.6001, "2020-03-31": 609.2, "2019-12-31": "497.90000", "2019-09-30": 0, "2019-06-30": -75, "2019-03-31": 75, "2018-12-31": "", "2018-09-30": -300, "2018-06-30": 300, "2018-03-31": 0, "2017-12-31": "", "2017-09-30": 0, "2017-06-30": -25, "2017-03-31": 25, "2016-12-31": "", "2016-09-30": 0, "2016-06-30": -149.1, "2016-03-31": 149.1, "2015-12-31": "", "2015-09-30": 0, "2015-06-30": 0, "2015-03-31": 0, "2014-12-31": "", "2014-09-30": 0, "2014-06-30": 0, "2014-03-31": 0, "2013-12-31": "", "2013-09-30": 0, "2013-06-30": 0, "2013-03-31": 0, "2012-12-31": "", "2012-09-30": -30.8, "2012-06-30": 0, "2012-03-31": 0, "2011-12-31": "", "2011-09-30": 30.8, "2011-06-30": 0, "2011-03-31": 0, "2010-12-31": "", "2010-09-30": 0, "2010-06-30": 0, "2010-03-31": 0, "2009-12-31": "", "2009-09-30": 0, "2009-06-30": -226, "2009-03-31": -64.1992, "2008-12-31": "-422.90040", "2008-09-30": 97.3047, "2008-06-30": -86.6016, "2008-03-31": 172.3008, "2007-12-31": "-180.80080", "2007-09-30": -169.8008, "2007-06-30": 33, "2007-03-31": 482, "2006-12-31": "-335.00000", "2006-09-30": 500, "2006-06-30": 105, "2006-03-31": -10, "2005-12-31": "-172.00000", "2005-09-30": 277, "2005-06-30": 0, "2005-03-31": 0}, "Debt Issuance/Retirement Net - Total": {"2020-12-31": "-451.80000", "2020-09-30": -497.6, "2020-06-30": 2817.3, "2020-03-31": 2348.9, "2019-12-31": "497.90000", "2019-09-30": 0, "2019-06-30": 1921, "2019-03-31": 75, "2018-12-31": "-350.00000", "2018-09-30": 2687.6, "2018-06-30": 300, "2018-03-31": 1598.2, "2017-12-31": "998.30000", "2017-09-30": 0, "2017-06-30": -25, "2017-03-31": 775.2, "2016-12-31": "-400.00000", "2016-09-30": 0, "2016-06-30": 605.7, "2016-03-31": 648.8, "2015-12-31": "", "2015-09-30": -610.1, "2015-06-30": 848.5, "2015-03-31": 0, "2014-12-31": "", "2014-09-30": 0, "2014-06-30": 0, "2014-03-31": 0, "2013-12-31": "748.50000", "2013-09-30": 749.7, "2013-06-30": 0, "2013-03-31": -35.2, "2012-12-31": "", "2012-09-30": -30.8, "2012-06-30": 0, "2012-03-31": 0, "2011-12-31": "", "2011-09-30": 30.8, "2011-06-30": 0, "2011-03-31": 0, "2010-12-31": "", "2010-09-30": 6.5, "2010-06-30": 0, "2010-03-31": 0, "2009-12-31": "-6.50000", "2009-09-30": -0.2, "2009-06-30": -226.2, "2009-03-31": -64.2992, "2008-12-31": "-423.10040", "2008-09-30": 97.2047, "2008-06-30": -86.8016, "2008-03-31": 172.2008, "2007-12-31": "-181.00080", "2007-09-30": 378.9992, "2007-06-30": 32.8, "2007-03-31": 481.8, "2006-12-31": "-335.20000", "2006-09-30": 499.66, "2006-06-30": 104.812, "2006-03-31": -10.186, "2005-12-31": "-172.18600", "2005-09-30": 276.815, "2005-06-30": -0.184, "2005-03-31": -0.366}, "Net Common Equity Issued/Repurchased": {"2020-12-31": "102.80000", "2020-09-30": 199.9, "2020-06-30": 33.5, "2020-03-31": -575.2, "2019-12-31": "-1058.30000", "2019-09-30": -2198.1, "2019-06-30": -62.2, "2019-03-31": -2545.9, "2018-12-31": "-5006.30000", "2018-09-30": -3049.6, "2018-06-30": -844.2, "2018-03-31": -1539.1, "2017-12-31": "-1546.70000", "2017-09-30": -809.1, "2017-06-30": -134, "2017-03-31": -591.7, "2016-12-31": "-356.90000", "2016-09-30": -365.4, "2016-06-30": 35.4, "2016-03-31": -1307.5, "2015-12-31": "-197.40000", "2015-09-30": -470.1, "2015-06-30": -538.9, "2015-03-31": -84.4, "2014-12-31": "-150.90000", "2014-09-30": -141.3, "2014-06-30": -277, "2014-03-31": -223.7, "2013-12-31": "23.10000", "2013-09-30": 47.7, "2013-06-30": 58.5, "2013-03-31": -120.6, "2012-12-31": "-326.50000", "2012-09-30": -508.1, "2012-06-30": 33.2, "2012-03-31": 84.4, "2011-12-31": "78.00000", "2011-09-30": -171, "2011-06-30": -200.4, "2011-03-31": 15.4, "2010-12-31": "50.50000", "2010-09-30": -79.2, "2010-06-30": -141.2, "2010-03-31": 24.6, "2009-12-31": "38.10000", "2009-09-30": 30.7, "2009-06-30": 9.5, "2009-03-31": 9.5, "2008-12-31": "7.60000", "2008-09-30": 23.4, "2008-06-30": 29.6, "2008-03-31": 37.6, "2007-12-31": "-289.70000", "2007-09-30": -285.5, "2007-06-30": -79.5, "2007-03-31": -405.2, "2006-12-31": "-49.70000", "2006-09-30": -458.853, "2006-06-30": -123.379, "2006-03-31": -22.679, "2005-12-31": "-89.88900", "2005-09-30": -318.305, "2005-06-30": -418.572, "2005-03-31": -213.215}, "Net Total Equity Issued/Repurchased": {"2020-12-31": "102.80000", "2020-09-30": 199.9, "2020-06-30": 33.5, "2020-03-31": -575.2, "2019-12-31": "-1058.30000", "2019-09-30": -2198.1, "2019-06-30": -62.2, "2019-03-31": -2545.9, "2018-12-31": "-5006.30000", "2018-09-30": -3049.6, "2018-06-30": -844.2, "2018-03-31": -1539.1, "2017-12-31": "-1546.70000", "2017-09-30": -809.1, "2017-06-30": -134, "2017-03-31": -591.7, "2016-12-31": "-356.90000", "2016-09-30": -365.4, "2016-06-30": 35.4, "2016-03-31": -1307.5, "2015-12-31": "-197.40000", "2015-09-30": -470.1, "2015-06-30": -538.9, "2015-03-31": -84.4, "2014-12-31": "-150.90000", "2014-09-30": -141.3, "2014-06-30": -277, "2014-03-31": -223.7, "2013-12-31": "23.10000", "2013-09-30": 47.7, "2013-06-30": 58.5, "2013-03-31": -120.6, "2012-12-31": "-326.50000", "2012-09-30": -508.1, "2012-06-30": 33.2, "2012-03-31": 84.4, "2011-12-31": "78.00000", "2011-09-30": -171, "2011-06-30": -200.4, "2011-03-31": 15.4, "2010-12-31": "50.50000", "2010-09-30": -79.2, "2010-06-30": -141.2, "2010-03-31": 24.6, "2009-12-31": "38.10000", "2009-09-30": 30.7, "2009-06-30": 9.5, "2009-03-31": 9.5, "2008-12-31": "7.60000", "2008-09-30": 23.4, "2008-06-30": 29.6, "2008-03-31": 37.6, "2007-12-31": "-289.70000", "2007-09-30": -285.5, "2007-06-30": -79.5, "2007-03-31": -405.2, "2006-12-31": "-49.70000", "2006-09-30": -458.853, "2006-06-30": -123.379, "2006-03-31": -22.679, "2005-12-31": "-89.88900", "2005-09-30": -318.305, "2005-06-30": -418.572, "2005-03-31": -213.215}, "Total Common And Preferred Stock Dividends Paid": {"2020-12-31": "-528.20000", "2020-09-30": -479.3, "2020-06-30": -479, "2020-03-31": -481, "2019-12-31": "-484.20000", "2019-09-30": -430.6, "2019-06-30": -436.2, "2019-03-31": -447.8, "2018-12-31": "-446.70000", "2018-09-30": -483.2, "2018-06-30": -412.3, "2018-03-31": -419.8, "2017-12-31": "-428.10000", "2017-09-30": -360.6, "2017-06-30": -362, "2017-03-31": -363.8, "2016-12-31": "-364.00000", "2016-09-30": -293.2, "2016-06-30": -293, "2016-03-31": -294.8, "2015-12-31": "-297.00000", "2015-09-30": -208.9, "2015-06-30": -240.1, "2015-03-31": -240.1, "2014-12-31": "-239.50000", "2014-09-30": -195.3, "2014-06-30": -195.5, "2014-03-31": -196.4, "2013-12-31": "-195.90000", "2013-09-30": -158, "2013-06-30": -157.4, "2013-03-31": -157.4, "2012-12-31": "-156.10000", "2012-09-30": -129, "2012-06-30": -129, "2012-03-31": -128.2, "2011-12-31": "-126.80000", "2011-09-30": -97.4, "2011-06-30": -97.8, "2011-03-31": -97.4, "2010-12-31": "-96.90000", "2010-09-30": -96.2, "2010-06-30": -74.8, "2010-03-31": 0, "2009-12-31": "", "2009-09-30": 0, "2009-06-30": 0, "2009-03-31": 0, "2008-12-31": "", "2008-09-30": 0, "2008-06-30": 0, "2008-03-31": 0, "2007-12-31": "", "2007-09-30": 0, "2007-06-30": 0, "2007-03-31": 0, "2006-12-31": "", "2006-09-30": 0, "2006-06-30": 0, "2006-03-31": 0, "2005-12-31": "", "2005-09-30": 0, "2005-06-30": 0, "2005-03-31": 0}, "Financial Activities - Other": {"2020-12-31": "-88.60000", "2020-09-30": -2.7, "2020-06-30": -28.9, "2020-03-31": -19.6, "2019-12-31": "-78.40000", "2019-09-30": -5.4, "2019-06-30": -67.5, "2019-03-31": -0.6, "2018-12-31": "-55.60000", "2018-09-30": -29.9, "2018-06-30": 1.3, "2018-03-31": -12.1, "2017-12-31": "-63.20000", "2017-09-30": -17.2, "2017-06-30": -0.6, "2017-03-31": -1.2, "2016-12-31": "-68.20000", "2016-09-30": -120.1, "2016-06-30": 20.8, "2016-03-31": 19.2, "2015-12-31": "-34.30000", "2015-09-30": 29.4, "2015-06-30": -90.9, "2015-03-31": 17.4, "2014-12-31": "-277.90000", "2014-09-30": 9, "2014-06-30": 19.4, "2014-03-31": 8.6, "2013-12-31": "-6.80000", "2013-09-30": 36.2, "2013-06-30": 33.6, "2013-03-31": 28.7, "2012-12-31": "48.60000", "2012-09-30": 10.9, "2012-06-30": 19.2, "2012-03-31": 58.5, "2011-12-31": "22.20000", "2011-09-30": -3, "2011-06-30": -7.9, "2011-03-31": 30.6, "2010-12-31": "36.50000", "2010-09-30": -36.8, "2010-06-30": 6.6, "2010-03-31": 4.7, "2009-12-31": "8.20000", "2009-09-30": 8.8, "2009-06-30": 0.4, "2009-03-31": 0, "2008-12-31": "5.10000", "2008-09-30": 2.4, "2008-06-30": 3.6, "2008-03-31": 4, "2007-12-31": "3.00000", "2007-09-30": 37.6, "2007-06-30": 5.7, "2007-03-31": 16.7, "2006-12-31": "29.60000", "2006-09-30": 24.073, "2006-06-30": 38.455, "2006-03-31": 31.148, "2005-12-31": "23.72400", "2005-09-30": 0, "2005-06-30": 0, "2005-03-31": 0}, "Cash Flow From Financial Activities": {"2020-12-31": "-965.80000", "2020-09-30": -779.7, "2020-06-30": 2342.9, "2020-03-31": 1273.1, "2019-12-31": "-1123.00000", "2019-09-30": -2634.1, "2019-06-30": 1355.1, "2019-03-31": -2919.3, "2018-12-31": "-5858.60000", "2018-09-30": -875.1, "2018-06-30": -955.2, "2018-03-31": -372.8, "2017-12-31": "-1039.70000", "2017-09-30": -1186.9, "2017-06-30": -521.6, "2017-03-31": -181.5, "2016-12-31": "-1189.10000", "2016-09-30": -778.7, "2016-06-30": 368.9, "2016-03-31": -934.3, "2015-12-31": "-528.70000", "2015-09-30": -1259.7, "2015-06-30": -21.4, "2015-03-31": -307.1, "2014-12-31": "-668.30000", "2014-09-30": -327.6, "2014-06-30": -453.1, "2014-03-31": -411.5, "2013-12-31": "568.90000", "2013-09-30": 675.6, "2013-06-30": -65.3, "2013-03-31": -284.5, "2012-12-31": "-434.00000", "2012-09-30": -657, "2012-06-30": -76.6, "2012-03-31": 14.7, "2011-12-31": "-26.60000", "2011-09-30": -240.6, "2011-06-30": -306.1, "2011-03-31": -51.4, "2010-12-31": "-9.90000", "2010-09-30": -205.7, "2010-06-30": -209.4, "2010-03-31": 29.3, "2009-12-31": "39.80000", "2009-09-30": 39.3, "2009-06-30": -216.3, "2009-03-31": -54.8, "2008-12-31": "-410.40000", "2008-09-30": 123, "2008-06-30": -53.6, "2008-03-31": 213.8, "2007-12-31": "-467.70000", "2007-09-30": 131.1, "2007-06-30": -41, "2007-03-31": 93.3, "2006-12-31": "-355.30000", "2006-09-30": 64.88, "2006-06-30": 19.888, "2006-03-31": -1.717, "2005-12-31": "-238.35100", "2005-09-30": -41.49, "2005-06-30": -418.756, "2005-03-31": -213.581}, "Net Cash Flow": {"2020-12-31": "677.20000", "2020-09-30": 385, "2020-06-30": 1393.6, "2020-03-31": -468.2, "2019-12-31": "353.90000", "2019-09-30": -2076.7, "2019-06-30": 2708.2, "2019-03-31": -2706.5, "2018-12-31": "-3994.70000", "2018-09-30": 6864.2, "2018-06-30": -249.9, "2018-03-31": -1519.4, "2017-12-31": "1199.10000", "2017-09-30": -253.9, "2017-06-30": 552.3, "2017-03-31": 129.3, "2016-12-31": "-94.20000", "2016-09-30": -13, "2016-06-30": 847.4, "2016-03-31": -969.1, "2015-12-31": "733.40000", "2015-09-30": -550.4, "2015-06-30": 330.1, "2015-03-31": -106.6, "2014-12-31": "148.60000", "2014-09-30": 689, "2014-06-30": -170.9, "2014-03-31": -355.5, "2013-12-31": "-1029.90000", "2013-09-30": 1144.9, "2013-06-30": 207.6, "2013-03-31": -628.9, "2012-12-31": "663.50000", "2012-09-30": -312.7, "2012-06-30": 69.1, "2012-03-31": -137.4, "2011-12-31": "421.50000", "2011-09-30": -572.7, "2011-06-30": 75.6, "2011-03-31": -146.8, "2010-12-31": "628.00000", "2010-09-30": 38.8, "2010-06-30": 39.2, "2010-03-31": -220.3, "2009-12-31": "706.50000", "2009-09-30": 307.8, "2009-06-30": 38.8, "2009-03-31": -103.6, "2008-12-31": "87.00000", "2008-09-30": -27.2, "2008-06-30": -6.4, "2008-03-31": -45.9, "2007-12-31": "68.00000", "2007-09-30": 108.5, "2007-06-30": -27.4, "2007-03-31": -70.7, "2006-12-31": "-41.70000", "2006-09-30": 96.87, "2006-06-30": 13.068, "2006-03-31": -48.764, "2005-12-31": "77.62600", "2005-09-30": 43.697, "2005-06-30": -47.03, "2005-03-31": 32.089}, "Stock-Based Compensation": {"2020-12-31": "99.30000", "2020-09-30": 60.6, "2020-06-30": 41.4, "2020-03-31": 56.3, "2019-12-31": "90.30000", "2019-09-30": 52.6, "2019-06-30": 63.3, "2019-03-31": 94.8, "2018-12-31": "97.30000", "2018-09-30": 65.3, "2018-06-30": 68.5, "2018-03-31": 55.1, "2017-12-31": "61.40000", "2017-09-30": 27.3, "2017-06-30": 43.8, "2017-03-31": 49.9, "2016-12-31": "55.00000", "2016-09-30": 59.7, "2016-06-30": 49.8, "2016-03-31": 51.3, "2015-12-31": "57.30000", "2015-09-30": 53.6, "2015-06-30": 52, "2015-03-31": 52.3, "2014-12-31": "51.90000", "2014-09-30": 40.6, "2014-06-30": 51, "2014-03-31": 43.8, "2013-12-31": "47.80000", "2013-09-30": 36.7, "2013-06-30": 34.7, "2013-03-31": 33.5, "2012-12-31": "37.40000", "2012-09-30": 38.8, "2012-06-30": 38.8, "2012-03-31": 36.2, "2011-12-31": "39.80000", "2011-09-30": 37, "2011-06-30": 37, "2011-03-31": 34.7, "2010-12-31": "36.50000", "2010-09-30": 31.7, "2010-06-30": 28.5, "2010-03-31": 29.1, "2009-12-31": "24.30000", "2009-09-30": 20.1, "2009-06-30": 20.6, "2009-03-31": 20.2, "2008-12-31": "22.30000", "2008-09-30": 15.3, "2008-06-30": 20.4, "2008-03-31": 15, "2007-12-31": "24.30000", "2007-09-30": 25.4, "2007-06-30": 26.3, "2007-03-31": 27.8, "2006-12-31": "24.40000", "2006-09-30": 27.002, "2006-06-30": 27.401, "2006-03-31": 28.108, "2005-12-31": "23.18900", "2005-09-30": 0, "2005-06-30": 0, "2005-03-31": 0}, "Common Stock Dividends Paid": {"2020-12-31": "-528.20000", "2020-09-30": -479.3, "2020-06-30": -479, "2020-03-31": -481, "2019-12-31": "-484.20000", "2019-09-30": -430.6, "2019-06-30": -436.2, "2019-03-31": -447.8, "2018-12-31": "-446.70000", "2018-09-30": -483.2, "2018-06-30": -412.3, "2018-03-31": -419.8, "2017-12-31": "-428.10000", "2017-09-30": -360.6, "2017-06-30": -362, "2017-03-31": -363.8, "2016-12-31": "-364.00000", "2016-09-30": -293.2, "2016-06-30": -293, "2016-03-31": -294.8, "2015-12-31": "-297.00000", "2015-09-30": -208.9, "2015-06-30": -240.1, "2015-03-31": -240.1, "2014-12-31": "-239.50000", "2014-09-30": -195.3, "2014-06-30": -195.5, "2014-03-31": -196.4, "2013-12-31": "-195.90000", "2013-09-30": -158, "2013-06-30": -157.4, "2013-03-31": -157.4, "2012-12-31": "-156.10000", "2012-09-30": -129, "2012-06-30": -129, "2012-03-31": -128.2, "2011-12-31": "-126.80000", "2011-09-30": -97.4, "2011-06-30": -97.8, "2011-03-31": -97.4, "2010-12-31": "-96.90000", "2010-09-30": -96.2, "2010-06-30": -74.8, "2010-03-31": 0, "2009-12-31": "0.00000", "2009-09-30": 0, "2009-06-30": 0, "2009-03-31": 0, "2008-12-31": "", "2008-09-30": 0, "2008-06-30": 0, "2008-03-31": 0, "2007-12-31": "", "2007-09-30": 0, "2007-06-30": 0, "2007-03-31": 0, "2006-12-31": "", "2006-09-30": 0, "2006-06-30": 0, "2006-03-31": 0, "2005-12-31": "", "2005-09-30": 0, "2005-06-30": 0, "2005-03-31": 0}}, "financial ratios": {"Current Ratio": {"2020-09-30": "1.06260", "2019-09-30": "0.91650", "2018-09-30": "2.19810", "2017-09-30": "1.25180", "2016-09-30": "1.04640", "2015-09-30": "1.08850", "2014-09-30": "1.37190", "2013-09-30": "1.01750", "2012-09-30": "1.90040", "2011-09-30": "1.82820", "2010-09-30": "1.54930", "2009-09-30": "1.28770", "2008-09-30": "0.79830", "2007-09-30": "0.78700", "2006-09-30": "0.79030", "2005-09-30": "0.98560"}, "Long-term Debt / Capital": {"2020-09-30": "2.13690", "2019-09-30": "2.26240", "2018-09-30": "0.88550", "2017-09-30": "0.41880", "2016-09-30": "0.35100", "2015-09-30": "0.28740", "2014-09-30": "0.27970", "2013-09-30": "0.22470", "2012-09-30": "0.09700", "2011-09-30": "0.11130", "2010-09-30": "0.12980", "2009-09-30": "0.15230", "2008-09-30": "0.18080", "2007-09-30": "0.19410", "2006-09-30": "0.00090", "2005-09-30": "0.00140"}, "Debt/Equity Ratio": {"2020-09-30": "-2.09610", "2019-09-30": "-1.79220", "2018-09-30": "8.02870", "2017-09-30": "0.72070", "2016-09-30": "0.60860", "2015-09-30": "0.40340", "2014-09-30": "0.38840", "2013-09-30": "0.28990", "2012-09-30": "0.10750", "2011-09-30": "0.12520", "2010-09-30": "0.14920", "2009-09-30": "0.17970", "2008-09-30": "0.50720", "2007-09-30": "0.55220", "2006-09-30": "0.31530", "2005-09-30": "0.13430"}, "Gross Margin": {"2020-09-30": "67.28080", "2019-09-30": "67.83350", "2018-09-30": "67.91720", "2017-09-30": "68.43760", "2016-09-30": "60.08140", "2015-09-30": "59.36120", "2014-09-30": "58.29960", "2013-09-30": "57.07010", "2012-09-30": "56.21460", "2011-09-30": "57.98860", "2010-09-30": "58.75280", "2009-09-30": "55.75370", "2008-09-30": "55.26050", "2007-09-30": "57.50840", "2006-09-30": "59.17760", "2005-09-30": "59.09740"}, "Operating Margin": {"2020-09-30": "6.64040", "2019-09-30": "15.38330", "2018-09-30": "15.70950", "2017-09-30": "18.46940", "2016-09-30": "19.57180", "2015-09-30": "18.79170", "2014-09-30": "18.73260", "2013-09-30": "-2.18880", "2012-09-30": "15.04430", "2011-09-30": "14.77300", "2010-09-30": "13.25630", "2009-09-30": "5.74960", "2008-09-30": "4.85310", "2007-09-30": "11.19800", "2006-09-30": "11.48080", "2005-09-30": "12.25440"}, "EBIT Margin": {"2020-09-30": "6.64040", "2019-09-30": "15.38330", "2018-09-30": "15.70950", "2017-09-30": "18.46940", "2016-09-30": "19.57180", "2015-09-30": "18.79170", "2014-09-30": "18.73260", "2013-09-30": "-2.18880", "2012-09-30": "15.04430", "2011-09-30": "14.77300", "2010-09-30": "13.25630", "2009-09-30": "5.74960", "2008-09-30": "4.85310", "2007-09-30": "11.19800", "2006-09-30": "11.48080", "2005-09-30": "12.25440"}, "EBITDA Margin": {"2020-09-30": "13.03210", "2019-09-30": "20.85060", "2018-09-30": "20.99230", "2017-09-30": "23.23600", "2016-09-30": "24.40430", "2015-09-30": "23.66470", "2014-09-30": "23.28280", "2013-09-30": "2.22110", "2012-09-30": "19.41730", "2011-09-30": "19.47370", "2010-09-30": "18.30700", "2009-09-30": "11.51250", "2008-09-30": "10.67520", "2007-09-30": "16.41710", "2006-09-30": "16.77950", "2005-09-30": "18.17820"}, "Pre-Tax Profit Margin": {"2020-09-30": "4.95110", "2019-09-30": "16.84810", "2018-09-30": "23.38240", "2017-09-30": "19.28590", "2016-09-30": "19.69700", "2015-09-30": "20.36770", "2014-09-30": "19.21050", "2013-09-30": "-1.54640", "2012-09-30": "15.50900", "2011-09-30": "15.47900", "2010-09-30": "13.42060", "2009-09-30": "5.72810", "2008-09-30": "4.38890", "2007-09-30": "11.22350", "2006-09-30": "11.63880", "2005-09-30": "12.50290"}, "Net Profit Margin": {"2020-09-30": "3.94720", "2019-09-30": "13.57750", "2018-09-30": "18.27830", "2017-09-30": "12.88570", "2016-09-30": "13.21880", "2015-09-30": "14.38940", "2014-09-30": "12.57370", "2013-09-30": "0.05580", "2012-09-30": "10.42270", "2011-09-30": "10.64660", "2010-09-30": "8.83130", "2009-09-30": "3.99810", "2008-09-30": "3.03860", "2007-09-30": "7.14660", "2006-09-30": "7.24680", "2005-09-30": "7.76180"}, "Asset Turnover": {"2020-09-30": "0.80060", "2019-09-30": "1.37920", "2018-09-30": "1.02330", "2017-09-30": "1.55840", "2016-09-30": "1.48930", "2015-09-30": "1.54340", "2014-09-30": "1.52960", "2013-09-30": "1.29090", "2012-09-30": "1.61530", "2011-09-30": "1.58960", "2010-09-30": "1.67670", "2009-09-30": "1.75270", "2008-09-30": "1.83040", "2007-09-30": "1.76120", "2006-09-30": "1.75820", "2005-09-30": "1.81270"}, "Inventory Turnover Ratio": {"2020-09-30": "4.96000", "2019-09-30": "5.57530", "2018-09-30": "5.66280", "2017-09-30": "5.18020", "2016-09-30": "6.17270", "2015-09-30": "5.96100", "2014-09-30": "6.28730", "2013-09-30": "5.74360", "2012-09-30": "4.68250", "2011-09-30": "5.08960", "2010-09-30": "8.12900", "2009-09-30": "6.50460", "2008-09-30": "6.70510", "2007-09-30": "5.78160", "2006-09-30": "4.99640", "2005-09-30": "4.76880"}, "Receiveable Turnover": {"2020-09-30": "26.62210", "2019-09-30": "30.15080", "2018-09-30": "35.66510", "2017-09-30": "25.72010", "2016-09-30": "27.72620", "2015-09-30": "26.65190", "2014-09-30": "26.06630", "2013-09-30": "26.48170", "2012-09-30": "27.32410", "2011-09-30": "30.27270", "2010-09-30": "35.37300", "2009-09-30": "36.06860", "2008-09-30": "31.51140", "2007-09-30": "32.69020", "2006-09-30": "34.72090", "2005-09-30": "33.38870"}, "Days Sales In Receivables": {"2020-09-30": "13.71040", "2019-09-30": "12.10580", "2018-09-30": "10.23410", "2017-09-30": "14.19120", "2016-09-30": "13.16440", "2015-09-30": "13.69510", "2014-09-30": "14.00280", "2013-09-30": "13.78310", "2012-09-30": "13.35820", "2011-09-30": "12.05710", "2010-09-30": "10.31860", "2009-09-30": "10.11960", "2008-09-30": "11.58310", "2007-09-30": "11.16540", "2006-09-30": "10.51240", "2005-09-30": "10.93180"}, "ROE - Return On Equity": {"2020-09-30": "-11.85600", "2019-09-30": "-57.68900", "2018-09-30": "384.24900", "2017-09-30": "52.86600", "2016-09-30": "47.85340", "2015-09-30": "47.41230", "2014-09-30": "39.20780", "2013-09-30": "0.19630", "2012-09-30": "27.07400", "2011-09-30": "28.44570", "2010-09-30": "25.75290", "2009-09-30": "12.80710", "2008-09-30": "12.51360", "2007-09-30": "29.44710", "2006-09-30": "26.09370", "2005-09-30": "23.65110"}, "Return On Tangible Equity": {"2020-09-30": "-7.73890", "2019-09-30": "-34.22260", "2018-09-30": "-132.57050", "2017-09-30": "82.98530", "2016-09-30": "77.12870", "2015-09-30": "74.09510", "2014-09-30": "49.89620", "2013-09-30": "0.26310", "2012-09-30": "30.28850", "2011-09-30": "30.69580", "2010-09-30": "28.31510", "2009-09-30": "14.34280", "2008-09-30": "14.44530", "2007-09-30": "33.19190", "2006-09-30": "28.65840", "2005-09-30": "25.19240"}, "ROA - Return On Assets": {"2020-09-30": "3.14800", "2019-09-30": "18.70280", "2018-09-30": "18.70310", "2017-09-30": "20.08200", "2016-09-30": "19.69540", "2015-09-30": "22.22320", "2014-09-30": "19.22920", "2013-09-30": "0.07640", "2012-09-30": "16.84710", "2011-09-30": "16.95560", "2010-09-30": "14.84990", "2009-09-30": "7.02020", "2008-09-30": "5.49480", "2007-09-30": "12.58630", "2006-09-30": "13.12960", "2005-09-30": "14.06980"}, "ROI - Return On Investment": {"2020-09-30": "13.47920", "2019-09-30": "72.82420", "2018-09-30": "44.00940", "2017-09-30": "30.72440", "2016-09-30": "31.05880", "2015-09-30": "33.78470", "2014-09-30": "28.23960", "2013-09-30": "0.15220", "2012-09-30": "24.44700", "2011-09-30": "25.27950", "2010-09-30": "22.40940", "2009-09-30": "10.85630", "2008-09-30": "10.25160", "2007-09-30": "23.73160", "2006-09-30": "26.07080", "2005-09-30": "23.61870"}, "Book Value Per Share": {"2020-09-30": "-6.64740", "2019-09-30": "-5.26000", "2018-09-30": "0.89820", "2017-09-30": "3.81180", "2016-09-30": "4.03330", "2015-09-30": "3.91880", "2014-09-30": "3.51790", "2013-09-30": "2.97550", "2012-09-30": "3.41290", "2011-09-30": "2.94530", "2010-09-30": "2.47930", "2009-09-30": "2.05740", "2008-09-30": "1.69330", "2007-09-30": "1.54690", "2006-09-30": "1.47270", "2005-09-30": "1.36180"}, "Operating Cash Flow Per Share": {"2020-09-30": -2.7406, "2019-09-30": -4.4674, "2018-09-30": 5.6508, "2017-09-30": -0.2508, "2016-09-30": 0.6827, "2015-09-30": 2.0791, "2014-09-30": -1.5095, "2013-09-30": 0.7756, "2012-09-30": 0.0847, "2011-09-30": -0.0681, "2010-09-30": 0.1844, "2009-09-30": 0.0826, "2008-09-30": -0.0158, "2007-09-30": 0.1504, "2006-09-30": 0.148, "2005-09-30": 0.5659}, "Free Cash Flow Per Share": {"2020-09-30": -2.531, "2019-09-30": -4.5152, "2018-09-30": 5.2732, "2017-09-30": -0.3216, "2016-09-30": 0.5695, "2015-09-30": 1.9841, "2014-09-30": -1.515, "2013-09-30": 0.5743, "2012-09-30": -0.1999, "2011-09-30": -0.0489, "2010-09-30": 0.1662, "2009-09-30": 0.4761, "2008-09-30": 0.0219, "2007-09-30": -0.0645, "2006-09-30": 0.0559, "2005-09-30": 0.1715}}, "financial ratios, quarterly": {"Current Ratio": {"2020-12-31": "1.06010", "2020-09-30": "1.06260", "2020-06-30": "0.94740", "2020-03-31": "0.69560", "2019-12-31": "0.68000", "2019-09-30": "0.91650", "2019-06-30": "1.31190", "2019-03-31": "0.93910", "2018-12-31": "1.41430", "2018-09-30": "2.19810", "2018-06-30": "1.00570", "2018-03-31": "1.09060", "2017-12-31": "1.00620", "2017-09-30": "1.25180", "2017-06-30": "1.36830", "2017-03-31": "1.22980", "2016-12-31": "1.04980", "2016-09-30": "1.04640", "2016-06-30": "1.14390", "2016-03-31": "0.89250", "2015-12-31": "1.06960", "2015-09-30": "1.08850", "2015-06-30": "1.17570", "2015-03-31": "1.20570", "2014-12-31": "1.27790", "2014-09-30": "1.37190", "2014-06-30": "1.16400", "2014-03-31": "1.30930", "2013-12-31": "1.27310", "2013-09-30": "1.01750", "2013-06-30": "1.74880", "2013-03-31": "1.67870", "2012-12-31": "1.84700", "2012-09-30": "1.90040", "2012-06-30": "2.26420", "2012-03-31": "2.20730", "2011-12-31": "1.96270", "2011-09-30": "1.82820", "2011-06-30": "1.92910", "2011-03-31": "1.97320", "2010-12-31": "1.73810", "2010-09-30": "1.54930", "2010-06-30": "1.51220", "2010-03-31": "1.51250", "2009-12-31": "1.45230", "2009-09-30": "1.28770", "2009-06-30": "1.10260", "2009-03-31": "0.95150", "2008-12-31": "0.86730", "2008-09-30": "0.79830", "2008-06-30": "0.80380", "2008-03-31": "0.75940", "2007-12-31": "0.77120", "2007-09-30": "0.78700", "2007-06-30": "0.66020", "2007-03-31": "0.65330", "2006-12-31": "0.79230", "2006-09-30": "0.79030", "2006-06-30": "1.03550", "2006-03-31": "1.06760", "2005-12-31": "1.06390", "2005-09-30": "0.98560", "2005-06-30": "1.29400", "2005-03-31": "1.69630"}, "Long-term Debt / Capital": {"2020-12-31": "2.16760", "2020-09-30": "2.13690", "2020-06-30": "2.43230", "2020-03-31": "2.82580", "2019-12-31": "2.73570", "2019-09-30": "2.26240", "2019-06-30": "1.63140", "2019-03-31": "2.22620", "2018-12-31": "1.46050", "2018-09-30": "0.88550", "2018-06-30": "0.60610", "2018-03-31": "0.56730", "2017-12-31": "0.44230", "2017-09-30": "0.41880", "2017-06-30": "0.40220", "2017-03-31": "0.41270", "2016-12-31": "0.35440", "2016-09-30": "0.35100", "2016-06-30": "0.35880", "2016-03-31": "0.32440", "2015-12-31": "0.24560", "2015-09-30": "0.28740", "2015-06-30": "0.28610", "2015-03-31": "0.25420", "2014-12-31": "0.24960", "2014-09-30": "0.27970", "2014-06-30": "0.28770", "2014-03-31": "0.29280", "2013-12-31": "0.29520", "2013-09-30": "0.22470", "2013-06-30": "0.08730", "2013-03-31": "0.09350", "2012-12-31": "0.09600", "2012-09-30": "0.09700", "2012-06-30": "0.09260", "2012-03-31": "0.09670", "2011-12-31": "0.10320", "2011-09-30": "0.11130", "2011-06-30": "0.11230", "2011-03-31": "0.11270", "2010-12-31": "0.11920", "2010-09-30": "0.12980", "2010-06-30": "0.13450", "2010-03-31": "0.13380", "2009-12-31": "0.14040", "2009-09-30": "0.15230", "2009-06-30": "0.16320", "2009-03-31": "0.17280", "2008-12-31": "0.17530", "2008-09-30": "0.18080", "2008-06-30": "0.18160", "2008-03-31": "0.18390", "2007-12-31": "0.19620", "2007-09-30": "0.19410", "2007-06-30": "0.00060", "2007-03-31": "0.00070", "2006-12-31": "0.00070", "2006-09-30": "0.00090", "2006-06-30": "0.00090", "2006-03-31": "0.00100", "2005-12-31": "0.00120", "2005-09-30": "0.00140", "2005-06-30": "0.00130", "2005-03-31": "0.00120"}, "Debt/Equity Ratio": {"2020-12-31": "-2.01370", "2020-09-30": "-2.09610", "2020-06-30": "-1.95170", "2020-03-31": "-1.86050", "2019-12-31": "-1.72360", "2019-09-30": "-1.79220", "2019-06-30": "-2.58370", "2019-03-31": "-1.83040", "2018-12-31": "-3.17170", "2018-09-30": "8.02870", "2018-06-30": "1.70110", "2018-03-31": "1.38520", "2017-12-31": "0.85370", "2017-09-30": "0.72070", "2017-06-30": "0.67280", "2017-03-31": "0.70700", "2016-12-31": "0.54900", "2016-09-30": "0.60860", "2016-06-30": "0.62930", "2016-03-31": "0.58800", "2015-12-31": "0.39240", "2015-09-30": "0.40340", "2015-06-30": "0.49450", "2015-03-31": "0.34080", "2014-12-31": "0.33270", "2014-09-30": "0.38840", "2014-06-30": "0.40390", "2014-03-31": "0.41400", "2013-12-31": "0.41880", "2013-09-30": "0.28990", "2013-06-30": "0.09560", "2013-03-31": "0.10320", "2012-12-31": "0.10620", "2012-09-30": "0.10750", "2012-06-30": "0.10200", "2012-03-31": "0.10700", "2011-12-31": "0.11510", "2011-09-30": "0.12520", "2011-06-30": "0.12650", "2011-03-31": "0.12700", "2010-12-31": "0.13530", "2010-09-30": "0.14920", "2010-06-30": "0.15540", "2010-03-31": "0.15450", "2009-12-31": "0.16330", "2009-09-30": "0.17970", "2009-06-30": "0.19510", "2009-03-31": "0.29500", "2008-12-31": "0.32510", "2008-09-30": "0.50720", "2008-06-30": "0.47080", "2008-03-31": "0.51310", "2007-12-31": "0.47950", "2007-09-30": "0.55220", "2007-06-30": "0.37440", "2007-03-31": "0.38390", "2006-12-31": "0.15070", "2006-09-30": "0.31530", "2006-06-30": "0.08110", "2006-03-31": "0.04060", "2005-12-31": "0.04860", "2005-09-30": "0.13430", "2005-06-30": "0.00170", "2005-03-31": "0.00150"}, "Gross Margin": {"2020-12-31": "69.64030", "2020-09-30": "68.13210", "2020-06-30": "64.85160", "2020-03-31": "66.68110", "2019-12-31": "68.48850", "2019-09-30": "68.28960", "2019-06-30": "67.76200", "2019-03-31": "68.09340", "2018-12-31": "67.19590", "2018-09-30": "94.27480", "2018-06-30": "59.53600", "2018-03-31": "58.30930", "2017-12-31": "58.81090", "2017-09-30": "93.32270", "2017-06-30": "60.27380", "2017-03-31": "59.55420", "2016-12-31": "59.96790", "2016-09-30": "60.56520", "2016-06-30": "60.66630", "2016-03-31": "59.73920", "2015-12-31": "59.31520", "2015-09-30": "59.66060", "2015-06-30": "59.97090", "2015-03-31": "59.24620", "2014-12-31": "58.54430", "2014-09-30": "58.78680", "2014-06-30": "58.79580", "2014-03-31": "57.94310", "2013-12-31": "57.65870", "2013-09-30": "56.88230", "2013-06-30": "57.22970", "2013-03-31": "56.88530", "2012-12-31": "57.27350", "2012-09-30": "56.32970", "2012-06-30": "56.22650", "2012-03-31": "55.82150", "2011-12-31": "56.45680", "2011-09-30": "56.64150", "2011-06-30": "57.79620", "2011-03-31": "57.95670", "2010-12-31": "59.59400", "2010-09-30": "60.16560", "2010-06-30": "58.79790", "2010-03-31": "58.01870", "2009-12-31": "57.92050", "2009-09-30": "57.01430", "2009-06-30": "56.59550", "2009-03-31": "55.27790", "2008-12-31": "54.23680", "2008-09-30": "52.71130", "2008-06-30": "54.81350", "2008-03-31": "56.18770", "2007-12-31": "57.14700", "2007-09-30": "56.34400", "2007-06-30": "57.44500", "2007-03-31": "58.11760", "2006-12-31": "58.19500", "2006-09-30": "58.31910", "2006-06-30": "59.01110", "2006-03-31": "59.65300", "2005-12-31": "59.77240", "2005-09-30": "59.08450", "2005-06-30": "59.43120", "2005-03-31": "58.60060"}, "Operating Margin": {"2020-12-31": "13.53450", "2020-09-30": "9.00190", "2020-06-30": "-16.67180", "2020-03-31": "8.12920", "2019-12-31": "17.18730", "2019-09-30": "16.05450", "2019-06-30": "16.43410", "2019-03-31": "13.60150", "2018-12-31": "15.31350", "2018-09-30": "15.17360", "2018-06-30": "16.45250", "2018-03-31": "12.80710", "2017-12-31": "18.37600", "2017-09-30": "17.94370", "2017-06-30": "18.44390", "2017-03-31": "17.66910", "2016-12-31": "19.75620", "2016-09-30": "21.49110", "2016-06-30": "19.51700", "2016-03-31": "17.30750", "2015-12-31": "19.68920", "2015-09-30": "19.72400", "2015-06-30": "19.22890", "2015-03-31": "17.03740", "2014-12-31": "19.06020", "2014-09-30": "20.45110", "2014-06-30": "18.50160", "2014-03-31": "16.62710", "2013-12-31": "19.18810", "2013-09-30": "-55.83180", "2013-06-30": "16.46990", "2013-03-31": "15.32850", "2012-12-31": "16.62450", "2012-09-30": "15.54440", "2012-06-30": "14.88070", "2012-03-31": "13.46730", "2011-12-31": "16.18210", "2011-09-30": "14.78710", "2011-06-30": "13.71670", "2011-03-31": "13.50110", "2010-12-31": "17.00900", "2010-09-30": "14.06980", "2010-06-30": "12.54600", "2010-03-31": "13.40590", "2009-12-31": "12.95040", "2009-09-30": "8.23220", "2009-06-30": "8.48620", "2009-03-31": "1.75290", "2008-12-31": "4.50060", "2008-09-30": "0.56450", "2008-06-30": "-0.83920", "2008-03-31": "7.05460", "2007-12-31": "12.03570", "2007-09-30": "10.16020", "2007-06-30": "10.39290", "2007-03-31": "10.68450", "2006-12-31": "13.57130", "2006-09-30": "9.86800", "2006-06-30": "10.92710", "2006-03-31": "10.70590", "2005-12-31": "14.46920", "2005-09-30": "11.84150", "2005-06-30": "12.45910", "2005-03-31": "10.35600"}, "EBIT Margin": {"2020-12-31": "13.53450", "2020-09-30": "9.00190", "2020-06-30": "-16.67180", "2020-03-31": "8.12920", "2019-12-31": "17.18730", "2019-09-30": "16.05460", "2019-06-30": "16.43410", "2019-03-31": "13.60150", "2018-12-31": "15.31350", "2018-09-30": "15.17370", "2018-06-30": "16.45250", "2018-03-31": "12.80710", "2017-12-31": "18.37600", "2017-09-30": "17.94370", "2017-06-30": "18.44390", "2017-03-31": "17.66910", "2016-12-31": "19.75620", "2016-09-30": "21.49110", "2016-06-30": "19.51700", "2016-03-31": "17.30750", "2015-12-31": "19.68920", "2015-09-30": "19.72410", "2015-06-30": "19.22890", "2015-03-31": "17.03740", "2014-12-31": "19.06020", "2014-09-30": "20.45110", "2014-06-30": "18.50160", "2014-03-31": "16.62710", "2013-12-31": "19.18810", "2013-09-30": "-55.83180", "2013-06-30": "16.46990", "2013-03-31": "15.32850", "2012-12-31": "16.62450", "2012-09-30": "15.54440", "2012-06-30": "14.88070", "2012-03-31": "13.46730", "2011-12-31": "16.18210", "2011-09-30": "14.78710", "2011-06-30": "13.71670", "2011-03-31": "13.50110", "2010-12-31": "17.00900", "2010-09-30": "14.06980", "2010-06-30": "12.54600", "2010-03-31": "13.40590", "2009-12-31": "12.95040", "2009-09-30": "8.23220", "2009-06-30": "8.48620", "2009-03-31": "1.75290", "2008-12-31": "4.50060", "2008-09-30": "0.56450", "2008-06-30": "-0.83920", "2008-03-31": "7.05460", "2007-12-31": "12.03570", "2007-09-30": "10.16020", "2007-06-30": "10.39290", "2007-03-31": "10.68450", "2006-12-31": "13.57130", "2006-09-30": "9.86800", "2006-06-30": "10.92710", "2006-03-31": "10.70590", "2005-12-31": "14.46920", "2005-09-30": "11.84150", "2005-06-30": "12.45910", "2005-03-31": "10.35600"}, "EBITDA Margin": {"2020-12-31": "", "2020-09-30": "", "2020-06-30": "", "2020-03-31": "", "2019-12-31": "", "2019-09-30": "", "2019-06-30": "", "2019-03-31": "", "2018-12-31": "", "2018-09-30": "", "2018-06-30": "", "2018-03-31": "", "2017-12-31": "", "2017-09-30": "", "2017-06-30": "", "2017-03-31": "", "2016-12-31": "", "2016-09-30": "", "2016-06-30": "", "2016-03-31": "", "2015-12-31": "", "2015-09-30": "", "2015-06-30": "", "2015-03-31": "", "2014-12-31": "", "2014-09-30": "", "2014-06-30": "", "2014-03-31": "", "2013-12-31": "", "2013-09-30": "", "2013-06-30": "", "2013-03-31": "", "2012-12-31": "", "2012-09-30": "", "2012-06-30": "", "2012-03-31": "", "2011-12-31": "", "2011-09-30": "", "2011-06-30": "", "2011-03-31": "", "2010-12-31": "", "2010-09-30": "", "2010-06-30": "", "2010-03-31": "", "2009-12-31": "", "2009-09-30": "", "2009-06-30": "", "2009-03-31": "", "2008-12-31": "", "2008-09-30": "", "2008-06-30": "", "2008-03-31": "", "2007-12-31": "", "2007-09-30": "", "2007-06-30": "", "2007-03-31": "", "2006-12-31": "", "2006-09-30": "", "2006-06-30": "", "2006-03-31": "", "2005-12-31": "", "2005-09-30": "", "2005-06-30": "", "2005-03-31": ""}, "Pre-Tax Profit Margin": {"2020-12-31": "11.97590", "2020-09-30": "7.13190", "2020-06-30": "-19.23210", "2020-03-31": "6.50800", "2019-12-31": "16.11640", "2019-09-30": "14.87770", "2019-06-30": "24.57720", "2019-03-31": "13.00370", "2018-12-31": "14.55670", "2018-09-30": "14.78020", "2018-06-30": "16.27180", "2018-03-31": "13.52170", "2017-12-31": "49.49040", "2017-09-30": "20.21270", "2017-06-30": "18.58870", "2017-03-31": "18.51910", "2016-12-31": "19.76140", "2016-09-30": "21.27750", "2016-06-30": "20.49260", "2016-03-31": "17.23140", "2015-12-31": "19.53290", "2015-09-30": "18.24290", "2015-06-30": "19.36000", "2015-03-31": "16.69550", "2014-12-31": "27.05490", "2014-09-30": "22.10630", "2014-06-30": "18.57380", "2014-03-31": "16.65550", "2013-12-31": "19.31310", "2013-09-30": "-54.16630", "2013-06-30": "16.39490", "2013-03-31": "16.58780", "2012-12-31": "16.37400", "2012-09-30": "16.13700", "2012-06-30": "14.90500", "2012-03-31": "14.29640", "2011-12-31": "16.60700", "2011-09-30": "16.62760", "2011-06-30": "13.97240", "2011-03-31": "13.96060", "2010-12-31": "17.22920", "2010-09-30": "14.53840", "2010-06-30": "12.18990", "2010-03-31": "13.27570", "2009-12-31": "13.57110", "2009-09-30": "8.76060", "2009-06-30": "8.90220", "2009-03-31": "1.50000", "2008-12-31": "3.77410", "2008-09-30": "-0.19880", "2008-06-30": "-1.28980", "2008-03-31": "6.61920", "2007-12-31": "11.80450", "2007-09-30": "10.11100", "2007-06-30": "10.29970", "2007-03-31": "10.65350", "2006-12-31": "13.84730", "2006-09-30": "10.06070", "2006-06-30": "11.18320", "2006-03-31": "10.86830", "2005-12-31": "14.48720", "2005-09-30": "12.04990", "2005-06-30": "12.66110", "2005-03-31": "10.62030"}, "Net Profit Margin": {"2020-12-31": "9.21860", "2020-09-30": "6.32910", "2020-06-30": "-16.06780", "2020-03-31": "5.47730", "2019-12-31": "12.47980", "2019-09-30": "11.89570", "2019-06-30": "20.12020", "2019-03-31": "10.51710", "2018-12-31": "11.46740", "2018-09-30": "11.98500", "2018-06-30": "13.50970", "2018-03-31": "10.94370", "2017-12-31": "37.04830", "2017-09-30": "13.83720", "2017-06-30": "12.21580", "2017-03-31": "12.33090", "2016-12-31": "13.11380", "2016-09-30": "14.02330", "2016-06-30": "14.39670", "2016-03-31": "11.51770", "2015-12-31": "12.79610", "2015-09-30": "13.28030", "2015-06-30": "12.83910", "2015-03-31": "10.84480", "2014-12-31": "20.46760", "2014-09-30": "14.05990", "2014-06-30": "12.34080", "2014-03-31": "11.02280", "2013-12-31": "12.75360", "2013-09-30": "-32.52040", "2013-06-30": "11.18520", "2013-03-31": "10.99840", "2012-12-31": "11.39410", "2012-09-30": "10.73500", "2012-06-30": "10.08290", "2012-03-31": "9.69680", "2011-12-31": "11.12080", "2011-09-30": "11.82180", "2011-06-30": "9.51850", "2011-03-31": "9.39080", "2010-12-31": "11.74600", "2010-09-30": "9.82730", "2010-06-30": "7.95940", "2010-03-31": "8.57300", "2009-12-31": "8.86990", "2009-09-30": "6.19270", "2009-06-30": "6.30230", "2009-03-31": "1.07140", "2008-12-31": "2.45870", "2008-09-30": "0.21470", "2008-06-30": "-0.26030", "2008-03-31": "4.30320", "2007-12-31": "7.51920", "2007-09-30": "6.49350", "2007-06-30": "6.70960", "2007-03-31": "6.68560", "2006-12-31": "8.70230", "2006-09-30": "5.85680", "2006-06-30": "7.40950", "2006-03-31": "6.75120", "2005-12-31": "9.00450", "2005-09-30": "7.45440", "2005-06-30": "7.83580", "2005-03-31": "6.61490"}, "Asset Turnover": {"2020-12-31": "0.22520", "2020-09-30": "0.21120", "2020-06-30": "0.14490", "2020-03-31": "0.21820", "2019-12-31": "0.25590", "2019-09-30": "0.35100", "2019-06-30": "0.32650", "2019-03-31": "0.35740", "2018-12-31": "0.33190", "2018-09-30": "0.26100", "2018-06-30": "0.36730", "2018-03-31": "0.34360", "2017-12-31": "0.32800", "2017-09-30": "0.39670", "2017-06-30": "0.38980", "2017-03-31": "0.37210", "2016-12-31": "0.40900", "2016-09-30": "0.39900", "2016-06-30": "0.37870", "2016-03-31": "0.39880", "2015-12-31": "0.41520", "2015-09-30": "0.39580", "2015-06-30": "0.37930", "2015-03-31": "0.37430", "2014-12-31": "0.38890", "2014-09-30": "0.38880", "2014-06-30": "0.40000", "2014-03-31": "0.38370", "2013-12-31": "0.41340", "2013-09-30": "0.32900", "2013-06-30": "0.41220", "2013-03-31": "0.41750", "2012-12-31": "0.44680", "2012-09-30": "0.40650", "2012-06-30": "0.39760", "2012-03-31": "0.39920", "2011-12-31": "0.43850", "2011-09-30": "0.41190", "2011-06-30": "0.41310", "2011-03-31": "0.39640", "2010-12-31": "0.42570", "2010-09-30": "0.44440", "2010-06-30": "0.42080", "2010-03-31": "0.41250", "2009-12-31": "0.44620", "2009-09-30": "0.43430", "2009-06-30": "0.45080", "2009-03-31": "0.44180", "2008-12-31": "0.47290", "2008-09-30": "0.44340", "2008-06-30": "0.46360", "2008-03-31": "0.45640", "2007-12-31": "0.50260", "2007-09-30": "0.45680", "2007-06-30": "0.48110", "2007-03-31": "0.48640", "2006-12-31": "0.52030", "2006-09-30": "0.45230", "2006-06-30": "0.48460", "2006-03-31": "0.49400", "2005-12-31": "0.52110", "2005-09-30": "0.47220", "2005-06-30": "0.48130", "2005-03-31": "0.42150"}, "Inventory Turnover Ratio": {"2020-12-31": "1.39250", "2020-09-30": "1.27420", "2020-06-30": "0.93700", "2020-03-31": "1.33880", "2019-12-31": "1.58760", "2019-09-30": "1.39890", "2019-06-30": "1.44980", "2019-03-31": "1.39430", "2018-12-31": "1.60620", "2018-09-30": "0.25770", "2018-06-30": "1.84040", "2018-03-31": "1.82770", "2017-12-31": "1.90500", "2017-09-30": "0.27900", "2017-06-30": "1.65700", "2017-03-31": "1.61770", "2016-12-31": "1.88320", "2016-09-30": "1.63380", "2016-06-30": "1.55480", "2016-03-31": "1.55460", "2015-12-31": "1.75940", "2015-09-30": "1.51760", "2015-06-30": "1.67570", "2015-03-31": "1.75270", "2014-12-31": "1.95540", "2014-09-30": "1.57940", "2014-06-30": "1.66850", "2014-03-31": "1.70650", "2013-12-31": "1.90300", "2013-09-30": "1.47010", "2013-06-30": "1.36110", "2013-03-31": "1.36100", "2012-12-31": "1.48250", "2012-09-30": "1.17540", "2012-06-30": "1.15760", "2012-03-31": "1.17170", "2011-12-31": "1.33110", "2011-09-30": "1.36100", "2011-06-30": "1.44450", "2011-03-31": "1.51630", "2010-12-31": "1.92150", "2010-09-30": "2.08080", "2010-06-30": "2.16710", "2010-03-31": "2.17740", "2009-12-31": "2.10260", "2009-09-30": "1.56600", "2009-06-30": "1.48290", "2009-03-31": "1.66220", "2008-12-31": "2.02710", "2008-09-30": "1.71690", "2008-06-30": "1.75510", "2008-03-31": "1.82230", "2007-12-31": "2.04170", "2007-09-30": "1.54060", "2007-06-30": "1.52710", "2007-03-31": "1.63200", "2006-12-31": "1.79950", "2006-09-30": "1.31240", "2006-06-30": "1.44410", "2006-03-31": "1.66600", "2005-12-31": "1.71890", "2005-09-30": "1.24270", "2005-06-30": "1.31140", "2005-03-31": "1.54830"}, "Receiveable Turnover": {"2020-12-31": "7.60070", "2020-09-30": "7.02180", "2020-06-30": "4.79190", "2020-03-31": "6.37160", "2019-12-31": "7.81530", "2019-09-30": "7.67400", "2019-06-30": "8.63020", "2019-03-31": "8.96230", "2018-12-31": "9.19420", "2018-09-30": "9.09490", "2018-06-30": "7.38220", "2018-03-31": "6.93630", "2017-12-31": "7.13040", "2017-09-30": "6.54690", "2017-06-30": "7.15650", "2017-03-31": "6.69280", "2016-12-31": "6.62690", "2016-09-30": "7.42870", "2016-06-30": "7.00920", "2016-03-31": "6.71400", "2015-12-31": "7.02970", "2015-09-30": "6.83560", "2015-06-30": "7.25610", "2015-03-31": "6.96080", "2014-12-31": "7.22390", "2014-09-30": "6.62550", "2014-06-30": "7.15050", "2014-03-31": "6.56580", "2013-12-31": "7.18820", "2013-09-30": "6.74870", "2013-06-30": "7.37040", "2013-03-31": "6.82620", "2012-12-31": "8.08440", "2012-09-30": "6.87670", "2012-06-30": "7.62960", "2012-03-31": "7.30660", "2011-12-31": "7.97190", "2011-09-30": "7.84400", "2011-06-30": "8.11120", "2011-03-31": "7.83160", "2010-12-31": "9.33500", "2010-09-30": "9.37560", "2010-06-30": "9.24600", "2010-03-31": "8.45750", "2009-12-31": "10.33680", "2009-09-30": "8.93800", "2009-06-30": "8.14330", "2009-03-31": "7.54380", "2008-12-31": "7.87710", "2008-09-30": "7.63400", "2008-06-30": "9.06020", "2008-03-31": "8.41160", "2007-12-31": "8.75270", "2007-09-30": "8.47830", "2007-06-30": "9.40460", "2007-03-31": "9.36810", "2006-12-31": "10.34000", "2006-09-30": "8.93260", "2006-06-30": "10.61780", "2006-03-31": "9.89250", "2005-12-31": "9.77970", "2005-09-30": "8.69800", "2005-06-30": "10.75160", "2005-03-31": "10.01540"}, "Days Sales In Receivables": {"2020-12-31": "11.84110", "2020-09-30": "12.81710", "2020-06-30": "18.78190", "2020-03-31": "14.12510", "2019-12-31": "11.51580", "2019-09-30": "11.72790", "2019-06-30": "10.42860", "2019-03-31": "10.04200", "2018-12-31": "9.78880", "2018-09-30": "9.89560", "2018-06-30": "12.19150", "2018-03-31": "12.97520", "2017-12-31": "12.62200", "2017-09-30": "13.74700", "2017-06-30": "12.57600", "2017-03-31": "13.44730", "2016-12-31": "13.58110", "2016-09-30": "12.11510", "2016-06-30": "12.84020", "2016-03-31": "13.40480", "2015-12-31": "12.80280", "2015-09-30": "13.16640", "2015-06-30": "12.40330", "2015-03-31": "12.92960", "2014-12-31": "12.45860", "2014-09-30": "13.58390", "2014-06-30": "12.58660", "2014-03-31": "13.70750", "2013-12-31": "12.52050", "2013-09-30": "13.33600", "2013-06-30": "12.21110", "2013-03-31": "13.18460", "2012-12-31": "11.13260", "2012-09-30": "13.08760", "2012-06-30": "11.79620", "2012-03-31": "12.31770", "2011-12-31": "11.28960", "2011-09-30": "11.47380", "2011-06-30": "11.09580", "2011-03-31": "11.49190", "2010-12-31": "9.64110", "2010-09-30": "9.59940", "2010-06-30": "9.73390", "2010-03-31": "10.64150", "2009-12-31": "8.70680", "2009-09-30": "10.06940", "2009-06-30": "11.05200", "2009-03-31": "11.93030", "2008-12-31": "11.42550", "2008-09-30": "11.78940", "2008-06-30": "9.93360", "2008-03-31": "10.69950", "2007-12-31": "10.28260", "2007-09-30": "10.61540", "2007-06-30": "9.56980", "2007-03-31": "9.60710", "2006-12-31": "8.70400", "2006-09-30": "10.07550", "2006-06-30": "8.47630", "2006-03-31": "9.09780", "2005-12-31": "9.20270", "2005-09-30": "10.34730", "2005-06-30": "8.37080", "2005-03-31": "8.98620"}, "ROE - Return On Equity": {"2020-12-31": "-7.87200", "2020-09-30": "-5.03500", "2020-06-30": "7.86270", "2020-03-31": "-4.31180", "2019-12-31": "-13.09790", "2019-09-30": "-12.87430", "2019-06-30": "-31.79440", "2019-03-31": "-13.08390", "2018-12-31": "-26.41380", "2018-09-30": "64.30520", "2018-06-30": "21.31760", "2018-03-31": "13.98560", "2017-12-31": "39.07170", "2017-09-30": "14.46400", "2017-06-30": "11.81810", "2017-03-31": "11.63350", "2016-12-31": "12.95000", "2016-09-30": "13.60960", "2016-06-30": "13.18130", "2016-03-31": "11.28250", "2015-12-31": "11.49350", "2015-09-30": "11.21520", "2015-06-30": "10.69420", "2015-03-31": "8.24530", "2014-12-31": "15.98790", "2014-09-30": "11.14210", "2014-06-30": "10.10690", "2014-03-31": "8.62930", "2013-12-31": "11.05840", "2013-09-30": "-27.48810", "2013-06-30": "7.26910", "2013-03-31": "7.33360", "2012-12-31": "8.35560", "2012-09-30": "7.02120", "2012-06-30": "6.18600", "2012-03-31": "6.03690", "2011-12-31": "8.00370", "2011-09-30": "8.16450", "2011-06-30": "6.44480", "2011-03-31": "6.06400", "2010-12-31": "8.56090", "2010-09-30": "7.56320", "2010-06-30": "5.89880", "2010-03-31": "6.12710", "2009-12-31": "7.23820", "2009-09-30": "5.02140", "2009-06-30": "5.25900", "2009-03-31": "0.95420", "2008-12-31": "2.50330", "2008-09-30": "0.06420", "2008-06-30": "-0.27050", "2008-03-31": "4.45350", "2007-12-31": "9.23580", "2007-09-30": "6.93930", "2007-06-30": "6.71960", "2007-03-31": "6.81640", "2006-12-31": "8.40560", "2006-09-30": "6.03680", "2006-06-30": "5.80810", "2006-03-31": "5.26550", "2005-12-31": "7.79990", "2005-09-30": "5.91720", "2005-06-30": "5.51500", "2005-03-31": "3.85750"}, "Return On Tangible Equity": {"2020-12-31": "-5.13490", "2020-09-30": "-3.28660", "2020-06-30": "5.32510", "2020-03-31": "-2.77500", "2019-12-31": "-8.03790", "2019-09-30": "-7.63740", "2019-06-30": "-15.71720", "2019-03-31": "-6.89340", "2018-12-31": "-10.24700", "2018-09-30": "-22.18600", "2018-06-30": "-110.10590", "2018-03-31": "-216.89700", "2017-12-31": "268.54030", "2017-09-30": "22.70450", "2017-06-30": "17.97640", "2017-03-31": "18.60940", "2016-12-31": "20.12860", "2016-09-30": "21.93550", "2016-06-30": "21.60530", "2016-03-31": "19.45060", "2015-12-31": "17.62430", "2015-09-30": "17.52690", "2015-06-30": "16.60970", "2015-03-31": "12.80120", "2014-12-31": "24.50590", "2014-09-30": "14.17950", "2014-06-30": "13.03940", "2014-03-31": "11.20740", "2013-12-31": "14.41560", "2013-09-30": "-36.83850", "2013-06-30": "8.54970", "2013-03-31": "8.75240", "2012-12-31": "9.05590", "2012-09-30": "7.85490", "2012-06-30": "6.59830", "2012-03-31": "6.46580", "2011-12-31": "8.61160", "2011-09-30": "8.81030", "2011-06-30": "6.99270", "2011-03-31": "6.57760", "2010-12-31": "9.33250", "2010-09-30": "8.31570", "2010-06-30": "6.50750", "2010-03-31": "6.75810", "2009-12-31": "8.02840", "2009-09-30": "5.62350", "2009-06-30": "5.94440", "2009-03-31": "1.09040", "2008-12-31": "2.86800", "2008-09-30": "0.07420", "2008-06-30": "-0.30780", "2008-03-31": "5.03400", "2007-12-31": "10.43270", "2007-09-30": "7.82180", "2007-06-30": "7.53750", "2007-03-31": "7.67870", "2006-12-31": "9.35440", "2006-09-30": "6.63010", "2006-06-30": "6.31990", "2006-03-31": "5.76370", "2005-12-31": "8.27540", "2005-09-30": "6.30290", "2005-06-30": "5.78820", "2005-03-31": "4.01360"}, "ROA - Return On Assets": {"2020-12-31": "2.07620", "2020-09-30": "1.33690", "2020-06-30": "-2.32700", "2020-03-31": "1.18200", "2019-12-31": "3.19240", "2019-09-30": "4.17390", "2019-06-30": "6.57210", "2019-03-31": "3.73430", "2018-12-31": "3.80560", "2018-09-30": "3.13000", "2018-06-30": "4.95860", "2018-03-31": "3.75880", "2017-12-31": "12.15060", "2017-09-30": "5.49440", "2017-06-30": "4.76010", "2017-03-31": "4.58820", "2016-12-31": "5.36120", "2016-09-30": "5.60140", "2016-06-30": "5.45430", "2016-03-31": "4.59290", "2015-12-31": "5.31310", "2015-09-30": "5.25680", "2015-06-30": "4.86840", "2015-03-31": "4.06540", "2014-12-31": "7.97100", "2014-09-30": "5.46460", "2014-06-30": "4.93490", "2014-03-31": "4.22800", "2013-12-31": "5.27240", "2013-09-30": "-10.69840", "2013-06-30": "4.61030", "2013-03-31": "4.59500", "2012-12-31": "5.09300", "2012-09-30": "4.36900", "2012-06-30": "4.01140", "2012-03-31": "3.87310", "2011-12-31": "4.87770", "2011-09-30": "4.86660", "2011-06-30": "3.94210", "2011-03-31": "3.73380", "2010-12-31": "5.01510", "2010-09-30": "4.36120", "2010-06-30": "3.35920", "2010-03-31": "3.54450", "2009-12-31": "3.99080", "2009-09-30": "2.75250", "2009-06-30": "2.77890", "2009-03-31": "0.47530", "2008-12-31": "1.16990", "2008-09-30": "0.02820", "2008-06-30": "-0.12070", "2008-03-31": "1.96420", "2007-12-31": "3.77920", "2007-09-30": "2.96600", "2007-06-30": "3.22800", "2007-03-31": "3.25220", "2006-12-31": "4.52780", "2006-09-30": "3.03750", "2006-06-30": "3.59040", "2006-03-31": "3.33490", "2005-12-31": "4.69230", "2005-09-30": "3.52010", "2005-06-30": "3.77140", "2005-03-31": "2.78790"}, "ROI - Return On Investment": {"2020-12-31": "9.19120", "2020-09-30": "5.72430", "2020-06-30": "-11.26170", "2020-03-31": "7.87240", "2019-12-31": "22.73440", "2019-09-30": "16.25200", "2019-06-30": "20.07570", "2019-03-31": "16.04360", "2018-12-31": "12.16270", "2018-09-30": "7.36510", "2018-06-30": "8.39760", "2018-03-31": "6.05170", "2017-12-31": "21.79190", "2017-09-30": "8.40610", "2017-06-30": "7.06490", "2017-03-31": "6.83280", "2016-12-31": "8.36040", "2016-09-30": "8.83320", "2016-06-30": "8.45250", "2016-03-31": "7.62200", "2015-12-31": "8.67070", "2015-09-30": "7.99160", "2015-06-30": "7.63490", "2015-03-31": "6.14950", "2014-12-31": "11.99700", "2014-09-30": "8.02510", "2014-06-30": "7.19910", "2014-03-31": "6.10280", "2013-12-31": "7.79400", "2013-09-30": "-21.31030", "2013-06-30": "6.63460", "2013-03-31": "6.64780", "2012-12-31": "7.55340", "2012-09-30": "6.33990", "2012-06-30": "5.61340", "2012-03-31": "5.45350", "2011-12-31": "7.17770", "2011-09-30": "7.25570", "2011-06-30": "5.72080", "2011-03-31": "5.38080", "2010-12-31": "7.54060", "2010-09-30": "6.58130", "2010-06-30": "5.10530", "2010-03-31": "5.30700", "2009-12-31": "6.22220", "2009-09-30": "4.25660", "2009-06-30": "4.40100", "2009-03-31": "0.78940", "2008-12-31": "2.06440", "2008-09-30": "0.05260", "2008-06-30": "-0.22130", "2008-03-31": "3.63460", "2007-12-31": "7.42370", "2007-09-30": "5.59240", "2007-06-30": "6.71580", "2007-03-31": "6.81170", "2006-12-31": "8.39960", "2006-09-30": "6.03150", "2006-06-30": "5.80280", "2006-03-31": "5.26010", "2005-12-31": "7.79060", "2005-09-30": "5.90910", "2005-06-30": "5.50760", "2005-03-31": "3.85270"}, "Book Value Per Share": {"2020-12-31": "-6.71420", "2020-09-30": "-6.64740", "2020-06-30": "-7.37810", "2020-03-31": "-6.44880", "2019-12-31": "-5.75490", "2019-09-30": "-5.26000", "2019-06-30": "-3.57980", "2019-03-31": "-4.16130", "2018-12-31": "-2.31550", "2018-09-30": "0.89820", "2018-06-30": "2.92520", "2018-03-31": "3.41270", "2017-12-31": "4.09130", "2017-09-30": "3.81180", "2017-06-30": "4.04610", "2017-03-31": "3.87610", "2016-12-31": "3.98240", "2016-09-30": "4.03330", "2016-06-30": "3.90340", "2016-03-31": "3.48000", "2015-12-31": "4.02760", "2015-09-30": "3.91880", "2015-06-30": "3.92960", "2015-03-31": "4.00450", "2014-12-31": "4.10300", "2014-09-30": "3.51790", "2014-06-30": "3.37600", "2014-03-31": "3.28010", "2013-12-31": "3.23170", "2013-09-30": "2.97550", "2013-06-30": "3.82610", "2013-03-31": "3.55970", "2012-12-31": "3.45510", "2012-09-30": "3.41290", "2012-06-30": "3.54570", "2012-03-31": "3.38880", "2011-12-31": "3.17250", "2011-09-30": "2.94530", "2011-06-30": "2.90050", "2011-03-31": "2.88940", "2010-12-31": "2.71120", "2010-09-30": "2.47930", "2010-06-30": "2.37640", "2010-03-31": "2.37550", "2009-12-31": "2.25320", "2009-09-30": "2.05740", "2009-06-30": "1.90380", "2009-03-31": "1.77950", "2008-12-31": "1.75110", "2008-09-30": "1.69330", "2008-06-30": "1.68910", "2008-03-31": "1.67020", "2007-12-31": "1.54840", "2007-09-30": "1.54690", "2007-06-30": "1.58040", "2007-03-31": "1.48270", "2006-12-31": "1.61010", "2006-09-30": "1.47270", "2006-06-30": "1.63010", "2006-03-31": "1.57160", "2005-12-31": "1.45530", "2005-09-30": "1.36180", "2005-06-30": "1.46060", "2005-03-31": "1.63630"}, "Operating Cash Flow Per Share": {"2020-12-31": "1.55170", "2020-09-30": 1.2603, "2020-06-30": -0.3104, "2020-03-31": -1.1395, "2019-12-31": "1.54160", "2019-09-30": 0.872, "2019-06-30": 1.0063, "2019-03-31": 0.3163, "2018-12-31": "1.89800", "2018-09-30": 6.0361, "2018-06-30": 0.8969, "2018-03-31": 0.3486, "2017-12-31": "1.27840", "2017-09-30": 0.7446, "2017-06-30": 0.8049, "2017-03-31": 0.3194, "2016-12-31": "1.04030", "2016-09-30": 0.9516, "2016-06-30": 0.7383, "2016-03-31": 0.3818, "2015-12-31": "1.08830", "2015-09-30": 0.6437, "2015-06-30": 0.5142, "2015-03-31": 0.3798, "2014-12-31": "0.93960", "2014-09-30": 0.4858, "2014-06-30": 0.5556, "2014-03-31": 0.2716, "2013-12-31": "-0.91480", "2013-09-30": 0.5704, "2013-06-30": 0.4359, "2013-03-31": 0.2004, "2012-12-31": "0.70100", "2012-09-30": 0.4068, "2012-06-30": 0.3531, "2012-03-31": 0.0688, "2011-12-31": "0.30340", "2011-09-30": 0.3176, "2011-06-30": 0.2961, "2011-03-31": -0.0056, "2010-12-31": "0.43930", "2010-09-30": 0.2185, "2010-06-30": 0.2725, "2010-03-31": 0.1207, "2009-12-31": "0.50380", "2009-09-30": 0.2503, "2009-06-30": 0.1974, "2009-03-31": 0.0142, "2008-12-31": "0.46920", "2008-09-30": 0.1114, "2008-06-30": 0.2197, "2008-03-31": -0.0247, "2007-12-31": "0.54210", "2007-09-30": 0.1834, "2007-06-30": 0.2043, "2007-03-31": 0.0433, "2006-12-31": "0.43330", "2006-09-30": 0.1278, "2006-06-30": 0.1066, "2006-03-31": 0.0956, "2005-12-31": "0.38390", "2005-09-30": 0.096, "2005-06-30": 0.1212, "2005-03-31": 0.3487}, "Free Cash Flow Per Share": {"2020-12-31": "1.27770", "2020-09-30": 0.9792, "2020-06-30": -0.6425, "2020-03-31": -1.4507, "2019-12-31": "1.21060", "2019-09-30": 0.4542, "2019-06-30": 0.6352, "2019-03-31": -0.0157, "2018-12-31": "1.55390", "2018-09-30": 5.6328, "2018-06-30": 0.5205, "2018-03-31": 0.0103, "2017-12-31": "0.97920", "2017-09-30": 0.4076, "2017-06-30": 0.5378, "2017-03-31": 0.0929, "2016-12-31": "0.83130", "2016-09-30": 0.6789, "2016-06-30": 0.4713, "2016-03-31": 0.1734, "2015-12-31": "0.86760", "2015-09-30": 0.4106, "2015-06-30": 0.2917, "2015-03-31": 0.1722, "2014-12-31": "0.74720", "2014-09-30": 0.2582, "2014-06-30": 0.3519, "2014-03-31": 0.1095, "2013-12-31": "-1.08200", "2013-09-30": 0.3286, "2013-06-30": 0.241, "2013-03-31": 0.0426, "2012-12-31": "0.54040", "2012-09-30": 0.1854, "2012-06-30": 0.2236, "2012-03-31": -0.0342, "2011-12-31": "0.20350", "2011-09-30": 0.2896, "2011-06-30": 0.2098, "2011-03-31": -0.0764, "2010-12-31": "0.35520", "2010-09-30": 0.1135, "2010-06-30": 0.2094, "2010-03-31": 0.0657, "2009-12-31": "0.43850", "2009-09-30": 0.1824, "2009-06-30": 0.1551, "2009-03-31": -0.029, "2008-12-31": "0.35240", "2008-09-30": -0.0508, "2008-06-30": 0.0598, "2008-03-31": -0.1893, "2007-12-31": "0.36510", "2007-09-30": -0.0124, "2007-06-30": 0.0264, "2007-03-31": -0.1116, "2006-12-31": "0.26050", "2006-09-30": -0.0316, "2006-06-30": -0.0252, "2006-03-31": -0.0068, "2005-12-31": "0.29100", "2005-09-30": -0.0076, "2005-06-30": 0.0184, "2005-03-31": 0.1607}}, "revenue": {"Starbucks Annual Revenue (Millions of US $)": {"2020": "$23,518", "2019": "$26,509", "2018": "$24,720", "2017": "$22,387", "2016": "$21,316", "2015": "$19,163", "2014": "$16,448", "2013": "$14,867", "2012": "$13,277", "2011": "$11,700", "2010": "$10,707", "2009": "$9,775", "2008": "$10,383", "2007": "$9,412", "2006": "$7,787", "2005": "$6,369"}, "Starbucks Quarterly Revenue (Millions of US $)": {"2020-12-31": "$6,749", "2020-09-30": "$6,203", "2020-06-30": "$4,222", "2020-03-31": "$5,996", "2019-12-31": "$7,097", "2019-09-30": "$6,747", "2019-06-30": "$6,823", "2019-03-31": "$6,306", "2018-12-31": "$6,633", "2018-09-30": "$6,304", "2018-06-30": "$6,310", "2018-03-31": "$6,032", "2017-12-31": "$6,074", "2017-09-30": "$5,698", "2017-06-30": "$5,662", "2017-03-31": "$5,294", "2016-12-31": "$5,733", "2016-09-30": "$5,711", "2016-06-30": "$5,238", "2016-03-31": "$4,993", "2015-12-31": "$5,374", "2015-09-30": "$4,915", "2015-06-30": "$4,881", "2015-03-31": "$4,564", "2014-12-31": "$4,803", "2014-09-30": "$4,181", "2014-06-30": "$4,154", "2014-03-31": "$3,874", "2013-12-31": "$4,240", "2013-09-30": "$3,789", "2013-06-30": "$3,735", "2013-03-31": "$3,550", "2012-12-31": "$3,793", "2012-09-30": "$3,341", "2012-06-30": "$3,304", "2012-03-31": "$3,196", "2011-12-31": "$3,436", "2011-09-30": "$3,032", "2011-06-30": "$2,932", "2011-03-31": "$2,786", "2010-12-31": "$2,951", "2010-09-30": "$2,838", "2010-06-30": "$2,612", "2010-03-31": "$2,535", "2009-12-31": "$2,723", "2009-09-30": "$2,422", "2009-06-30": "$2,404", "2009-03-31": "$2,333", "2008-12-31": "$2,615", "2008-09-30": "$2,515", "2008-06-30": "$2,574", "2008-03-31": "$2,526", "2007-12-31": "$2,768", "2007-09-30": "$2,441", "2007-06-30": "$2,359", "2007-03-31": "$2,256", "2006-12-31": "$2,356", "2006-09-30": "$2,003", "2006-06-30": "$1,964", "2006-03-31": "$1,886", "2005-12-31": "$1,934", "2005-09-30": "$1,659", "2005-06-30": "$1,602", "2005-03-31": "$1,519"}}, "gross-profit": {"Starbucks Annual Gross Profit (Millions of US $)": {"2020": "$15,823", "2019": "$17,982", "2018": "$16,789", "2017": "$15,321", "2016": "$12,807", "2015": "$11,375", "2014": "$9,589", "2013": "$8,485", "2012": "$7,464", "2011": "$6,785", "2010": "$6,291", "2009": "$5,450", "2008": "$5,738", "2007": "$5,412", "2006": "$4,608", "2005": "$3,764"}, "Starbucks Quarterly Gross Profit (Millions of US $)": {"2020-12-31": "$4,700", "2020-09-30": "$4,226", "2020-06-30": "$2,738", "2020-03-31": "$3,998", "2019-12-31": "$4,861", "2019-09-30": "$4,607", "2019-06-30": "$4,623", "2019-03-31": "$4,294", "2018-12-31": "$4,457", "2018-09-30": "$5,943", "2018-06-30": "$3,757", "2018-03-31": "$3,517", "2017-12-31": "$3,572", "2017-09-30": "$5,318", "2017-06-30": "$3,412", "2017-03-31": "$3,153", "2016-12-31": "$3,438", "2016-09-30": "$3,459", "2016-06-30": "$3,178", "2016-03-31": "$2,983", "2015-12-31": "$3,187", "2015-09-30": "$2,932", "2015-06-30": "$2,927", "2015-03-31": "$2,704", "2014-12-31": "$2,812", "2014-09-30": "$2,458", "2014-06-30": "$2,442", "2014-03-31": "$2,245", "2013-12-31": "$2,445", "2013-09-30": "$2,155", "2013-06-30": "$2,138", "2013-03-31": "$2,019", "2012-12-31": "$2,173", "2012-09-30": "$1,882", "2012-06-30": "$1,858", "2012-03-31": "$1,784", "2011-12-31": "$1,940", "2011-09-30": "$1,717", "2011-06-30": "$1,695", "2011-03-31": "$1,615", "2010-12-31": "$1,759", "2010-09-30": "$1,708", "2010-06-30": "$1,536", "2010-03-31": "$1,471", "2009-12-31": "$1,577", "2009-09-30": "$1,381", "2009-06-30": "$1,361", "2009-03-31": "$1,290", "2008-12-31": "$1,418", "2008-09-30": "$1,326", "2008-06-30": "$1,411", "2008-03-31": "$1,419", "2007-12-31": "$1,582", "2007-09-30": "$1,375", "2007-06-30": "$1,355", "2007-03-31": "$1,311", "2006-12-31": "$1,371", "2006-09-30": "$1,168", "2006-06-30": "$1,159", "2006-03-31": "$1,125", "2005-12-31": "$1,156", "2005-09-30": "$980", "2005-06-30": "$952", "2005-03-31": "$890"}}, "operating-income": {"Starbucks Annual Operating Income (Millions of US $)": {"2020": "$1,562", "2019": "$4,078", "2018": "$3,883", "2017": "$4,135", "2016": "$4,172", "2015": "$3,601", "2014": "$3,081", "2013": "$-325", "2012": "$1,997", "2011": "$1,729", "2010": "$1,419", "2009": "$562", "2008": "$504", "2007": "$1,054", "2006": "$894", "2005": "$781"}, "Starbucks Quarterly Operating Income (Millions of US $)": {"2020-12-31": "$914", "2020-09-30": "$558", "2020-06-30": "$-704", "2020-03-31": "$487", "2019-12-31": "$1,220", "2019-09-30": "$1,083", "2019-06-30": "$1,121", "2019-03-31": "$858", "2018-12-31": "$1,016", "2018-09-30": "$957", "2018-06-30": "$1,038", "2018-03-31": "$773", "2017-12-31": "$1,116", "2017-09-30": "$1,023", "2017-06-30": "$1,044", "2017-03-31": "$935", "2016-12-31": "$1,133", "2016-09-30": "$1,227", "2016-06-30": "$1,022", "2016-03-31": "$864", "2015-12-31": "$1,058", "2015-09-30": "$969", "2015-06-30": "$939", "2015-03-31": "$778", "2014-12-31": "$916", "2014-09-30": "$855", "2014-06-30": "$769", "2014-03-31": "$644", "2013-12-31": "$814", "2013-09-30": "$-2,115", "2013-06-30": "$615", "2013-03-31": "$544", "2012-12-31": "$631", "2012-09-30": "$519", "2012-06-30": "$492", "2012-03-31": "$430", "2011-12-31": "$556", "2011-09-30": "$448", "2011-06-30": "$402", "2011-03-31": "$376", "2010-12-31": "$502", "2010-09-30": "$399", "2010-06-30": "$328", "2010-03-31": "$340", "2009-12-31": "$353", "2009-09-30": "$199", "2009-06-30": "$204", "2009-03-31": "$41", "2008-12-31": "$118", "2008-09-30": "$14", "2008-06-30": "$-22", "2008-03-31": "$178", "2007-12-31": "$333", "2007-09-30": "$248", "2007-06-30": "$245", "2007-03-31": "$241", "2006-12-31": "$320", "2006-09-30": "$198", "2006-06-30": "$215", "2006-03-31": "$202", "2005-12-31": "$280", "2005-09-30": "$196", "2005-06-30": "$200", "2005-03-31": "$157"}}, "ebitda": {"Starbucks Annual EBITDA (Millions of US $)": {"2020": "$3,065", "2019": "$5,527", "2018": "$5,189", "2017": "$5,202", "2016": "$5,202", "2015": "$4,535", "2014": "$3,830", "2013": "$330", "2012": "$2,578", "2011": "$2,279", "2010": "$1,960", "2009": "$1,125", "2008": "$1,108", "2007": "$1,545", "2006": "$1,307", "2005": "$1,158"}, "Starbucks Quarterly EBITDA (Millions of US $)": {"2020-12-31": "$1,302", "2020-09-30": "$938", "2020-06-30": "$-327", "2020-03-31": "$865", "2019-12-31": "$1,589", "2019-09-30": "$1,449", "2019-06-30": "$1,481", "2019-03-31": "$1,230", "2018-12-31": "$1,367", "2018-09-30": "$1,301", "2018-06-30": "$1,382", "2018-03-31": "$1,118", "2017-12-31": "$1,389", "2017-09-30": "$1,293", "2017-06-30": "$1,311", "2017-03-31": "$1,202", "2016-12-31": "$1,396", "2016-09-30": "$1,489", "2016-06-30": "$1,281", "2016-03-31": "$1,126", "2015-12-31": "$1,305", "2015-09-30": "$1,210", "2015-06-30": "$1,188", "2015-03-31": "$1,005", "2014-12-31": "$1,132", "2014-09-30": "$1,049", "2014-06-30": "$958", "2014-03-31": "$828", "2013-12-31": "$994", "2013-09-30": "$-1,939", "2013-06-30": "$776", "2013-03-31": "$705", "2012-12-31": "$787", "2012-09-30": "$672", "2012-06-30": "$631", "2012-03-31": "$575", "2011-12-31": "$700", "2011-09-30": "$590", "2011-06-30": "$539", "2011-03-31": "$512", "2010-12-31": "$637", "2010-09-30": "$536", "2010-06-30": "$460", "2010-03-31": "$474", "2009-12-31": "$491", "2009-09-30": "$340", "2009-06-30": "$345", "2009-03-31": "$182", "2008-12-31": "$259", "2008-09-30": "$187", "2008-06-30": "$124", "2008-03-31": "$325", "2007-12-31": "$473", "2007-09-30": "$378", "2007-06-30": "$370", "2007-03-31": "$361", "2006-12-31": "$436", "2006-09-30": "$305", "2006-06-30": "$320", "2006-03-31": "$303", "2005-12-31": "$378", "2005-09-30": "$293", "2005-06-30": "$294", "2005-03-31": "$256"}}, "net-income": {"Starbucks Annual Net Income (Millions of US $)": {"2020": "$928", "2019": "$3,599", "2018": "$4,518", "2017": "$2,885", "2016": "$2,818", "2015": "$2,757", "2014": "$2,068", "2013": "$8", "2012": "$1,384", "2011": "$1,246", "2010": "$946", "2009": "$391", "2008": "$316", "2007": "$673", "2006": "$564", "2005": "$494"}, "Starbucks Quarterly Net Income (Millions of US $)": {"2020-12-31": "$622", "2020-09-30": "$393", "2020-06-30": "$-678", "2020-03-31": "$328", "2019-12-31": "$886", "2019-09-30": "$803", "2019-06-30": "$1,373", "2019-03-31": "$663", "2018-12-31": "$761", "2018-09-30": "$756", "2018-06-30": "$853", "2018-03-31": "$660", "2017-12-31": "$2,250", "2017-09-30": "$789", "2017-06-30": "$692", "2017-03-31": "$653", "2016-12-31": "$752", "2016-09-30": "$801", "2016-06-30": "$754", "2016-03-31": "$575", "2015-12-31": "$688", "2015-09-30": "$653", "2015-06-30": "$627", "2015-03-31": "$495", "2014-12-31": "$983", "2014-09-30": "$588", "2014-06-30": "$513", "2014-03-31": "$427", "2013-12-31": "$541", "2013-09-30": "$-1,232", "2013-06-30": "$418", "2013-03-31": "$390", "2012-12-31": "$432", "2012-09-30": "$359", "2012-06-30": "$333", "2012-03-31": "$310", "2011-12-31": "$382", "2011-09-30": "$358", "2011-06-30": "$279", "2011-03-31": "$262", "2010-12-31": "$347", "2010-09-30": "$279", "2010-06-30": "$208", "2010-03-31": "$217", "2009-12-31": "$242", "2009-09-30": "$150", "2009-06-30": "$152", "2009-03-31": "$25", "2008-12-31": "$64", "2008-09-30": "$5", "2008-06-30": "$-7", "2008-03-31": "$109", "2007-12-31": "$208", "2007-09-30": "$159", "2007-06-30": "$158", "2007-03-31": "$151", "2006-12-31": "$205", "2006-09-30": "$117", "2006-06-30": "$145", "2006-03-31": "$127", "2005-12-31": "$174", "2005-09-30": "$124", "2005-06-30": "$126", "2005-03-31": "$100"}}, "eps-earnings-per-share-diluted": {"Starbucks Annual EPS": {"2020": "$0.79", "2019": "$2.92", "2018": "$3.24", "2017": "$1.97", "2016": "$1.90", "2015": "$1.82", "2014": "$1.35", "2013": "$0.01", "2012": "$0.90", "2011": "$0.81", "2010": "$0.62", "2009": "$0.26", "2008": "$0.22", "2007": "$0.44", "2006": "$0.36", "2005": "$0.31"}, "Starbucks Quarterly EPS": {"2020-12-31": "$0.53", "2020-09-30": "$0.35", "2020-06-30": "$-0.58", "2020-03-31": "$0.28", "2019-12-31": "$0.74", "2019-09-30": "$0.66", "2019-06-30": "$1.12", "2019-03-31": "$0.53", "2018-12-31": "$0.61", "2018-09-30": "$0.59", "2018-06-30": "$0.61", "2018-03-31": "$0.47", "2017-12-31": "$1.57", "2017-09-30": "$0.54", "2017-06-30": "$0.47", "2017-03-31": "$0.45", "2016-12-31": "$0.51", "2016-09-30": "$0.54", "2016-06-30": "$0.51", "2016-03-31": "$0.39", "2015-12-31": "$0.46", "2015-09-30": "$0.43", "2015-06-30": "$0.41", "2015-03-31": "$0.33", "2014-12-31": "$0.65", "2014-09-30": "$0.38", "2014-06-30": "$0.34", "2014-03-31": "$0.28", "2013-12-31": "$0.36", "2013-09-30": "$-0.81", "2013-06-30": "$0.28", "2013-03-31": "$0.26", "2012-12-31": "$0.29", "2012-09-30": "$0.23", "2012-06-30": "$0.22", "2012-03-31": "$0.20", "2011-12-31": "$0.25", "2011-09-30": "$0.24", "2011-06-30": "$0.18", "2011-03-31": "$0.17", "2010-12-31": "$0.23", "2010-09-30": "$0.19", "2010-06-30": "$0.14", "2010-03-31": "$0.14", "2009-12-31": "$0.16", "2009-09-30": "$0.10", "2009-06-30": "$0.10", "2009-03-31": "$0.02", "2008-12-31": "$0.05", "2008-09-30": "$0.01", "2008-06-30": "$-0.01", "2008-03-31": "$0.08", "2007-12-31": "$0.14", "2007-09-30": "$0.11", "2007-06-30": "$0.11", "2007-03-31": "$0.10", "2006-12-31": "$0.13", "2006-09-30": "$0.08", "2006-06-30": "$0.09", "2006-03-31": "$0.08", "2005-12-31": "$0.11", "2005-09-30": "$0.08", "2005-06-30": "$0.08", "2005-03-31": "$0.06"}}, "shares-outstanding": {"Starbucks Annual Shares Outstanding (Millions of Shares)": {"2020": "1,182", "2019": "1,233", "2018": "1,395", "2017": "1,462", "2016": "1,487", "2015": "1,513", "2014": "1,526", "2013": "1,525", "2012": "1,546", "2011": "1,539", "2010": "1,528", "2009": "1,492", "2008": "1,483", "2007": "1,540", "2006": "1,585", "2005": "1,631"}, "Starbucks Quarterly Shares Outstanding (Millions of Shares)": {"2020-12-31": "1,183", "2020-09-30": "1,182", "2020-06-30": "1,169", "2020-03-31": "1,181", "2019-12-31": "1,191", "2019-09-30": "1,233", "2019-06-30": "1,223", "2019-03-31": "1,251", "2018-12-31": "1,253", "2018-09-30": "1,395", "2018-06-30": "1,389", "2018-03-31": "1,407", "2017-12-31": "1,435", "2017-09-30": "1,462", "2017-06-30": "1,459", "2017-03-31": "1,465", "2016-12-31": "1,471", "2016-09-30": "1,487", "2016-06-30": "1,479", "2016-03-31": "1,487", "2015-12-31": "1,503", "2015-09-30": "1,513", "2015-06-30": "1,516", "2015-03-31": "1,517", "2014-12-31": "1,517", "2014-09-30": "1,526", "2014-06-30": "1,522", "2014-03-31": "1,529", "2013-12-31": "1,532", "2013-09-30": "1,525", "2013-06-30": "1,524", "2013-03-31": "1,523", "2012-12-31": "1,523", "2012-09-30": "1,546", "2012-06-30": "1,554", "2012-03-31": "1,547", "2011-12-31": "1,537", "2011-09-30": "1,539", "2011-06-30": "1,544", "2011-03-31": "1,544", "2010-12-31": "1,533", "2010-09-30": "1,528", "2010-06-30": "1,533", "2010-03-31": "1,534", "2009-12-31": "1,526", "2009-09-30": "1,492", "2009-06-30": "1,493", "2009-03-31": "1,480", "2008-12-31": "1,478", "2008-09-30": "1,483", "2008-06-30": "1,463", "2008-03-31": "1,479", "2007-12-31": "1,490", "2007-09-30": "1,540", "2007-06-30": "1,527", "2007-03-31": "1,548", "2006-12-31": "1,566", "2006-09-30": "1,585", "2006-06-30": "1,597", "2006-03-31": "1,589", "2005-12-31": "1,586", "2005-09-30": "1,631", "2005-06-30": "1,616", "2005-03-31": "1,656"}}, "total-assets": {"Starbucks Annual Total Assets (Millions of US $)": {"2020": "$29,375", "2019": "$19,220", "2018": "$24,156", "2017": "$14,366", "2016": "$14,313", "2015": "$12,416", "2014": "$10,753", "2013": "$11,517", "2012": "$8,219", "2011": "$7,360", "2010": "$6,386", "2009": "$5,577", "2008": "$5,673", "2007": "$5,344", "2006": "$4,429", "2005": "$3,514"}, "Starbucks Quarterly Total Assets (Millions of US $)": {"2020-12-31": "$29,968", "2020-09-30": "$29,375", "2020-06-30": "$29,141", "2020-03-31": "$27,479", "2019-12-31": "$27,731", "2019-09-30": "$19,220", "2019-06-30": "$20,894", "2019-03-31": "$17,642", "2018-12-31": "$19,981", "2018-09-30": "$24,156", "2018-06-30": "$17,182", "2018-03-31": "$17,554", "2017-12-31": "$18,519", "2017-09-30": "$14,366", "2017-06-30": "$14,523", "2017-03-31": "$14,228", "2016-12-31": "$14,017", "2016-09-30": "$14,313", "2016-06-30": "$13,833", "2016-03-31": "$12,519", "2015-12-31": "$12,944", "2015-09-30": "$12,416", "2015-06-30": "$12,869", "2015-03-31": "$12,191", "2014-12-31": "$12,351", "2014-09-30": "$10,753", "2014-06-30": "$10,385", "2014-03-31": "$10,097", "2013-12-31": "$10,255", "2013-09-30": "$11,517", "2013-06-30": "$9,062", "2013-03-31": "$8,503", "2012-12-31": "$8,490", "2012-09-30": "$8,219", "2012-06-30": "$8,309", "2012-03-31": "$8,007", "2011-12-31": "$7,836", "2011-09-30": "$7,360", "2011-06-30": "$7,098", "2011-03-31": "$7,028", "2010-12-31": "$6,931", "2010-09-30": "$6,386", "2010-06-30": "$6,207", "2010-03-31": "$6,145", "2009-12-31": "$6,102", "2009-09-30": "$5,577", "2009-06-30": "$5,333", "2009-03-31": "$5,281", "2008-12-31": "$5,530", "2008-09-30": "$5,673", "2008-06-30": "$5,552", "2008-03-31": "$5,534", "2007-12-31": "$5,506", "2007-09-30": "$5,344", "2007-06-30": "$4,904", "2007-03-31": "$4,637", "2006-12-31": "$4,528", "2006-09-30": "$4,429", "2006-06-30": "$4,052", "2006-03-31": "$3,818", "2005-12-31": "$3,712", "2005-09-30": "$3,514", "2005-06-30": "$3,328", "2005-03-31": "$3,603"}}, "cash-on-hand": {"Starbucks Annual Cash on Hand (Millions of US $)": {"2020": "$4,632", "2019": "$2,757", "2018": "$8,938", "2017": "$2,691", "2016": "$2,263", "2015": "$1,611", "2014": "$1,844", "2013": "$3,234", "2012": "$2,037", "2011": "$2,051", "2010": "$1,450", "2009": "$666", "2008": "$322", "2007": "$439", "2006": "$454", "2005": "$307"}, "Starbucks Quarterly Cash on Hand (Millions of US $)": {"2020-12-31": "$5,264", "2020-09-30": "$4,632", "2020-06-30": "$4,196", "2020-03-31": "$2,625", "2019-12-31": "$3,109", "2019-09-30": "$2,757", "2019-06-30": "$4,835", "2019-03-31": "$2,132", "2018-12-31": "$4,992", "2018-09-30": "$8,938", "2018-06-30": "$1,977", "2018-03-31": "$2,243", "2017-12-31": "$3,768", "2017-09-30": "$2,691", "2017-06-30": "$3,006", "2017-03-31": "$2,395", "2016-12-31": "$2,175", "2016-09-30": "$2,263", "2016-06-30": "$2,316", "2016-03-31": "$1,418", "2015-12-31": "$2,380", "2015-09-30": "$1,611", "2015-06-30": "$2,175", "2015-03-31": "$1,850", "2014-12-31": "$1,953", "2014-09-30": "$1,844", "2014-06-30": "$1,196", "2014-03-31": "$1,490", "2013-12-31": "$1,703", "2013-09-30": "$3,234", "2013-06-30": "$2,044", "2013-03-31": "$1,698", "2012-12-31": "$2,460", "2012-09-30": "$2,037", "2012-06-30": "$2,498", "2012-03-31": "$2,234", "2011-12-31": "$2,273", "2011-09-30": "$2,051", "2011-06-30": "$1,953", "2011-03-31": "$1,928", "2010-12-31": "$2,051", "2010-09-30": "$1,450", "2010-06-30": "$1,395", "2010-03-31": "$1,294", "2009-12-31": "$1,357", "2009-09-30": "$666", "2009-06-30": "$337", "2009-03-31": "$295", "2008-12-31": "$396", "2008-09-30": "$322", "2008-06-30": "$350", "2008-03-31": "$372", "2007-12-31": "$535", "2007-09-30": "$439", "2007-06-30": "$330", "2007-03-31": "$344", "2006-12-31": "$436", "2006-09-30": "$454", "2006-06-30": "$442", "2006-03-31": "$445", "2005-12-31": "$539", "2005-09-30": "$307", "2005-06-30": "$349", "2005-03-31": "$701"}}, "long-term-debt": {"Starbucks Annual Long Term Debt (Millions of US $)": {"2020": "$14,660", "2019": "$11,167", "2018": "$9,090", "2017": "$3,933", "2016": "$3,185", "2015": "$2,348", "2014": "$2,048", "2013": "$1,299", "2012": "$550", "2011": "$550", "2010": "$549", "2009": "$549", "2008": "$550", "2007": "$550", "2006": "$2", "2005": "$3"}, "Starbucks Quarterly Long Term Debt (Millions of US $)": {"2020-12-31": "$14,674", "2020-09-30": "$14,660", "2020-06-30": "$14,646", "2020-03-31": "$11,659", "2019-12-31": "$10,653", "2019-09-30": "$11,167", "2019-06-30": "$11,159", "2019-03-31": "$9,142", "2018-12-31": "$9,131", "2018-09-30": "$9,090", "2018-06-30": "$6,149", "2018-03-31": "$6,185", "2017-12-31": "$4,567", "2017-09-30": "$3,933", "2017-06-30": "$3,936", "2017-03-31": "$3,943", "2016-12-31": "$3,186", "2016-09-30": "$3,185", "2016-06-30": "$3,202", "2016-03-31": "$2,448", "2015-12-31": "$1,948", "2015-09-30": "$2,348", "2015-06-30": "$2,347", "2015-03-31": "$2,049", "2014-12-31": "$2,048", "2014-09-30": "$2,048", "2014-06-30": "$2,048", "2014-03-31": "$2,048", "2013-12-31": "$2,048", "2013-09-30": "$1,299", "2013-06-30": "$550", "2013-03-31": "$550", "2012-12-31": "$550", "2012-09-30": "$550", "2012-06-30": "$550", "2012-03-31": "$550", "2011-12-31": "$550", "2011-09-30": "$550", "2011-06-30": "$549", "2011-03-31": "$549", "2010-12-31": "$549", "2010-09-30": "$549", "2010-06-30": "$549", "2010-03-31": "$549", "2009-12-31": "$549", "2009-09-30": "$549", "2009-06-30": "$549", "2009-03-31": "$549", "2008-12-31": "$550", "2008-09-30": "$550", "2008-06-30": "$550", "2008-03-31": "$550", "2007-12-31": "$550", "2007-09-30": "$550", "2007-06-30": "$1", "2007-03-31": "$2", "2006-12-31": "$2", "2006-09-30": "$2", "2006-06-30": "$2", "2006-03-31": "$2", "2005-12-31": "$3", "2005-09-30": "$3", "2005-06-30": "$3", "2005-03-31": "$3"}}, "total-liabilities": {"Starbucks Annual Total Liabilities (Millions of US $)": {"2020": "$37,174", "2019": "$25,451", "2018": "$22,981", "2017": "$8,909", "2016": "$8,422", "2015": "$6,597", "2014": "$5,479", "2013": "$7,034", "2012": "$3,105", "2011": "$2,973", "2010": "$2,704", "2009": "$2,520", "2008": "$3,182", "2007": "$3,060", "2006": "$2,200", "2005": "$1,423"}, "Starbucks Quarterly Total Liabilities (Millions of US $)": {"2020-12-31": "$37,872", "2020-09-30": "$37,174", "2020-06-30": "$37,765", "2020-03-31": "$35,012", "2019-12-31": "$34,490", "2019-09-30": "$25,451", "2019-06-30": "$25,213", "2019-03-31": "$22,677", "2018-12-31": "$22,860", "2018-09-30": "$22,981", "2018-06-30": "$13,185", "2018-03-31": "$12,836", "2017-12-31": "$12,760", "2017-09-30": "$8,909", "2017-06-30": "$8,673", "2017-03-31": "$8,617", "2016-12-31": "$8,214", "2016-09-30": "$8,422", "2016-06-30": "$8,109", "2016-03-31": "$7,423", "2015-12-31": "$6,960", "2015-09-30": "$6,597", "2015-06-30": "$7,011", "2015-03-31": "$6,180", "2014-12-31": "$6,193", "2014-09-30": "$5,479", "2014-06-30": "$5,315", "2014-03-31": "$5,150", "2013-12-31": "$5,366", "2013-09-30": "$7,034", "2013-06-30": "$3,315", "2013-03-31": "$3,175", "2012-12-31": "$3,315", "2012-09-30": "$3,105", "2012-06-30": "$2,921", "2012-03-31": "$2,870", "2011-12-31": "$3,060", "2011-09-30": "$2,973", "2011-06-30": "$2,756", "2011-03-31": "$2,700", "2010-12-31": "$2,871", "2010-09-30": "$2,704", "2010-06-30": "$2,672", "2010-03-31": "$2,590", "2009-12-31": "$2,738", "2009-09-30": "$2,520", "2009-06-30": "$2,515", "2009-03-31": "$2,651", "2008-12-31": "$2,946", "2008-09-30": "$3,182", "2008-06-30": "$3,075", "2008-03-31": "$3,093", "2007-12-31": "$3,253", "2007-09-30": "$3,060", "2007-06-30": "$2,548", "2007-03-31": "$2,425", "2006-12-31": "$2,089", "2006-09-30": "$2,200", "2006-06-30": "$1,547", "2006-03-31": "$1,400", "2005-12-31": "$1,479", "2005-09-30": "$1,423", "2005-06-30": "$1,052", "2005-03-31": "$999"}}, "total-share-holder-equity": {"Starbucks Annual Share Holder Equity (Millions of US $)": {"2020": "$-7,799", "2019": "$-6,231", "2018": "$1,176", "2017": "$5,457", "2016": "$5,891", "2015": "$5,820", "2014": "$5,274", "2013": "$4,482", "2012": "$5,115", "2011": "$4,387", "2010": "$3,682", "2009": "$3,057", "2008": "$2,491", "2007": "$2,284", "2006": "$2,229", "2005": "$2,090"}, "Starbucks Quarterly Share Holder Equity (Millions of US $)": {"2020-12-31": "$-7,904", "2020-09-30": "$-7,799", "2020-06-30": "$-8,624", "2020-03-31": "$-7,533", "2019-12-31": "$-6,759", "2019-09-30": "$-6,231", "2019-06-30": "$-4,319", "2019-03-31": "$-5,035", "2018-12-31": "$-2,879", "2018-09-30": "$1,176", "2018-06-30": "$3,997", "2018-03-31": "$4,718", "2017-12-31": "$5,759", "2017-09-30": "$5,457", "2017-06-30": "$5,850", "2017-03-31": "$5,611", "2016-12-31": "$5,803", "2016-09-30": "$5,891", "2016-06-30": "$5,724", "2016-03-31": "$5,096", "2015-12-31": "$5,983", "2015-09-30": "$5,820", "2015-06-30": "$5,858", "2015-03-31": "$6,011", "2014-12-31": "$6,158", "2014-09-30": "$5,274", "2014-06-30": "$5,071", "2014-03-31": "$4,947", "2013-12-31": "$4,890", "2013-09-30": "$4,482", "2013-06-30": "$5,748", "2013-03-31": "$5,328", "2012-12-31": "$5,175", "2012-09-30": "$5,115", "2012-06-30": "$5,388", "2012-03-31": "$5,137", "2011-12-31": "$4,775", "2011-09-30": "$4,387", "2011-06-30": "$4,342", "2011-03-31": "$4,327", "2010-12-31": "$4,060", "2010-09-30": "$3,682", "2010-06-30": "$3,535", "2010-03-31": "$3,555", "2009-12-31": "$3,364", "2009-09-30": "$3,057", "2009-06-30": "$2,818", "2009-03-31": "$2,630", "2008-12-31": "$2,585", "2008-09-30": "$2,491", "2008-06-30": "$2,477", "2008-03-31": "$2,441", "2007-12-31": "$2,253", "2007-09-30": "$2,284", "2007-06-30": "$2,356", "2007-03-31": "$2,212", "2006-12-31": "$2,439", "2006-09-30": "$2,229", "2006-06-30": "$2,505", "2006-03-31": "$2,418", "2005-12-31": "$2,233", "2005-09-30": "$2,090", "2005-06-30": "$2,276", "2005-03-31": "$2,604"}}, "profit-margins": {"current": "2.87%"}, "gross margin": {"2020-12-31": "67.60%", "2020-09-30": "67.28%", "2020-06-30": "67.34%", "2020-03-31": "67.84%", "2019-12-31": "68.16%", "2019-09-30": "67.83%", "2019-06-30": "74.11%", "2019-03-31": "72.21%", "2018-12-31": "69.92%", "2018-09-30": "67.92%", "2018-06-30": "67.03%", "2018-03-31": "67.41%", "2017-12-31": "68.00%", "2017-09-30": "68.44%", "2017-06-30": "60.10%", "2017-03-31": "60.19%", "2016-12-31": "60.24%", "2016-09-30": "60.08%", "2016-06-30": "59.84%", "2016-03-31": "59.66%", "2015-12-31": "59.54%", "2015-09-30": "59.36%", "2015-06-30": "59.15%", "2015-03-31": "58.84%", "2014-12-31": "58.53%", "2014-09-30": "58.30%", "2014-06-30": "57.84%", "2014-03-31": "57.44%", "2013-12-31": "57.18%", "2013-09-30": "57.07%", "2013-06-30": "56.95%", "2013-03-31": "56.71%", "2012-12-31": "56.45%", "2012-09-30": "56.22%", "2012-06-30": "56.28%", "2012-03-31": "56.65%", "2011-12-31": "57.17%", "2011-09-30": "58.00%", "2011-06-30": "58.89%", "2011-03-31": "59.16%", "2010-12-31": "59.20%", "2010-09-30": "58.76%", "2010-06-30": "57.96%", "2010-03-31": "57.42%", "2009-12-31": "56.76%", "2009-09-30": "55.76%", "2009-06-30": "54.68%", "2009-03-31": "54.25%", "2008-12-31": "54.49%", "2008-09-30": "55.26%", "2008-06-30": "56.14%", "2008-03-31": "56.78%", "2007-12-31": "57.24%", "2007-09-30": "57.50%", "2007-06-30": "58.00%", "2007-03-31": "58.39%", "2006-12-31": "58.75%", "2006-09-30": "59.18%", "2006-06-30": "59.38%", "2006-03-31": "59.50%", "2005-12-31": "59.25%"}, "operating margin": {"2020-12-31": "5.41%", "2020-09-30": "6.64%", "2020-06-30": "8.67%", "2020-03-31": "14.67%", "2019-12-31": "15.88%", "2019-09-30": "15.38%", "2019-06-30": "15.16%", "2019-03-31": "15.14%", "2018-12-31": "14.96%", "2018-09-30": "15.71%", "2018-06-30": "16.38%", "2018-03-31": "16.85%", "2017-12-31": "18.12%", "2017-09-30": "18.47%", "2017-06-30": "19.37%", "2017-03-31": "19.64%", "2016-12-31": "19.59%", "2016-09-30": "19.57%", "2016-06-30": "19.07%", "2016-03-31": "19.00%", "2015-12-31": "18.97%", "2015-09-30": "18.80%", "2015-06-30": "18.93%", "2015-03-31": "18.74%", "2014-12-31": "18.72%", "2014-09-30": "18.74%", "2014-06-30": "0.70%", "2014-03-31": "-0.27%", "2013-12-31": "-0.93%", "2013-09-30": "-2.19%", "2013-06-30": "16.01%", "2013-03-31": "15.63%", "2012-12-31": "15.20%", "2012-09-30": "15.04%", "2012-06-30": "14.85%", "2012-03-31": "14.58%", "2011-12-31": "14.62%", "2011-09-30": "14.77%", "2011-06-30": "14.59%", "2011-03-31": "14.35%", "2010-12-31": "14.35%", "2010-09-30": "13.26%", "2010-06-30": "11.85%", "2010-03-31": "10.87%", "2009-12-31": "8.07%", "2009-09-30": "5.75%", "2009-06-30": "3.82%", "2009-03-31": "1.50%", "2008-12-31": "2.82%", "2008-09-30": "4.84%", "2008-06-30": "7.15%", "2008-03-31": "9.95%", "2007-12-31": "10.86%", "2007-09-30": "11.20%", "2007-06-30": "11.19%", "2007-03-31": "11.35%", "2006-12-31": "11.39%", "2006-09-30": "11.49%", "2006-06-30": "12.00%", "2006-03-31": "12.40%", "2005-12-31": "12.41%"}, "ebitda margin": {"2020-12-31": "11.99%", "2020-09-30": "13.03%", "2020-06-30": "14.86%", "2020-03-31": "20.19%", "2019-12-31": "21.31%", "2019-09-30": "20.85%", "2019-06-30": "20.64%", "2019-03-31": "20.66%", "2018-12-31": "20.44%", "2018-09-30": "21.00%", "2018-06-30": "21.49%", "2018-03-31": "21.78%", "2017-12-31": "22.86%", "2017-09-30": "23.24%", "2017-06-30": "24.10%", "2017-03-31": "24.43%", "2016-12-31": "24.42%", "2016-09-30": "24.40%", "2016-06-30": "23.99%", "2016-03-31": "23.95%", "2015-12-31": "23.86%", "2015-09-30": "23.67%", "2015-06-30": "23.73%", "2015-03-31": "23.41%", "2014-12-31": "23.32%", "2014-09-30": "23.28%", "2014-06-30": "5.24%", "2014-03-31": "4.21%", "2013-12-31": "3.50%", "2013-09-30": "2.21%", "2013-06-30": "20.39%", "2013-03-31": "19.98%", "2012-12-31": "19.55%", "2012-09-30": "19.42%", "2012-06-30": "19.25%", "2012-03-31": "19.09%", "2011-12-31": "19.21%", "2011-09-30": "19.47%", "2011-06-30": "19.33%", "2011-03-31": "19.17%", "2010-12-31": "19.27%", "2010-09-30": "18.31%", "2010-06-30": "17.14%", "2010-03-31": "16.35%", "2009-12-31": "13.73%", "2009-09-30": "11.51%", "2009-06-30": "9.86%", "2009-03-31": "7.48%", "2008-12-31": "8.74%", "2008-09-30": "10.67%", "2008-06-30": "12.60%", "2008-03-31": "15.32%", "2007-12-31": "16.10%", "2007-09-30": "16.42%", "2007-06-30": "16.40%", "2007-03-31": "16.58%", "2006-12-31": "16.62%", "2006-09-30": "16.77%", "2006-06-30": "17.39%", "2006-03-31": "17.91%", "2005-12-31": "18.19%"}, "pre tax profit margin": {"2020-12-31": "3.57%", "2020-09-30": "4.95%", "2020-06-30": "7.17%", "2020-03-31": "15.81%", "2019-12-31": "17.22%", "2019-09-30": "16.85%", "2019-06-30": "16.86%", "2019-03-31": "14.66%", "2018-12-31": "14.80%", "2018-09-30": "23.39%", "2018-06-30": "24.89%", "2018-03-31": "25.68%", "2017-12-31": "27.24%", "2017-09-30": "19.28%", "2017-06-30": "19.55%", "2017-03-31": "20.03%", "2016-12-31": "19.75%", "2016-09-30": "19.69%", "2016-06-30": "18.91%", "2016-03-31": "18.61%", "2015-12-31": "18.52%", "2015-09-30": "20.37%", "2015-06-30": "21.33%", "2015-03-31": "21.23%", "2014-12-31": "21.40%", "2014-09-30": "19.21%", "2014-06-30": "1.15%", "2014-03-31": "0.15%", "2013-12-31": "-0.21%", "2013-09-30": "-1.55%", "2013-06-30": "16.37%", "2013-03-31": "16.02%", "2012-12-31": "15.47%", "2012-09-30": "15.51%", "2012-06-30": "15.61%", "2012-03-31": "15.42%", "2011-12-31": "15.38%", "2011-09-30": "15.48%", "2011-06-30": "14.95%", "2011-03-31": "14.55%", "2010-12-31": "14.41%", "2010-09-30": "13.43%", "2010-06-30": "12.02%", "2010-03-31": "11.24%", "2009-12-31": "8.41%", "2009-09-30": "5.73%", "2009-06-30": "3.48%", "2009-03-31": "0.96%", "2008-12-31": "2.23%", "2008-09-30": "4.39%", "2008-06-30": "6.87%", "2008-03-31": "9.75%", "2007-12-31": "10.76%", "2007-09-30": "11.22%", "2007-06-30": "11.27%", "2007-03-31": "11.52%", "2006-12-31": "11.61%", "2006-09-30": "11.65%", "2006-06-30": "12.16%", "2006-03-31": "12.54%", "2005-12-31": "12.57%"}, "net profit margin": {"2020-12-31": "2.87%", "2020-09-30": "3.95%", "2020-06-30": "5.56%", "2020-03-31": "12.71%", "2019-12-31": "13.81%", "2019-09-30": "13.58%", "2019-06-30": "13.63%", "2019-03-31": "11.87%", "2018-12-31": "11.98%", "2018-09-30": "18.28%", "2018-06-30": "18.88%", "2018-03-31": "18.71%", "2017-12-31": "19.29%", "2017-09-30": "12.89%", "2017-06-30": "12.94%", "2017-03-31": "13.47%", "2016-12-31": "13.30%", "2016-09-30": "13.22%", "2016-06-30": "13.01%", "2016-03-31": "12.61%", "2015-12-31": "12.48%", "2015-09-30": "14.39%", "2015-06-30": "14.61%", "2015-03-31": "14.57%", "2014-12-31": "14.76%", "2014-09-30": "12.58%", "2014-06-30": "1.55%", "2014-03-31": "0.98%", "2013-12-31": "0.76%", "2013-09-30": "0.05%", "2013-06-30": "11.09%", "2013-03-31": "10.82%", "2012-12-31": "10.52%", "2012-09-30": "10.42%", "2012-06-30": "10.66%", "2012-03-31": "10.55%", "2011-12-31": "10.51%", "2011-09-30": "10.65%", "2011-06-30": "10.14%", "2011-03-31": "9.80%", "2010-12-31": "9.61%", "2010-09-30": "8.83%", "2010-06-30": "7.94%", "2010-03-31": "7.55%", "2009-12-31": "5.76%", "2009-09-30": "4.00%", "2009-06-30": "2.49%", "2009-03-31": "0.87%", "2008-12-31": "1.67%", "2008-09-30": "3.03%", "2008-06-30": "4.55%", "2008-03-31": "6.28%", "2007-12-31": "6.88%", "2007-09-30": "7.15%", "2007-06-30": "7.03%", "2007-03-31": "7.20%", "2006-12-31": "7.24%", "2006-09-30": "7.23%", "2006-06-30": "7.66%", "2006-03-31": "7.78%", "2005-12-31": "7.80%"}, "pe ratio": {"current": "108.39", "2021-02-11": "3528.67", "2020-12-31": "3566.00", "2020-09-30": "111.05", "2020-06-30": "65.63", "2020-03-31": "23.03", "2019-12-31": "28.16", "2019-09-30": "29.43", "2019-06-30": "28.88", "2019-03-31": "31.26", "2018-12-31": "27.66", "2018-09-30": "17.02", "2018-06-30": "14.62", "2018-03-31": "18.02", "2017-12-31": "17.90", "2017-09-30": "25.61", "2017-06-30": "27.68", "2017-03-31": "27.06", "2016-12-31": "26.40", "2016-09-30": "26.30", "2016-06-30": "29.35", "2016-03-31": "32.37", "2015-12-31": "33.64", "2015-09-30": "28.43", "2015-06-30": "27.43", "2015-03-31": "25.21", "2014-12-31": "22.42", "2014-09-30": "25.01", "2014-06-30": "26.95", "2014-03-31": "26.71", "2013-12-31": "29.02", "2013-09-30": "30.16", "2013-06-30": "27.68", "2013-03-31": "25.44", "2012-12-31": "25.28", "2012-09-30": "24.74", "2012-06-30": "25.76", "2012-03-31": "28.01", "2011-12-31": "23.81", "2011-09-30": "19.81", "2011-06-30": "22.28", "2011-03-31": "22.08", "2010-12-31": "19.96", "2010-09-30": "17.46", "2010-06-30": "19.14", "2010-03-31": "20.37", "2009-12-31": "25.81", "2009-09-30": "33.33", "2009-06-30": "35.33", "2009-03-31": "77.72", "2008-12-31": "33.09", "2008-09-30": "29.03", "2008-06-30": "20.97", "2008-03-31": "17.28", "2007-12-31": "19.31", "2007-09-30": "25.28", "2007-06-30": "27.19", "2007-03-31": "33.75", "2006-12-31": "39.64"}, "price sales": {"2021-02-11": "5.39", "2020-12-31": "5.45", "2020-09-30": "4.30", "2020-06-30": "3.62", "2020-03-31": "2.93", "2019-12-31": "3.91", "2019-09-30": "4.03", "2019-06-30": "3.99", "2019-03-31": "3.72", "2018-12-31": "3.34", "2018-09-30": "3.11", "2018-06-30": "2.75", "2018-03-31": "3.37", "2017-12-31": "3.47", "2017-09-30": "3.30", "2017-06-30": "3.58", "2017-03-31": "3.65", "2016-12-31": "3.52", "2016-09-30": "3.49", "2016-06-30": "3.83", "2016-03-31": "4.08", "2015-12-31": "4.20", "2015-09-30": "4.09", "2015-06-30": "4.01", "2015-03-31": "3.68", "2014-12-31": "3.31", "2014-09-30": "3.15", "2014-06-30": "3.29", "2014-03-31": "3.20", "2013-12-31": "3.47", "2013-09-30": "3.49", "2013-06-30": "3.07", "2013-03-31": "2.75", "2012-12-31": "2.66", "2012-09-30": "2.58", "2012-06-30": "2.76", "2012-03-31": "2.97", "2011-12-31": "2.51", "2011-09-30": "2.11", "2011-06-30": "2.26", "2011-03-31": "2.17", "2010-12-31": "1.92", "2010-09-30": "1.55", "2010-06-30": "1.51", "2010-03-31": "1.53", "2009-12-31": "1.47", "2009-09-30": "1.32", "2009-06-30": "0.88", "2009-03-31": "0.69", "2008-12-31": "0.57", "2008-09-30": "0.89", "2008-06-30": "0.96", "2008-03-31": "1.10", "2007-12-31": "1.33", "2007-09-30": "1.81", "2007-06-30": "1.91", "2007-03-31": "2.41", "2006-12-31": "2.87"}, "price book": {"current": "0.00", "2021-02-11": "0.00", "2020-12-31": "-15.93", "2020-09-30": "-12.86", "2020-06-30": "-9.87", "2020-03-31": "-10.04", "2019-12-31": "-14.97", "2019-09-30": "-16.39", "2019-06-30": "-22.75", "2019-03-31": "-17.36", "2018-12-31": "-26.88", "2018-09-30": "60.83", "2018-06-30": "15.94", "2018-03-31": "16.11", "2017-12-31": "13.26", "2017-09-30": "13.24", "2017-06-30": "13.48", "2017-03-31": "14.03", "2016-12-31": "12.93", "2016-09-30": "12.39", "2016-06-30": "13.46", "2016-03-31": "15.72", "2015-12-31": "13.61", "2015-09-30": "13.21", "2015-06-30": "12.39", "2015-03-31": "10.70", "2014-12-31": "9.02", "2014-09-30": "9.63", "2014-06-30": "10.26", "2014-03-31": "9.97", "2013-12-31": "10.78", "2013-09-30": "11.45", "2013-06-30": "7.56", "2013-03-31": "7.04", "2012-12-31": "6.80", "2012-09-30": "6.49", "2012-06-30": "6.54", "2012-03-31": "7.15", "2011-12-31": "6.27", "2011-09-30": "5.45", "2011-06-30": "5.84", "2011-03-31": "5.46", "2010-12-31": "5.04", "2010-09-30": "4.37", "2010-06-30": "4.31", "2010-03-31": "4.29", "2009-12-31": "4.30", "2009-09-30": "4.21", "2009-06-30": "3.06", "2009-03-31": "2.62", "2008-12-31": "2.27", "2008-09-30": "3.69", "2008-06-30": "3.91", "2008-03-31": "4.40", "2007-12-31": "5.55", "2007-09-30": "7.11", "2007-06-30": "6.97", "2007-03-31": "8.88", "2006-12-31": "9.23", "2006-09-30": "9.70", "2006-06-30": "9.72", "2006-03-31": "10.05"}, "price fcf": {"2021-02-11": "", "2020-12-31": "$0.16", "2020-09-30": "$0.10", "2020-06-30": "$-0.43", "2020-03-31": "$0.85", "2019-12-31": "$2.28", "2019-09-30": "$2.63", "2019-06-30": "$7.81", "2019-03-31": "$7.69", "2018-12-31": "$7.72", "2018-09-30": "$7.14", "2018-06-30": "$1.92", "2018-03-31": "$1.93", "2017-12-31": "$2.02", "2017-09-30": "$1.87", "2017-06-30": "$2.14", "2017-03-31": "$2.07", "2016-12-31": "$2.15", "2016-09-30": "$2.19", "2016-06-30": "$1.92", "2016-03-31": "$1.74", "2015-12-31": "$1.74", "2015-09-30": "$1.62", "2015-06-30": "$1.47", "2015-03-31": "$1.53", "2014-12-31": "$1.47", "2014-09-30": "$-0.36", "2014-06-30": "$-0.29", "2014-03-31": "$-0.40", "2013-12-31": "$-0.47", "2013-09-30": "$1.15", "2013-06-30": "$1.01", "2013-03-31": "$0.99", "2012-12-31": "$0.92", "2012-09-30": "$0.58", "2012-06-30": "$0.68", "2012-03-31": "$0.67", "2011-12-31": "$0.63", "2011-09-30": "$0.78", "2011-06-30": "$0.60", "2011-03-31": "$0.60", "2010-12-31": "$0.74", "2010-09-30": "$0.83", "2010-06-30": "$0.90", "2010-03-31": "$0.84", "2009-12-31": "$0.75", "2009-09-30": "$0.66", "2009-06-30": "$0.43", "2009-03-31": "$0.33", "2008-12-31": "$0.17", "2008-09-30": "$0.18", "2008-06-30": "$0.22", "2008-03-31": "$0.19", "2007-12-31": "$0.27", "2007-09-30": "$0.16", "2007-06-30": "$0.14", "2007-03-31": "$0.09", "2006-12-31": "$0.49"}, "net worth": {"value": "$125.05B"}, "current ratio": {"current": "1.06", "2020-12-31": "1.06", "2020-09-30": "1.06", "2020-06-30": "0.95", "2020-03-31": "0.70", "2019-12-31": "0.68", "2019-09-30": "0.92", "2019-06-30": "1.31", "2019-03-31": "0.94", "2018-12-31": "1.41", "2018-09-30": "2.20", "2018-06-30": "1.01", "2018-03-31": "1.09", "2017-12-31": "1.01", "2017-09-30": "1.25", "2017-06-30": "1.37", "2017-03-31": "1.23", "2016-12-31": "1.05", "2016-09-30": "1.05", "2016-06-30": "1.14", "2016-03-31": "0.89", "2015-12-31": "1.07", "2015-09-30": "1.09", "2015-06-30": "1.18", "2015-03-31": "1.21", "2014-12-31": "1.28", "2014-09-30": "1.37", "2014-06-30": "1.16", "2014-03-31": "1.31", "2013-12-31": "1.27", "2013-09-30": "1.02", "2013-06-30": "1.75", "2013-03-31": "1.68", "2012-12-31": "1.85", "2012-09-30": "1.90", "2012-06-30": "2.26", "2012-03-31": "2.21", "2011-12-31": "1.96", "2011-09-30": "1.83", "2011-06-30": "1.93", "2011-03-31": "1.97", "2010-12-31": "1.74", "2010-09-30": "1.55", "2010-06-30": "1.51", "2010-03-31": "1.51", "2009-12-31": "1.45", "2009-09-30": "1.29", "2009-06-30": "1.10", "2009-03-31": "0.95", "2008-12-31": "0.87", "2008-09-30": "0.80", "2008-06-30": "0.80", "2008-03-31": "0.76", "2007-12-31": "0.77", "2007-09-30": "0.79", "2007-06-30": "0.66", "2007-03-31": "0.65", "2006-12-31": "0.79", "2006-09-30": "0.79", "2006-06-30": "1.04", "2006-03-31": "1.07", "2005-12-31": "1.06", "2005-09-30": "0.99", "2005-06-30": "1.29", "2005-03-31": "1.70"}, "quick ratio": {"2020-12-31": "0.87", "2020-09-30": "0.85", "2020-06-30": "0.75", "2020-03-31": "0.52", "2019-12-31": "0.52", "2019-09-30": "0.67", "2019-06-30": "1.06", "2019-03-31": "0.67", "2018-12-31": "1.17", "2018-09-30": "1.95", "2018-06-30": "0.76", "2018-03-31": "0.83", "2017-12-31": "0.81", "2017-09-30": "0.93", "2017-06-30": "1.03", "2017-03-31": "0.90", "2016-12-31": "0.77", "2016-09-30": "0.74", "2016-06-30": "0.83", "2016-03-31": "0.60", "2015-12-31": "0.79", "2015-09-30": "0.73", "2015-06-30": "0.89", "2015-03-31": "0.90", "2014-12-31": "0.99", "2014-09-30": "1.01", "2014-06-30": "0.81", "2014-03-31": "0.96", "2013-12-31": "0.95", "2013-09-30": "0.81", "2013-06-30": "1.27", "2013-03-31": "1.18", "2012-12-31": "1.39", "2012-09-30": "1.34", "2012-06-30": "1.65", "2012-03-31": "1.60", "2011-12-31": "1.44", "2011-09-30": "1.36", "2011-06-30": "1.47", "2011-03-31": "1.54", "2010-12-31": "1.42", "2010-09-30": "1.24", "2010-06-30": "1.23", "2010-03-31": "1.22", "2009-12-31": "1.15", "2009-09-30": "0.87", "2009-06-30": "0.65", "2009-03-31": "0.58", "2008-12-31": "0.57", "2008-09-30": "0.48", "2008-06-30": "0.48", "2008-03-31": "0.47", "2007-12-31": "0.51", "2007-09-30": "0.47", "2007-06-30": "0.36", "2007-03-31": "0.38", "2006-12-31": "0.49", "2006-09-30": "0.46", "2006-06-30": "0.61", "2006-03-31": "0.68", "2005-12-31": "0.71", "2005-09-30": "0.54", "2005-06-30": "0.73", "2005-03-31": "1.21"}, "debt equity ratio": {"current": "0.00", "2020-12-31": "-4.79", "2020-09-30": "-4.77", "2020-06-30": "-4.38", "2020-03-31": "-4.65", "2019-12-31": "-5.10", "2019-09-30": "-4.09", "2019-06-30": "-5.84", "2019-03-31": "-4.50", "2018-12-31": "-7.94", "2018-09-30": "19.55", "2018-06-30": "3.30", "2018-03-31": "2.72", "2017-12-31": "2.22", "2017-09-30": "1.63", "2017-06-30": "1.48", "2017-03-31": "1.54", "2016-12-31": "1.42", "2016-09-30": "1.43", "2016-06-30": "1.42", "2016-03-31": "1.46", "2015-12-31": "1.16", "2015-09-30": "1.13", "2015-06-30": "1.20", "2015-03-31": "1.03", "2014-12-31": "1.01", "2014-09-30": "1.04", "2014-06-30": "1.05", "2014-03-31": "1.04", "2013-12-31": "1.10", "2013-09-30": "1.57", "2013-06-30": "0.58", "2013-03-31": "0.60", "2012-12-31": "0.64", "2012-09-30": "0.61", "2012-06-30": "0.54", "2012-03-31": "0.56", "2011-12-31": "0.64", "2011-09-30": "0.68", "2011-06-30": "0.64", "2011-03-31": "0.62", "2010-12-31": "0.71", "2010-09-30": "0.73", "2010-06-30": "0.76", "2010-03-31": "0.73", "2009-12-31": "0.81", "2009-09-30": "0.82", "2009-06-30": "0.89", "2009-03-31": "1.01", "2008-12-31": "1.14", "2008-09-30": "1.28", "2008-06-30": "1.24", "2008-03-31": "1.27", "2007-12-31": "1.44", "2007-09-30": "1.34", "2007-06-30": "1.08", "2007-03-31": "1.10", "2006-12-31": "0.86", "2006-09-30": "0.99", "2006-06-30": "0.62", "2006-03-31": "0.58", "2005-12-31": "0.66", "2005-09-30": "0.68", "2005-06-30": "0.46", "2005-03-31": "0.38"}, "return on equity": {"2020-12-31": "-8.35%", "2020-09-30": "-12.10%", "2020-06-30": "-18.38%", "2020-03-31": "-54.58%", "2019-12-31": "-66.68%", "2019-09-30": "-77.99%", "2019-06-30": "-128.50%", "2019-03-31": "-442.47%", "2018-12-31": "172.79%", "2018-09-30": "115.48%", "2018-06-30": "91.36%", "2018-03-31": "80.63%", "2017-12-31": "77.33%", "2017-09-30": "50.81%", "2017-06-30": "50.06%", "2017-03-31": "51.41%", "2016-12-31": "51.20%", "2016-09-30": "49.67%", "2016-06-30": "47.21%", "2016-03-31": "44.70%", "2015-12-31": "41.62%", "2015-09-30": "46.26%", "2015-06-30": "46.23%", "2015-03-31": "45.82%", "2014-12-31": "46.83%", "2014-09-30": "41.01%", "2014-06-30": "5.14%", "2014-03-31": "3.07%", "2013-12-31": "2.29%", "2013-09-30": "0.15%", "2013-06-30": "29.94%", "2013-03-31": "28.83%", "2012-12-31": "27.56%", "2012-09-30": "27.12%", "2012-06-30": "28.10%", "2012-03-31": "28.52%", "2011-12-31": "28.74%", "2011-09-30": "29.12%", "2011-06-30": "28.44%", "2011-03-31": "28.10%", "2010-12-31": "28.34%", "2010-09-30": "26.77%", "2010-06-30": "24.19%", "2010-03-31": "23.79%", "2009-12-31": "19.18%", "2009-09-30": "14.10%", "2009-06-30": "9.35%", "2009-03-31": "3.42%", "2008-12-31": "6.84%", "2008-09-30": "13.04%", "2008-06-30": "19.84%", "2008-03-31": "27.17%", "2007-12-31": "29.70%", "2007-09-30": "28.97%", "2007-06-30": "27.33%", "2007-03-31": "26.34%", "2006-12-31": "24.77%", "2006-09-30": "24.00%", "2006-06-30": "24.66%", "2006-03-31": "24.44%", "2005-12-31": "22.78%"}, "return on assets": {"2020-12-31": "2.29%", "2020-09-30": "3.27%", "2020-06-30": "5.17%", "2020-03-31": "14.23%", "2019-12-31": "17.43%", "2019-09-30": "18.52%", "2019-06-30": "17.19%", "2019-03-31": "15.36%", "2018-12-31": "15.36%", "2018-09-30": "23.35%", "2018-06-30": "26.93%", "2018-03-31": "27.04%", "2017-12-31": "28.45%", "2017-09-30": "20.21%", "2017-06-30": "20.31%", "2017-03-31": "21.00%", "2016-12-31": "21.08%", "2016-09-30": "21.03%", "2016-06-30": "20.65%", "2016-03-31": "20.04%", "2015-12-31": "19.54%", "2015-09-30": "22.14%", "2015-06-30": "22.37%", "2015-03-31": "22.58%", "2014-12-31": "23.04%", "2014-09-30": "19.95%", "2014-06-30": "2.36%", "2014-03-31": "1.50%", "2013-12-31": "1.19%", "2013-09-30": "0.09%", "2013-06-30": "18.66%", "2013-03-31": "18.07%", "2012-12-31": "17.37%", "2012-09-30": "17.10%", "2012-06-30": "17.56%", "2012-03-31": "17.54%", "2011-12-31": "17.47%", "2011-09-30": "17.54%", "2011-06-30": "17.01%", "2011-03-31": "16.51%", "2010-12-31": "16.38%", "2010-09-30": "15.23%", "2010-06-30": "13.60%", "2010-03-31": "13.15%", "2009-12-31": "10.21%", "2009-09-30": "7.20%", "2009-06-30": "4.51%", "2009-03-31": "1.58%", "2008-12-31": "3.07%", "2008-09-30": "5.66%", "2008-06-30": "8.55%", "2008-03-31": "11.91%", "2007-12-31": "13.26%", "2007-09-30": "13.87%", "2007-06-30": "13.64%", "2007-03-31": "14.01%", "2006-12-31": "14.12%", "2006-09-30": "14.07%", "2006-06-30": "15.10%", "2006-03-31": "15.34%", "2005-12-31": "14.81%"}, "return on investments": {"2020-12-31": "21.10%", "2020-09-30": "29.87%", "2020-06-30": "43.97%", "2020-03-31": "79.03%", "2019-12-31": "86.61%", "2019-09-30": "73.70%", "2019-06-30": "57.56%", "2019-03-31": "50.30%", "2018-12-31": "40.28%", "2018-09-30": "37.30%", "2018-06-30": "38.75%", "2018-03-31": "39.16%", "2017-12-31": "42.18%", "2017-09-30": "43.85%", "2017-06-30": "46.40%", "2017-03-31": "47.25%", "2016-12-31": "49.18%", "2016-09-30": "49.84%", "2016-06-30": "48.06%", "2016-03-31": "48.10%", "2015-12-31": "46.28%", "2015-09-30": "44.14%", "2015-06-30": "43.88%", "2015-03-31": "43.22%", "2014-12-31": "42.97%", "2014-09-30": "43.45%", "2014-06-30": "1.67%", "2014-03-31": "-0.65%", "2013-12-31": "-2.28%", "2013-09-30": "-5.49%", "2013-06-30": "39.20%", "2013-03-31": "37.68%", "2012-12-31": "36.01%", "2012-09-30": "35.32%", "2012-06-30": "35.20%", "2012-03-31": "35.24%", "2011-12-31": "35.59%", "2011-09-30": "35.79%", "2011-06-30": "36.09%", "2011-03-31": "36.06%", "2010-12-31": "36.85%", "2010-09-30": "34.78%", "2010-06-30": "31.07%", "2010-03-31": "29.25%", "2009-12-31": "22.66%", "2009-09-30": "16.92%", "2009-06-30": "11.85%", "2009-03-31": "4.88%", "2008-12-31": "9.45%", "2008-09-30": "16.96%", "2008-06-30": "25.29%", "2008-03-31": "36.56%", "2007-12-31": "41.81%", "2007-09-30": "42.82%", "2007-06-30": "43.45%", "2007-03-31": "41.48%", "2006-12-31": "38.97%", "2006-09-30": "38.12%", "2006-06-30": "38.60%", "2006-03-31": "38.91%", "2005-12-31": "36.16%"}, "return on tangible equity": {"2020-12-31": "-5.48%", "2020-09-30": "-7.84%", "2020-06-30": "-11.65%", "2020-03-31": "-32.32%", "2019-12-31": "-37.43%", "2019-09-30": "-39.76%", "2019-06-30": "-48.79%", "2019-03-31": "-57.32%", "2018-12-31": "-101.76%", "2018-09-30": "-495.39%", "2018-06-30": "562.67%", "2018-03-31": "223.57%", "2017-12-31": "150.29%", "2017-09-30": "79.26%", "2017-06-30": "78.63%", "2017-03-31": "82.29%", "2016-12-31": "83.31%", "2016-09-30": "80.49%", "2016-06-30": "75.88%", "2016-03-31": "70.87%", "2015-12-31": "64.52%", "2015-09-30": "71.71%", "2015-06-30": "68.16%", "2015-03-31": "64.62%", "2014-12-31": "63.17%", "2014-09-30": "52.94%", "2014-06-30": "6.71%", "2014-03-31": "3.90%", "2013-12-31": "2.85%", "2013-09-30": "0.18%", "2013-06-30": "34.21%", "2013-03-31": "32.11%", "2012-12-31": "29.88%", "2012-09-30": "29.36%", "2012-06-30": "30.15%", "2012-03-31": "30.73%", "2011-12-31": "31.07%", "2011-09-30": "31.58%", "2011-06-30": "30.99%", "2011-03-31": "30.73%", "2010-12-31": "31.14%", "2010-09-30": "29.54%", "2010-06-30": "26.81%", "2010-03-31": "26.52%", "2009-12-31": "21.56%", "2009-09-30": "15.99%", "2009-06-30": "10.69%", "2009-03-31": "3.91%", "2008-12-31": "7.82%", "2008-09-30": "14.84%", "2008-06-30": "22.45%", "2008-03-31": "30.63%", "2007-12-31": "33.44%", "2007-09-30": "32.51%", "2007-06-30": "30.47%", "2007-03-31": "29.13%", "2006-12-31": "27.21%", "2006-09-30": "26.05%", "2006-06-30": "26.58%", "2006-03-31": "26.10%", "2005-12-31": "23.99%"}, "dividend yield history": {"last payout": "$1.80", "last yield": "1.69%"}}