{"ticker": "SLB", "price": {"title": "Schlumberger Historical Annual Stock Price Data", "value": 25.01, "historical": {"2021": {"Average Stock Price": "24.0771", "Year Open": "21.9500", "Year High": "26.1400", "Year Low": "21.8100", "Year Close": "25.0100", "Annual % Change": "14.57%"}, "2020": {"Average Stock Price": "20.9321", "Year Open": "40.1700", "Year High": "40.8200", "Year Low": "12.0500", "Year Close": "21.8300", "Annual % Change": "-45.70%"}, "2019": {"Average Stock Price": "38.8930", "Year Open": "37.2000", "Year High": "47.4100", "Year Low": "30.7100", "Year Close": "40.2000", "Annual % Change": "11.42%"}, "2018": {"Average Stock Price": "63.0249", "Year Open": "69.5200", "Year High": "79.7900", "Year Low": "35.1900", "Year Close": "36.0800", "Annual % Change": "-46.46%"}, "2017": {"Average Stock Price": "71.0414", "Year Open": "84.8000", "Year High": "87.4800", "Year Low": "61.3100", "Year Close": "67.3900", "Annual % Change": "-19.73%"}, "2016": {"Average Stock Price": "77.1398", "Year Open": "69.1800", "Year High": "86.3800", "Year Low": "61.0600", "Year Close": "83.9500", "Annual % Change": "20.36%"}, "2015": {"Average Stock Price": "81.8332", "Year Open": "85.6700", "Year High": "94.6100", "Year Low": "67.3400", "Year Close": "69.7500", "Annual % Change": "-18.34%"}, "2014": {"Average Stock Price": "98.7178", "Year Open": "88.8200", "Year High": "117.9500", "Year Low": "79.9000", "Year Close": "85.4100", "Annual % Change": "-5.22%"}, "2013": {"Average Stock Price": "80.8276", "Year Open": "71.4000", "Year High": "94.4600", "Year Low": "69.9500", "Year Close": "90.1100", "Annual % Change": "30.03%"}, "2012": {"Average Stock Price": "71.1588", "Year Open": "70.0900", "Year High": "80.0000", "Year Low": "59.6700", "Year Close": "69.2986", "Annual % Change": "1.45%"}, "2011": {"Average Stock Price": "80.5805", "Year Open": "83.6500", "Year High": "95.0400", "Year Low": "57.7200", "Year Close": "68.3100", "Annual % Change": "-18.19%"}, "2010": {"Average Stock Price": "65.1799", "Year Open": "67.1100", "Year High": "83.6300", "Year Low": "51.7500", "Year Close": "83.5000", "Annual % Change": "28.28%"}, "2009": {"Average Stock Price": "53.4554", "Year Open": "45.6200", "Year High": "70.7600", "Year Low": "35.1900", "Year Close": "65.0900", "Annual % Change": "53.77%"}, "2008": {"Average Stock Price": "82.2184", "Year Open": "100.5800", "Year High": "109.8600", "Year Low": "37.7400", "Year Close": "42.3300", "Annual % Change": "-56.97%"}, "2007": {"Average Stock Price": "83.7735", "Year Open": "60.8200", "Year High": "112.0900", "Year Low": "56.5200", "Year Close": "98.3700", "Annual % Change": "55.75%"}, "2006": {"Average Stock Price": "62.4011", "Year Open": "51.6800", "Year High": "73.3700", "Year Low": "51.6800", "Year Close": "63.1600", "Annual % Change": "30.03%"}, "2005": {"Average Stock Price": "39.4465", "Year Open": "32.1250", "Year High": "51.4400", "Year Low": "31.7350", "Year Close": "48.5750", "Annual % Change": "45.11%"}, "2004": {"Average Stock Price": "31.2243", "Year Open": "27.3300", "Year High": "34.6300", "Year Low": "26.3450", "Year Close": "33.4750", "Annual % Change": "22.35%"}, "2003": {"Average Stock Price": "22.6176", "Year Open": "21.5500", "Year High": "27.8350", "Year Low": "17.8250", "Year Close": "27.3600", "Annual % Change": "30.01%"}, "2002": {"Average Stock Price": "23.9534", "Year Open": "26.7150", "Year High": "30.7500", "Year Low": "17.1350", "Year Close": "21.0450", "Annual % Change": "-23.40%"}, "2001": {"Average Stock Price": "28.8248", "Year Open": "40.8750", "Year High": "40.8750", "Year Low": "20.9700", "Year Close": "27.4750", "Annual % Change": "-31.26%"}, "2000": {"Average Stock Price": "37.3738", "Year Open": "27.4700", "Year High": "43.9400", "Year Low": "27.0950", "Year Close": "39.9700", "Annual % Change": "42.42%"}, "1999": {"Average Stock Price": "29.6174", "Year Open": "23.9050", "Year High": "35.1550", "Year Low": "23.2200", "Year Close": "28.0650", "Annual % Change": "21.02%"}, "1998": {"Average Stock Price": "31.9293", "Year Open": "40.3450", "Year High": "42.7800", "Year Low": "20.6250", "Year Close": "23.1900", "Annual % Change": "-42.39%"}, "1997": {"Average Stock Price": "34.0197", "Year Open": "25.0000", "Year High": "47.1250", "Year Low": "24.6250", "Year Close": "40.2500", "Annual % Change": "61.19%"}, "1996": {"Average Stock Price": "21.2591", "Year Open": "17.3125", "Year High": "27.0313", "Year Low": "16.5625", "Year Close": "24.9700", "Annual % Change": "44.23%"}, "1995": {"Average Stock Price": "15.5755", "Year Open": "12.7825", "Year High": "17.5625", "Year Low": "12.6575", "Year Close": "17.3125", "Annual % Change": "37.46%"}, "1994": {"Average Stock Price": "14.1470", "Year Open": "14.7200", "Year High": "15.5625", "Year Low": "12.5325", "Year Close": "12.5950", "Annual % Change": "-14.80%"}, "1993": {"Average Stock Price": "15.4975", "Year Open": "14.1875", "Year High": "16.9075", "Year Low": "13.9700", "Year Close": "14.7825", "Annual % Change": "3.28%"}, "1992": {"Average Stock Price": "15.6910", "Year Open": "16.0625", "Year High": "17.5000", "Year Low": "13.5325", "Year Close": "14.3125", "Annual % Change": "-8.22%"}, "1991": {"Average Stock Price": "15.7538", "Year Open": "14.2500", "Year High": "18.3450", "Year Low": "12.8750", "Year Close": "15.5950", "Annual % Change": "7.77%"}, "1990": {"Average Stock Price": "13.9662", "Year Open": "12.3125", "Year High": "17.1875", "Year Low": "11.2825", "Year Close": "14.4700", "Annual % Change": "17.81%"}, "1989": {"Average Stock Price": "10.1767", "Year Open": "8.0625", "Year High": "12.5625", "Year Low": "8.0625", "Year Close": "12.2825", "Annual % Change": "50.57%"}, "1988": {"Average Stock Price": "8.5389", "Year Open": "7.6875", "Year High": "9.6875", "Year Low": "7.2500", "Year Close": "8.1575", "Annual % Change": "13.50%"}, "1987": {"Average Stock Price": "10.1573", "Year Open": "8.0950", "Year High": "12.7200", "Year Low": "7.1550", "Year Close": "7.1875", "Annual % Change": "-9.45%"}, "1986": {"Average Stock Price": "8.0186", "Year Open": "9.0000", "Year High": "9.4075", "Year Low": "7.0300", "Year Close": "7.9375", "Annual % Change": "-13.01%"}, "1985": {"Average Stock Price": "9.3184", "Year Open": "9.5000", "Year High": "10.8450", "Year Low": "8.2500", "Year Close": "9.1250", "Annual % Change": "-4.27%"}, "1984": {"Average Stock Price": "11.4812", "Year Open": "12.2825", "Year High": "13.7200", "Year Low": "9.0000", "Year Close": "9.5325", "Annual % Change": "-23.74%"}, "1983": {"Average Stock Price": "12.4312", "Year Open": "11.4075", "Year High": "15.4700", "Year Low": "9.6250", "Year Close": "12.5000", "Annual % Change": "7.23%"}, "1982": {"Average Stock Price": "10.5703", "Year Open": "13.6875", "Year High": "13.6875", "Year Low": "7.8750", "Year Close": "11.6575", "Annual % Change": "-16.55%"}}}, "market cap": {"value": "$34.82B"}, "income statement": {"Revenue": {"2020-12-31": "23601.00000", "2019-12-31": "32917.00000", "2018-12-31": "32815.00000", "2017-12-31": "30440.00000", "2016-12-31": "27810.00000", "2015-12-31": "35475.00000", "2014-12-31": "48580.00000", "2013-12-31": "45266.00000", "2012-12-31": "41731.00000", "2011-12-31": "36579.00000", "2010-12-31": "26672.00000", "2009-12-31": "22702.00000", "2008-12-31": "27163.00000", "2007-12-31": "23277.00000", "2006-12-31": "19230.48000", "2005-12-31": "14309.18000"}, "Cost Of Goods Sold": {"2020-12-31": "21000.00000", "2019-12-31": "28720.00000", "2018-12-31": "28478.00000", "2017-12-31": "26543.00000", "2016-12-31": "24409.00000", "2015-12-31": "28321.00000", "2014-12-31": "37398.00000", "2013-12-31": "35331.00000", "2012-12-31": "32885.00000", "2011-12-31": "28802.00000", "2010-12-31": "21097.00000", "2009-12-31": "17519.00000", "2008-12-31": "18957.00000", "2007-12-31": "15481.00000", "2006-12-31": "13182.75000", "2005-12-31": "10627.32000"}, "Gross Profit": {"2020-12-31": "2601.00000", "2019-12-31": "4197.00000", "2018-12-31": "4337.00000", "2017-12-31": "3897.00000", "2016-12-31": "3401.00000", "2015-12-31": "7154.00000", "2014-12-31": "11182.00000", "2013-12-31": "9935.00000", "2012-12-31": "8846.00000", "2011-12-31": "7777.00000", "2010-12-31": "5575.00000", "2009-12-31": "5183.00000", "2008-12-31": "8206.00000", "2007-12-31": "7796.00000", "2006-12-31": "6047.72800", "2005-12-31": "3681.86300"}, "Research And Development Expenses": {"2020-12-31": "580.00000", "2019-12-31": "717.00000", "2018-12-31": "702.00000", "2017-12-31": "787.00000", "2016-12-31": "1012.00000", "2015-12-31": "1094.00000", "2014-12-31": "1217.00000", "2013-12-31": "1174.00000", "2012-12-31": "1153.00000", "2011-12-31": "1061.00000", "2010-12-31": "919.00000", "2009-12-31": "802.00000", "2008-12-31": "819.00000", "2007-12-31": "728.00000", "2006-12-31": "619.31600", "2005-12-31": "505.51300"}, "SG&A Expenses": {"2020-12-31": "365.00000", "2019-12-31": "474.00000", "2018-12-31": "444.00000", "2017-12-31": "432.00000", "2016-12-31": "403.00000", "2015-12-31": "494.00000", "2014-12-31": "475.00000", "2013-12-31": "416.00000", "2012-12-31": "405.00000", "2011-12-31": "417.00000", "2010-12-31": "311.00000", "2009-12-31": "261.00000", "2008-12-31": "584.00000", "2007-12-31": "599.00000", "2006-12-31": "532.05100", "2005-12-31": "415.30200"}, "Other Operating Income Or Expenses": {"2020-12-31": "104.00000", "2019-12-31": "247.00000", "2018-12-31": "215.00000", "2017-12-31": "", "2016-12-31": "", "2015-12-31": "", "2014-12-31": "", "2013-12-31": "", "2012-12-31": "", "2011-12-31": "", "2010-12-31": "", "2009-12-31": "", "2008-12-31": "", "2007-12-31": "", "2006-12-31": "", "2005-12-31": ""}, "Operating Expenses": {"2020-12-31": "21841.00000", "2019-12-31": "29664.00000", "2018-12-31": "29409.00000", "2017-12-31": "28070.00000", "2016-12-31": "26173.00000", "2015-12-31": "29909.00000", "2014-12-31": "39090.00000", "2013-12-31": "36921.00000", "2012-12-31": "34571.00000", "2011-12-31": "30393.00000", "2010-12-31": "22818.00000", "2009-12-31": "18820.00000", "2008-12-31": "20476.00000", "2007-12-31": "16808.00000", "2006-12-31": "14334.12000", "2005-12-31": "11548.13000"}, "Operating Income": {"2020-12-31": "1760.00000", "2019-12-31": "3253.00000", "2018-12-31": "3406.00000", "2017-12-31": "2370.00000", "2016-12-31": "1637.00000", "2015-12-31": "5566.00000", "2014-12-31": "9490.00000", "2013-12-31": "8345.00000", "2012-12-31": "7160.00000", "2011-12-31": "6186.00000", "2010-12-31": "3854.00000", "2009-12-31": "3882.00000", "2008-12-31": "6687.00000", "2007-12-31": "6469.00000", "2006-12-31": "4896.36000", "2005-12-31": "2761.04900"}, "Total Non-Operating Income/Expense": {"2020-12-31": "-13058.00000", "2019-12-31": "-13671.00000", "2018-12-31": "-782.00000", "2017-12-31": "-3553.00000", "2016-12-31": "-3542.00000", "2015-12-31": "-2685.00000", "2014-12-31": "-1851.00000", "2013-12-31": "346.00000", "2012-12-31": "-201.00000", "2011-12-31": "-168.00000", "2010-12-31": "1278.00000", "2009-12-31": "52.00000", "2008-12-31": "165.00000", "2007-12-31": "156.00000", "2006-12-31": "51.80000", "2005-12-31": "210.67900"}, "Pre-Tax Income": {"2020-12-31": "-11298.00000", "2019-12-31": "-10418.00000", "2018-12-31": "2624.00000", "2017-12-31": "-1183.00000", "2016-12-31": "-1905.00000", "2015-12-31": "2881.00000", "2014-12-31": "7639.00000", "2013-12-31": "8691.00000", "2012-12-31": "6959.00000", "2011-12-31": "6018.00000", "2010-12-31": "5132.00000", "2009-12-31": "3934.00000", "2008-12-31": "6852.00000", "2007-12-31": "6625.00000", "2006-12-31": "4948.15800", "2005-12-31": "2971.73000"}, "Income Taxes": {"2020-12-31": "-812.00000", "2019-12-31": "-311.00000", "2018-12-31": "447.00000", "2017-12-31": "330.00000", "2016-12-31": "-278.00000", "2015-12-31": "746.00000", "2014-12-31": "1928.00000", "2013-12-31": "1848.00000", "2012-12-31": "1700.00000", "2011-12-31": "1492.00000", "2010-12-31": "879.00000", "2009-12-31": "770.00000", "2008-12-31": "1430.00000", "2007-12-31": "1448.00000", "2006-12-31": "1189.56800", "2005-12-31": "681.92700"}, "Income After Taxes": {"2020-12-31": "-10486.00000", "2019-12-31": "-10107.00000", "2018-12-31": "2177.00000", "2017-12-31": "-1513.00000", "2016-12-31": "-1627.00000", "2015-12-31": "2135.00000", "2014-12-31": "5711.00000", "2013-12-31": "6843.00000", "2012-12-31": "5259.00000", "2011-12-31": "4526.00000", "2010-12-31": "4253.00000", "2009-12-31": "3164.00000", "2008-12-31": "5422.00000", "2007-12-31": "5177.00000", "2006-12-31": "3758.59000", "2005-12-31": "2289.80300"}, "Other Income": {"2020-12-31": "", "2019-12-31": "", "2018-12-31": "", "2017-12-31": "", "2016-12-31": "", "2015-12-31": "", "2014-12-31": "", "2013-12-31": "", "2012-12-31": "", "2011-12-31": "", "2010-12-31": "", "2009-12-31": "", "2008-12-31": "", "2007-12-31": "", "2006-12-31": "", "2005-12-31": ""}, "Income From Continuous Operations": {"2020-12-31": "-10486.00000", "2019-12-31": "-10107.00000", "2018-12-31": "2177.00000", "2017-12-31": "-1513.00000", "2016-12-31": "-1627.00000", "2015-12-31": "2135.00000", "2014-12-31": "5711.00000", "2013-12-31": "6843.00000", "2012-12-31": "5259.00000", "2011-12-31": "4526.00000", "2010-12-31": "4253.00000", "2009-12-31": "3164.00000", "2008-12-31": "5422.00000", "2007-12-31": "5177.00000", "2006-12-31": "3709.85100", "2005-12-31": "2198.99500"}, "Income From Discontinued Operations": {"2020-12-31": "", "2019-12-31": "", "2018-12-31": "", "2017-12-31": "", "2016-12-31": "", "2015-12-31": "", "2014-12-31": "-205.00000", "2013-12-31": "-69.00000", "2012-12-31": "260.00000", "2011-12-31": "481.00000", "2010-12-31": "12.00000", "2009-12-31": "-22.00000", "2008-12-31": "38.00000", "2007-12-31": "", "2006-12-31": "", "2005-12-31": "7.97200"}, "Net Income": {"2020-12-31": "-10518.00000", "2019-12-31": "-10137.00000", "2018-12-31": "2138.00000", "2017-12-31": "-1505.00000", "2016-12-31": "-1687.00000", "2015-12-31": "2072.00000", "2014-12-31": "5438.00000", "2013-12-31": "6732.00000", "2012-12-31": "5490.00000", "2011-12-31": "4997.00000", "2010-12-31": "4267.00000", "2009-12-31": "3134.00000", "2008-12-31": "5435.00000", "2007-12-31": "5177.00000", "2006-12-31": "3709.85100", "2005-12-31": "2206.96700"}, "EBITDA": {"2020-12-31": "4326.00000", "2019-12-31": "6842.00000", "2018-12-31": "6962.00000", "2017-12-31": "6207.00000", "2016-12-31": "5731.00000", "2015-12-31": "9644.00000", "2014-12-31": "13584.00000", "2013-12-31": "12224.00000", "2012-12-31": "10807.00000", "2011-12-31": "9460.00000", "2010-12-31": "6611.00000", "2009-12-31": "6358.00000", "2008-12-31": "8956.00000", "2007-12-31": "8423.00000", "2006-12-31": "6457.77100", "2005-12-31": "4112.01800"}, "EBIT": {"2020-12-31": "1760.00000", "2019-12-31": "3253.00000", "2018-12-31": "3406.00000", "2017-12-31": "2370.00000", "2016-12-31": "1637.00000", "2015-12-31": "5566.00000", "2014-12-31": "9490.00000", "2013-12-31": "8345.00000", "2012-12-31": "7160.00000", "2011-12-31": "6186.00000", "2010-12-31": "3854.00000", "2009-12-31": "3882.00000", "2008-12-31": "6687.00000", "2007-12-31": "6469.00000", "2006-12-31": "4896.36000", "2005-12-31": "2761.04900"}, "Basic Shares Outstanding": {"2020-12-31": "1390.00000", "2019-12-31": "1385.00000", "2018-12-31": "1385.00000", "2017-12-31": "1388.00000", "2016-12-31": "1357.00000", "2015-12-31": "1267.00000", "2014-12-31": "1295.00000", "2013-12-31": "1323.00000", "2012-12-31": "1330.00000", "2011-12-31": "1349.00000", "2010-12-31": "1250.00000", "2009-12-31": "1198.00000", "2008-12-31": "1196.00000", "2007-12-31": "1188.00000", "2006-12-31": "1181.68300", "2005-12-31": "1178.57600"}, "Shares Outstanding": {"2020-12-31": "1390.00000", "2019-12-31": "1385.00000", "2018-12-31": "1393.00000", "2017-12-31": "1388.00000", "2016-12-31": "1357.00000", "2015-12-31": "1275.00000", "2014-12-31": "1308.00000", "2013-12-31": "1333.00000", "2012-12-31": "1339.00000", "2011-12-31": "1361.00000", "2010-12-31": "1263.00000", "2009-12-31": "1214.00000", "2008-12-31": "1224.00000", "2007-12-31": "1239.00000", "2006-12-31": "1242.19600", "2005-12-31": "1229.71600"}, "Basic EPS": {"2020-12-31": "-7.57000", "2019-12-31": "-7.32000", "2018-12-31": "1.54000", "2017-12-31": "-1.08000", "2016-12-31": "-1.24000", "2015-12-31": "1.63000", "2014-12-31": "4.20000", "2013-12-31": "5.09000", "2012-12-31": "4.13000", "2011-12-31": "3.70000", "2010-12-31": "3.41000", "2009-12-31": "2.62000", "2008-12-31": "4.54000", "2007-12-31": "4.36000", "2006-12-31": "3.14000", "2005-12-31": "1.87000"}, "EPS - Earnings Per Share": {"2020-12-31": "-7.57000", "2019-12-31": "-7.32000", "2018-12-31": "1.53000", "2017-12-31": "-1.08000", "2016-12-31": "-1.24000", "2015-12-31": "1.63000", "2014-12-31": "4.16000", "2013-12-31": "5.05000", "2012-12-31": "4.10000", "2011-12-31": "3.67000", "2010-12-31": "3.38000", "2009-12-31": "2.59000", "2008-12-31": "4.45000", "2007-12-31": "4.20000", "2006-12-31": "3.01000", "2005-12-31": "1.82000"}}, "income statement, quarterly": {"Revenue": {"2020-12-31": "5532.00000", "2020-09-30": "5258.00000", "2020-06-30": "5356.00000", "2020-03-31": "7455.00000", "2019-12-31": "8228.00000", "2019-09-30": "8541.00000", "2019-06-30": "8269.00000", "2019-03-31": "7879.00000", "2018-12-31": "8179.00000", "2018-09-30": "8504.00000", "2018-06-30": "8303.00000", "2018-03-31": "7829.00000", "2017-12-31": "8179.00000", "2017-09-30": "7905.00000", "2017-06-30": "7462.00000", "2017-03-31": "6894.00000", "2016-12-31": "7107.00000", "2016-09-30": "7019.00000", "2016-06-30": "7164.00000", "2016-03-31": "6520.00000", "2015-12-31": "7745.00000", "2015-09-30": "8472.00000", "2015-06-30": "9010.00000", "2015-03-31": "10248.00000", "2014-12-31": "12641.00000", "2014-09-30": "12646.00000", "2014-06-30": "12054.00000", "2014-03-31": "11239.00000", "2013-12-31": "11906.00000", "2013-09-30": "11608.00000", "2013-06-30": "11182.00000", "2013-03-31": "10570.00000", "2012-12-31": "10974.00000", "2012-09-30": "10498.00000", "2012-06-30": "10341.00000", "2012-03-31": "9918.00000", "2011-12-31": "9327.00000", "2011-09-30": "9546.00000", "2011-06-30": "8990.00000", "2011-03-31": "8716.00000", "2010-12-31": "8292.00000", "2010-09-30": "6845.00000", "2010-06-30": "5937.00000", "2010-03-31": "5598.00000", "2009-12-31": "5744.00000", "2009-09-30": "5430.00000", "2009-06-30": "5528.00000", "2009-03-31": "6000.00000", "2008-12-31": "6868.12700", "2008-09-30": "7259.00000", "2008-06-30": "6746.00000", "2008-03-31": "6289.87300", "2007-12-31": "6248.17100", "2007-09-30": "5925.66200", "2007-06-30": "5638.76200", "2007-03-31": "5464.40500", "2006-12-31": "5349.87000", "2006-09-30": "4954.81800", "2006-06-30": "4686.77500", "2006-03-31": "4239.01700", "2005-12-31": "4023.34400", "2005-09-30": "3698.09300", "2005-06-30": "3428.63200", "2005-03-31": "3159.11100"}, "Cost Of Goods Sold": {"2020-12-31": "4827.00000", "2020-09-30": "4624.00000", "2020-06-30": "4925.00000", "2020-03-31": "6624.00000", "2019-12-31": "7131.00000", "2019-09-30": "7385.00000", "2019-06-30": "7252.00000", "2019-03-31": "6952.00000", "2018-12-31": "7173.00000", "2018-09-30": "7324.00000", "2018-06-30": "7179.00000", "2018-03-31": "6802.00000", "2017-12-31": "7202.00000", "2017-09-30": "6797.00000", "2017-06-30": "6468.00000", "2017-03-31": "6076.00000", "2016-12-31": "6193.00000", "2016-09-30": "6291.00000", "2016-06-30": "6465.00000", "2016-03-31": "5460.00000", "2015-12-31": "6291.00000", "2015-09-30": "6798.00000", "2015-06-30": "7136.00000", "2015-03-31": "8096.00000", "2014-12-31": "9695.00000", "2014-09-30": "9689.00000", "2014-06-30": "9269.00000", "2014-03-31": "8745.00000", "2013-12-31": "9284.00000", "2013-09-30": "8926.00000", "2013-06-30": "8712.00000", "2013-03-31": "8409.00000", "2012-12-31": "8718.00000", "2012-09-30": "8237.00000", "2012-06-30": "8119.00000", "2012-03-31": "7811.00000", "2011-12-31": "7280.00000", "2011-09-30": "7444.00000", "2011-06-30": "7023.00000", "2011-03-31": "7055.00000", "2010-12-31": "6559.00000", "2010-09-30": "5471.00000", "2010-06-30": "4652.00000", "2010-03-31": "4415.00000", "2009-12-31": "4433.00000", "2009-09-30": "4144.00000", "2009-06-30": "4432.00000", "2009-03-31": "4510.00000", "2008-12-31": "5022.70500", "2008-09-30": "4967.00000", "2008-06-30": "4609.00000", "2008-03-31": "4358.29500", "2007-12-31": "4216.69000", "2007-09-30": "3905.09500", "2007-06-30": "3736.87100", "2007-03-31": "3622.34400", "2006-12-31": "3577.38100", "2006-09-30": "3361.55500", "2006-06-30": "3251.92600", "2006-03-31": "2991.89100", "2005-12-31": "2911.54000", "2005-09-30": "2761.59100", "2005-06-30": "2549.05400", "2005-03-31": "2405.13200"}, "Gross Profit": {"2020-12-31": "705.00000", "2020-09-30": "634.00000", "2020-06-30": "431.00000", "2020-03-31": "831.00000", "2019-12-31": "1097.00000", "2019-09-30": "1156.00000", "2019-06-30": "1017.00000", "2019-03-31": "927.00000", "2018-12-31": "1006.00000", "2018-09-30": "1180.00000", "2018-06-30": "1124.00000", "2018-03-31": "1027.00000", "2017-12-31": "977.00000", "2017-09-30": "1108.00000", "2017-06-30": "994.00000", "2017-03-31": "818.00000", "2016-12-31": "914.00000", "2016-09-30": "728.00000", "2016-06-30": "699.00000", "2016-03-31": "1060.00000", "2015-12-31": "1454.00000", "2015-09-30": "1674.00000", "2015-06-30": "1874.00000", "2015-03-31": "2152.00000", "2014-12-31": "2946.00000", "2014-09-30": "2957.00000", "2014-06-30": "2785.00000", "2014-03-31": "2494.00000", "2013-12-31": "2622.00000", "2013-09-30": "2682.00000", "2013-06-30": "2470.00000", "2013-03-31": "2161.00000", "2012-12-31": "2256.00000", "2012-09-30": "2261.00000", "2012-06-30": "2222.00000", "2012-03-31": "2107.00000", "2011-12-31": "2047.00000", "2011-09-30": "2102.00000", "2011-06-30": "1967.00000", "2011-03-31": "1661.00000", "2010-12-31": "1733.00000", "2010-09-30": "1374.00000", "2010-06-30": "1285.00000", "2010-03-31": "1183.00000", "2009-12-31": "1311.00000", "2009-09-30": "1286.00000", "2009-06-30": "1096.00000", "2009-03-31": "1490.00000", "2008-12-31": "1845.42200", "2008-09-30": "2292.00000", "2008-06-30": "2137.00000", "2008-03-31": "1931.57800", "2007-12-31": "2031.48100", "2007-09-30": "2020.56700", "2007-06-30": "1901.89100", "2007-03-31": "1842.06100", "2006-12-31": "1772.48800", "2006-09-30": "1593.26300", "2006-06-30": "1434.84900", "2006-03-31": "1247.12600", "2005-12-31": "1111.80400", "2005-09-30": "936.50200", "2005-06-30": "879.57810", "2005-03-31": "753.97900"}, "Research And Development Expenses": {"2020-12-31": "128.00000", "2020-09-30": "137.00000", "2020-06-30": "142.00000", "2020-03-31": "173.00000", "2019-12-31": "189.00000", "2019-09-30": "176.00000", "2019-06-30": "179.00000", "2019-03-31": "173.00000", "2018-12-31": "178.00000", "2018-09-30": "177.00000", "2018-06-30": "175.00000", "2018-03-31": "172.00000", "2017-12-31": "191.00000", "2017-09-30": "189.00000", "2017-06-30": "196.00000", "2017-03-31": "211.00000", "2016-12-31": "262.00000", "2016-09-30": "253.00000", "2016-06-30": "257.00000", "2016-03-31": "240.00000", "2015-12-31": "275.00000", "2015-09-30": "273.00000", "2015-06-30": "279.00000", "2015-03-31": "267.00000", "2014-12-31": "323.00000", "2014-09-30": "301.00000", "2014-06-30": "309.00000", "2014-03-31": "284.00000", "2013-12-31": "303.00000", "2013-09-30": "286.00000", "2013-06-30": "293.00000", "2013-03-31": "292.00000", "2012-12-31": "300.00000", "2012-09-30": "291.00000", "2012-06-30": "287.00000", "2012-03-31": "275.00000", "2011-12-31": "260.00000", "2011-09-30": "266.00000", "2011-06-30": "281.00000", "2011-03-31": "254.00000", "2010-12-31": "256.00000", "2010-09-30": "240.00000", "2010-06-30": "216.00000", "2010-03-31": "207.00000", "2009-12-31": "217.00000", "2009-09-30": "198.00000", "2009-06-30": "197.00000", "2009-03-31": "190.00000", "2008-12-31": "222.96900", "2008-09-30": "208.00000", "2008-06-30": "197.00000", "2008-03-31": "191.03100", "2007-12-31": "196.02900", "2007-09-30": "190.19400", "2007-06-30": "174.67900", "2007-03-31": "167.09800", "2006-12-31": "169.48200", "2006-09-30": "149.53800", "2006-06-30": "170.89000", "2006-03-31": "129.40600", "2005-12-31": "134.39200", "2005-09-30": "128.26600", "2005-06-30": "121.63500", "2005-03-31": "121.22000"}, "SG&A Expenses": {"2020-12-31": "72.00000", "2020-09-30": "85.00000", "2020-06-30": "81.00000", "2020-03-31": "127.00000", "2019-12-31": "128.00000", "2019-09-30": "120.00000", "2019-06-30": "114.00000", "2019-03-31": "112.00000", "2018-12-31": "114.00000", "2018-09-30": "105.00000", "2018-06-30": "114.00000", "2018-03-31": "111.00000", "2017-12-31": "109.00000", "2017-09-30": "115.00000", "2017-06-30": "110.00000", "2017-03-31": "98.00000", "2016-12-31": "98.00000", "2016-09-30": "92.00000", "2016-06-30": "103.00000", "2016-03-31": "110.00000", "2015-12-31": "133.00000", "2015-09-30": "122.00000", "2015-06-30": "120.00000", "2015-03-31": "119.00000", "2014-12-31": "121.00000", "2014-09-30": "125.00000", "2014-06-30": "123.00000", "2014-03-31": "106.00000", "2013-12-31": "111.00000", "2013-09-30": "110.00000", "2013-06-30": "100.00000", "2013-03-31": "95.00000", "2012-12-31": "112.00000", "2012-09-30": "95.00000", "2012-06-30": "101.00000", "2012-03-31": "97.00000", "2011-12-31": "98.00000", "2011-09-30": "87.00000", "2011-06-30": "139.00000", "2011-03-31": "93.00000", "2010-12-31": "90.00000", "2010-09-30": "75.00000", "2010-06-30": "74.00000", "2010-03-31": "72.00000", "2009-12-31": "-128.00000", "2009-09-30": "128.00000", "2009-06-30": "131.00000", "2009-03-31": "130.00000", "2008-12-31": "77.70000", "2008-09-30": "173.00000", "2008-06-30": "172.00000", "2008-03-31": "161.30000", "2007-12-31": "164.83900", "2007-09-30": "159.16400", "2007-06-30": "139.06400", "2007-03-31": "135.93300", "2006-12-31": "158.96200", "2006-09-30": "134.80800", "2006-06-30": "124.98800", "2006-03-31": "113.29300", "2005-12-31": "119.33000", "2005-09-30": "97.39700", "2005-06-30": "103.09100", "2005-03-31": "95.48400"}, "Other Operating Income Or Expenses": {"2020-12-31": "", "2020-09-30": "", "2020-06-30": "", "2020-03-31": "", "2019-12-31": "", "2019-09-30": "", "2019-06-30": "", "2019-03-31": "", "2018-12-31": "", "2018-09-30": "", "2018-06-30": "", "2018-03-31": "", "2017-12-31": "", "2017-09-30": "", "2017-06-30": "", "2017-03-31": "", "2016-12-31": "", "2016-09-30": "", "2016-06-30": "", "2016-03-31": "", "2015-12-31": "", "2015-09-30": "", "2015-06-30": "", "2015-03-31": "", "2014-12-31": "", "2014-09-30": "", "2014-06-30": "", "2014-03-31": "", "2013-12-31": "", "2013-09-30": "", "2013-06-30": "", "2013-03-31": "", "2012-12-31": "", "2012-09-30": "", "2012-06-30": "", "2012-03-31": "", "2011-12-31": "", "2011-09-30": "", "2011-06-30": "", "2011-03-31": "", "2010-12-31": "", "2010-09-30": "", "2010-06-30": "", "2010-03-31": "", "2009-12-31": "", "2009-09-30": "", "2009-06-30": "", "2009-03-31": "", "2008-12-31": "", "2008-09-30": "", "2008-06-30": "", "2008-03-31": "", "2007-12-31": "", "2007-09-30": "", "2007-06-30": "", "2007-03-31": "", "2006-12-31": "", "2006-09-30": "", "2006-06-30": "", "2006-03-31": "", "2005-12-31": "", "2005-09-30": "", "2005-06-30": "", "2005-03-31": ""}, "Operating Expenses": {"2020-12-31": "4923.00000", "2020-09-30": "4846.00000", "2020-06-30": "5148.00000", "2020-03-31": "6924.00000", "2019-12-31": "7201.00000", "2019-09-30": "7681.00000", "2019-06-30": "7545.00000", "2019-03-31": "7237.00000", "2018-12-31": "7250.00000", "2018-09-30": "7606.00000", "2018-06-30": "7468.00000", "2018-03-31": "7085.00000", "2017-12-31": "7598.00000", "2017-09-30": "7150.00000", "2017-06-30": "6855.00000", "2017-03-31": "6467.00000", "2016-12-31": "6629.00000", "2016-09-30": "6724.00000", "2016-06-30": "7010.00000", "2016-03-31": "5810.00000", "2015-12-31": "6260.00000", "2015-09-30": "7193.00000", "2015-06-30": "7535.00000", "2015-03-31": "8921.00000", "2014-12-31": "10139.00000", "2014-09-30": "10115.00000", "2014-06-30": "9701.00000", "2014-03-31": "9135.00000", "2013-12-31": "9698.00000", "2013-09-30": "9322.00000", "2013-06-30": "9105.00000", "2013-03-31": "8796.00000", "2012-12-31": "9189.00000", "2012-09-30": "8655.00000", "2012-06-30": "8529.00000", "2012-03-31": "8198.00000", "2011-12-31": "7659.00000", "2011-09-30": "7823.00000", "2011-06-30": "7475.00000", "2011-03-31": "7436.00000", "2010-12-31": "6965.00000", "2010-09-30": "6182.00000", "2010-06-30": "4942.00000", "2010-03-31": "4729.00000", "2009-12-31": "4760.00000", "2009-09-30": "4470.00000", "2009-06-30": "4760.00000", "2009-03-31": "4830.00000", "2008-12-31": "5439.37400", "2008-09-30": "5348.00000", "2008-06-30": "4978.00000", "2008-03-31": "4710.62600", "2007-12-31": "4577.55800", "2007-09-30": "4254.45300", "2007-06-30": "4050.61400", "2007-03-31": "3925.37500", "2006-12-31": "3905.82500", "2006-09-30": "3645.90100", "2006-06-30": "3547.80400", "2006-03-31": "3234.59000", "2005-12-31": "3165.26100", "2005-09-30": "2987.25400", "2005-06-30": "2773.78000", "2005-03-31": "2621.83600"}, "Operating Income": {"2020-12-31": "609.00000", "2020-09-30": "412.00000", "2020-06-30": "208.00000", "2020-03-31": "531.00000", "2019-12-31": "1027.00000", "2019-09-30": "860.00000", "2019-06-30": "724.00000", "2019-03-31": "642.00000", "2018-12-31": "929.00000", "2018-09-30": "898.00000", "2018-06-30": "835.00000", "2018-03-31": "744.00000", "2017-12-31": "581.00000", "2017-09-30": "755.00000", "2017-06-30": "607.00000", "2017-03-31": "427.00000", "2016-12-31": "478.00000", "2016-09-30": "295.00000", "2016-06-30": "154.00000", "2016-03-31": "710.00000", "2015-12-31": "1485.00000", "2015-09-30": "1279.00000", "2015-06-30": "1475.00000", "2015-03-31": "1327.00000", "2014-12-31": "2502.00000", "2014-09-30": "2531.00000", "2014-06-30": "2353.00000", "2014-03-31": "2104.00000", "2013-12-31": "2208.00000", "2013-09-30": "2286.00000", "2013-06-30": "2077.00000", "2013-03-31": "1774.00000", "2012-12-31": "1785.00000", "2012-09-30": "1843.00000", "2012-06-30": "1812.00000", "2012-03-31": "1720.00000", "2011-12-31": "1668.00000", "2011-09-30": "1723.00000", "2011-06-30": "1515.00000", "2011-03-31": "1280.00000", "2010-12-31": "1327.00000", "2010-09-30": "663.00000", "2010-06-30": "995.00000", "2010-03-31": "869.00000", "2009-12-31": "984.00000", "2009-09-30": "960.00000", "2009-06-30": "768.00000", "2009-03-31": "1170.00000", "2008-12-31": "1428.75300", "2008-09-30": "1911.00000", "2008-06-30": "1768.00000", "2008-03-31": "1579.24700", "2007-12-31": "1670.61400", "2007-09-30": "1671.20900", "2007-06-30": "1588.14800", "2007-03-31": "1539.03000", "2006-12-31": "1444.04500", "2006-09-30": "1308.91700", "2006-06-30": "1138.97100", "2006-03-31": "1004.42700", "2005-12-31": "858.08330", "2005-09-30": "710.83890", "2005-06-30": "654.85210", "2005-03-31": "537.27510"}, "Total Non-Operating Income/Expense": {"2020-12-31": "-137.00000", "2020-09-30": "-466.00000", "2020-06-30": "-3835.00000", "2020-03-31": "-8620.00000", "2019-12-31": "-576.00000", "2019-09-30": "-12831.00000", "2019-06-30": "-131.00000", "2019-03-31": "-133.00000", "2018-12-31": "-282.00000", "2018-09-30": "-111.00000", "2018-06-30": "-288.00000", "2018-03-31": "-101.00000", "2017-12-31": "-2792.00000", "2017-09-30": "-78.00000", "2017-06-30": "-590.00000", "2017-03-31": "-93.00000", "2016-12-31": "-691.00000", "2016-09-30": "-95.00000", "2016-06-30": "-2668.00000", "2016-03-31": "-88.00000", "2015-12-31": "-2587.00000", "2015-09-30": "-26.00000", "2015-06-30": "-39.00000", "2015-03-31": "-33.00000", "2014-12-31": "-1787.00000", "2014-09-30": "-11.00000", "2014-06-30": "-26.00000", "2014-03-31": "-27.00000", "2013-12-31": "-38.00000", "2013-09-30": "-55.00000", "2013-06-30": "596.00000", "2013-03-31": "-157.00000", "2012-12-31": "-90.00000", "2012-09-30": "-45.00000", "2012-06-30": "-33.00000", "2012-03-31": "-33.00000", "2011-12-31": "-50.00000", "2011-09-30": "-36.00000", "2011-06-30": "-40.00000", "2011-03-31": "-42.00000", "2010-12-31": "-16.00000", "2010-09-30": "1277.00000", "2010-06-30": "-2.00000", "2010-03-31": "19.00000", "2009-12-31": "11.00000", "2009-09-30": "20.00000", "2009-06-30": "-1.00000", "2009-03-31": "22.00000", "2008-12-31": "46.81100", "2008-09-30": "46.00000", "2008-06-30": "36.00000", "2008-03-31": "36.18900", "2007-12-31": "70.35400", "2007-09-30": "38.95600", "2007-06-30": "31.21400", "2007-03-31": "15.47600", "2006-12-31": "23.63500", "2006-09-30": "8.34800", "2006-06-30": "2.16900", "2006-03-31": "17.64800", "2005-12-31": "43.44100", "2005-09-30": "29.46400", "2005-06-30": "-4.21700", "2005-03-31": "141.99100"}, "Pre-Tax Income": {"2020-12-31": "472.00000", "2020-09-30": "-54.00000", "2020-06-30": "-3627.00000", "2020-03-31": "-8089.00000", "2019-12-31": "451.00000", "2019-09-30": "-11971.00000", "2019-06-30": "593.00000", "2019-03-31": "509.00000", "2018-12-31": "647.00000", "2018-09-30": "787.00000", "2018-06-30": "547.00000", "2018-03-31": "643.00000", "2017-12-31": "-2211.00000", "2017-09-30": "677.00000", "2017-06-30": "17.00000", "2017-03-31": "334.00000", "2016-12-31": "-213.00000", "2016-09-30": "200.00000", "2016-06-30": "-2514.00000", "2016-03-31": "622.00000", "2015-12-31": "-1102.00000", "2015-09-30": "1253.00000", "2015-06-30": "1436.00000", "2015-03-31": "1294.00000", "2014-12-31": "715.00000", "2014-09-30": "2520.00000", "2014-06-30": "2327.00000", "2014-03-31": "2077.00000", "2013-12-31": "2170.00000", "2013-09-30": "2231.00000", "2013-06-30": "2673.00000", "2013-03-31": "1617.00000", "2012-12-31": "1695.00000", "2012-09-30": "1798.00000", "2012-06-30": "1779.00000", "2012-03-31": "1687.00000", "2011-12-31": "1618.00000", "2011-09-30": "1687.00000", "2011-06-30": "1475.00000", "2011-03-31": "1238.00000", "2010-12-31": "1311.00000", "2010-09-30": "1940.00000", "2010-06-30": "993.00000", "2010-03-31": "888.00000", "2009-12-31": "995.00000", "2009-09-30": "980.00000", "2009-06-30": "767.00000", "2009-03-31": "1192.00000", "2008-12-31": "1475.56400", "2008-09-30": "1957.00000", "2008-06-30": "1804.00000", "2008-03-31": "1615.43600", "2007-12-31": "1740.96700", "2007-09-30": "1710.16500", "2007-06-30": "1619.36200", "2007-03-31": "1554.50600", "2006-12-31": "1467.67800", "2006-09-30": "1317.26500", "2006-06-30": "1141.14000", "2006-03-31": "1022.07500", "2005-12-31": "901.52600", "2005-09-30": "740.30300", "2005-06-30": "650.63500", "2005-03-31": "679.26600"}, "Income Taxes": {"2020-12-31": "89.00000", "2020-09-30": "19.00000", "2020-06-30": "-199.00000", "2020-03-31": "-721.00000", "2019-12-31": "109.00000", "2019-09-30": "-598.00000", "2019-06-30": "99.00000", "2019-03-31": "79.00000", "2018-12-31": "99.00000", "2018-09-30": "129.00000", "2018-06-30": "106.00000", "2018-03-31": "113.00000", "2017-12-31": "61.00000", "2017-09-30": "121.00000", "2017-06-30": "98.00000", "2017-03-31": "50.00000", "2016-12-31": "-19.00000", "2016-09-30": "10.00000", "2016-06-30": "-368.00000", "2016-03-31": "99.00000", "2015-12-31": "-112.00000", "2015-09-30": "250.00000", "2015-06-30": "302.00000", "2015-03-31": "306.00000", "2014-12-31": "397.00000", "2014-09-30": "556.00000", "2014-06-30": "506.00000", "2014-03-31": "469.00000", "2013-12-31": "487.00000", "2013-09-30": "506.00000", "2013-06-30": "449.00000", "2013-03-31": "406.00000", "2012-12-31": "425.00000", "2012-09-30": "436.00000", "2012-06-30": "439.00000", "2012-03-31": "400.00000", "2011-12-31": "433.00000", "2011-09-30": "398.00000", "2011-06-30": "366.00000", "2011-03-31": "295.00000", "2010-12-31": "279.00000", "2010-09-30": "209.00000", "2010-06-30": "177.00000", "2010-03-31": "214.00000", "2009-12-31": "175.00000", "2009-09-30": "191.00000", "2009-06-30": "152.00000", "2009-03-31": "252.00000", "2008-12-31": "325.41300", "2008-09-30": "418.00000", "2008-06-30": "378.00000", "2008-03-31": "308.58700", "2007-12-31": "357.27010", "2007-09-30": "356.16800", "2007-06-30": "360.88300", "2007-03-31": "373.67900", "2006-12-31": "337.06400", "2006-09-30": "317.43400", "2006-06-30": "278.41900", "2006-03-31": "256.65100", "2005-12-31": "207.15500", "2005-09-30": "174.95300", "2005-06-30": "162.12300", "2005-03-31": "137.69600"}, "Income After Taxes": {"2020-12-31": "383.00000", "2020-09-30": "-73.00000", "2020-06-30": "-3428.00000", "2020-03-31": "-7368.00000", "2019-12-31": "342.00000", "2019-09-30": "-11373.00000", "2019-06-30": "494.00000", "2019-03-31": "430.00000", "2018-12-31": "548.00000", "2018-09-30": "658.00000", "2018-06-30": "441.00000", "2018-03-31": "530.00000", "2017-12-31": "-2272.00000", "2017-09-30": "556.00000", "2017-06-30": "-81.00000", "2017-03-31": "284.00000", "2016-12-31": "-194.00000", "2016-09-30": "190.00000", "2016-06-30": "-2146.00000", "2016-03-31": "523.00000", "2015-12-31": "-990.00000", "2015-09-30": "1003.00000", "2015-06-30": "1134.00000", "2015-03-31": "988.00000", "2014-12-31": "318.00000", "2014-09-30": "1964.00000", "2014-06-30": "1821.00000", "2014-03-31": "1608.00000", "2013-12-31": "1683.00000", "2013-09-30": "1725.00000", "2013-06-30": "2224.00000", "2013-03-31": "1211.00000", "2012-12-31": "1270.00000", "2012-09-30": "1362.00000", "2012-06-30": "1340.00000", "2012-03-31": "1287.00000", "2011-12-31": "1185.00000", "2011-09-30": "1289.00000", "2011-06-30": "1109.00000", "2011-03-31": "943.00000", "2010-12-31": "1032.00000", "2010-09-30": "1731.00000", "2010-06-30": "816.00000", "2010-03-31": "674.00000", "2009-12-31": "820.00000", "2009-09-30": "789.00000", "2009-06-30": "615.00000", "2009-03-31": "940.00000", "2008-12-31": "1150.15100", "2008-09-30": "1539.00000", "2008-06-30": "1426.00000", "2008-03-31": "1306.84900", "2007-12-31": "1383.69700", "2007-09-30": "1353.99700", "2007-06-30": "1258.47900", "2007-03-31": "1180.82700", "2006-12-31": "1130.61400", "2006-09-30": "999.83110", "2006-06-30": "862.72100", "2006-03-31": "765.42400", "2005-12-31": "694.37090", "2005-09-30": "565.35000", "2005-06-30": "488.51200", "2005-03-31": "541.57000"}, "Other Income": {"2020-12-31": "", "2020-09-30": "", "2020-06-30": "", "2020-03-31": "", "2019-12-31": "", "2019-09-30": "", "2019-06-30": "", "2019-03-31": "", "2018-12-31": "", "2018-09-30": "", "2018-06-30": "", "2018-03-31": "", "2017-12-31": "", "2017-09-30": "", "2017-06-30": "", "2017-03-31": "", "2016-12-31": "", "2016-09-30": "", "2016-06-30": "", "2016-03-31": "", "2015-12-31": "", "2015-09-30": "", "2015-06-30": "", "2015-03-31": "", "2014-12-31": "", "2014-09-30": "", "2014-06-30": "", "2014-03-31": "", "2013-12-31": "", "2013-09-30": "", "2013-06-30": "", "2013-03-31": "", "2012-12-31": "", "2012-09-30": "", "2012-06-30": "", "2012-03-31": "", "2011-12-31": "", "2011-09-30": "", "2011-06-30": "", "2011-03-31": "", "2010-12-31": "", "2010-09-30": "", "2010-06-30": "", "2010-03-31": "", "2009-12-31": "", "2009-09-30": "", "2009-06-30": "", "2009-03-31": "", "2008-12-31": "", "2008-09-30": "", "2008-06-30": "", "2008-03-31": "", "2007-12-31": "", "2007-09-30": "", "2007-06-30": "", "2007-03-31": "", "2006-12-31": "", "2006-09-30": "", "2006-06-30": "", "2006-03-31": "", "2005-12-31": "", "2005-09-30": "", "2005-06-30": "", "2005-03-31": ""}, "Income From Continuous Operations": {"2020-12-31": "383.00000", "2020-09-30": "-73.00000", "2020-06-30": "-3428.00000", "2020-03-31": "-7368.00000", "2019-12-31": "342.00000", "2019-09-30": "-11373.00000", "2019-06-30": "494.00000", "2019-03-31": "430.00000", "2018-12-31": "548.00000", "2018-09-30": "658.00000", "2018-06-30": "441.00000", "2018-03-31": "530.00000", "2017-12-31": "-2272.00000", "2017-09-30": "556.00000", "2017-06-30": "-81.00000", "2017-03-31": "284.00000", "2016-12-31": "-194.00000", "2016-09-30": "190.00000", "2016-06-30": "-2146.00000", "2016-03-31": "523.00000", "2015-12-31": "-990.00000", "2015-09-30": "1003.00000", "2015-06-30": "1134.00000", "2015-03-31": "988.00000", "2014-12-31": "318.00000", "2014-09-30": "1964.00000", "2014-06-30": "1821.00000", "2014-03-31": "1608.00000", "2013-12-31": "1683.00000", "2013-09-30": "1725.00000", "2013-06-30": "2224.00000", "2013-03-31": "1211.00000", "2012-12-31": "1270.00000", "2012-09-30": "1362.00000", "2012-06-30": "1340.00000", "2012-03-31": "1287.00000", "2011-12-31": "1185.00000", "2011-09-30": "1289.00000", "2011-06-30": "1109.00000", "2011-03-31": "943.00000", "2010-12-31": "1032.00000", "2010-09-30": "1731.00000", "2010-06-30": "816.00000", "2010-03-31": "674.00000", "2009-12-31": "820.00000", "2009-09-30": "789.00000", "2009-06-30": "615.00000", "2009-03-31": "940.00000", "2008-12-31": "1150.15100", "2008-09-30": "1539.00000", "2008-06-30": "1426.00000", "2008-03-31": "1306.84900", "2007-12-31": "1383.69700", "2007-09-30": "1353.99700", "2007-06-30": "1258.47900", "2007-03-31": "1180.82700", "2006-12-31": "1130.61600", "2006-09-30": "999.82400", "2006-06-30": "856.90000", "2006-03-31": "722.51100", "2005-12-31": "660.55420", "2005-09-30": "540.80300", "2005-06-30": "473.20100", "2005-03-31": "524.43700"}, "Income From Discontinued Operations": {"2020-12-31": "", "2020-09-30": "", "2020-06-30": "", "2020-03-31": "", "2019-12-31": "", "2019-09-30": "", "2019-06-30": "", "2019-03-31": "", "2018-12-31": "", "2018-09-30": "", "2018-06-30": "", "2018-03-31": "", "2017-12-31": "", "2017-09-30": "", "2017-06-30": "", "2017-03-31": "", "2016-12-31": "", "2016-09-30": "", "2016-06-30": "", "2016-03-31": "", "2015-12-31": "", "2015-09-30": "", "2015-06-30": "", "2015-03-31": "", "2014-12-31": "", "2014-09-30": "", "2014-06-30": "-205.00000", "2014-03-31": "", "2013-12-31": "-1.00000", "2013-09-30": "", "2013-06-30": "-124.00000", "2013-03-31": "56.00000", "2012-12-31": "101.00000", "2012-09-30": "65.00000", "2012-06-30": "75.00000", "2012-03-31": "19.00000", "2011-12-31": "232.00000", "2011-09-30": "16.00000", "2011-06-30": "233.00000", "2011-03-31": "", "2010-12-31": "", "2010-09-30": "", "2010-06-30": "", "2010-03-31": "", "2009-12-31": "", "2009-09-30": "", "2009-06-30": "", "2009-03-31": "", "2008-12-31": "0.15000", "2008-09-30": "", "2008-06-30": "", "2008-03-31": "37.85000", "2007-12-31": "", "2007-09-30": "", "2007-06-30": "", "2007-03-31": "", "2006-12-31": "", "2006-09-30": "", "2006-06-30": "", "2006-03-31": "", "2005-12-31": "0.00000", "2005-09-30": "", "2005-06-30": "9.00000", "2005-03-31": "-1.02800"}, "Net Income": {"2020-12-31": "374.00000", "2020-09-30": "-82.00000", "2020-06-30": "-3434.00000", "2020-03-31": "-7376.00000", "2019-12-31": "333.00000", "2019-09-30": "-11383.00000", "2019-06-30": "492.00000", "2019-03-31": "421.00000", "2018-12-31": "539.00000", "2018-09-30": "644.00000", "2018-06-30": "430.00000", "2018-03-31": "525.00000", "2017-12-31": "-2255.00000", "2017-09-30": "545.00000", "2017-06-30": "-74.00000", "2017-03-31": "279.00000", "2016-12-31": "-204.00000", "2016-09-30": "176.00000", "2016-06-30": "-2160.00000", "2016-03-31": "501.00000", "2015-12-31": "-1016.00000", "2015-09-30": "989.00000", "2015-06-30": "1124.00000", "2015-03-31": "975.00000", "2014-12-31": "302.00000", "2014-09-30": "1949.00000", "2014-06-30": "1595.00000", "2014-03-31": "1592.00000", "2013-12-31": "1663.00000", "2013-09-30": "1715.00000", "2013-06-30": "2095.00000", "2013-03-31": "1259.00000", "2012-12-31": "1362.00000", "2012-09-30": "1424.00000", "2012-06-30": "1403.00000", "2012-03-31": "1301.00000", "2011-12-31": "1413.00000", "2011-09-30": "1301.00000", "2011-06-30": "1339.00000", "2011-03-31": "944.00000", "2010-12-31": "1043.00000", "2010-09-30": "1734.00000", "2010-06-30": "818.00000", "2010-03-31": "672.00000", "2009-12-31": "796.00000", "2009-09-30": "787.00000", "2009-06-30": "613.00000", "2009-03-31": "938.00000", "2008-12-31": "1150.69600", "2008-09-30": "1526.00000", "2008-06-30": "1420.00000", "2008-03-31": "1338.30400", "2007-12-31": "1383.69700", "2007-09-30": "1353.99700", "2007-06-30": "1258.47900", "2007-03-31": "1180.82700", "2006-12-31": "1130.61600", "2006-09-30": "999.82400", "2006-06-30": "856.90000", "2006-03-31": "722.51100", "2005-12-31": "660.55410", "2005-09-30": "540.80300", "2005-06-30": "482.20100", "2005-03-31": "523.40900"}, "EBITDA": {"2020-12-31": "1192.00000", "2020-09-30": "999.00000", "2020-06-30": "812.00000", "2020-03-31": "1323.00000", "2019-12-31": "1875.00000", "2019-09-30": "1760.00000", "2019-06-30": "1662.00000", "2019-03-31": "1545.00000", "2018-12-31": "1848.00000", "2018-09-30": "1785.00000", "2018-06-30": "1711.00000", "2018-03-31": "1618.00000", "2017-12-31": "1487.00000", "2017-09-30": "1711.00000", "2017-06-30": "1593.00000", "2017-03-31": "1416.00000", "2016-12-31": "1494.00000", "2016-09-30": "1293.00000", "2016-06-30": "1267.00000", "2016-03-31": "1677.00000", "2015-12-31": "2448.00000", "2015-09-30": "2305.00000", "2015-06-30": "2522.00000", "2015-03-31": "2369.00000", "2014-12-31": "3567.00000", "2014-09-30": "3563.00000", "2014-06-30": "3349.00000", "2014-03-31": "3105.00000", "2013-12-31": "3196.00000", "2013-09-30": "3274.00000", "2013-06-30": "3084.00000", "2013-03-31": "2670.00000", "2012-12-31": "2862.00000", "2012-09-30": "2707.00000", "2012-06-30": "2667.00000", "2012-03-31": "2571.00000", "2011-12-31": "2527.00000", "2011-09-30": "2549.00000", "2011-06-30": "2316.00000", "2011-03-31": "2068.00000", "2010-12-31": "2133.00000", "2010-09-30": "1356.00000", "2010-06-30": "1633.00000", "2010-03-31": "1489.00000", "2009-12-31": "1612.00000", "2009-09-30": "1573.00000", "2009-06-30": "1394.00000", "2009-03-31": "1779.00000", "2008-12-31": "2041.75300", "2008-09-30": "2494.00000", "2008-06-30": "2324.31100", "2008-03-31": "2095.93600", "2007-12-31": "2225.04400", "2007-09-30": "2168.87000", "2007-06-30": "2049.08000", "2007-03-31": "1980.00700", "2006-12-31": "1883.04500", "2006-09-30": "1701.68200", "2006-06-30": "1514.01300", "2006-03-31": "1359.03000", "2005-12-31": "1216.96400", "2005-09-30": "1047.94600", "2005-06-30": "981.36800", "2005-03-31": "865.74010"}, "EBIT": {"2020-12-31": "609.00000", "2020-09-30": "412.00000", "2020-06-30": "208.00000", "2020-03-31": "531.00000", "2019-12-31": "1027.00000", "2019-09-30": "860.00000", "2019-06-30": "724.00000", "2019-03-31": "642.00000", "2018-12-31": "929.00000", "2018-09-30": "898.00000", "2018-06-30": "835.00000", "2018-03-31": "744.00000", "2017-12-31": "581.00000", "2017-09-30": "755.00000", "2017-06-30": "607.00000", "2017-03-31": "427.00000", "2016-12-31": "478.00000", "2016-09-30": "295.00000", "2016-06-30": "154.00000", "2016-03-31": "710.00000", "2015-12-31": "1485.00000", "2015-09-30": "1279.00000", "2015-06-30": "1475.00000", "2015-03-31": "1327.00000", "2014-12-31": "2502.00000", "2014-09-30": "2531.00000", "2014-06-30": "2353.00000", "2014-03-31": "2104.00000", "2013-12-31": "2208.00000", "2013-09-30": "2286.00000", "2013-06-30": "2077.00000", "2013-03-31": "1774.00000", "2012-12-31": "1785.00000", "2012-09-30": "1843.00000", "2012-06-30": "1812.00000", "2012-03-31": "1720.00000", "2011-12-31": "1668.00000", "2011-09-30": "1723.00000", "2011-06-30": "1515.00000", "2011-03-31": "1280.00000", "2010-12-31": "1327.00000", "2010-09-30": "663.00000", "2010-06-30": "995.00000", "2010-03-31": "869.00000", "2009-12-31": "984.00000", "2009-09-30": "960.00000", "2009-06-30": "768.00000", "2009-03-31": "1170.00000", "2008-12-31": "1428.75300", "2008-09-30": "1911.00000", "2008-06-30": "1768.00000", "2008-03-31": "1579.24700", "2007-12-31": "1670.61300", "2007-09-30": "1671.20900", "2007-06-30": "1588.14800", "2007-03-31": "1539.03000", "2006-12-31": "1444.04600", "2006-09-30": "1308.91700", "2006-06-30": "1138.97100", "2006-03-31": "1004.42700", "2005-12-31": "858.08280", "2005-09-30": "710.83890", "2005-06-30": "654.85210", "2005-03-31": "537.27510"}, "Basic Shares Outstanding": {"2020-12-31": "1390.00000", "2020-09-30": "1391.00000", "2020-06-30": "1388.00000", "2020-03-31": "1387.00000", "2019-12-31": "1385.00000", "2019-09-30": "1385.00000", "2019-06-30": "1384.00000", "2019-03-31": "1385.00000", "2018-12-31": "1385.00000", "2018-09-30": "1385.00000", "2018-06-30": "1384.00000", "2018-03-31": "1385.00000", "2017-12-31": "1388.00000", "2017-09-30": "1385.00000", "2017-06-30": "1387.00000", "2017-03-31": "1393.00000", "2016-12-31": "1357.00000", "2016-09-30": "1392.00000", "2016-06-30": "1389.00000", "2016-03-31": "1254.00000", "2015-12-31": "1267.00000", "2015-09-30": "1265.00000", "2015-06-30": "1269.00000", "2015-03-31": "1276.00000", "2014-12-31": "1295.00000", "2014-09-30": "1294.00000", "2014-06-30": "1300.00000", "2014-03-31": "1306.00000", "2013-12-31": "1323.00000", "2013-09-30": "1322.00000", "2013-06-30": "1327.00000", "2013-03-31": "1330.00000", "2012-12-31": "1330.00000", "2012-09-30": "1328.00000", "2012-06-30": "1331.00000", "2012-03-31": "1334.00000", "2011-12-31": "1349.00000", "2011-09-30": "1345.00000", "2011-06-30": "1352.00000", "2011-03-31": "1360.00000", "2010-12-31": "1250.00000", "2010-09-30": "1249.00000", "2010-06-30": "1192.00000", "2010-03-31": "1195.00000", "2009-12-31": "1198.00000", "2009-09-30": "1200.00000", "2009-06-30": "1197.00000", "2009-03-31": "1196.00000", "2008-12-31": "1196.00000", "2008-09-30": "1199.00000", "2008-06-30": "1195.00000", "2008-03-31": "1195.99500", "2007-12-31": "1188.00000", "2007-09-30": "1194.17500", "2007-06-30": "1184.24300", "2007-03-31": "1178.45300", "2006-12-31": "1181.68300", "2006-09-30": "1183.68300", "2006-06-30": "1184.35700", "2006-03-31": "1180.34400", "2005-12-31": "1178.57600", "2005-09-30": "1179.64000", "2005-06-30": "1177.48200", "2005-03-31": "1178.66600"}, "Shares Outstanding": {"2020-12-31": "1390.00000", "2020-09-30": "1391.00000", "2020-06-30": "1388.00000", "2020-03-31": "1387.00000", "2019-12-31": "1385.00000", "2019-09-30": "1385.00000", "2019-06-30": "1395.00000", "2019-03-31": "1397.00000", "2018-12-31": "1393.00000", "2018-09-30": "1392.00000", "2018-06-30": "1392.00000", "2018-03-31": "1394.00000", "2017-12-31": "1388.00000", "2017-09-30": "1392.00000", "2017-06-30": "1387.00000", "2017-03-31": "1402.00000", "2016-12-31": "1357.00000", "2016-09-30": "1401.00000", "2016-06-30": "1389.00000", "2016-03-31": "1259.00000", "2015-12-31": "1275.00000", "2015-09-30": "1272.00000", "2015-06-30": "1280.00000", "2015-03-31": "1285.00000", "2014-12-31": "1308.00000", "2014-09-30": "1310.00000", "2014-06-30": "1315.00000", "2014-03-31": "1318.00000", "2013-12-31": "1333.00000", "2013-09-30": "1333.00000", "2013-06-30": "1336.00000", "2013-03-31": "1340.00000", "2012-12-31": "1339.00000", "2012-09-30": "1336.00000", "2012-06-30": "1339.00000", "2012-03-31": "1344.00000", "2011-12-31": "1361.00000", "2011-09-30": "1357.00000", "2011-06-30": "1366.00000", "2011-03-31": "1375.00000", "2010-12-31": "1263.00000", "2010-09-30": "1258.00000", "2010-06-30": "1208.00000", "2010-03-31": "1215.00000", "2009-12-31": "1214.00000", "2009-09-30": "1218.00000", "2009-06-30": "1214.00000", "2009-03-31": "1210.00000", "2008-12-31": "1224.00000", "2008-09-30": "1225.00000", "2008-06-30": "1230.00000", "2008-03-31": "1233.24400", "2007-12-31": "1239.00000", "2007-09-30": "1243.80800", "2007-06-30": "1240.91100", "2007-03-31": "1236.49100", "2006-12-31": "1242.19600", "2006-09-30": "1243.96600", "2006-06-30": "1246.07700", "2006-03-31": "1240.69400", "2005-12-31": "1229.71600", "2005-09-30": "1231.84600", "2005-06-30": "1225.96400", "2005-03-31": "1227.53000"}, "Basic EPS": {"2020-12-31": "0.28000", "2020-09-30": "-0.06000", "2020-06-30": "-2.47000", "2020-03-31": "-5.32000", "2019-12-31": "0.24000", "2019-09-30": "-8.22000", "2019-06-30": "0.36000", "2019-03-31": "0.30000", "2018-12-31": "0.39000", "2018-09-30": "0.46000", "2018-06-30": "0.31000", "2018-03-31": "0.38000", "2017-12-31": "-1.62000", "2017-09-30": "0.39000", "2017-06-30": "-0.05000", "2017-03-31": "0.20000", "2016-12-31": "-0.21000", "2016-09-30": "0.13000", "2016-06-30": "-1.56000", "2016-03-31": "0.40000", "2015-12-31": "-0.80000", "2015-09-30": "0.78000", "2015-06-30": "0.89000", "2015-03-31": "0.76000", "2014-12-31": "0.24000", "2014-09-30": "1.51000", "2014-06-30": "1.23000", "2014-03-31": "1.22000", "2013-12-31": "1.26000", "2013-09-30": "1.30000", "2013-06-30": "1.58000", "2013-03-31": "0.95000", "2012-12-31": "1.03000", "2012-09-30": "1.07000", "2012-06-30": "1.05000", "2012-03-31": "0.98000", "2011-12-31": "1.05000", "2011-09-30": "0.97000", "2011-06-30": "0.99000", "2011-03-31": "0.69000", "2010-12-31": "0.77000", "2010-09-30": "1.39000", "2010-06-30": "0.69000", "2010-03-31": "0.56000", "2009-12-31": "0.67000", "2009-09-30": "0.66000", "2009-06-30": "0.51000", "2009-03-31": "0.78000", "2008-12-31": "0.96000", "2008-09-30": "1.27000", "2008-06-30": "1.19000", "2008-03-31": "1.12000", "2007-12-31": "1.17000", "2007-09-30": "1.13000", "2007-06-30": "1.06000", "2007-03-31": "1.00000", "2006-12-31": "0.97000", "2006-09-30": "0.84000", "2006-06-30": "0.72000", "2006-03-31": "0.61000", "2005-12-31": "0.56000", "2005-09-30": "0.46000", "2005-06-30": "0.41000", "2005-03-31": "0.44000"}, "EPS - Earnings Per Share": {"2020-12-31": "0.28000", "2020-09-30": "-0.06000", "2020-06-30": "-2.47000", "2020-03-31": "-5.32000", "2019-12-31": "0.25000", "2019-09-30": "-8.22000", "2019-06-30": "0.35000", "2019-03-31": "0.30000", "2018-12-31": "0.38000", "2018-09-30": "0.46000", "2018-06-30": "0.31000", "2018-03-31": "0.38000", "2017-12-31": "-1.62000", "2017-09-30": "0.39000", "2017-06-30": "-0.05000", "2017-03-31": "0.20000", "2016-12-31": "-0.21000", "2016-09-30": "0.13000", "2016-06-30": "-1.56000", "2016-03-31": "0.40000", "2015-12-31": "-0.79000", "2015-09-30": "0.78000", "2015-06-30": "0.88000", "2015-03-31": "0.76000", "2014-12-31": "0.25000", "2014-09-30": "1.49000", "2014-06-30": "1.21000", "2014-03-31": "1.21000", "2013-12-31": "1.25000", "2013-09-30": "1.29000", "2013-06-30": "1.57000", "2013-03-31": "0.94000", "2012-12-31": "1.01000", "2012-09-30": "1.07000", "2012-06-30": "1.05000", "2012-03-31": "0.97000", "2011-12-31": "1.04000", "2011-09-30": "0.96000", "2011-06-30": "0.98000", "2011-03-31": "0.69000", "2010-12-31": "0.76000", "2010-09-30": "1.38000", "2010-06-30": "0.68000", "2010-03-31": "0.56000", "2009-12-31": "0.65000", "2009-09-30": "0.65000", "2009-06-30": "0.51000", "2009-03-31": "0.78000", "2008-12-31": "0.95000", "2008-09-30": "1.25000", "2008-06-30": "1.16000", "2008-03-31": "1.09000", "2007-12-31": "1.13000", "2007-09-30": "1.09000", "2007-06-30": "1.02000", "2007-03-31": "0.96000", "2006-12-31": "0.92000", "2006-09-30": "0.81000", "2006-06-30": "0.69000", "2006-03-31": "0.59000", "2005-12-31": "0.55000", "2005-09-30": "0.44000", "2005-06-30": "0.40000", "2005-03-31": "0.43000"}}, "balance sheet": {"Cash On Hand": {"2020-12-31": "3006.00000", "2019-12-31": "2167.00000", "2018-12-31": "2777.00000", "2017-12-31": "5089.00000", "2016-12-31": "9257.00000", "2015-12-31": "13034.00000", "2014-12-31": "7501.00000", "2013-12-31": "8370.00000", "2012-12-31": "6274.00000", "2011-12-31": "4827.00000", "2010-12-31": "4990.00000", "2009-12-31": "4616.00000", "2008-12-31": "3692.00000", "2007-12-31": "3169.03300", "2006-12-31": "2998.87300", "2005-12-31": "3495.68100"}, "Receivables": {"2020-12-31": "5247.00000", "2019-12-31": "7747.00000", "2018-12-31": "7881.00000", "2017-12-31": "8084.00000", "2016-12-31": "9387.00000", "2015-12-31": "8780.00000", "2014-12-31": "11171.00000", "2013-12-31": "11497.00000", "2012-12-31": "11351.00000", "2011-12-31": "9500.00000", "2010-12-31": "8278.00000", "2009-12-31": "6088.00000", "2008-12-31": "6258.00000", "2007-12-31": "5361.11400", "2006-12-31": "4242.00000", "2005-12-31": "3383.80300"}, "Inventory": {"2020-12-31": "3354.00000", "2019-12-31": "4130.00000", "2018-12-31": "4010.00000", "2017-12-31": "4046.00000", "2016-12-31": "4225.00000", "2015-12-31": "3756.00000", "2014-12-31": "4628.00000", "2013-12-31": "4603.00000", "2012-12-31": "4785.00000", "2011-12-31": "4700.00000", "2010-12-31": "3804.00000", "2009-12-31": "1866.00000", "2008-12-31": "1919.00000", "2007-12-31": "1638.19200", "2006-12-31": "1246.88700", "2005-12-31": "1010.44800"}, "Pre-Paid Expenses": {"2020-12-31": "", "2019-12-31": "", "2018-12-31": "", "2017-12-31": "", "2016-12-31": "", "2015-12-31": "", "2014-12-31": "", "2013-12-31": "", "2012-12-31": "", "2011-12-31": "", "2010-12-31": "", "2009-12-31": "", "2008-12-31": "", "2007-12-31": "", "2006-12-31": "", "2005-12-31": ""}, "Other Current Assets": {"2020-12-31": "1312.00000", "2019-12-31": "1486.00000", "2018-12-31": "1063.00000", "2017-12-31": "1278.00000", "2016-12-31": "1058.00000", "2015-12-31": "1134.00000", "2014-12-31": "1250.00000", "2013-12-31": "1467.00000", "2012-12-31": "1403.00000", "2011-12-31": "1056.00000", "2010-12-31": "975.00000", "2009-12-31": "926.00000", "2008-12-31": "933.00000", "2007-12-31": "704.48200", "2006-12-31": "535.01800", "2005-12-31": "430.81400"}, "Total Current Assets": {"2020-12-31": "12919.00000", "2019-12-31": "15530.00000", "2018-12-31": "15731.00000", "2017-12-31": "18497.00000", "2016-12-31": "23927.00000", "2015-12-31": "26912.00000", "2014-12-31": "24694.00000", "2013-12-31": "26225.00000", "2012-12-31": "24156.00000", "2011-12-31": "20539.00000", "2010-12-31": "18098.00000", "2009-12-31": "13650.00000", "2008-12-31": "12986.00000", "2007-12-31": "11055.38000", "2006-12-31": "9185.66200", "2005-12-31": "8553.91300"}, "Property, Plant, And Equipment": {"2020-12-31": "6826.00000", "2019-12-31": "9270.00000", "2018-12-31": "11679.00000", "2017-12-31": "11576.00000", "2016-12-31": "12821.00000", "2015-12-31": "13415.00000", "2014-12-31": "15396.00000", "2013-12-31": "15096.00000", "2012-12-31": "14780.00000", "2011-12-31": "12993.00000", "2010-12-31": "12071.00000", "2009-12-31": "9660.00000", "2008-12-31": "9690.00000", "2007-12-31": "8007.99100", "2006-12-31": "5576.04100", "2005-12-31": "4200.63800"}, "Long-Term Investments": {"2020-12-31": "2061.00000", "2019-12-31": "1565.00000", "2018-12-31": "1538.00000", "2017-12-31": "1519.00000", "2016-12-31": "1481.00000", "2015-12-31": "3729.00000", "2014-12-31": "3677.00000", "2013-12-31": "3680.00000", "2012-12-31": "1747.00000", "2011-12-31": "1522.00000", "2010-12-31": "1555.00000", "2009-12-31": "3044.00000", "2008-12-31": "2340.00000", "2007-12-31": "1852.31600", "2006-12-31": "1361.32300", "2005-12-31": "1348.53100"}, "Goodwill And Intangible Assets": {"2020-12-31": "16752.00000", "2019-12-31": "23699.00000", "2018-12-31": "34259.00000", "2017-12-31": "35199.00000", "2016-12-31": "35918.00000", "2015-12-31": "21200.00000", "2014-12-31": "20934.00000", "2013-12-31": "20082.00000", "2012-12-31": "19905.00000", "2011-12-31": "19461.00000", "2010-12-31": "19508.00000", "2009-12-31": "6379.00000", "2008-12-31": "6296.00000", "2007-12-31": "6227.06500", "2006-12-31": "6123.11300", "2005-12-31": "3464.50000"}, "Other Long-Term Assets": {"2020-12-31": "3876.00000", "2019-12-31": "6248.00000", "2018-12-31": "7300.00000", "2017-12-31": "5196.00000", "2016-12-31": "3809.00000", "2015-12-31": "2749.00000", "2014-12-31": "2203.00000", "2013-12-31": "2017.00000", "2012-12-31": "959.00000", "2011-12-31": "686.00000", "2010-12-31": "535.00000", "2009-12-31": "356.00000", "2008-12-31": "217.00000", "2007-12-31": "495.87200", "2006-12-31": "173.19700", "2005-12-31": "178.87300"}, "Total Long-Term Assets": {"2020-12-31": "29515.00000", "2019-12-31": "40782.00000", "2018-12-31": "54776.00000", "2017-12-31": "53490.00000", "2016-12-31": "54029.00000", "2015-12-31": "41093.00000", "2014-12-31": "42210.00000", "2013-12-31": "40875.00000", "2012-12-31": "37391.00000", "2011-12-31": "34662.00000", "2010-12-31": "33669.00000", "2009-12-31": "19815.00000", "2008-12-31": "19108.00000", "2007-12-31": "16797.99000", "2006-12-31": "13646.48000", "2005-12-31": "9523.57900"}, "Total Assets": {"2020-12-31": "42434.00000", "2019-12-31": "56312.00000", "2018-12-31": "70507.00000", "2017-12-31": "71987.00000", "2016-12-31": "77956.00000", "2015-12-31": "68005.00000", "2014-12-31": "66904.00000", "2013-12-31": "67100.00000", "2012-12-31": "61547.00000", "2011-12-31": "55201.00000", "2010-12-31": "51767.00000", "2009-12-31": "33465.00000", "2008-12-31": "32094.00000", "2007-12-31": "27853.37000", "2006-12-31": "22832.14000", "2005-12-31": "18077.49000"}, "Total Current Liabilities": {"2020-12-31": "10491.00000", "2019-12-31": "13098.00000", "2018-12-31": "13486.00000", "2017-12-31": "15282.00000", "2016-12-31": "15059.00000", "2015-12-31": "14121.00000", "2014-12-31": "14176.00000", "2013-12-31": "13525.00000", "2012-12-31": "12368.00000", "2011-12-31": "10538.00000", "2010-12-31": "10865.00000", "2009-12-31": "7259.00000", "2008-12-31": "8175.00000", "2007-12-31": "7504.85100", "2006-12-31": "6454.79500", "2005-12-31": "5432.88800"}, "Long Term Debt": {"2020-12-31": "16036.00000", "2019-12-31": "14770.00000", "2018-12-31": "14644.00000", "2017-12-31": "14875.00000", "2016-12-31": "16463.00000", "2015-12-31": "14442.00000", "2014-12-31": "10565.00000", "2013-12-31": "10393.00000", "2012-12-31": "9509.00000", "2011-12-31": "8556.00000", "2010-12-31": "5517.00000", "2009-12-31": "4355.00000", "2008-12-31": "3693.00000", "2007-12-31": "3794.46600", "2006-12-31": "4663.94200", "2005-12-31": "3591.33800"}, "Other Non-Current Liabilities": {"2020-12-31": "2350.00000", "2019-12-31": "2810.00000", "2018-12-31": "3197.00000", "2017-12-31": "1837.00000", "2016-12-31": "1530.00000", "2015-12-31": "1028.00000", "2014-12-31": "1317.00000", "2013-12-31": "1169.00000", "2012-12-31": "1150.00000", "2011-12-31": "1252.00000", "2010-12-31": "1043.00000", "2009-12-31": "962.00000", "2008-12-31": "923.00000", "2007-12-31": "775.97500", "2006-12-31": "257.34900", "2005-12-31": "249.45900"}, "Total Long Term Liabilities": {"2020-12-31": "19454.00000", "2019-12-31": "19038.00000", "2018-12-31": "20435.00000", "2017-12-31": "19444.00000", "2016-12-31": "21368.00000", "2015-12-31": "17979.00000", "2014-12-31": "14679.00000", "2013-12-31": "13940.00000", "2012-12-31": "14321.00000", "2011-12-31": "13271.00000", "2010-12-31": "9458.00000", "2009-12-31": "6977.00000", "2008-12-31": "6985.00000", "2007-12-31": "5472.63300", "2006-12-31": "5957.46000", "2005-12-31": "5053.01900"}, "Total Liabilities": {"2020-12-31": "29945.00000", "2019-12-31": "32136.00000", "2018-12-31": "33921.00000", "2017-12-31": "34726.00000", "2016-12-31": "36427.00000", "2015-12-31": "32100.00000", "2014-12-31": "28855.00000", "2013-12-31": "27465.00000", "2012-12-31": "26689.00000", "2011-12-31": "23809.00000", "2010-12-31": "20323.00000", "2009-12-31": "14236.00000", "2008-12-31": "15160.00000", "2007-12-31": "12977.48000", "2006-12-31": "12412.25000", "2005-12-31": "10485.91000"}, "Common Stock Net": {"2020-12-31": "12970.00000", "2019-12-31": "13078.00000", "2018-12-31": "13132.00000", "2017-12-31": "12975.00000", "2016-12-31": "12801.00000", "2015-12-31": "12693.00000", "2014-12-31": "12495.00000", "2013-12-31": "12192.00000", "2012-12-31": "11912.00000", "2011-12-31": "11639.00000", "2010-12-31": "11920.00000", "2009-12-31": "4777.00000", "2008-12-31": "4668.00000", "2007-12-31": "4136.36300", "2006-12-31": "3381.94600", "2005-12-31": "2750.57000"}, "Retained Earnings (Accumulated Deficit)": {"2020-12-31": "7018.00000", "2019-12-31": "18751.00000", "2018-12-31": "31658.00000", "2017-12-31": "32190.00000", "2016-12-31": "36470.00000", "2015-12-31": "40870.00000", "2014-12-31": "41333.00000", "2013-12-31": "37966.00000", "2012-12-31": "32887.00000", "2011-12-31": "28860.00000", "2010-12-31": "25210.00000", "2009-12-31": "22019.00000", "2008-12-31": "19891.00000", "2007-12-31": "15461.77000", "2006-12-31": "11118.48000", "2005-12-31": "7999.77000"}, "Comprehensive Income": {"2020-12-31": "-4884.00000", "2019-12-31": "-4438.00000", "2018-12-31": "-4622.00000", "2017-12-31": "-4274.00000", "2016-12-31": "-4643.00000", "2015-12-31": "-4558.00000", "2014-12-31": "-4206.00000", "2013-12-31": "-2554.00000", "2012-12-31": "-3888.00000", "2011-12-31": "-3557.00000", "2010-12-31": "-2768.00000", "2009-12-31": "-2674.00000", "2008-12-31": "-2901.00000", "2007-12-31": "-1172.99900", "2006-12-31": "-1168.74900", "2005-12-31": "-1045.47900"}, "Other Share Holders Equity": {"2020-12-31": "", "2019-12-31": "", "2018-12-31": "", "2017-12-31": "", "2016-12-31": "", "2015-12-31": "", "2014-12-31": "", "2013-12-31": "", "2012-12-31": "", "2011-12-31": "", "2010-12-31": "", "2009-12-31": "", "2008-12-31": "", "2007-12-31": "", "2006-12-31": "", "2005-12-31": ""}, "Share Holder Equity": {"2020-12-31": "12489.00000", "2019-12-31": "24176.00000", "2018-12-31": "36586.00000", "2017-12-31": "37261.00000", "2016-12-31": "41529.00000", "2015-12-31": "35905.00000", "2014-12-31": "38049.00000", "2013-12-31": "39635.00000", "2012-12-31": "34858.00000", "2011-12-31": "31392.00000", "2010-12-31": "31444.00000", "2009-12-31": "19229.00000", "2008-12-31": "16934.00000", "2007-12-31": "14875.89000", "2006-12-31": "10419.88000", "2005-12-31": "7591.58500"}, "Total Liabilities And Share Holders Equity": {"2020-12-31": "42434.00000", "2019-12-31": "56312.00000", "2018-12-31": "70507.00000", "2017-12-31": "71987.00000", "2016-12-31": "77956.00000", "2015-12-31": "68005.00000", "2014-12-31": "66904.00000", "2013-12-31": "67100.00000", "2012-12-31": "61547.00000", "2011-12-31": "55201.00000", "2010-12-31": "51767.00000", "2009-12-31": "33465.00000", "2008-12-31": "32094.00000", "2007-12-31": "27853.37000", "2006-12-31": "22832.14000", "2005-12-31": "18077.49000"}}, "balance sheet, quarterly": {"Cash On Hand": {"2020-12-31": "3006.00000", "2020-09-30": "3837.00000", "2020-06-30": "3589.00000", "2020-03-31": "3344.00000", "2019-12-31": "2167.00000", "2019-09-30": "2292.00000", "2019-06-30": "2348.00000", "2019-03-31": "2155.00000", "2018-12-31": "2777.00000", "2018-09-30": "2854.00000", "2018-06-30": "3049.00000", "2018-03-31": "4165.00000", "2017-12-31": "5089.00000", "2017-09-30": "4952.00000", "2017-06-30": "6218.00000", "2017-03-31": "7353.00000", "2016-12-31": "9257.00000", "2016-09-30": "10756.00000", "2016-06-30": "11192.00000", "2016-03-31": "14432.00000", "2015-12-31": "13034.00000", "2015-09-30": "6605.00000", "2015-06-30": "7274.00000", "2015-03-31": "6803.00000", "2014-12-31": "7501.00000", "2014-09-30": "6759.00000", "2014-06-30": "6699.00000", "2014-03-31": "7078.00000", "2013-12-31": "8370.00000", "2013-09-30": "6435.00000", "2013-06-30": "5925.00000", "2013-03-31": "5561.00000", "2012-12-31": "6274.00000", "2012-09-30": "4760.00000", "2012-06-30": "3493.00000", "2012-03-31": "4085.00000", "2011-12-31": "4827.00000", "2011-09-30": "6064.00000", "2011-06-30": "4933.00000", "2011-03-31": "4163.00000", "2010-12-31": "4990.00000", "2010-09-30": "2625.00000", "2010-06-30": "3078.00000", "2010-03-31": "4203.00000", "2009-12-31": "4616.00000", "2009-09-30": "4229.00000", "2009-06-30": "4411.00000", "2009-03-31": "4185.75800", "2008-12-31": "3692.00000", "2008-09-30": "3493.41900", "2008-06-30": "2899.89300", "2008-03-31": "3153.43900", "2007-12-31": "3169.03300", "2007-09-30": "3238.11900", "2007-06-30": "2884.58700", "2007-03-31": "2590.90500", "2006-12-31": "2998.87300", "2006-09-30": "1901.21900", "2006-06-30": "2108.28300", "2006-03-31": "3233.84200", "2005-12-31": "3495.68100", "2005-09-30": "3002.99200", "2005-06-30": "2913.48000", "2005-03-31": "3040.02400"}, "Receivables": {"2020-12-31": "5247.00000", "2020-09-30": "5552.00000", "2020-06-30": "5808.00000", "2020-03-31": "7486.00000", "2019-12-31": "7747.00000", "2019-09-30": "8332.00000", "2019-06-30": "8471.00000", "2019-03-31": "8171.00000", "2018-12-31": "7881.00000", "2018-09-30": "8409.00000", "2018-06-30": "8606.00000", "2018-03-31": "8472.00000", "2017-12-31": "8084.00000", "2017-09-30": "9436.00000", "2017-06-30": "8925.00000", "2017-03-31": "8636.00000", "2016-12-31": "9387.00000", "2016-09-30": "9565.00000", "2016-06-30": "9374.00000", "2016-03-31": "8382.00000", "2015-12-31": "8780.00000", "2015-09-30": "9372.00000", "2015-06-30": "9569.00000", "2015-03-31": "10443.00000", "2014-12-31": "11171.00000", "2014-09-30": "12352.00000", "2014-06-30": "12251.00000", "2014-03-31": "11680.00000", "2013-12-31": "11497.00000", "2013-09-30": "12057.00000", "2013-06-30": "11277.00000", "2013-03-31": "11502.00000", "2012-12-31": "11351.00000", "2012-09-30": "11450.00000", "2012-06-30": "10802.00000", "2012-03-31": "10401.00000", "2011-12-31": "9500.00000", "2011-09-30": "9493.00000", "2011-06-30": "9356.00000", "2011-03-31": "8891.00000", "2010-12-31": "8278.00000", "2010-09-30": "8600.00000", "2010-06-30": "6234.00000", "2010-03-31": "5972.00000", "2009-12-31": "6088.00000", "2009-09-30": "6087.00000", "2009-06-30": "6107.00000", "2009-03-31": "6653.06000", "2008-12-31": "6258.00000", "2008-09-30": "6701.87500", "2008-06-30": "6211.51100", "2008-03-31": "5781.45500", "2007-12-31": "5361.11400", "2007-09-30": "5301.61200", "2007-06-30": "4896.44900", "2007-03-31": "4688.45200", "2006-12-31": "4242.00000", "2006-09-30": "4143.20800", "2006-06-30": "3944.71300", "2006-03-31": "3760.50500", "2005-12-31": "3383.80300", "2005-09-30": "3260.05600", "2005-06-30": "3056.50900", "2005-03-31": "2979.83200"}, "Inventory": {"2020-12-31": "3354.00000", "2020-09-30": "3542.00000", "2020-06-30": "3601.00000", "2020-03-31": "4148.00000", "2019-12-31": "4130.00000", "2019-09-30": "4341.00000", "2019-06-30": "4389.00000", "2019-03-31": "4224.00000", "2018-12-31": "4010.00000", "2018-09-30": "4108.00000", "2018-06-30": "4120.00000", "2018-03-31": "4174.00000", "2017-12-31": "4046.00000", "2017-09-30": "4308.00000", "2017-06-30": "4338.00000", "2017-03-31": "4288.00000", "2016-12-31": "4225.00000", "2016-09-30": "4572.00000", "2016-06-30": "5001.00000", "2016-03-31": "3612.00000", "2015-12-31": "3756.00000", "2015-09-30": "4228.00000", "2015-06-30": "4581.00000", "2015-03-31": "4666.00000", "2014-12-31": "4628.00000", "2014-09-30": "4702.00000", "2014-06-30": "4770.00000", "2014-03-31": "4731.00000", "2013-12-31": "4603.00000", "2013-09-30": "4895.00000", "2013-06-30": "4955.00000", "2013-03-31": "4973.00000", "2012-12-31": "4785.00000", "2012-09-30": "4921.00000", "2012-06-30": "4762.00000", "2012-03-31": "5118.00000", "2011-12-31": "4700.00000", "2011-09-30": "4469.00000", "2011-06-30": "4306.00000", "2011-03-31": "4092.00000", "2010-12-31": "3804.00000", "2010-09-30": "3941.00000", "2010-06-30": "1865.00000", "2010-03-31": "1851.00000", "2009-12-31": "1866.00000", "2009-09-30": "1967.00000", "2009-06-30": "2021.00000", "2009-03-31": "2029.80000", "2008-12-31": "1919.00000", "2008-09-30": "1877.89300", "2008-06-30": "1800.47900", "2008-03-31": "1763.16900", "2007-12-31": "1638.19200", "2007-09-30": "1584.41200", "2007-06-30": "1519.75100", "2007-03-31": "1422.69100", "2006-12-31": "1246.88700", "2006-09-30": "1235.03700", "2006-06-30": "1158.34200", "2006-03-31": "1063.47100", "2005-12-31": "1010.44800", "2005-09-30": "974.25300", "2005-06-30": "944.91300", "2005-03-31": "874.76500"}, "Pre-Paid Expenses": {"2020-12-31": "", "2020-09-30": "", "2020-06-30": "", "2020-03-31": "", "2019-12-31": "", "2019-09-30": "", "2019-06-30": "", "2019-03-31": "", "2018-12-31": "", "2018-09-30": "", "2018-06-30": "", "2018-03-31": "", "2017-12-31": "", "2017-09-30": "", "2017-06-30": "", "2017-03-31": "", "2016-12-31": "", "2016-09-30": "", "2016-06-30": "", "2016-03-31": "", "2015-12-31": "", "2015-09-30": "", "2015-06-30": "", "2015-03-31": "", "2014-12-31": "", "2014-09-30": "", "2014-06-30": "", "2014-03-31": "", "2013-12-31": "", "2013-09-30": "", "2013-06-30": "", "2013-03-31": "", "2012-12-31": "", "2012-09-30": "", "2012-06-30": "", "2012-03-31": "", "2011-12-31": "", "2011-09-30": "", "2011-06-30": "", "2011-03-31": "", "2010-12-31": "", "2010-09-30": "", "2010-06-30": "", "2010-03-31": "", "2009-12-31": "", "2009-09-30": "", "2009-06-30": "", "2009-03-31": "", "2008-12-31": "", "2008-09-30": "", "2008-06-30": "", "2008-03-31": "", "2007-12-31": "", "2007-09-30": "", "2007-06-30": "", "2007-03-31": "", "2006-12-31": "", "2006-09-30": "", "2006-06-30": "", "2006-03-31": "", "2005-12-31": "", "2005-09-30": "", "2005-06-30": "", "2005-03-31": ""}, "Other Current Assets": {"2020-12-31": "1312.00000", "2020-09-30": "1284.00000", "2020-06-30": "1381.00000", "2020-03-31": "1288.00000", "2019-12-31": "1486.00000", "2019-09-30": "1186.00000", "2019-06-30": "1125.00000", "2019-03-31": "1223.00000", "2018-12-31": "1063.00000", "2018-09-30": "1112.00000", "2018-06-30": "1125.00000", "2018-03-31": "1244.00000", "2017-12-31": "1278.00000", "2017-09-30": "1218.00000", "2017-06-30": "1792.00000", "2017-03-31": "1606.00000", "2016-12-31": "1058.00000", "2016-09-30": "1141.00000", "2016-06-30": "1237.00000", "2016-03-31": "1066.00000", "2015-12-31": "1134.00000", "2015-09-30": "1177.00000", "2015-06-30": "1269.00000", "2015-03-31": "1326.00000", "2014-12-31": "1250.00000", "2014-09-30": "1373.00000", "2014-06-30": "1459.00000", "2014-03-31": "1563.00000", "2013-12-31": "1467.00000", "2013-09-30": "1428.00000", "2013-06-30": "1348.00000", "2013-03-31": "1385.00000", "2012-12-31": "1403.00000", "2012-09-30": "1475.00000", "2012-06-30": "1525.00000", "2012-03-31": "1201.00000", "2011-12-31": "1056.00000", "2011-09-30": "1086.00000", "2011-06-30": "1157.00000", "2011-03-31": "1051.00000", "2010-12-31": "975.00000", "2010-09-30": "1280.00000", "2010-06-30": "905.00000", "2010-03-31": "885.00000", "2009-12-31": "926.00000", "2009-09-30": "941.00000", "2009-06-30": "954.00000", "2009-03-31": "887.30000", "2008-12-31": "933.00000", "2008-09-30": "817.76600", "2008-06-30": "804.82300", "2008-03-31": "775.58100", "2007-12-31": "704.48200", "2007-09-30": "632.53200", "2007-06-30": "574.80800", "2007-03-31": "598.07700", "2006-12-31": "535.01800", "2006-09-30": "519.97300", "2006-06-30": "479.74600", "2006-03-31": "448.04000", "2005-12-31": "430.81400", "2005-09-30": "354.53700", "2005-06-30": "372.58300", "2005-03-31": "352.63300"}, "Total Current Assets": {"2020-12-31": "12919.00000", "2020-09-30": "14215.00000", "2020-06-30": "14379.00000", "2020-03-31": "16266.00000", "2019-12-31": "15530.00000", "2019-09-30": "16151.00000", "2019-06-30": "16333.00000", "2019-03-31": "15773.00000", "2018-12-31": "15731.00000", "2018-09-30": "16483.00000", "2018-06-30": "16900.00000", "2018-03-31": "18055.00000", "2017-12-31": "18497.00000", "2017-09-30": "19914.00000", "2017-06-30": "21273.00000", "2017-03-31": "21883.00000", "2016-12-31": "23927.00000", "2016-09-30": "26425.00000", "2016-06-30": "27195.00000", "2016-03-31": "27700.00000", "2015-12-31": "26912.00000", "2015-09-30": "21532.00000", "2015-06-30": "22861.00000", "2015-03-31": "23394.00000", "2014-12-31": "24694.00000", "2014-09-30": "25473.00000", "2014-06-30": "25414.00000", "2014-03-31": "25353.00000", "2013-12-31": "26225.00000", "2013-09-30": "25093.00000", "2013-06-30": "23799.00000", "2013-03-31": "23727.00000", "2012-12-31": "24156.00000", "2012-09-30": "22951.00000", "2012-06-30": "21040.00000", "2012-03-31": "21292.00000", "2011-12-31": "20539.00000", "2011-09-30": "21260.00000", "2011-06-30": "19942.00000", "2011-03-31": "18211.00000", "2010-12-31": "18098.00000", "2010-09-30": "16446.00000", "2010-06-30": "12230.00000", "2010-03-31": "13065.00000", "2009-12-31": "13650.00000", "2009-09-30": "13382.00000", "2009-06-30": "13655.00000", "2009-03-31": "13934.45000", "2008-12-31": "12986.00000", "2008-09-30": "13077.86000", "2008-06-30": "11897.30000", "2008-03-31": "11645.96000", "2007-12-31": "11055.38000", "2007-09-30": "10935.73000", "2007-06-30": "10047.83000", "2007-03-31": "9471.62700", "2006-12-31": "9185.66200", "2006-09-30": "7991.98100", "2006-06-30": "7866.88400", "2006-03-31": "8687.60300", "2005-12-31": "8553.91300", "2005-09-30": "7772.32600", "2005-06-30": "7559.05100", "2005-03-31": "7498.82200"}, "Property, Plant, And Equipment": {"2020-12-31": "6826.00000", "2020-09-30": "7396.00000", "2020-06-30": "7729.00000", "2020-03-31": "8550.00000", "2019-12-31": "9270.00000", "2019-09-30": "9605.00000", "2019-06-30": "11359.00000", "2019-03-31": "11533.00000", "2018-12-31": "11679.00000", "2018-09-30": "11739.00000", "2018-06-30": "11504.00000", "2018-03-31": "11556.00000", "2017-12-31": "11576.00000", "2017-09-30": "12338.00000", "2017-06-30": "12358.00000", "2017-03-31": "12507.00000", "2016-12-31": "12821.00000", "2016-09-30": "13004.00000", "2016-06-30": "13226.00000", "2016-03-31": "13259.00000", "2015-12-31": "13415.00000", "2015-09-30": "14554.00000", "2015-06-30": "14848.00000", "2015-03-31": "15135.00000", "2014-12-31": "15396.00000", "2014-09-30": "15809.00000", "2014-06-30": "15743.00000", "2014-03-31": "15114.00000", "2013-12-31": "15096.00000", "2013-09-30": "14828.00000", "2013-06-30": "14742.00000", "2013-03-31": "14805.00000", "2012-12-31": "14780.00000", "2012-09-30": "14104.00000", "2012-06-30": "13689.00000", "2012-03-31": "13314.00000", "2011-12-31": "12993.00000", "2011-09-30": "12583.00000", "2011-06-30": "12315.00000", "2011-03-31": "12218.00000", "2010-12-31": "12071.00000", "2010-09-30": "11900.00000", "2010-06-30": "9657.00000", "2010-03-31": "9545.00000", "2009-12-31": "9660.00000", "2009-09-30": "9610.00000", "2009-06-30": "9688.00000", "2009-03-31": "9758.32200", "2008-12-31": "9690.00000", "2008-09-30": "9213.11300", "2008-06-30": "8826.70900", "2008-03-31": "8350.82700", "2007-12-31": "8007.99100", "2007-09-30": "6686.75000", "2007-06-30": "6282.26500", "2007-03-31": "5805.74500", "2006-12-31": "5576.04100", "2006-09-30": "5096.47400", "2006-06-30": "4767.44500", "2006-03-31": "4410.81700", "2005-12-31": "4200.63800", "2005-09-30": "4020.66400", "2005-06-30": "3920.59700", "2005-03-31": "3774.73000"}, "Long-Term Investments": {"2020-12-31": "2061.00000", "2020-09-30": "1436.00000", "2020-06-30": "1484.00000", "2020-03-31": "1515.00000", "2019-12-31": "1565.00000", "2019-09-30": "1335.00000", "2019-06-30": "1558.00000", "2019-03-31": "1544.00000", "2018-12-31": "1538.00000", "2018-09-30": "1497.00000", "2018-06-30": "1487.00000", "2018-03-31": "1483.00000", "2017-12-31": "1519.00000", "2017-09-30": "1481.00000", "2017-06-30": "1566.00000", "2017-03-31": "1720.00000", "2016-12-31": "1481.00000", "2016-09-30": "1637.00000", "2016-06-30": "1662.00000", "2016-03-31": "3742.00000", "2015-12-31": "3729.00000", "2015-09-30": "3798.00000", "2015-06-30": "3831.00000", "2015-03-31": "3708.00000", "2014-12-31": "3677.00000", "2014-09-30": "3696.00000", "2014-06-30": "3822.00000", "2014-03-31": "3765.00000", "2013-12-31": "3680.00000", "2013-09-30": "3661.00000", "2013-06-30": "3652.00000", "2013-03-31": "1886.00000", "2012-12-31": "1747.00000", "2012-09-30": "1597.00000", "2012-06-30": "1525.00000", "2012-03-31": "1584.00000", "2011-12-31": "1522.00000", "2011-09-30": "1477.00000", "2011-06-30": "1535.00000", "2011-03-31": "1656.00000", "2010-12-31": "1555.00000", "2010-09-30": "1605.00000", "2010-06-30": "3048.00000", "2010-03-31": "3068.00000", "2009-12-31": "3044.00000", "2009-09-30": "2868.00000", "2009-06-30": "2449.00000", "2009-03-31": "2395.46000", "2008-12-31": "2340.00000", "2008-09-30": "2362.63700", "2008-06-30": "2038.45100", "2008-03-31": "1930.87100", "2007-12-31": "1852.31600", "2007-09-30": "1741.75100", "2007-06-30": "1610.14500", "2007-03-31": "1502.43300", "2006-12-31": "1361.32300", "2006-09-30": "1244.41300", "2006-06-30": "1173.79700", "2006-03-31": "1433.16300", "2005-12-31": "1348.53100", "2005-09-30": "1299.11600", "2005-06-30": "1215.17200", "2005-03-31": "1138.45700"}, "Goodwill And Intangible Assets": {"2020-12-31": "16752.00000", "2020-09-30": "16885.00000", "2020-06-30": "16932.00000", "2020-03-31": "17153.00000", "2019-12-31": "23699.00000", "2019-09-30": "23987.00000", "2019-06-30": "34012.00000", "2019-03-31": "34140.00000", "2018-12-31": "34259.00000", "2018-09-30": "34703.00000", "2018-06-30": "34899.00000", "2018-03-31": "35044.00000", "2017-12-31": "35199.00000", "2017-09-30": "35645.00000", "2017-06-30": "35736.00000", "2017-03-31": "35877.00000", "2016-12-31": "35918.00000", "2016-09-30": "35836.00000", "2016-06-30": "35500.00000", "2016-03-31": "21308.00000", "2015-12-31": "21200.00000", "2015-09-30": "21100.00000", "2015-06-30": "20963.00000", "2015-03-31": "20937.00000", "2014-12-31": "20934.00000", "2014-09-30": "20684.00000", "2014-06-30": "20685.00000", "2014-03-31": "20241.00000", "2013-12-31": "20082.00000", "2013-09-30": "20005.00000", "2013-06-30": "19714.00000", "2013-03-31": "19896.00000", "2012-12-31": "19905.00000", "2012-09-30": "19886.00000", "2012-06-30": "19998.00000", "2012-03-31": "19458.00000", "2011-12-31": "19461.00000", "2011-09-30": "19489.00000", "2011-06-30": "19356.00000", "2011-03-31": "19491.00000", "2010-12-31": "19508.00000", "2010-09-30": "19297.00000", "2010-06-30": "7583.00000", "2010-03-31": "6570.00000", "2009-12-31": "6379.00000", "2009-09-30": "6394.00000", "2009-06-30": "6388.00000", "2009-03-31": "6198.30700", "2008-12-31": "6296.00000", "2008-09-30": "6433.93000", "2008-06-30": "6513.24500", "2008-03-31": "6268.03500", "2007-12-31": "6227.06500", "2007-09-30": "6212.24700", "2007-06-30": "6186.90400", "2007-03-31": "6115.67800", "2006-12-31": "6123.11300", "2006-09-30": "5903.15500", "2006-06-30": "5862.53400", "2006-03-31": "3496.61800", "2005-12-31": "3464.50000", "2005-09-30": "3519.05100", "2005-06-30": "3557.65200", "2005-03-31": "3436.20900"}, "Other Long-Term Assets": {"2020-12-31": "3876.00000", "2020-09-30": "4101.00000", "2020-06-30": "4143.00000", "2020-03-31": "4955.00000", "2019-12-31": "6248.00000", "2019-09-30": "6912.00000", "2019-06-30": "7329.00000", "2019-03-31": "7331.00000", "2018-12-31": "7300.00000", "2018-09-30": "5624.00000", "2018-06-30": "5366.00000", "2018-03-31": "5340.00000", "2017-12-31": "5196.00000", "2017-09-30": "4191.00000", "2017-06-30": "3929.00000", "2017-03-31": "4188.00000", "2016-12-31": "3809.00000", "2016-09-30": "3692.00000", "2016-06-30": "3588.00000", "2016-03-31": "3132.00000", "2015-12-31": "2749.00000", "2015-09-30": "2358.00000", "2015-06-30": "2250.00000", "2015-03-31": "2237.00000", "2014-12-31": "2203.00000", "2014-09-30": "2658.00000", "2014-06-30": "2422.00000", "2014-03-31": "2244.00000", "2013-12-31": "2017.00000", "2013-09-30": "1536.00000", "2013-06-30": "1344.00000", "2013-03-31": "1114.00000", "2012-12-31": "959.00000", "2012-09-30": "903.00000", "2012-06-30": "761.00000", "2012-03-31": "718.00000", "2011-12-31": "686.00000", "2011-09-30": "772.00000", "2011-06-30": "871.00000", "2011-03-31": "796.00000", "2010-12-31": "535.00000", "2010-09-30": "606.00000", "2010-06-30": "300.00000", "2010-03-31": "334.00000", "2009-12-31": "356.00000", "2009-09-30": "504.00000", "2009-06-30": "374.00000", "2009-03-31": "227.80700", "2008-12-31": "217.00000", "2008-09-30": "285.78200", "2008-06-30": "486.96200", "2008-03-31": "552.11400", "2007-12-31": "495.87200", "2007-09-30": "382.13900", "2007-06-30": "241.15500", "2007-03-31": "199.30800", "2006-12-31": "173.19700", "2006-09-30": "196.20100", "2006-06-30": "206.86500", "2006-03-31": "190.06900", "2005-12-31": "178.87300", "2005-09-30": "297.37400", "2005-06-30": "294.22200", "2005-03-31": "212.48400"}, "Total Long-Term Assets": {"2020-12-31": "29515.00000", "2020-09-30": "29851.00000", "2020-06-30": "30288.00000", "2020-03-31": "32328.00000", "2019-12-31": "40782.00000", "2019-09-30": "41839.00000", "2019-06-30": "54258.00000", "2019-03-31": "54548.00000", "2018-12-31": "54776.00000", "2018-09-30": "53563.00000", "2018-06-30": "53256.00000", "2018-03-31": "53423.00000", "2017-12-31": "53490.00000", "2017-09-30": "53655.00000", "2017-06-30": "53589.00000", "2017-03-31": "54292.00000", "2016-12-31": "54029.00000", "2016-09-30": "54169.00000", "2016-06-30": "53976.00000", "2016-03-31": "41441.00000", "2015-12-31": "41093.00000", "2015-09-30": "41810.00000", "2015-06-30": "41892.00000", "2015-03-31": "42017.00000", "2014-12-31": "42210.00000", "2014-09-30": "42847.00000", "2014-06-30": "42672.00000", "2014-03-31": "41364.00000", "2013-12-31": "40875.00000", "2013-09-30": "40030.00000", "2013-06-30": "39452.00000", "2013-03-31": "37701.00000", "2012-12-31": "37391.00000", "2012-09-30": "36490.00000", "2012-06-30": "35973.00000", "2012-03-31": "35074.00000", "2011-12-31": "34662.00000", "2011-09-30": "34321.00000", "2011-06-30": "34077.00000", "2011-03-31": "34161.00000", "2010-12-31": "33669.00000", "2010-09-30": "33408.00000", "2010-06-30": "20787.00000", "2010-03-31": "19818.00000", "2009-12-31": "19815.00000", "2009-09-30": "19693.00000", "2009-06-30": "19305.00000", "2009-03-31": "19062.69000", "2008-12-31": "19108.00000", "2008-09-30": "18519.81000", "2008-06-30": "18097.64000", "2008-03-31": "17308.41000", "2007-12-31": "16797.99000", "2007-09-30": "15370.79000", "2007-06-30": "14724.93000", "2007-03-31": "14037.16000", "2006-12-31": "13646.48000", "2006-09-30": "12744.89000", "2006-06-30": "12357.48000", "2006-03-31": "9853.93300", "2005-12-31": "9523.57900", "2005-09-30": "9463.23000", "2005-06-30": "9333.56600", "2005-03-31": "8903.98900"}, "Total Assets": {"2020-12-31": "42434.00000", "2020-09-30": "44066.00000", "2020-06-30": "44667.00000", "2020-03-31": "48594.00000", "2019-12-31": "56312.00000", "2019-09-30": "57990.00000", "2019-06-30": "70591.00000", "2019-03-31": "70321.00000", "2018-12-31": "70507.00000", "2018-09-30": "70046.00000", "2018-06-30": "70156.00000", "2018-03-31": "71478.00000", "2017-12-31": "71987.00000", "2017-09-30": "73569.00000", "2017-06-30": "74862.00000", "2017-03-31": "76175.00000", "2016-12-31": "77956.00000", "2016-09-30": "80594.00000", "2016-06-30": "81171.00000", "2016-03-31": "69141.00000", "2015-12-31": "68005.00000", "2015-09-30": "63342.00000", "2015-06-30": "64753.00000", "2015-03-31": "65411.00000", "2014-12-31": "66904.00000", "2014-09-30": "68320.00000", "2014-06-30": "68086.00000", "2014-03-31": "66717.00000", "2013-12-31": "67100.00000", "2013-09-30": "65123.00000", "2013-06-30": "63251.00000", "2013-03-31": "61428.00000", "2012-12-31": "61547.00000", "2012-09-30": "59441.00000", "2012-06-30": "57013.00000", "2012-03-31": "56366.00000", "2011-12-31": "55201.00000", "2011-09-30": "55581.00000", "2011-06-30": "54019.00000", "2011-03-31": "52372.00000", "2010-12-31": "51767.00000", "2010-09-30": "49854.00000", "2010-06-30": "33017.00000", "2010-03-31": "32883.00000", "2009-12-31": "33465.00000", "2009-09-30": "33075.00000", "2009-06-30": "32960.00000", "2009-03-31": "32997.14000", "2008-12-31": "32094.00000", "2008-09-30": "31597.68000", "2008-06-30": "29994.94000", "2008-03-31": "28954.37000", "2007-12-31": "27853.37000", "2007-09-30": "26306.51000", "2007-06-30": "24772.76000", "2007-03-31": "23508.78000", "2006-12-31": "22832.14000", "2006-09-30": "20736.87000", "2006-06-30": "20224.37000", "2006-03-31": "18541.54000", "2005-12-31": "18077.49000", "2005-09-30": "17235.56000", "2005-06-30": "16892.62000", "2005-03-31": "16402.81000"}, "Total Current Liabilities": {"2020-12-31": "10491.00000", "2020-09-30": "11651.00000", "2020-06-30": "11665.00000", "2020-03-31": "13262.00000", "2019-12-31": "13098.00000", "2019-09-30": "12483.00000", "2019-06-30": "11773.00000", "2019-03-31": "11697.00000", "2018-12-31": "13486.00000", "2018-09-30": "14600.00000", "2018-06-30": "15066.00000", "2018-03-31": "16195.00000", "2017-12-31": "15282.00000", "2017-09-30": "13014.00000", "2017-06-30": "13527.00000", "2017-03-31": "13776.00000", "2016-12-31": "15059.00000", "2016-09-30": "14972.00000", "2016-06-30": "14609.00000", "2016-03-31": "12880.00000", "2015-12-31": "14121.00000", "2015-09-30": "14010.00000", "2015-06-30": "13774.00000", "2015-03-31": "14572.00000", "2014-12-31": "14176.00000", "2014-09-30": "12388.00000", "2014-06-30": "12251.00000", "2014-03-31": "11899.00000", "2013-12-31": "13525.00000", "2013-09-30": "12753.00000", "2013-06-30": "12454.00000", "2013-03-31": "12771.00000", "2012-12-31": "12368.00000", "2012-09-30": "11532.00000", "2012-06-30": "11526.00000", "2012-03-31": "10802.00000", "2011-12-31": "10538.00000", "2011-09-30": "11307.00000", "2011-06-30": "12376.00000", "2011-03-31": "10399.00000", "2010-12-31": "10865.00000", "2010-09-30": "10061.00000", "2010-06-30": "6776.00000", "2010-03-31": "6754.00000", "2009-12-31": "7259.00000", "2009-09-30": "7115.00000", "2009-06-30": "7461.00000", "2009-03-31": "7702.53700", "2008-12-31": "8175.00000", "2008-09-30": "8626.23700", "2008-06-30": "7231.44500", "2008-03-31": "7309.28300", "2007-12-31": "7504.85100", "2007-09-30": "6657.70900", "2007-06-30": "6370.82000", "2007-03-31": "5908.16100", "2006-12-31": "6454.79500", "2006-09-30": "6243.10400", "2006-06-30": "6098.96200", "2006-03-31": "5337.53100", "2005-12-31": "5432.88800", "2005-09-30": "4872.17800", "2005-06-30": "5064.47500", "2005-03-31": "4705.96500"}, "Long Term Debt": {"2020-12-31": "16036.00000", "2020-09-30": "16471.00000", "2020-06-30": "16763.00000", "2020-03-31": "15409.00000", "2019-12-31": "14770.00000", "2019-09-30": "16333.00000", "2019-06-30": "16978.00000", "2019-03-31": "16449.00000", "2018-12-31": "14644.00000", "2018-09-30": "14159.00000", "2018-06-30": "13865.00000", "2018-03-31": "13526.00000", "2017-12-31": "14875.00000", "2017-09-30": "15871.00000", "2017-06-30": "16600.00000", "2017-03-31": "16538.00000", "2016-12-31": "16463.00000", "2016-09-30": "17538.00000", "2016-06-30": "18252.00000", "2016-03-31": "17233.00000", "2015-12-31": "14442.00000", "2015-09-30": "7487.00000", "2015-06-30": "9110.00000", "2015-03-31": "8898.00000", "2014-12-31": "10565.00000", "2014-09-30": "11626.00000", "2014-06-30": "11740.00000", "2014-03-31": "11120.00000", "2013-12-31": "10393.00000", "2013-09-30": "9916.00000", "2013-06-30": "9098.00000", "2013-03-31": "8138.00000", "2012-12-31": "9509.00000", "2012-09-30": "9397.00000", "2012-06-30": "7953.00000", "2012-03-31": "8439.00000", "2011-12-31": "8556.00000", "2011-09-30": "8740.00000", "2011-06-30": "5745.00000", "2011-03-31": "6422.00000", "2010-12-31": "5517.00000", "2010-09-30": "4820.00000", "2010-06-30": "3729.00000", "2010-03-31": "4052.00000", "2009-12-31": "4355.00000", "2009-09-30": "4312.00000", "2009-06-30": "4291.00000", "2009-03-31": "4575.46300", "2008-12-31": "3693.00000", "2008-09-30": "3527.75800", "2008-06-30": "4118.47900", "2008-03-31": "4153.42600", "2007-12-31": "3794.46600", "2007-09-30": "4041.77600", "2007-06-30": "3916.37300", "2007-03-31": "4619.67600", "2006-12-31": "4663.94200", "2006-09-30": "3930.84900", "2006-06-30": "4137.12400", "2006-03-31": "3635.15600", "2005-12-31": "3591.33800", "2005-09-30": "3743.84700", "2005-06-30": "3779.43700", "2005-03-31": "3946.05800"}, "Other Non-Current Liabilities": {"2020-12-31": "2350.00000", "2020-09-30": "2721.00000", "2020-06-30": "2836.00000", "2020-03-31": "3004.00000", "2019-12-31": "2810.00000", "2019-09-30": "3155.00000", "2019-06-30": "3118.00000", "2019-03-31": "3140.00000", "2018-12-31": "3197.00000", "2018-09-30": "1853.00000", "2018-06-30": "1816.00000", "2018-03-31": "1825.00000", "2017-12-31": "1837.00000", "2017-09-30": "1441.00000", "2017-06-30": "1398.00000", "2017-03-31": "1442.00000", "2016-12-31": "1530.00000", "2016-09-30": "1595.00000", "2016-06-30": "1359.00000", "2016-03-31": "1051.00000", "2015-12-31": "1028.00000", "2015-09-30": "1108.00000", "2015-06-30": "1003.00000", "2015-03-31": "1293.00000", "2014-12-31": "1317.00000", "2014-09-30": "1280.00000", "2014-06-30": "1038.00000", "2014-03-31": "1147.00000", "2013-12-31": "1169.00000", "2013-09-30": "1111.00000", "2013-06-30": "1170.00000", "2013-03-31": "1176.00000", "2012-12-31": "1150.00000", "2012-09-30": "1161.00000", "2012-06-30": "1277.00000", "2012-03-31": "1171.00000", "2011-12-31": "1252.00000", "2011-09-30": "1215.00000", "2011-06-30": "1104.00000", "2011-03-31": "970.00000", "2010-12-31": "1043.00000", "2010-09-30": "1108.00000", "2010-06-30": "1047.00000", "2010-03-31": "915.00000", "2009-12-31": "962.00000", "2009-09-30": "892.00000", "2009-06-30": "878.00000", "2009-03-31": "891.76700", "2008-12-31": "923.00000", "2008-09-30": "741.67800", "2008-06-30": "769.88000", "2008-03-31": "827.67500", "2007-12-31": "775.97500", "2007-09-30": "637.91500", "2007-06-30": "600.97300", "2007-03-31": "584.62400", "2006-12-31": "257.34900", "2006-09-30": "252.78000", "2006-06-30": "168.60400", "2006-03-31": "165.77200", "2005-12-31": "249.45900", "2005-09-30": "162.86100", "2005-06-30": "147.45600", "2005-03-31": "145.58000"}, "Total Long Term Liabilities": {"2020-12-31": "19454.00000", "2020-09-30": "20046.00000", "2020-06-30": "20546.00000", "2020-03-31": "19349.00000", "2019-12-31": "19038.00000", "2019-09-30": "21180.00000", "2019-06-30": "22545.00000", "2019-03-31": "22100.00000", "2018-12-31": "20435.00000", "2018-09-30": "18498.00000", "2018-06-30": "18193.00000", "2018-03-31": "17957.00000", "2017-12-31": "19444.00000", "2017-09-30": "20545.00000", "2017-06-30": "21383.00000", "2017-03-31": "21345.00000", "2016-12-31": "21368.00000", "2016-09-30": "23048.00000", "2016-06-30": "23583.00000", "2016-03-31": "20599.00000", "2015-12-31": "17979.00000", "2015-09-30": "11153.00000", "2015-06-30": "12794.00000", "2015-03-31": "12973.00000", "2014-12-31": "14679.00000", "2014-09-30": "15245.00000", "2014-06-30": "15133.00000", "2014-03-31": "14638.00000", "2013-12-31": "13940.00000", "2013-09-30": "14339.00000", "2013-06-30": "13749.00000", "2013-03-31": "12876.00000", "2012-12-31": "14321.00000", "2012-09-30": "13598.00000", "2012-06-30": "12520.00000", "2012-03-31": "13076.00000", "2011-12-31": "13271.00000", "2011-09-30": "12651.00000", "2011-06-30": "9581.00000", "2011-03-31": "10347.00000", "2010-12-31": "9458.00000", "2010-09-30": "8677.00000", "2010-06-30": "6357.00000", "2010-03-31": "6590.00000", "2009-12-31": "6977.00000", "2009-09-30": "6497.00000", "2009-06-30": "6765.00000", "2009-03-31": "7609.81100", "2008-12-31": "6985.00000", "2008-09-30": "5173.68300", "2008-06-30": "5787.07800", "2008-03-31": "5862.43800", "2007-12-31": "5472.63300", "2007-09-30": "5631.08500", "2007-06-30": "5563.28800", "2007-03-31": "6240.56900", "2006-12-31": "5957.46000", "2006-09-30": "4894.30200", "2006-06-30": "5031.30300", "2006-03-31": "5072.59200", "2005-12-31": "5053.01900", "2005-09-30": "5087.26100", "2005-06-30": "5073.85800", "2005-03-31": "5219.58700"}, "Total Liabilities": {"2020-12-31": "29945.00000", "2020-09-30": "31697.00000", "2020-06-30": "32211.00000", "2020-03-31": "32611.00000", "2019-12-31": "32136.00000", "2019-09-30": "33663.00000", "2019-06-30": "34318.00000", "2019-03-31": "33797.00000", "2018-12-31": "33921.00000", "2018-09-30": "33098.00000", "2018-06-30": "33259.00000", "2018-03-31": "34152.00000", "2017-12-31": "34726.00000", "2017-09-30": "33559.00000", "2017-06-30": "34910.00000", "2017-03-31": "35121.00000", "2016-12-31": "36427.00000", "2016-09-30": "38020.00000", "2016-06-30": "38192.00000", "2016-03-31": "33479.00000", "2015-12-31": "32100.00000", "2015-09-30": "25163.00000", "2015-06-30": "26568.00000", "2015-03-31": "27545.00000", "2014-12-31": "28855.00000", "2014-09-30": "27633.00000", "2014-06-30": "27384.00000", "2014-03-31": "26537.00000", "2013-12-31": "27465.00000", "2013-09-30": "27092.00000", "2013-06-30": "26203.00000", "2013-03-31": "25647.00000", "2012-12-31": "26689.00000", "2012-09-30": "25130.00000", "2012-06-30": "24046.00000", "2012-03-31": "23878.00000", "2011-12-31": "23809.00000", "2011-09-30": "23958.00000", "2011-06-30": "21957.00000", "2011-03-31": "20746.00000", "2010-12-31": "20323.00000", "2010-09-30": "18738.00000", "2010-06-30": "13133.00000", "2010-03-31": "13344.00000", "2009-12-31": "14236.00000", "2009-09-30": "13612.00000", "2009-06-30": "14226.00000", "2009-03-31": "15312.35000", "2008-12-31": "15160.00000", "2008-09-30": "13799.92000", "2008-06-30": "13018.52000", "2008-03-31": "13171.72000", "2007-12-31": "12977.48000", "2007-09-30": "12288.79000", "2007-06-30": "11934.11000", "2007-03-31": "12148.73000", "2006-12-31": "12412.25000", "2006-09-30": "11137.41000", "2006-06-30": "11130.26000", "2006-03-31": "10410.12000", "2005-12-31": "10485.91000", "2005-09-30": "9959.43900", "2005-06-30": "10138.33000", "2005-03-31": "9925.55200"}, "Common Stock Net": {"2020-12-31": "12970.00000", "2020-09-30": "12921.00000", "2020-06-30": "13044.00000", "2020-03-31": "12963.00000", "2019-12-31": "13078.00000", "2019-09-30": "13012.00000", "2019-06-30": "13037.00000", "2019-03-31": "13000.00000", "2018-12-31": "13132.00000", "2018-09-30": "13058.00000", "2018-06-30": "13030.00000", "2018-03-31": "12998.00000", "2017-12-31": "12975.00000", "2017-09-30": "12863.00000", "2017-06-30": "12843.00000", "2017-03-31": "12780.00000", "2016-12-31": "12801.00000", "2016-09-30": "12823.00000", "2016-06-30": "12835.00000", "2016-03-31": "12700.00000", "2015-12-31": "12693.00000", "2015-09-30": "12642.00000", "2015-06-30": "12586.00000", "2015-03-31": "12535.00000", "2014-12-31": "12495.00000", "2014-09-30": "12428.00000", "2014-06-30": "12338.00000", "2014-03-31": "12246.00000", "2013-12-31": "12192.00000", "2013-09-30": "12108.00000", "2013-06-30": "12025.00000", "2013-03-31": "11946.00000", "2012-12-31": "11912.00000", "2012-09-30": "11840.00000", "2012-06-30": "11761.00000", "2012-03-31": "11685.00000", "2011-12-31": "11639.00000", "2011-09-30": "11606.00000", "2011-06-30": "12044.00000", "2011-03-31": "11983.00000", "2010-12-31": "11920.00000", "2010-09-30": "11874.00000", "2010-06-30": "4920.00000", "2010-03-31": "4841.00000", "2009-12-31": "4777.00000", "2009-09-30": "4746.00000", "2009-06-30": "4718.00000", "2009-03-31": "4719.06600", "2008-12-31": "4668.00000", "2008-09-30": "4594.48400", "2008-06-30": "4505.09800", "2008-03-31": "4341.22200", "2007-12-31": "4136.36300", "2007-09-30": "4041.34300", "2007-06-30": "3863.02900", "2007-03-31": "3566.41300", "2006-12-31": "3381.94600", "2006-09-30": "3332.11800", "2006-06-30": "3222.94000", "2006-03-31": "2883.01000", "2005-12-31": "2750.57000", "2005-09-30": "2681.46600", "2005-06-30": "2589.79900", "2005-03-31": "2510.87400"}, "Retained Earnings (Accumulated Deficit)": {"2020-12-31": "7018.00000", "2020-09-30": "6818.00000", "2020-06-30": "7073.00000", "2020-03-31": "10681.00000", "2019-12-31": "18751.00000", "2019-09-30": "19111.00000", "2019-06-30": "31186.00000", "2019-03-31": "31386.00000", "2018-12-31": "31658.00000", "2018-09-30": "31712.00000", "2018-06-30": "31760.00000", "2018-03-31": "32022.00000", "2017-12-31": "32190.00000", "2017-09-30": "35136.00000", "2017-06-30": "35284.00000", "2017-03-31": "36052.00000", "2016-12-31": "36470.00000", "2016-09-30": "37370.00000", "2016-06-30": "37889.00000", "2016-03-31": "40745.00000", "2015-12-31": "40870.00000", "2015-09-30": "42515.00000", "2015-06-30": "42158.00000", "2015-03-31": "41669.00000", "2014-12-31": "41333.00000", "2014-09-30": "41543.00000", "2014-06-30": "40111.00000", "2014-03-31": "39036.00000", "2013-12-31": "37966.00000", "2013-09-30": "36711.00000", "2013-06-30": "35409.00000", "2013-03-31": "33729.00000", "2012-12-31": "32887.00000", "2012-09-30": "31889.00000", "2012-06-30": "30830.00000", "2012-03-31": "29794.00000", "2011-12-31": "28860.00000", "2011-09-30": "27780.00000", "2011-06-30": "26815.00000", "2011-03-31": "25814.00000", "2010-12-31": "25210.00000", "2010-09-30": "24454.00000", "2010-06-30": "23007.00000", "2010-03-31": "22440.00000", "2009-12-31": "22019.00000", "2009-09-30": "21475.00000", "2009-06-30": "20940.00000", "2009-03-31": "20578.13000", "2008-12-31": "19891.00000", "2008-09-30": "18991.49000", "2008-06-30": "17716.80000", "2008-03-31": "16548.94000", "2007-12-31": "15461.77000", "2007-09-30": "14287.76000", "2007-06-30": "13143.03000", "2007-03-31": "12093.06000", "2006-12-31": "11118.48000", "2006-09-30": "10135.19000", "2006-06-30": "9283.32200", "2006-03-31": "8574.77400", "2005-12-31": "7999.77000", "2005-09-30": "7463.07300", "2005-06-30": "7046.21200", "2005-03-31": "6687.50000"}, "Comprehensive Income": {"2020-12-31": "-4884.00000", "2020-09-30": "-4743.00000", "2020-06-30": "-4738.00000", "2020-03-31": "-4723.00000", "2019-12-31": "-4438.00000", "2019-09-30": "-4569.00000", "2019-06-30": "-4544.00000", "2019-03-31": "-4527.00000", "2018-12-31": "-4622.00000", "2018-09-30": "-4313.00000", "2018-06-30": "-4305.00000", "2018-03-31": "-4159.00000", "2017-12-31": "-4274.00000", "2017-09-30": "-4460.00000", "2017-06-30": "-4558.00000", "2017-03-31": "-4529.00000", "2016-12-31": "-4643.00000", "2016-09-30": "-4388.00000", "2016-06-30": "-4478.00000", "2016-03-31": "-4466.00000", "2015-12-31": "-4558.00000", "2015-09-30": "-4193.00000", "2015-06-30": "-4108.00000", "2015-03-31": "-4285.00000", "2014-12-31": "-4206.00000", "2014-09-30": "-2741.00000", "2014-06-30": "-2399.00000", "2014-03-31": "-2555.00000", "2013-12-31": "-2554.00000", "2013-09-30": "-3726.00000", "2013-06-30": "-3920.00000", "2013-03-31": "-3876.00000", "2012-12-31": "-3888.00000", "2012-09-30": "-3325.00000", "2012-06-30": "-3572.00000", "2012-03-31": "-3365.00000", "2011-12-31": "-3557.00000", "2011-09-30": "-2798.00000", "2011-06-30": "-2594.00000", "2011-03-31": "-2643.00000", "2010-12-31": "-2768.00000", "2010-09-30": "-2627.00000", "2010-06-30": "-2729.00000", "2010-03-31": "-2632.00000", "2009-12-31": "-2674.00000", "2009-09-30": "-2298.00000", "2009-06-30": "-2363.00000", "2009-03-31": "-2968.60500", "2008-12-31": "-2901.00000", "2008-09-30": "-1125.17500", "2008-06-30": "-1047.55800", "2008-03-31": "-1108.15500", "2007-12-31": "-1172.99900", "2007-09-30": "-1182.32400", "2007-06-30": "-1181.79300", "2007-03-31": "-1166.76200", "2006-12-31": "-1168.74900", "2006-09-30": "-1047.38400", "2006-06-30": "-1036.90900", "2006-03-31": "-1049.28400", "2005-12-31": "-1045.47900", "2005-09-30": "-912.37700", "2005-06-30": "-1011.05800", "2005-03-31": "-997.15800"}, "Other Share Holders Equity": {"2020-12-31": "", "2020-09-30": "", "2020-06-30": "", "2020-03-31": "", "2019-12-31": "", "2019-09-30": "", "2019-06-30": "", "2019-03-31": "", "2018-12-31": "", "2018-09-30": "", "2018-06-30": "", "2018-03-31": "", "2017-12-31": "", "2017-09-30": "", "2017-06-30": "", "2017-03-31": "", "2016-12-31": "", "2016-09-30": "", "2016-06-30": "", "2016-03-31": "", "2015-12-31": "", "2015-09-30": "", "2015-06-30": "", "2015-03-31": "", "2014-12-31": "", "2014-09-30": "", "2014-06-30": "", "2014-03-31": "", "2013-12-31": "", "2013-09-30": "", "2013-06-30": "", "2013-03-31": "", "2012-12-31": "", "2012-09-30": "", "2012-06-30": "", "2012-03-31": "", "2011-12-31": "", "2011-09-30": "", "2011-06-30": "", "2011-03-31": "", "2010-12-31": "", "2010-09-30": "", "2010-06-30": "", "2010-03-31": "", "2009-12-31": "", "2009-09-30": "", "2009-06-30": "", "2009-03-31": "", "2008-12-31": "", "2008-09-30": "", "2008-06-30": "", "2008-03-31": "", "2007-12-31": "", "2007-09-30": "", "2007-06-30": "", "2007-03-31": "", "2006-12-31": "", "2006-09-30": "", "2006-06-30": "", "2006-03-31": "", "2005-12-31": "", "2005-09-30": "", "2005-06-30": "", "2005-03-31": ""}, "Share Holder Equity": {"2020-12-31": "12489.00000", "2020-09-30": "12369.00000", "2020-06-30": "12456.00000", "2020-03-31": "15983.00000", "2019-12-31": "24176.00000", "2019-09-30": "24327.00000", "2019-06-30": "36273.00000", "2019-03-31": "36524.00000", "2018-12-31": "36586.00000", "2018-09-30": "36948.00000", "2018-06-30": "36897.00000", "2018-03-31": "37326.00000", "2017-12-31": "37261.00000", "2017-09-30": "40010.00000", "2017-06-30": "39952.00000", "2017-03-31": "41054.00000", "2016-12-31": "41529.00000", "2016-09-30": "42574.00000", "2016-06-30": "42979.00000", "2016-03-31": "35662.00000", "2015-12-31": "35905.00000", "2015-09-30": "38179.00000", "2015-06-30": "38185.00000", "2015-03-31": "37866.00000", "2014-12-31": "38049.00000", "2014-09-30": "40687.00000", "2014-06-30": "40702.00000", "2014-03-31": "40180.00000", "2013-12-31": "39635.00000", "2013-09-30": "38031.00000", "2013-06-30": "37048.00000", "2013-03-31": "35781.00000", "2012-12-31": "34858.00000", "2012-09-30": "34311.00000", "2012-06-30": "32967.00000", "2012-03-31": "32488.00000", "2011-12-31": "31392.00000", "2011-09-30": "31623.00000", "2011-06-30": "32062.00000", "2011-03-31": "31626.00000", "2010-12-31": "31444.00000", "2010-09-30": "31116.00000", "2010-06-30": "19884.00000", "2010-03-31": "19539.00000", "2009-12-31": "19229.00000", "2009-09-30": "19463.00000", "2009-06-30": "18734.00000", "2009-03-31": "17684.79000", "2008-12-31": "16934.00000", "2008-09-30": "17797.76000", "2008-06-30": "16976.42000", "2008-03-31": "15782.65000", "2007-12-31": "14875.89000", "2007-09-30": "14017.72000", "2007-06-30": "12838.65000", "2007-03-31": "11360.05000", "2006-12-31": "10419.88000", "2006-09-30": "9599.46100", "2006-06-30": "9094.10200", "2006-03-31": "8131.41300", "2005-12-31": "7591.58500", "2005-09-30": "7276.11700", "2005-06-30": "6754.28500", "2005-03-31": "6477.25800"}, "Total Liabilities And Share Holders Equity": {"2020-12-31": "42434.00000", "2020-09-30": "44066.00000", "2020-06-30": "44667.00000", "2020-03-31": "48594.00000", "2019-12-31": "56312.00000", "2019-09-30": "57990.00000", "2019-06-30": "70591.00000", "2019-03-31": "70321.00000", "2018-12-31": "70507.00000", "2018-09-30": "70046.00000", "2018-06-30": "70156.00000", "2018-03-31": "71478.00000", "2017-12-31": "71987.00000", "2017-09-30": "73569.00000", "2017-06-30": "74862.00000", "2017-03-31": "76175.00000", "2016-12-31": "77956.00000", "2016-09-30": "80594.00000", "2016-06-30": "81171.00000", "2016-03-31": "69141.00000", "2015-12-31": "68005.00000", "2015-09-30": "63342.00000", "2015-06-30": "64753.00000", "2015-03-31": "65411.00000", "2014-12-31": "66904.00000", "2014-09-30": "68320.00000", "2014-06-30": "68086.00000", "2014-03-31": "66717.00000", "2013-12-31": "67100.00000", "2013-09-30": "65123.00000", "2013-06-30": "63251.00000", "2013-03-31": "61428.00000", "2012-12-31": "61547.00000", "2012-09-30": "59441.00000", "2012-06-30": "57013.00000", "2012-03-31": "56366.00000", "2011-12-31": "55201.00000", "2011-09-30": "55581.00000", "2011-06-30": "54019.00000", "2011-03-31": "52372.00000", "2010-12-31": "51767.00000", "2010-09-30": "49854.00000", "2010-06-30": "33017.00000", "2010-03-31": "32883.00000", "2009-12-31": "33465.00000", "2009-09-30": "33075.00000", "2009-06-30": "32960.00000", "2009-03-31": "32997.14000", "2008-12-31": "32094.00000", "2008-09-30": "31597.68000", "2008-06-30": "29994.94000", "2008-03-31": "28954.37000", "2007-12-31": "27853.37000", "2007-09-30": "26306.51000", "2007-06-30": "24772.76000", "2007-03-31": "23508.78000", "2006-12-31": "22832.14000", "2006-09-30": "20736.87000", "2006-06-30": "20224.37000", "2006-03-31": "18541.54000", "2005-12-31": "18077.49000", "2005-09-30": "17235.56000", "2005-06-30": "16892.62000", "2005-03-31": "16402.81000"}}, "cash flow statement": {"Net Income/Loss": {"2020-12-31": "-10486.00000", "2019-12-31": "-10107.00000", "2018-12-31": "2177.00000", "2017-12-31": "-1513.00000", "2016-12-31": "-1627.00000", "2015-12-31": "2135.00000", "2014-12-31": "5506.00000", "2013-12-31": "6774.00000", "2012-12-31": "5519.00000", "2011-12-31": "5007.00000", "2010-12-31": "4265.00000", "2009-12-31": "3142.00000", "2008-12-31": "5460.00000", "2007-12-31": "5177.00000", "2006-12-31": "3709.85100", "2005-12-31": "2198.99500"}, "Total Depreciation And Amortization - Cash Flow": {"2020-12-31": "2566.00000", "2019-12-31": "3589.00000", "2018-12-31": "3556.00000", "2017-12-31": "3837.00000", "2016-12-31": "4094.00000", "2015-12-31": "4078.00000", "2014-12-31": "4094.00000", "2013-12-31": "3879.00000", "2012-12-31": "3647.00000", "2011-12-31": "3274.00000", "2010-12-31": "2757.00000", "2009-12-31": "2476.00000", "2008-12-31": "2269.00000", "2007-12-31": "1954.00000", "2006-12-31": "1561.41000", "2005-12-31": "1350.96900"}, "Other Non-Cash Items": {"2020-12-31": "11620.00000", "2019-12-31": "12276.00000", "2018-12-31": "110.00000", "2017-12-31": "3658.00000", "2016-12-31": "4040.00000", "2015-12-31": "2868.00000", "2014-12-31": "2159.00000", "2013-12-31": "-127.00000", "2012-12-31": "-256.00000", "2011-12-31": "-332.00000", "2010-12-31": "-1541.00000", "2009-12-31": "-67.00000", "2008-12-31": "-132.00000", "2007-12-31": "-131.00000", "2006-12-31": "52.03600", "2005-12-31": "-164.02600"}, "Total Non-Cash Items": {"2020-12-31": "14186.00000", "2019-12-31": "15865.00000", "2018-12-31": "3666.00000", "2017-12-31": "7495.00000", "2016-12-31": "8134.00000", "2015-12-31": "6946.00000", "2014-12-31": "6253.00000", "2013-12-31": "3752.00000", "2012-12-31": "3391.00000", "2011-12-31": "2942.00000", "2010-12-31": "1216.00000", "2009-12-31": "2409.00000", "2008-12-31": "2137.00000", "2007-12-31": "1823.00000", "2006-12-31": "1613.44600", "2005-12-31": "1186.94300"}, "Change In Accounts Receivable": {"2020-12-31": "2345.00000", "2019-12-31": "142.00000", "2018-12-31": "430.00000", "2017-12-31": "-124.00000", "2016-12-31": "1098.00000", "2015-12-31": "2176.00000", "2014-12-31": "-187.00000", "2013-12-31": "-803.00000", "2012-12-31": "-2051.00000", "2011-12-31": "-1402.00000", "2010-12-31": "-290.00000", "2009-12-31": "155.00000", "2008-12-31": "-944.00000", "2007-12-31": "-1017.00000", "2006-12-31": "-860.56400", "2005-12-31": "-716.21800"}, "Change In Inventories": {"2020-12-31": "86.00000", "2019-12-31": "-314.00000", "2018-12-31": "-10.00000", "2017-12-31": "108.00000", "2016-12-31": "800.00000", "2015-12-31": "625.00000", "2014-12-31": "-36.00000", "2013-12-31": "188.00000", "2012-12-31": "-645.00000", "2011-12-31": "-863.00000", "2010-12-31": "-50.00000", "2009-12-31": "64.00000", "2008-12-31": "-299.00000", "2007-12-31": "-356.00000", "2006-12-31": "-222.14200", "2005-12-31": "-180.09900"}, "Change In Accounts Payable": {"2020-12-31": "", "2019-12-31": "", "2018-12-31": "", "2017-12-31": "", "2016-12-31": "", "2015-12-31": "", "2014-12-31": "", "2013-12-31": "", "2012-12-31": "", "2011-12-31": "", "2010-12-31": "", "2009-12-31": "", "2008-12-31": "", "2007-12-31": "", "2006-12-31": "", "2005-12-31": ""}, "Change In Assets/Liabilities": {"2020-12-31": "344.00000", "2019-12-31": "0.00000", "2018-12-31": "377.00000", "2017-12-31": "319.00000", "2016-12-31": "-354.00000", "2015-12-31": "278.00000", "2014-12-31": "-409.00000", "2013-12-31": "91.00000", "2012-12-31": "-300.00000", "2011-12-31": "106.00000", "2010-12-31": "-33.00000", "2009-12-31": "195.00000", "2008-12-31": "-44.00000", "2007-12-31": "-170.00000", "2006-12-31": "-75.97100", "2005-12-31": "1.79500"}, "Total Change In Assets/Liabilities": {"2020-12-31": "-756.00000", "2019-12-31": "-327.00000", "2018-12-31": "-130.00000", "2017-12-31": "-319.00000", "2016-12-31": "-246.00000", "2015-12-31": "-276.00000", "2014-12-31": "-564.00000", "2013-12-31": "164.00000", "2012-12-31": "-1995.00000", "2011-12-31": "-2069.00000", "2010-12-31": "28.00000", "2009-12-31": "-240.00000", "2008-12-31": "-698.00000", "2007-12-31": "-713.00000", "2006-12-31": "-577.84300", "2005-12-31": "-379.08100"}, "Cash Flow From Operating Activities": {"2020-12-31": "2944.00000", "2019-12-31": "5431.00000", "2018-12-31": "5713.00000", "2017-12-31": "5663.00000", "2016-12-31": "6261.00000", "2015-12-31": "8805.00000", "2014-12-31": "11195.00000", "2013-12-31": "10690.00000", "2012-12-31": "6915.00000", "2011-12-31": "5880.00000", "2010-12-31": "5509.00000", "2009-12-31": "5311.00000", "2008-12-31": "6899.00000", "2007-12-31": "6287.00000", "2006-12-31": "4745.45400", "2005-12-31": "3006.85700"}, "Net Change In Property, Plant, And Equipment": {"2020-12-31": "-1116.00000", "2019-12-31": "-1724.00000", "2018-12-31": "-2160.00000", "2017-12-31": "-2107.00000", "2016-12-31": "-2055.00000", "2015-12-31": "-2410.00000", "2014-12-31": "-3976.00000", "2013-12-31": "-3943.00000", "2012-12-31": "-4694.00000", "2011-12-31": "-4004.00000", "2010-12-31": "-2912.00000", "2009-12-31": "-2395.00000", "2008-12-31": "-3723.00000", "2007-12-31": "-2931.00000", "2006-12-31": "-2457.09300", "2005-12-31": "-1592.51100"}, "Net Change In Intangible Assets": {"2020-12-31": "-101.00000", "2019-12-31": "-231.00000", "2018-12-31": "-100.00000", "2017-12-31": "-276.00000", "2016-12-31": "-630.00000", "2015-12-31": "-486.00000", "2014-12-31": "-321.00000", "2013-12-31": "-394.00000", "2012-12-31": "-351.00000", "2011-12-31": "-289.00000", "2010-12-31": "-326.00000", "2009-12-31": "-230.00000", "2008-12-31": "-345.00000", "2007-12-31": "-260.00000", "2006-12-31": "-190.33700", "2005-12-31": "-93.27100"}, "Net Acquisitions/Divestitures": {"2020-12-31": "401.00000", "2019-12-31": "325.00000", "2018-12-31": "287.00000", "2017-12-31": "-847.00000", "2016-12-31": "-2398.00000", "2015-12-31": "-443.00000", "2014-12-31": "-1008.00000", "2013-12-31": "-1210.00000", "2012-12-31": "-845.00000", "2011-12-31": "-186.00000", "2010-12-31": "-702.00000", "2009-12-31": "-514.00000", "2008-12-31": "-345.00000", "2007-12-31": "-1119.00000", "2006-12-31": "-2990.42800", "2005-12-31": "142.89000"}, "Net Change In Short-term Investments": {"2020-12-31": "", "2019-12-31": "238.00000", "2018-12-31": "", "2017-12-31": "", "2016-12-31": "", "2015-12-31": "", "2014-12-31": "", "2013-12-31": "", "2012-12-31": "", "2011-12-31": "", "2010-12-31": "", "2009-12-31": "", "2008-12-31": "", "2007-12-31": "", "2006-12-31": "", "2005-12-31": ""}, "Net Change In Long-Term Investments": {"2020-12-31": "-1444.00000", "2019-12-31": "-464.00000", "2018-12-31": "962.00000", "2017-12-31": "1668.00000", "2016-12-31": "4513.00000", "2015-12-31": "-6801.00000", "2014-12-31": "-294.00000", "2013-12-31": "-1550.00000", "2012-12-31": "-1600.00000", "2011-12-31": "351.00000", "2010-12-31": "1023.00000", "2009-12-31": "-1159.00000", "2008-12-31": "-604.00000", "2007-12-31": "-89.00000", "2006-12-31": "700.98600", "2005-12-31": "-596.58700"}, "Net Change In Investments - Total": {"2020-12-31": "-1444.00000", "2019-12-31": "-226.00000", "2018-12-31": "962.00000", "2017-12-31": "1668.00000", "2016-12-31": "4513.00000", "2015-12-31": "-6801.00000", "2014-12-31": "-294.00000", "2013-12-31": "-1550.00000", "2012-12-31": "-1600.00000", "2011-12-31": "351.00000", "2010-12-31": "1023.00000", "2009-12-31": "-1159.00000", "2008-12-31": "-604.00000", "2007-12-31": "-89.00000", "2006-12-31": "700.98600", "2005-12-31": "-596.58700"}, "Investing Activities - Other": {"2020-12-31": "-93.00000", "2019-12-31": "-155.00000", "2018-12-31": "-29.00000", "2017-12-31": "-217.00000", "2016-12-31": "-54.00000", "2015-12-31": "-112.00000", "2014-12-31": "19.00000", "2013-12-31": "218.00000", "2012-12-31": "-55.00000", "2011-12-31": "230.00000", "2010-12-31": "-19.00000", "2009-12-31": "228.00000", "2008-12-31": "-132.00000", "2007-12-31": "-230.00000", "2006-12-31": "-123.90400", "2005-12-31": "94.99400"}, "Cash Flow From Investing Activities": {"2020-12-31": "-2353.00000", "2019-12-31": "-2011.00000", "2018-12-31": "-1040.00000", "2017-12-31": "-1779.00000", "2016-12-31": "-624.00000", "2015-12-31": "-10252.00000", "2014-12-31": "-5580.00000", "2013-12-31": "-6879.00000", "2012-12-31": "-7545.00000", "2011-12-31": "-3898.00000", "2010-12-31": "-2936.00000", "2009-12-31": "-4070.00000", "2008-12-31": "-5149.00000", "2007-12-31": "-4629.00000", "2006-12-31": "-5060.77600", "2005-12-31": "-2044.48500"}, "Net Long-Term Debt": {"2020-12-31": "674.00000", "2019-12-31": "-795.00000", "2018-12-31": "-1963.00000", "2017-12-31": "-590.00000", "2016-12-31": "-1990.00000", "2015-12-31": "5794.00000", "2014-12-31": "-589.00000", "2013-12-31": "1413.00000", "2012-12-31": "1015.00000", "2011-12-31": "1892.00000", "2010-12-31": "1001.00000", "2009-12-31": "219.00000", "2008-12-31": "680.00000", "2007-12-31": "-129.00000", "2006-12-31": "1322.06300", "2005-12-31": "-170.66600"}, "Net Current Debt": {"2020-12-31": "156.00000", "2019-12-31": "-44.00000", "2018-12-31": "-85.00000", "2017-12-31": "-1022.00000", "2016-12-31": "-387.00000", "2015-12-31": "-3.00000", "2014-12-31": "552.00000", "2013-12-31": "37.00000", "2012-12-31": "621.00000", "2011-12-31": "-119.00000", "2010-12-31": "-68.00000", "2009-12-31": "-111.00000", "2008-12-31": "-210.00000", "2007-12-31": "-72.00000", "2006-12-31": "194.17700", "2005-12-31": "-45.03100"}, "Debt Issuance/Retirement Net - Total": {"2020-12-31": "830.00000", "2019-12-31": "-839.00000", "2018-12-31": "-2048.00000", "2017-12-31": "-1612.00000", "2016-12-31": "-2377.00000", "2015-12-31": "5791.00000", "2014-12-31": "-37.00000", "2013-12-31": "1450.00000", "2012-12-31": "1636.00000", "2011-12-31": "1773.00000", "2010-12-31": "933.00000", "2009-12-31": "108.00000", "2008-12-31": "470.00000", "2007-12-31": "-201.00000", "2006-12-31": "1516.24000", "2005-12-31": "-215.69700"}, "Net Common Equity Issued/Repurchased": {"2020-12-31": "120.00000", "2019-12-31": "-59.00000", "2018-12-31": "-139.00000", "2017-12-31": "-672.00000", "2016-12-31": "-363.00000", "2015-12-31": "-1734.00000", "2014-12-31": "-3853.00000", "2013-12-31": "-2059.00000", "2012-12-31": "-562.00000", "2011-12-31": "-2560.00000", "2010-12-31": "-1316.00000", "2009-12-31": "-294.00000", "2008-12-31": "-1468.00000", "2007-12-31": "-733.00000", "2006-12-31": "-626.29700", "2005-12-31": "-266.41200"}, "Net Total Equity Issued/Repurchased": {"2020-12-31": "120.00000", "2019-12-31": "-59.00000", "2018-12-31": "-139.00000", "2017-12-31": "-672.00000", "2016-12-31": "-363.00000", "2015-12-31": "-1734.00000", "2014-12-31": "-3853.00000", "2013-12-31": "-2059.00000", "2012-12-31": "-562.00000", "2011-12-31": "-2560.00000", "2010-12-31": "-1316.00000", "2009-12-31": "-294.00000", "2008-12-31": "-1468.00000", "2007-12-31": "-733.00000", "2006-12-31": "-626.29700", "2005-12-31": "-266.41200"}, "Total Common And Preferred Stock Dividends Paid": {"2020-12-31": "-1734.00000", "2019-12-31": "-2769.00000", "2018-12-31": "-2770.00000", "2017-12-31": "-2778.00000", "2016-12-31": "-2647.00000", "2015-12-31": "-2419.00000", "2014-12-31": "-1968.00000", "2013-12-31": "-1608.00000", "2012-12-31": "-1432.00000", "2011-12-31": "-1300.00000", "2010-12-31": "-1040.00000", "2009-12-31": "-1006.00000", "2008-12-31": "-964.00000", "2007-12-31": "-771.00000", "2006-12-31": "-567.67300", "2005-12-31": "-481.58300"}, "Financial Activities - Other": {"2020-12-31": "-89.00000", "2019-12-31": "-51.00000", "2018-12-31": "-63.00000", "2017-12-31": "29.00000", "2016-12-31": "-41.00000", "2015-12-31": "-264.00000", "2014-12-31": "-38.00000", "2013-12-31": "18.00000", "2012-12-31": "19.00000", "2011-12-31": "-613.00000", "2010-12-31": "14.00000", "2009-12-31": "4.00000", "2008-12-31": "137.00000", "2007-12-31": "75.00000", "2006-12-31": "-31.76400", "2005-12-31": "-30.00000"}, "Cash Flow From Financial Activities": {"2020-12-31": "-873.00000", "2019-12-31": "-3718.00000", "2018-12-31": "-5020.00000", "2017-12-31": "-5033.00000", "2016-12-31": "-5428.00000", "2015-12-31": "1374.00000", "2014-12-31": "-5896.00000", "2013-12-31": "-2199.00000", "2012-12-31": "-339.00000", "2011-12-31": "-2700.00000", "2010-12-31": "-1409.00000", "2009-12-31": "-1188.00000", "2008-12-31": "-1825.00000", "2007-12-31": "-1630.00000", "2006-12-31": "290.50600", "2005-12-31": "-993.69200"}, "Net Cash Flow": {"2020-12-31": "-293.00000", "2019-12-31": "-296.00000", "2018-12-31": "-366.00000", "2017-12-31": "-1130.00000", "2016-12-31": "136.00000", "2015-12-31": "-337.00000", "2014-12-31": "-342.00000", "2013-12-31": "1567.00000", "2012-12-31": "200.00000", "2011-12-31": "-59.00000", "2010-12-31": "1147.00000", "2009-12-31": "8.00000", "2008-12-31": "-14.00000", "2007-12-31": "31.00000", "2006-12-31": "-25.13700", "2005-12-31": "-32.54900"}, "Stock-Based Compensation": {"2020-12-31": "397.00000", "2019-12-31": "405.00000", "2018-12-31": "345.00000", "2017-12-31": "343.00000", "2016-12-31": "267.00000", "2015-12-31": "326.00000", "2014-12-31": "329.00000", "2013-12-31": "315.00000", "2012-12-31": "335.00000", "2011-12-31": "272.00000", "2010-12-31": "198.00000", "2009-12-31": "186.00000", "2008-12-31": "172.00000", "2007-12-31": "136.00000", "2006-12-31": "113.84300", "2005-12-31": "40.20400"}, "Common Stock Dividends Paid": {"2020-12-31": "-1734.00000", "2019-12-31": "-2769.00000", "2018-12-31": "-2770.00000", "2017-12-31": "-2778.00000", "2016-12-31": "-2647.00000", "2015-12-31": "-2419.00000", "2014-12-31": "-1968.00000", "2013-12-31": "-1608.00000", "2012-12-31": "-1432.00000", "2011-12-31": "-1300.00000", "2010-12-31": "-1040.00000", "2009-12-31": "-1006.00000", "2008-12-31": "-964.00000", "2007-12-31": "-771.00000", "2006-12-31": "-567.67300", "2005-12-31": "-481.58300"}}, "cash flow statement, quarterly": {"Net Income/Loss": {"2020-12-31": 382, "2020-09-30": -72, "2020-06-30": -3428, "2020-03-31": "-7368.00000", "2019-12-31": 343, "2019-09-30": -11373, "2019-06-30": 493, "2019-03-31": "430.00000", "2018-12-31": 549, "2018-09-30": 657, "2018-06-30": 441, "2018-03-31": "530.00000", "2017-12-31": -2271, "2017-09-30": 555, "2017-06-30": -81, "2017-03-31": "284.00000", "2016-12-31": -195, "2016-09-30": 191, "2016-06-30": -2146, "2016-03-31": "523.00000", "2015-12-31": -990, "2015-09-30": 1003, "2015-06-30": 1134, "2015-03-31": "988.00000", "2014-12-31": 318, "2014-09-30": 1964, "2014-06-30": 1616, "2014-03-31": "1608.00000", "2013-12-31": 1683, "2013-09-30": 1724, "2013-06-30": 2100, "2013-03-31": "1267.00000", "2012-12-31": 1372, "2012-09-30": 1427, "2012-06-30": 1414, "2012-03-31": "1306.00000", "2011-12-31": 1418, "2011-09-30": 1305, "2011-06-30": 1341, "2011-03-31": "943.00000", "2010-12-31": 1043, "2010-09-30": 1731, "2010-06-30": 817, "2010-03-31": "674.00000", "2009-12-31": 798, "2009-09-30": 788, "2009-06-30": 616, "2009-03-31": "940.00000", "2008-12-31": 1150, "2008-09-30": 1540, "2008-06-30": 1425.301, "2008-03-31": "1344.69900", "2007-12-31": 1383.697, "2007-09-30": 1353.997, "2007-06-30": 1258.479, "2007-03-31": "1180.82700", "2006-12-31": 1130.616, "2006-09-30": 999.824, "2006-06-30": 856.9, "2006-03-31": "722.51100", "2005-12-31": 652.582, "2005-09-30": 540.803, "2005-06-30": 482.201, "2005-03-31": "523.40900"}, "Total Depreciation And Amortization - Cash Flow": {"2020-12-31": 583, "2020-09-30": 587, "2020-06-30": 604, "2020-03-31": "792.00000", "2019-12-31": 848, "2019-09-30": 900, "2019-06-30": 938, "2019-03-31": "903.00000", "2018-12-31": 919, "2018-09-30": 887, "2018-06-30": 876, "2018-03-31": "874.00000", "2017-12-31": 906, "2017-09-30": 956, "2017-06-30": 986, "2017-03-31": "989.00000", "2016-12-31": 1016, "2016-09-30": 998, "2016-06-30": 1113, "2016-03-31": "967.00000", "2015-12-31": 963, "2015-09-30": 1026, "2015-06-30": 1047, "2015-03-31": "1042.00000", "2014-12-31": 1065, "2014-09-30": 1032, "2014-06-30": 996, "2014-03-31": "1001.00000", "2013-12-31": 988, "2013-09-30": 988, "2013-06-30": 1007, "2013-03-31": "896.00000", "2012-12-31": 1077, "2012-09-30": 864, "2012-06-30": 855, "2012-03-31": "851.00000", "2011-12-31": 859, "2011-09-30": 826, "2011-06-30": 801, "2011-03-31": "788.00000", "2010-12-31": 806, "2010-09-30": 693, "2010-06-30": 638, "2010-03-31": "620.00000", "2009-12-31": 628, "2009-09-30": 613, "2009-06-30": 626, "2009-03-31": "609.00000", "2008-12-31": 613, "2008-09-30": 583, "2008-06-30": 556.311, "2008-03-31": "516.68900", "2007-12-31": 554.43, "2007-09-30": 497.661, "2007-06-30": 460.932, "2007-03-31": "440.97700", "2006-12-31": 439, "2006-09-30": 392.765, "2006-06-30": 375.042, "2006-03-31": "354.60300", "2005-12-31": 358.881, "2005-09-30": 337.107, "2005-06-30": 326.516, "2005-03-31": "328.46500"}, "Other Non-Cash Items": {"2020-12-31": -129, "2020-09-30": 365, "2020-06-30": 3544, "2020-03-31": "7840.00000", "2019-12-31": 86, "2019-09-30": 12097, "2019-06-30": 54, "2019-03-31": "39.00000", "2018-12-31": -225, "2018-09-30": 1, "2018-06-30": 249, "2018-03-31": "85.00000", "2017-12-31": 2833, "2017-09-30": 75, "2017-06-30": 582, "2017-03-31": "168.00000", "2016-12-31": 725, "2016-09-30": 283, "2016-06-30": 2981, "2016-03-31": "51.00000", "2015-12-31": 2228, "2015-09-30": 96, "2015-06-30": 66, "2015-03-31": "478.00000", "2014-12-31": 1828, "2014-09-30": -9, "2014-06-30": 310, "2014-03-31": "30.00000", "2013-12-31": 247, "2013-09-30": -37, "2013-06-30": -398, "2013-03-31": "61.00000", "2012-12-31": 43, "2012-09-30": -68, "2012-06-30": -281, "2012-03-31": "50.00000", "2011-12-31": -175, "2011-09-30": -41, "2011-06-30": -267, "2011-03-31": "151.00000", "2010-12-31": -12, "2010-09-30": -1442, "2010-06-30": -56, "2010-03-31": "-31.00000", "2009-12-31": 54, "2009-09-30": -109, "2009-06-30": 66, "2009-03-31": "-78.00000", "2008-12-31": -83, "2008-09-30": 8, "2008-06-30": -42.726, "2008-03-31": "-14.27400", "2007-12-31": -132.822, "2007-09-30": 23.644, "2007-06-30": 11.737, "2007-03-31": "-33.55900", "2006-12-31": 31.249, "2006-09-30": -43.99, "2006-06-30": 1.966, "2006-03-31": "62.81100", "2005-12-31": -39.671, "2005-09-30": 70.889, "2005-06-30": -43.819, "2005-03-31": "-151.42500"}, "Total Non-Cash Items": {"2020-12-31": 454, "2020-09-30": 952, "2020-06-30": 4148, "2020-03-31": "8632.00000", "2019-12-31": 934, "2019-09-30": 12997, "2019-06-30": 992, "2019-03-31": "942.00000", "2018-12-31": 694, "2018-09-30": 888, "2018-06-30": 1125, "2018-03-31": "959.00000", "2017-12-31": 3739, "2017-09-30": 1031, "2017-06-30": 1568, "2017-03-31": "1157.00000", "2016-12-31": 1741, "2016-09-30": 1281, "2016-06-30": 4094, "2016-03-31": "1018.00000", "2015-12-31": 3191, "2015-09-30": 1122, "2015-06-30": 1113, "2015-03-31": "1520.00000", "2014-12-31": 2893, "2014-09-30": 1023, "2014-06-30": 1306, "2014-03-31": "1031.00000", "2013-12-31": 1235, "2013-09-30": 951, "2013-06-30": 609, "2013-03-31": "957.00000", "2012-12-31": 1120, "2012-09-30": 796, "2012-06-30": 574, "2012-03-31": "901.00000", "2011-12-31": 684, "2011-09-30": 785, "2011-06-30": 534, "2011-03-31": "939.00000", "2010-12-31": 794, "2010-09-30": -749, "2010-06-30": 582, "2010-03-31": "589.00000", "2009-12-31": 682, "2009-09-30": 504, "2009-06-30": 692, "2009-03-31": "531.00000", "2008-12-31": 530, "2008-09-30": 591, "2008-06-30": 513.585, "2008-03-31": "502.41500", "2007-12-31": 421.608, "2007-09-30": 521.305, "2007-06-30": 472.669, "2007-03-31": "407.41800", "2006-12-31": 470.249, "2006-09-30": 348.775, "2006-06-30": 377.008, "2006-03-31": "417.41400", "2005-12-31": 319.2101, "2005-09-30": 407.9959, "2005-06-30": 282.697, "2005-03-31": "177.04000"}, "Change In Accounts Receivable": {"2020-12-31": 186, "2020-09-30": 249, "2020-06-30": 1677, "2020-03-31": "233.00000", "2019-12-31": 571, "2019-09-30": 152, "2019-06-30": -301, "2019-03-31": "-280.00000", "2018-12-31": 544, "2018-09-30": 170, "2018-06-30": -132, "2018-03-31": "-152.00000", "2017-12-31": 925, "2017-09-30": -643, "2017-06-30": -464, "2017-03-31": "58.00000", "2016-12-31": 247, "2016-09-30": -206, "2016-06-30": 643, "2016-03-31": "414.00000", "2015-12-31": 328, "2015-09-30": 166, "2015-06-30": 889, "2015-03-31": "793.00000", "2014-12-31": 592, "2014-09-30": -189, "2014-06-30": -388, "2014-03-31": "-202.00000", "2013-12-31": 412, "2013-09-30": -704, "2013-06-30": -223, "2013-03-31": "-288.00000", "2012-12-31": 129, "2012-09-30": -610, "2012-06-30": -735, "2012-03-31": "-835.00000", "2011-12-31": -176, "2011-09-30": -201, "2011-06-30": -464, "2011-03-31": "-561.00000", "2010-12-31": 249, "2010-09-30": -490, "2010-06-30": -174, "2010-03-31": "125.00000", "2009-12-31": 1, "2009-09-30": 24, "2009-06-30": 559, "2009-03-31": "-429.00000", "2008-12-31": 334, "2008-09-30": -510, "2008-06-30": -418.876, "2008-03-31": "-349.12400", "2007-12-31": 12.225, "2007-09-30": -402.226, "2007-06-30": -171.794, "2007-03-31": "-455.20500", "2006-12-31": -99.786, "2006-09-30": -202.934, "2006-06-30": -178.702, "2006-03-31": "-379.14200", "2005-12-31": -161.158, "2005-09-30": -211.518, "2005-06-30": -12.279, "2005-03-31": "-331.26300"}, "Change In Inventories": {"2020-12-31": 110, "2020-09-30": 50, "2020-06-30": -32, "2020-03-31": "-42.00000", "2019-12-31": 86, "2019-09-30": -68, "2019-06-30": -135, "2019-03-31": "-197.00000", "2018-12-31": 58, "2018-09-30": 3, "2018-06-30": 10, "2018-03-31": "-81.00000", "2017-12-31": 94, "2017-09-30": 65, "2017-06-30": -18, "2017-03-31": "-33.00000", "2016-12-31": 244, "2016-09-30": 222, "2016-06-30": 209, "2016-03-31": "125.00000", "2015-12-31": 180, "2015-09-30": 406, "2015-06-30": 91, "2015-03-31": "-52.00000", "2014-12-31": 25, "2014-09-30": 29, "2014-06-30": 47, "2014-03-31": "-137.00000", "2013-12-31": 284, "2013-09-30": 141, "2013-06-30": -58, "2013-03-31": "-179.00000", "2012-12-31": 142, "2012-09-30": -117, "2012-06-30": -283, "2012-03-31": "-387.00000", "2011-12-31": -205, "2011-09-30": -171, "2011-06-30": -236, "2011-03-31": "-251.00000", "2010-12-31": -29, "2010-09-30": -51, "2010-06-30": 13, "2010-03-31": "17.00000", "2009-12-31": 106, "2009-09-30": 59, "2009-06-30": 17, "2009-03-31": "-118.00000", "2008-12-31": -57, "2008-09-30": -83, "2008-06-30": -34.177, "2008-03-31": "-124.82300", "2007-12-31": -35.014, "2007-09-30": -60.723, "2007-06-30": -84.488, "2007-03-31": "-175.77500", "2006-12-31": -8.855, "2006-09-30": -75.282, "2006-06-30": -88.29, "2006-03-31": "-49.71500", "2005-12-31": -37.084, "2005-09-30": -28.622, "2005-06-30": -58.656, "2005-03-31": "-55.73700"}, "Change In Accounts Payable": {"2020-12-31": 0, "2020-09-30": 0, "2020-06-30": 0, "2020-03-31": "", "2019-12-31": 0, "2019-09-30": 0, "2019-06-30": 0, "2019-03-31": "", "2018-12-31": 0, "2018-09-30": 0, "2018-06-30": 0, "2018-03-31": "", "2017-12-31": 0, "2017-09-30": 0, "2017-06-30": 0, "2017-03-31": "", "2016-12-31": 0, "2016-09-30": 0, "2016-06-30": 0, "2016-03-31": "", "2015-12-31": 0, "2015-09-30": 0, "2015-06-30": 0, "2015-03-31": "", "2014-12-31": 0, "2014-09-30": 0, "2014-06-30": 0, "2014-03-31": "", "2013-12-31": 0, "2013-09-30": 0, "2013-06-30": 0, "2013-03-31": "", "2012-12-31": 0, "2012-09-30": 0, "2012-06-30": 0, "2012-03-31": "", "2011-12-31": 0, "2011-09-30": 0, "2011-06-30": 0, "2011-03-31": "", "2010-12-31": 0, "2010-09-30": 0, "2010-06-30": 0, "2010-03-31": "", "2009-12-31": 0, "2009-09-30": 0, "2009-06-30": 0, "2009-03-31": "", "2008-12-31": 0, "2008-09-30": 0, "2008-06-30": 0, "2008-03-31": "", "2007-12-31": 0, "2007-09-30": 0, "2007-06-30": 0, "2007-03-31": "", "2006-12-31": 0, "2006-09-30": 0, "2006-06-30": 0, "2006-03-31": "", "2005-12-31": 0, "2005-09-30": 0, "2005-06-30": 0, "2005-03-31": ""}, "Change In Assets/Liabilities": {"2020-12-31": 118, "2020-09-30": 71, "2020-06-30": 138, "2020-03-31": "17.00000", "2019-12-31": 89, "2019-09-30": -69, "2019-06-30": 71, "2019-03-31": "-91.00000", "2018-12-31": 370, "2018-09-30": 103, "2018-06-30": 37, "2018-03-31": "-133.00000", "2017-12-31": 34, "2017-09-30": 483, "2017-06-30": -89, "2017-03-31": "-109.00000", "2016-12-31": -105, "2016-09-30": 56, "2016-06-30": -522, "2016-03-31": "217.00000", "2015-12-31": -71, "2015-09-30": 196, "2015-06-30": 218, "2015-03-31": "-65.00000", "2014-12-31": -246, "2014-09-30": 7, "2014-06-30": -57, "2014-03-31": "-113.00000", "2013-12-31": 21, "2013-09-30": -25, "2013-06-30": 261, "2013-03-31": "-166.00000", "2012-12-31": 186, "2012-09-30": -114, "2012-06-30": -244, "2012-03-31": "-128.00000", "2011-12-31": -116, "2011-09-30": 104, "2011-06-30": 76, "2011-03-31": "42.00000", "2010-12-31": 51, "2010-09-30": 60, "2010-06-30": -28, "2010-03-31": "-116.00000", "2009-12-31": 240, "2009-09-30": 64, "2009-06-30": -63, "2009-03-31": "-46.00000", "2008-12-31": 86, "2008-09-30": 69, "2008-06-30": -35.682, "2008-03-31": "-163.31800", "2007-12-31": 91.412, "2007-09-30": -244.415, "2007-06-30": 28.039, "2007-03-31": "-45.03600", "2006-12-31": -107.41, "2006-09-30": -13.042, "2006-06-30": 9.374, "2006-03-31": "35.10700", "2005-12-31": -20.118, "2005-09-30": 134.834, "2005-06-30": -97.779, "2005-03-31": "-15.14200"}, "Total Change In Assets/Liabilities": {"2020-12-31": 42, "2020-09-30": -401, "2020-06-30": 83, "2020-03-31": "-480.00000", "2019-12-31": 975, "2019-09-30": 121, "2019-06-30": -377, "2019-03-31": "-1046.00000", "2018-12-31": 1088, "2018-09-30": 282, "2018-06-30": -579, "2018-03-31": "-921.00000", "2017-12-31": 783, "2017-09-30": 312, "2017-06-30": -629, "2017-03-31": "-785.00000", "2016-12-31": 467, "2016-09-30": -66, "2016-06-30": -316, "2016-03-31": "-331.00000", "2015-12-31": -23, "2015-09-30": 418, "2015-06-30": 67, "2015-03-31": "-738.00000", "2014-12-31": 702, "2014-09-30": 76, "2014-06-30": -540, "2014-03-31": "-802.00000", "2013-12-31": 1201, "2013-09-30": 101, "2013-06-30": -52, "2013-03-31": "-1086.00000", "2012-12-31": 987, "2012-09-30": -184, "2012-06-30": -1349, "2012-03-31": "-1449.00000", "2011-12-31": 60, "2011-09-30": -439, "2011-06-30": -644, "2011-03-31": "-1046.00000", "2010-12-31": 576, "2010-09-30": -172, "2010-06-30": -102, "2010-03-31": "-274.00000", "2009-12-31": 487, "2009-09-30": -12, "2009-06-30": 205, "2009-03-31": "-920.00000", "2008-12-31": 325, "2008-09-30": 33, "2008-06-30": -338.782, "2008-03-31": "-717.21800", "2007-12-31": 370.425, "2007-09-30": -250.5729, "2007-06-30": -261.3931, "2007-03-31": "-571.45900", "2006-12-31": 20.73, "2006-09-30": -24.282, "2006-06-30": 0.41, "2006-03-31": "-574.70100", "2005-12-31": 133.424, "2005-09-30": -132.775, "2005-06-30": -33.295, "2005-03-31": "-346.43500"}, "Cash Flow From Operating Activities": {"2020-12-31": 878, "2020-09-30": 479, "2020-06-30": 803, "2020-03-31": "784.00000", "2019-12-31": 2252, "2019-09-30": 1745, "2019-06-30": 1108, "2019-03-31": "326.00000", "2018-12-31": 2331, "2018-09-30": 1827, "2018-06-30": 987, "2018-03-31": "568.00000", "2017-12-31": 2251, "2017-09-30": 1898, "2017-06-30": 858, "2017-03-31": "656.00000", "2016-12-31": 2013, "2016-09-30": 1406, "2016-06-30": 1632, "2016-03-31": "1210.00000", "2015-12-31": 2178, "2015-09-30": 2543, "2015-06-30": 2314, "2015-03-31": "1770.00000", "2014-12-31": 3913, "2014-09-30": 3063, "2014-06-30": 2382, "2014-03-31": "1837.00000", "2013-12-31": 4119, "2013-09-30": 2776, "2013-06-30": 2657, "2013-03-31": "1138.00000", "2012-12-31": 3479, "2012-09-30": 2039, "2012-06-30": 639, "2012-03-31": "758.00000", "2011-12-31": 2162, "2011-09-30": 1651, "2011-06-30": 1231, "2011-03-31": "836.00000", "2010-12-31": 2413, "2010-09-30": 810, "2010-06-30": 1297, "2010-03-31": "989.00000", "2009-12-31": 1967, "2009-09-30": 1280, "2009-06-30": 1513, "2009-03-31": "551.00000", "2008-12-31": 2005, "2008-09-30": 2164, "2008-06-30": 1600.104, "2008-03-31": "1129.89600", "2007-12-31": 2175.73, "2007-09-30": 1624.729, "2007-06-30": 1469.755, "2007-03-31": "1016.78600", "2006-12-31": 1621.595, "2006-09-30": 1324.317, "2006-06-30": 1234.318, "2006-03-31": "565.22400", "2005-12-31": 1105.216, "2005-09-30": 816.024, "2005-06-30": 731.603, "2005-03-31": "354.01400"}, "Net Change In Property, Plant, And Equipment": {"2020-12-31": -258, "2020-09-30": -200, "2020-06-30": -549, "2020-03-31": "-109.00000", "2019-12-31": -494, "2019-09-30": -413, "2019-06-30": -404, "2019-03-31": "-413.00000", "2018-12-31": -621, "2018-09-30": -565, "2018-06-30": -520, "2018-03-31": "-454.00000", "2017-12-31": -625, "2017-09-30": -598, "2017-06-30": -503, "2017-03-31": "-381.00000", "2016-12-31": -654, "2016-09-30": -403, "2016-06-30": -449, "2016-03-31": "-549.00000", "2015-12-31": -627, "2015-09-30": -590, "2015-06-30": -587, "2015-03-31": "-606.00000", "2014-12-31": -1210, "2014-09-30": -980, "2014-06-30": -922, "2014-03-31": "-864.00000", "2013-12-31": -1190, "2013-09-30": -953, "2013-06-30": -906, "2013-03-31": "-894.00000", "2012-12-31": -1533, "2012-09-30": -1081, "2012-06-30": -1120, "2012-03-31": "-960.00000", "2011-12-31": -1247, "2011-09-30": -1041, "2011-06-30": -946, "2011-03-31": "-770.00000", "2010-12-31": -1005, "2010-09-30": -824, "2010-06-30": -634, "2010-03-31": "-449.00000", "2009-12-31": -676, "2009-09-30": -467, "2009-06-30": -504, "2009-03-31": "-748.00000", "2008-12-31": -1170, "2008-09-30": -908, "2008-06-30": -893.224, "2008-03-31": "-751.77600", "2007-12-31": -917.947, "2007-09-30": -718.532, "2007-06-30": -741.061, "2007-03-31": "-553.46000", "2006-12-31": -837.181, "2006-09-30": -602.273, "2006-06-30": -550.694, "2006-03-31": "-466.94500", "2005-12-31": -493.525, "2005-09-30": -399.622, "2005-06-30": -383.983, "2005-03-31": "-315.38100"}, "Net Change In Intangible Assets": {"2020-12-31": -15, "2020-09-30": -25, "2020-06-30": -26, "2020-03-31": "-35.00000", "2019-12-31": -50, "2019-09-30": -72, "2019-06-30": -64, "2019-03-31": "-45.00000", "2018-12-31": -37, "2018-09-30": -16, "2018-06-30": -21, "2018-03-31": "-26.00000", "2017-12-31": -53, "2017-09-30": -33, "2017-06-30": -74, "2017-03-31": "-116.00000", "2016-12-31": -133, "2016-09-30": -164, "2016-06-30": -166, "2016-03-31": "-167.00000", "2015-12-31": -150, "2015-09-30": -115, "2015-06-30": -120, "2015-03-31": "-101.00000", "2014-12-31": -109, "2014-09-30": -58, "2014-06-30": -72, "2014-03-31": "-82.00000", "2013-12-31": -94, "2013-09-30": -78, "2013-06-30": -105, "2013-03-31": "-117.00000", "2012-12-31": -91, "2012-09-30": -77, "2012-06-30": -82, "2012-03-31": "-101.00000", "2011-12-31": -83, "2011-09-30": -75, "2011-06-30": -48, "2011-03-31": "-83.00000", "2010-12-31": -85, "2010-09-30": -69, "2010-06-30": -81, "2010-03-31": "-91.00000", "2009-12-31": -80, "2009-09-30": -61, "2009-06-30": -41, "2009-03-31": "-48.00000", "2008-12-31": -82, "2008-09-30": -75, "2008-06-30": -107.398, "2008-03-31": "-80.60200", "2007-12-31": -65.585, "2007-09-30": -72.193, "2007-06-30": -60.614, "2007-03-31": "-61.60800", "2006-12-31": -57.646, "2006-09-30": -53.552, "2006-06-30": -39.519, "2006-03-31": "-39.62000", "2005-12-31": -30.118, "2005-09-30": -24.74, "2005-06-30": -13.315, "2005-03-31": "-25.09800"}, "Net Acquisitions/Divestitures": {"2020-12-31": 109, "2020-09-30": 24, "2020-06-30": 268, "2020-03-31": "", "2019-12-31": 346, "2019-09-30": -4, "2019-06-30": -17, "2019-03-31": "", "2018-12-31": 577, "2018-09-30": -243, "2018-06-30": -34, "2018-03-31": "-13.00000", "2017-12-31": -465, "2017-09-30": -18, "2017-06-30": -91, "2017-03-31": "-273.00000", "2016-12-31": -147, "2016-09-30": -31, "2016-06-30": -2139, "2016-03-31": "-81.00000", "2015-12-31": -154, "2015-09-30": -118, "2015-06-30": -127, "2015-03-31": "-44.00000", "2014-12-31": -452, "2014-09-30": -85, "2014-06-30": -232, "2014-03-31": "-239.00000", "2013-12-31": -66, "2013-09-30": -427, "2013-06-30": -678, "2013-03-31": "-39.00000", "2012-12-31": -132, "2012-09-30": -31, "2012-06-30": -682, "2012-03-31": "", "2011-12-31": -38, "2011-09-30": -25, "2011-06-30": -49, "2011-03-31": "-74.00000", "2010-12-31": -58, "2010-09-30": 390, "2010-06-30": -917, "2010-03-31": "-117.00000", "2009-12-31": -39, "2009-09-30": -277, "2009-06-30": -186, "2009-03-31": "-12.00000", "2008-12-31": 0, "2008-09-30": -163, "2008-06-30": -157.733, "2008-03-31": "-24.26700", "2007-12-31": -926.742, "2007-09-30": -49.248, "2007-06-30": -124.838, "2007-03-31": "-18.17200", "2006-12-31": -246.768, "2006-09-30": -17.555, "2006-06-30": -2659.767, "2006-03-31": "-66.33800", "2005-12-31": -19.295, "2005-09-30": -40.995, "2005-06-30": -48.492, "2005-03-31": "251.67200"}, "Net Change In Short-term Investments": {"2020-12-31": 0, "2020-09-30": 0, "2020-06-30": 0, "2020-03-31": "", "2019-12-31": 238, "2019-09-30": 0, "2019-06-30": 0, "2019-03-31": "", "2018-12-31": 0, "2018-09-30": 0, "2018-06-30": 0, "2018-03-31": "", "2017-12-31": 0, "2017-09-30": 0, "2017-06-30": 0, "2017-03-31": "", "2016-12-31": 0, "2016-09-30": 0, "2016-06-30": 0, "2016-03-31": "", "2015-12-31": 0, "2015-09-30": 0, "2015-06-30": 0, "2015-03-31": "", "2014-12-31": 0, "2014-09-30": 0, "2014-06-30": 0, "2014-03-31": "", "2013-12-31": 0, "2013-09-30": 0, "2013-06-30": 0, "2013-03-31": "", "2012-12-31": 0, "2012-09-30": 0, "2012-06-30": 0, "2012-03-31": "", "2011-12-31": 0, "2011-09-30": 0, "2011-06-30": 0, "2011-03-31": "", "2010-12-31": 0, "2010-09-30": 0, "2010-06-30": 0, "2010-03-31": "", "2009-12-31": 0, "2009-09-30": 0, "2009-06-30": 0, "2009-03-31": "", "2008-12-31": 0, "2008-09-30": 0, "2008-06-30": 0, "2008-03-31": "", "2007-12-31": 0, "2007-09-30": 0, "2007-06-30": 0, "2007-03-31": "", "2006-12-31": 0, "2006-09-30": 0, "2006-06-30": 0, "2006-03-31": "", "2005-12-31": 0, "2005-09-30": 0, "2005-06-30": 0, "2005-03-31": ""}, "Net Change In Long-Term Investments": {"2020-12-31": 405, "2020-09-30": -526, "2020-06-30": -219, "2020-03-31": "-1104.00000", "2019-12-31": -176, "2019-09-30": -420, "2019-06-30": -137, "2019-03-31": "269.00000", "2018-12-31": -241, "2018-09-30": -55, "2018-06-30": 518, "2018-03-31": "740.00000", "2017-12-31": -1150, "2017-09-30": 901, "2017-06-30": 1178, "2017-03-31": "739.00000", "2016-12-31": 943, "2016-09-30": 823, "2016-06-30": 5437, "2016-03-31": "-2690.00000", "2015-12-31": -7390, "2015-09-30": 201, "2015-06-30": 804, "2015-03-31": "-416.00000", "2014-12-31": -872, "2014-09-30": 606, "2014-06-30": -1402, "2014-03-31": "1374.00000", "2013-12-31": -1880, "2013-09-30": -153, "2013-06-30": -427, "2013-03-31": "910.00000", "2012-12-31": -1821, "2012-09-30": -925, "2012-06-30": 784, "2012-03-31": "362.00000", "2011-12-31": 1217, "2011-09-30": -743, "2011-06-30": -688, "2011-03-31": "565.00000", "2010-12-31": -1597, "2010-09-30": 1017, "2010-06-30": 1140, "2010-03-31": "463.00000", "2009-12-31": -392, "2009-09-30": -87, "2009-06-30": -205, "2009-03-31": "-475.00000", "2008-12-31": -187, "2008-09-30": -680, "2008-06-30": 269.345, "2008-03-31": "-6.34500", "2007-12-31": 367.342, "2007-09-30": -383.97, "2007-06-30": -387.046, "2007-03-31": "314.67400", "2006-12-31": -1142.378, "2006-09-30": 176.325, "2006-06-30": 1482.569, "2006-03-31": "184.47000", "2005-12-31": -360.41, "2005-09-30": -142.207, "2005-06-30": -21.837, "2005-03-31": "-72.13300"}, "Net Change In Investments - Total": {"2020-12-31": 405, "2020-09-30": -526, "2020-06-30": -219, "2020-03-31": "-1104.00000", "2019-12-31": 62, "2019-09-30": -420, "2019-06-30": -137, "2019-03-31": "269.00000", "2018-12-31": -241, "2018-09-30": -55, "2018-06-30": 518, "2018-03-31": "740.00000", "2017-12-31": -1150, "2017-09-30": 901, "2017-06-30": 1178, "2017-03-31": "739.00000", "2016-12-31": 943, "2016-09-30": 823, "2016-06-30": 5437, "2016-03-31": "-2690.00000", "2015-12-31": -7390, "2015-09-30": 201, "2015-06-30": 804, "2015-03-31": "-416.00000", "2014-12-31": -872, "2014-09-30": 606, "2014-06-30": -1402, "2014-03-31": "1374.00000", "2013-12-31": -1880, "2013-09-30": -153, "2013-06-30": -427, "2013-03-31": "910.00000", "2012-12-31": -1821, "2012-09-30": -925, "2012-06-30": 784, "2012-03-31": "362.00000", "2011-12-31": 1217, "2011-09-30": -743, "2011-06-30": -688, "2011-03-31": "565.00000", "2010-12-31": -1597, "2010-09-30": 1017, "2010-06-30": 1140, "2010-03-31": "463.00000", "2009-12-31": -392, "2009-09-30": -87, "2009-06-30": -205, "2009-03-31": "-475.00000", "2008-12-31": -187, "2008-09-30": -680, "2008-06-30": 269.345, "2008-03-31": "-6.34500", "2007-12-31": 367.342, "2007-09-30": -383.97, "2007-06-30": -387.046, "2007-03-31": "314.67400", "2006-12-31": -1142.378, "2006-09-30": 176.325, "2006-06-30": 1482.569, "2006-03-31": "184.47000", "2005-12-31": -360.41, "2005-09-30": -142.207, "2005-06-30": -21.837, "2005-03-31": "-72.13300"}, "Investing Activities - Other": {"2020-12-31": 5, "2020-09-30": -13, "2020-06-30": -21, "2020-03-31": "-64.00000", "2019-12-31": -67, "2019-09-30": -25, "2019-06-30": -22, "2019-03-31": "-41.00000", "2018-12-31": 7, "2018-09-30": -16, "2018-06-30": -55, "2018-03-31": "35.00000", "2017-12-31": -125, "2017-09-30": -31, "2017-06-30": -37, "2017-03-31": "-24.00000", "2016-12-31": -41, "2016-09-30": -39, "2016-06-30": 52, "2016-03-31": "-26.00000", "2015-12-31": 95, "2015-09-30": -88, "2015-06-30": -49, "2015-03-31": "-70.00000", "2014-12-31": 16, "2014-09-30": 0, "2014-06-30": 20, "2014-03-31": "-17.00000", "2013-12-31": 87, "2013-09-30": 40, "2013-06-30": 57, "2013-03-31": "34.00000", "2012-12-31": 69, "2012-09-30": 2, "2012-06-30": -81, "2012-03-31": "-45.00000", "2011-12-31": 0, "2011-09-30": 15, "2011-06-30": 238, "2011-03-31": "-23.00000", "2010-12-31": 65, "2010-09-30": -72, "2010-06-30": -7, "2010-03-31": "-5.00000", "2009-12-31": 94, "2009-09-30": 29, "2009-06-30": 39, "2009-03-31": "66.00000", "2008-12-31": 39, "2008-09-30": -66, "2008-06-30": -54.527, "2008-03-31": "-50.47300", "2007-12-31": -36.028, "2007-09-30": -69.572, "2007-06-30": -71.513, "2007-03-31": "-52.88700", "2006-12-31": 12.771, "2006-09-30": -47.336, "2006-06-30": -49.532, "2006-03-31": "-39.80700", "2005-12-31": 27.039, "2005-09-30": 30.979, "2005-06-30": 37.738, "2005-03-31": "-0.76200"}, "Cash Flow From Investing Activities": {"2020-12-31": 246, "2020-09-30": -740, "2020-06-30": -547, "2020-03-31": "-1312.00000", "2019-12-31": -203, "2019-09-30": -934, "2019-06-30": -644, "2019-03-31": "-230.00000", "2018-12-31": -315, "2018-09-30": -895, "2018-06-30": -112, "2018-03-31": "282.00000", "2017-12-31": -2418, "2017-09-30": 221, "2017-06-30": 473, "2017-03-31": "-55.00000", "2016-12-31": -32, "2016-09-30": 186, "2016-06-30": 2735, "2016-03-31": "-3513.00000", "2015-12-31": -8226, "2015-09-30": -710, "2015-06-30": -79, "2015-03-31": "-1237.00000", "2014-12-31": -2627, "2014-09-30": -517, "2014-06-30": -2608, "2014-03-31": "172.00000", "2013-12-31": -3143, "2013-09-30": -1571, "2013-06-30": -2059, "2013-03-31": "-106.00000", "2012-12-31": -3508, "2012-09-30": -2112, "2012-06-30": -1181, "2012-03-31": "-744.00000", "2011-12-31": -151, "2011-09-30": -1869, "2011-06-30": -1493, "2011-03-31": "-385.00000", "2010-12-31": -2680, "2010-09-30": 442, "2010-06-30": -499, "2010-03-31": "-199.00000", "2009-12-31": -1093, "2009-09-30": -863, "2009-06-30": -897, "2009-03-31": "-1217.00000", "2008-12-31": -1400, "2008-09-30": -1892, "2008-06-30": -943.537, "2008-03-31": "-913.46300", "2007-12-31": -1578.96, "2007-09-30": -1293.515, "2007-06-30": -1385.072, "2007-03-31": "-371.45300", "2006-12-31": -2271.202, "2006-09-30": -544.391, "2006-06-30": -1816.943, "2006-03-31": "-428.24000", "2005-12-31": -876.309, "2005-09-30": -576.585, "2005-06-30": -429.889, "2005-03-31": "-161.70200"}, "Net Long-Term Debt": {"2020-12-31": -1352, "2020-09-30": 111, "2020-06-30": 530, "2020-03-31": "1385.00000", "2019-12-31": -1372, "2019-09-30": -360, "2019-06-30": 493, "2019-03-31": "444.00000", "2018-12-31": -1283, "2018-09-30": -227, "2018-06-30": -414, "2018-03-31": "-39.00000", "2017-12-31": 935, "2017-09-30": -1675, "2017-06-30": -183, "2017-03-31": "333.00000", "2016-12-31": -827, "2016-09-30": -1322, "2016-06-30": -2883, "2016-03-31": "3042.00000", "2015-12-31": 6895, "2015-09-30": -540, "2015-06-30": -989, "2015-03-31": "428.00000", "2014-12-31": 263, "2014-09-30": -727, "2014-06-30": 339, "2014-03-31": "-464.00000", "2013-12-31": 357, "2013-09-30": 496, "2013-06-30": 987, "2013-03-31": "-427.00000", "2012-12-31": -55, "2012-09-30": 532, "2012-06-30": 532, "2012-03-31": "6.00000", "2011-12-31": -1333, "2011-09-30": 1900, "2011-06-30": 1237, "2011-03-31": "88.00000", "2010-12-31": 1622, "2010-09-30": -252, "2010-06-30": -260, "2010-03-31": "-109.00000", "2009-12-31": -109, "2009-09-30": -244, "2009-06-30": -194, "2009-03-31": "766.00000", "2008-12-31": -148, "2008-09-30": 528, "2008-06-30": 29.877, "2008-03-31": "270.12300", "2007-12-31": 50.286, "2007-09-30": 91.639, "2007-06-30": 149.057, "2007-03-31": "-419.98200", "2006-12-31": 780.712, "2006-09-30": -103.156, "2006-06-30": 653.602, "2006-03-31": "-9.09500", "2005-12-31": 6.205, "2005-09-30": -176.871, "2005-06-30": 0, "2005-03-31": ""}, "Net Current Debt": {"2020-12-31": 60, "2020-09-30": 23, "2020-06-30": 39, "2020-03-31": "34.00000", "2019-12-31": 0, "2019-09-30": -22, "2019-06-30": 16, "2019-03-31": "-38.00000", "2018-12-31": 18, "2018-09-30": 3, "2018-06-30": -1, "2018-03-31": "-105.00000", "2017-12-31": 88, "2017-09-30": -13, "2017-06-30": -82, "2017-03-31": "-1015.00000", "2016-12-31": -788, "2016-09-30": 965, "2016-06-30": -3, "2016-03-31": "-561.00000", "2015-12-31": 38, "2015-09-30": -627, "2015-06-30": 1488, "2015-03-31": "-902.00000", "2014-12-31": 97, "2014-09-30": 757, "2014-06-30": -80, "2014-03-31": "-222.00000", "2013-12-31": 343, "2013-09-30": -154, "2013-06-30": -186, "2013-03-31": "34.00000", "2012-12-31": 398, "2012-09-30": 59, "2012-06-30": 71, "2012-03-31": "93.00000", "2011-12-31": -7, "2011-09-30": 275, "2011-06-30": -451, "2011-03-31": "64.00000", "2010-12-31": -65, "2010-09-30": 30, "2010-06-30": 149, "2010-03-31": "-182.00000", "2009-12-31": 74, "2009-09-30": -147, "2009-06-30": -175, "2009-03-31": "137.00000", "2008-12-31": -162, "2008-09-30": -13, "2008-06-30": -38.698, "2008-03-31": "3.69800", "2007-12-31": 56.475, "2007-09-30": -51.505, "2007-06-30": -90.133, "2007-03-31": "13.16300", "2006-12-31": 22.305, "2006-09-30": -98.842, "2006-06-30": 221.75, "2006-03-31": "48.96400", "2005-12-31": -25.115, "2005-09-30": 145.081, "2005-06-30": -104.284, "2005-03-31": "-60.71300"}, "Debt Issuance/Retirement Net - Total": {"2020-12-31": -1292, "2020-09-30": 134, "2020-06-30": 569, "2020-03-31": "1419.00000", "2019-12-31": -1372, "2019-09-30": -382, "2019-06-30": 509, "2019-03-31": "406.00000", "2018-12-31": -1265, "2018-09-30": -224, "2018-06-30": -415, "2018-03-31": "-144.00000", "2017-12-31": 1023, "2017-09-30": -1688, "2017-06-30": -265, "2017-03-31": "-682.00000", "2016-12-31": -1615, "2016-09-30": -357, "2016-06-30": -2886, "2016-03-31": "2481.00000", "2015-12-31": 6933, "2015-09-30": -1167, "2015-06-30": 499, "2015-03-31": "-474.00000", "2014-12-31": 360, "2014-09-30": 30, "2014-06-30": 259, "2014-03-31": "-686.00000", "2013-12-31": 700, "2013-09-30": 342, "2013-06-30": 801, "2013-03-31": "-393.00000", "2012-12-31": 343, "2012-09-30": 591, "2012-06-30": 603, "2012-03-31": "99.00000", "2011-12-31": -1340, "2011-09-30": 2175, "2011-06-30": 786, "2011-03-31": "152.00000", "2010-12-31": 1557, "2010-09-30": -222, "2010-06-30": -111, "2010-03-31": "-291.00000", "2009-12-31": -35, "2009-09-30": -391, "2009-06-30": -369, "2009-03-31": "903.00000", "2008-12-31": -310, "2008-09-30": 515, "2008-06-30": -8.821, "2008-03-31": "273.82100", "2007-12-31": 106.761, "2007-09-30": 40.134, "2007-06-30": 58.924, "2007-03-31": "-406.81900", "2006-12-31": 803.017, "2006-09-30": -201.9979, "2006-06-30": 875.3519, "2006-03-31": "39.86900", "2005-12-31": -18.91, "2005-09-30": -31.79, "2005-06-30": -104.284, "2005-03-31": "-60.71300"}, "Net Common Equity Issued/Repurchased": {"2020-12-31": 0, "2020-09-30": 61, "2020-06-30": 0, "2020-03-31": "59.00000", "2019-12-31": 0, "2019-09-30": 34, "2019-06-30": -102, "2019-03-31": "9.00000", "2018-12-31": -95, "2018-09-30": 23, "2018-06-30": -97, "2018-03-31": "30.00000", "2017-12-31": -65, "2017-09-30": 20, "2017-06-30": -390, "2017-03-31": "-237.00000", "2016-12-31": -45, "2016-09-30": -7, "2016-06-30": 1, "2016-03-31": "-312.00000", "2015-12-31": -373, "2015-09-30": -378, "2015-06-30": -446, "2015-03-31": "-537.00000", "2014-12-31": -1066, "2014-09-30": -1205, "2014-06-30": -963, "2014-03-31": "-619.00000", "2013-12-31": -948, "2013-09-30": -608, "2013-06-30": -476, "2013-03-31": "-27.00000", "2012-12-31": 24, "2012-09-30": 4, "2012-06-30": -469, "2012-03-31": "-121.00000", "2011-12-31": -624, "2011-09-30": -646, "2011-06-30": -682, "2011-03-31": "-608.00000", "2010-12-31": -340, "2010-09-30": -268, "2010-06-30": -486, "2010-03-31": "-222.00000", "2009-12-31": -450, "2009-09-30": 114, "2009-06-30": 27, "2009-03-31": "15.00000", "2008-12-31": -75, "2008-09-30": -508, "2008-06-30": -399.45, "2008-03-31": "-485.55000", "2007-12-31": -456.387, "2007-09-30": -176.292, "2007-06-30": 47.797, "2007-03-31": "-148.11800", "2006-12-31": -23.424, "2006-09-30": -441.217, "2006-06-30": -71.067, "2006-03-31": "-90.58900", "2005-12-31": -65.704, "2005-09-30": -56.836, "2005-06-30": -122.477, "2005-03-31": "-21.39500"}, "Net Total Equity Issued/Repurchased": {"2020-12-31": 0, "2020-09-30": 61, "2020-06-30": 0, "2020-03-31": "59.00000", "2019-12-31": 0, "2019-09-30": 34, "2019-06-30": -102, "2019-03-31": "9.00000", "2018-12-31": -95, "2018-09-30": 23, "2018-06-30": -97, "2018-03-31": "30.00000", "2017-12-31": -65, "2017-09-30": 20, "2017-06-30": -390, "2017-03-31": "-237.00000", "2016-12-31": -45, "2016-09-30": -7, "2016-06-30": 1, "2016-03-31": "-312.00000", "2015-12-31": -373, "2015-09-30": -378, "2015-06-30": -446, "2015-03-31": "-537.00000", "2014-12-31": -1066, "2014-09-30": -1205, "2014-06-30": -963, "2014-03-31": "-619.00000", "2013-12-31": -948, "2013-09-30": -608, "2013-06-30": -476, "2013-03-31": "-27.00000", "2012-12-31": 24, "2012-09-30": 4, "2012-06-30": -469, "2012-03-31": "-121.00000", "2011-12-31": -624, "2011-09-30": -646, "2011-06-30": -682, "2011-03-31": "-608.00000", "2010-12-31": -340, "2010-09-30": -268, "2010-06-30": -486, "2010-03-31": "-222.00000", "2009-12-31": -450, "2009-09-30": 114, "2009-06-30": 27, "2009-03-31": "15.00000", "2008-12-31": -75, "2008-09-30": -508, "2008-06-30": -399.45, "2008-03-31": "-485.55000", "2007-12-31": -456.387, "2007-09-30": -176.292, "2007-06-30": 47.797, "2007-03-31": "-148.11800", "2006-12-31": -23.424, "2006-09-30": -441.217, "2006-06-30": -71.067, "2006-03-31": "-90.58900", "2005-12-31": -65.704, "2005-09-30": -56.836, "2005-06-30": -122.477, "2005-03-31": "-21.39500"}, "Total Common And Preferred Stock Dividends Paid": {"2020-12-31": -174, "2020-09-30": -174, "2020-06-30": -694, "2020-03-31": "-692.00000", "2019-12-31": -692, "2019-09-30": -692, "2019-06-30": -693, "2019-03-31": "-692.00000", "2018-12-31": -693, "2018-09-30": -692, "2018-06-30": -693, "2018-03-31": "-692.00000", "2017-12-31": -692, "2017-09-30": -693, "2017-06-30": -697, "2017-03-31": "-696.00000", "2016-12-31": -696, "2016-09-30": -696, "2016-06-30": -626, "2016-03-31": "-629.00000", "2015-12-31": -633, "2015-09-30": -635, "2015-06-30": -639, "2015-03-31": "-512.00000", "2014-12-31": -517, "2014-09-30": -519, "2014-06-30": -522, "2014-03-31": "-410.00000", "2013-12-31": -412, "2013-09-30": -415, "2013-06-30": -416, "2013-03-31": "-365.00000", "2012-12-31": -365, "2012-09-30": -366, "2012-06-30": -367, "2012-03-31": "-334.00000", "2011-12-31": -332, "2011-09-30": -337, "2011-06-30": -340, "2011-03-31": "-291.00000", "2010-12-31": -284, "2010-09-30": -251, "2010-06-30": -251, "2010-03-31": "-254.00000", "2009-12-31": -248, "2009-09-30": -256, "2009-06-30": -251, "2009-03-31": "-251.00000", "2008-12-31": -252, "2008-09-30": -252, "2008-06-30": -250.796, "2008-03-31": "-209.20400", "2007-12-31": -208.915, "2007-09-30": -208.512, "2007-06-30": -206.247, "2007-03-31": "-147.32600", "2006-12-31": -147.958, "2006-09-30": -148.351, "2006-06-30": -147.507, "2006-03-31": "-123.85700", "2005-12-31": -123.941, "2005-09-30": -123.489, "2005-06-30": -123.814, "2005-03-31": "-110.33900"}, "Financial Activities - Other": {"2020-12-31": -38, "2020-09-30": 0, "2020-06-30": -42, "2020-03-31": "-9.00000", "2019-12-31": -33, "2019-09-30": -50, "2019-06-30": 52, "2019-03-31": "-20.00000", "2018-12-31": -16, "2018-09-30": -7, "2018-06-30": -59, "2018-03-31": "19.00000", "2017-12-31": 12, "2017-09-30": 19, "2017-06-30": 20, "2017-03-31": "-22.00000", "2016-12-31": -33, "2016-09-30": -56, "2016-06-30": 1, "2016-03-31": "47.00000", "2015-12-31": -250, "2015-09-30": -12, "2015-06-30": 0, "2015-03-31": "-2.00000", "2014-12-31": 0, "2014-09-30": -6, "2014-06-30": -39, "2014-03-31": "7.00000", "2013-12-31": 15, "2013-09-30": 3, "2013-06-30": 0, "2013-03-31": "", "2012-12-31": 4, "2012-09-30": 1, "2012-06-30": 14, "2012-03-31": "", "2011-12-31": 3, "2011-09-30": -616, "2011-06-30": 0, "2011-03-31": "", "2010-12-31": 0, "2010-09-30": 0, "2010-06-30": 14, "2010-03-31": "", "2009-12-31": 0, "2009-09-30": 0, "2009-06-30": 0, "2009-03-31": "4.00000", "2008-12-31": 28, "2008-09-30": -23, "2008-06-30": 43.962, "2008-03-31": "88.03800", "2007-12-31": -2.4, "2007-09-30": 25.24, "2007-06-30": 25.876, "2007-03-31": "26.28400", "2006-12-31": 27.883, "2006-09-30": 0, "2006-06-30": -59.647, "2006-03-31": "", "2005-12-31": -15, "2005-09-30": -15, "2005-06-30": 0, "2005-03-31": ""}, "Cash Flow From Financial Activities": {"2020-12-31": -1504, "2020-09-30": 21, "2020-06-30": -167, "2020-03-31": "777.00000", "2019-12-31": -2097, "2019-09-30": -1090, "2019-06-30": -234, "2019-03-31": "-297.00000", "2018-12-31": -2069, "2018-09-30": -900, "2018-06-30": -1264, "2018-03-31": "-787.00000", "2017-12-31": 278, "2017-09-30": -2342, "2017-06-30": -1332, "2017-03-31": "-1637.00000", "2016-12-31": -2389, "2016-09-30": -1116, "2016-06-30": -3510, "2016-03-31": "1587.00000", "2015-12-31": 5677, "2015-09-30": -2192, "2015-06-30": -586, "2015-03-31": "-1525.00000", "2014-12-31": -1223, "2014-09-30": -1700, "2014-06-30": -1265, "2014-03-31": "-1708.00000", "2013-12-31": -645, "2013-09-30": -678, "2013-06-30": -91, "2013-03-31": "-785.00000", "2012-12-31": 6, "2012-09-30": 230, "2012-06-30": -219, "2012-03-31": "-356.00000", "2011-12-31": -2293, "2011-09-30": 576, "2011-06-30": -236, "2011-03-31": "-747.00000", "2010-12-31": 933, "2010-09-30": -741, "2010-06-30": -834, "2010-03-31": "-767.00000", "2009-12-31": -733, "2009-09-30": -533, "2009-06-30": -593, "2009-03-31": "671.00000", "2008-12-31": -609, "2008-09-30": -268, "2008-06-30": -615.105, "2008-03-31": "-332.89500", "2007-12-31": -560.941, "2007-09-30": -319.43, "2007-06-30": -73.65, "2007-03-31": "-675.97900", "2006-12-31": 659.518, "2006-09-30": -791.566, "2006-06-30": 597.131, "2006-03-31": "-174.57700", "2005-12-31": -223.555, "2005-09-30": -227.115, "2005-06-30": -350.575, "2005-03-31": "-192.44700"}, "Net Cash Flow": {"2020-12-31": -375, "2020-09-30": -243, "2020-06-30": 87, "2020-03-31": "238.00000", "2019-12-31": -46, "2019-09-30": -283, "2019-06-30": 236, "2019-03-31": "-203.00000", "2018-12-31": -60, "2018-09-30": 32, "2018-06-30": -404, "2018-03-31": "66.00000", "2017-12-31": 109, "2017-09-30": -213, "2017-06-30": 1, "2017-03-31": "-1027.00000", "2016-12-31": -512, "2016-09-30": 494, "2016-06-30": 867, "2016-03-31": "-713.00000", "2015-12-31": -379, "2015-09-30": -369, "2015-06-30": 1420, "2015-03-31": "-1009.00000", "2014-12-31": 12, "2014-09-30": 851, "2014-06-30": -1485, "2014-03-31": "280.00000", "2013-12-31": 323, "2013-09-30": 563, "2013-06-30": 457, "2013-03-31": "224.00000", "2012-12-31": 53, "2012-09-30": 331, "2012-06-30": 175, "2012-03-31": "-359.00000", "2011-12-31": -27, "2011-09-30": 354, "2011-06-30": -97, "2011-03-31": "-289.00000", "2010-12-31": 650, "2010-09-30": 511, "2010-06-30": -37, "2010-03-31": "23.00000", "2009-12-31": 96, "2009-09-30": -115, "2009-06-30": 24, "2009-03-31": "3.00000", "2008-12-31": -6, "2008-09-30": 3, "2008-06-30": 41.14, "2008-03-31": "-52.14000", "2007-12-31": 34.807, "2007-09-30": 15.455, "2007-06-30": 11.235, "2007-03-31": "-30.49700", "2006-12-31": 9.696, "2006-09-30": -16.891, "2006-06-30": 19.695, "2006-03-31": "-37.63700", "2005-12-31": 7.133, "2005-09-30": 11.326, "2005-06-30": -49.746, "2005-03-31": "-1.26200"}, "Stock-Based Compensation": {"2020-12-31": 79, "2020-09-30": 105, "2020-06-30": 105, "2020-03-31": "108.00000", "2019-12-31": 76, "2019-09-30": 135, "2019-06-30": 86, "2019-03-31": "108.00000", "2018-12-31": 86, "2018-09-30": 83, "2018-06-30": 86, "2018-03-31": "90.00000", "2017-12-31": 82, "2017-09-30": 81, "2017-06-30": 92, "2017-03-31": "88.00000", "2016-12-31": 57, "2016-09-30": 65, "2016-06-30": 84, "2016-03-31": "61.00000", "2015-12-31": 76, "2015-09-30": 83, "2015-06-30": 87, "2015-03-31": "80.00000", "2014-12-31": 83, "2014-09-30": 84, "2014-06-30": 85, "2014-03-31": "77.00000", "2013-12-31": 60, "2013-09-30": 87, "2013-06-30": 87, "2013-03-31": "81.00000", "2012-12-31": 84, "2012-09-30": 84, "2012-06-30": 88, "2012-03-31": "79.00000", "2011-12-31": 69, "2011-09-30": 71, "2011-06-30": 65, "2011-03-31": "67.00000", "2010-12-31": 53, "2010-09-30": 50, "2010-06-30": 48, "2010-03-31": "47.00000", "2009-12-31": 47, "2009-09-30": 47, "2009-06-30": 45, "2009-03-31": "47.00000", "2008-12-31": 46, "2008-09-30": 44, "2008-06-30": 41.164, "2008-03-31": "40.83600", "2007-12-31": 33.458, "2007-09-30": 32.259, "2007-06-30": 33.549, "2007-03-31": "36.73400", "2006-12-31": 30.244, "2006-09-30": 30.08, "2006-06-30": 27.691, "2006-03-31": "25.82800", "2005-12-31": 10.967, "2005-09-30": 10.421, "2005-06-30": 9.971, "2005-03-31": "8.84500"}, "Common Stock Dividends Paid": {"2020-12-31": -174, "2020-09-30": -174, "2020-06-30": -694, "2020-03-31": "-692.00000", "2019-12-31": -692, "2019-09-30": -692, "2019-06-30": -693, "2019-03-31": "-692.00000", "2018-12-31": -693, "2018-09-30": -692, "2018-06-30": -693, "2018-03-31": "-692.00000", "2017-12-31": -692, "2017-09-30": -693, "2017-06-30": -697, "2017-03-31": "-696.00000", "2016-12-31": -696, "2016-09-30": -696, "2016-06-30": -626, "2016-03-31": "-629.00000", "2015-12-31": -633, "2015-09-30": -635, "2015-06-30": -639, "2015-03-31": "-512.00000", "2014-12-31": -517, "2014-09-30": -519, "2014-06-30": -522, "2014-03-31": "-410.00000", "2013-12-31": -412, "2013-09-30": -415, "2013-06-30": -416, "2013-03-31": "-365.00000", "2012-12-31": -365, "2012-09-30": -366, "2012-06-30": -367, "2012-03-31": "-334.00000", "2011-12-31": -332, "2011-09-30": -337, "2011-06-30": -340, "2011-03-31": "-291.00000", "2010-12-31": -284, "2010-09-30": -251, "2010-06-30": -251, "2010-03-31": "-254.00000", "2009-12-31": -248, "2009-09-30": -256, "2009-06-30": -251, "2009-03-31": "-251.00000", "2008-12-31": -252, "2008-09-30": -252, "2008-06-30": -250.796, "2008-03-31": "-209.20400", "2007-12-31": -208.915, "2007-09-30": -208.512, "2007-06-30": -206.247, "2007-03-31": "-147.32600", "2006-12-31": -147.958, "2006-09-30": -148.351, "2006-06-30": -147.507, "2006-03-31": "-123.85700", "2005-12-31": -123.941, "2005-09-30": -123.489, "2005-06-30": -123.814, "2005-03-31": "-110.33900"}}, "financial ratios": {"Current Ratio": {"2020-12-31": "1.23140", "2019-12-31": "1.18570", "2018-12-31": "1.16650", "2017-12-31": "1.21040", "2016-12-31": "1.58890", "2015-12-31": "1.90580", "2014-12-31": "1.74200", "2013-12-31": "1.93900", "2012-12-31": "1.95310", "2011-12-31": "1.94900", "2010-12-31": "1.66570", "2009-12-31": "1.88040", "2008-12-31": "1.58850", "2007-12-31": "1.47310", "2006-12-31": "1.42310", "2005-12-31": "1.57450"}, "Long-term Debt / Capital": {"2020-12-31": "0.56220", "2019-12-31": "0.37920", "2018-12-31": "0.28580", "2017-12-31": "0.28530", "2016-12-31": "0.28390", "2015-12-31": "0.28680", "2014-12-31": "0.21730", "2013-12-31": "0.20770", "2012-12-31": "0.21430", "2011-12-31": "0.21420", "2010-12-31": "0.14930", "2009-12-31": "0.18470", "2008-12-31": "0.17900", "2007-12-31": "0.20320", "2006-12-31": "0.30920", "2005-12-31": "0.32110"}, "Debt/Equity Ratio": {"2020-12-31": "1.35210", "2019-12-31": "0.63260", "2018-12-31": "0.43870", "2017-12-31": "0.48840", "2016-12-31": "0.47230", "2015-12-31": "0.52910", "2014-12-31": "0.35030", "2013-12-31": "0.33240", "2012-12-31": "0.33360", "2011-12-31": "0.31640", "2010-12-31": "0.25800", "2009-12-31": "0.28500", "2008-12-31": "0.31240", "2007-12-31": "0.36740", "2006-12-31": "0.57440", "2005-12-31": "0.57800"}, "Gross Margin": {"2020-12-31": "11.02070", "2019-12-31": "12.75030", "2018-12-31": "13.21650", "2017-12-31": "12.80220", "2016-12-31": "12.22940", "2015-12-31": "20.16630", "2014-12-31": "23.01770", "2013-12-31": "21.94800", "2012-12-31": "21.19770", "2011-12-31": "21.26080", "2010-12-31": "20.90210", "2009-12-31": "22.83060", "2008-12-31": "30.21020", "2007-12-31": "33.49230", "2006-12-31": "31.44870", "2005-12-31": "25.73080"}, "Operating Margin": {"2020-12-31": "7.45730", "2019-12-31": "9.88240", "2018-12-31": "10.37940", "2017-12-31": "7.78580", "2016-12-31": "5.88640", "2015-12-31": "15.68990", "2014-12-31": "19.53480", "2013-12-31": "18.43550", "2012-12-31": "17.15750", "2011-12-31": "16.91130", "2010-12-31": "14.44960", "2009-12-31": "17.09980", "2008-12-31": "24.61810", "2007-12-31": "27.79140", "2006-12-31": "25.46150", "2005-12-31": "19.29570"}, "EBIT Margin": {"2020-12-31": "7.45730", "2019-12-31": "9.88240", "2018-12-31": "10.37940", "2017-12-31": "7.78580", "2016-12-31": "5.88640", "2015-12-31": "15.68990", "2014-12-31": "19.53480", "2013-12-31": "18.43550", "2012-12-31": "17.15750", "2011-12-31": "16.91130", "2010-12-31": "14.44960", "2009-12-31": "17.09980", "2008-12-31": "24.61810", "2007-12-31": "27.79140", "2006-12-31": "25.46150", "2005-12-31": "19.29570"}, "EBITDA Margin": {"2020-12-31": "18.32970", "2019-12-31": "20.78560", "2018-12-31": "21.21590", "2017-12-31": "20.39090", "2016-12-31": "20.60770", "2015-12-31": "27.18530", "2014-12-31": "27.96210", "2013-12-31": "27.00480", "2012-12-31": "25.89680", "2011-12-31": "25.86180", "2010-12-31": "24.78630", "2009-12-31": "28.00630", "2008-12-31": "32.97130", "2007-12-31": "36.18590", "2006-12-31": "33.58090", "2005-12-31": "28.73690"}, "Pre-Tax Profit Margin": {"2020-12-31": "-47.87090", "2019-12-31": "-31.64930", "2018-12-31": "7.99630", "2017-12-31": "-3.88630", "2016-12-31": "-6.85010", "2015-12-31": "8.12120", "2014-12-31": "15.72460", "2013-12-31": "19.19980", "2012-12-31": "16.67590", "2011-12-31": "16.45210", "2010-12-31": "19.24120", "2009-12-31": "17.32890", "2008-12-31": "25.22550", "2007-12-31": "28.46160", "2006-12-31": "25.73080", "2005-12-31": "20.76800"}, "Net Profit Margin": {"2020-12-31": "-44.56590", "2019-12-31": "-30.79560", "2018-12-31": "6.51530", "2017-12-31": "-4.94420", "2016-12-31": "-6.06620", "2015-12-31": "5.84070", "2014-12-31": "11.19390", "2013-12-31": "14.87210", "2012-12-31": "13.15570", "2011-12-31": "13.66080", "2010-12-31": "15.99810", "2009-12-31": "13.80500", "2008-12-31": "20.00880", "2007-12-31": "22.24080", "2006-12-31": "19.29150", "2005-12-31": "15.42340"}, "Asset Turnover": {"2020-12-31": "0.55620", "2019-12-31": "0.58450", "2018-12-31": "0.46540", "2017-12-31": "0.42290", "2016-12-31": "0.35670", "2015-12-31": "0.52170", "2014-12-31": "0.72610", "2013-12-31": "0.67460", "2012-12-31": "0.67800", "2011-12-31": "0.66270", "2010-12-31": "0.51520", "2009-12-31": "0.67840", "2008-12-31": "0.84640", "2007-12-31": "0.83570", "2006-12-31": "0.84230", "2005-12-31": "0.79150"}, "Inventory Turnover Ratio": {"2020-12-31": "6.26120", "2019-12-31": "6.95400", "2018-12-31": "7.10170", "2017-12-31": "6.56030", "2016-12-31": "5.77730", "2015-12-31": "7.54020", "2014-12-31": "8.08080", "2013-12-31": "7.67560", "2012-12-31": "6.87250", "2011-12-31": "6.12810", "2010-12-31": "5.54600", "2009-12-31": "9.38850", "2008-12-31": "9.87860", "2007-12-31": "9.45010", "2006-12-31": "10.57250", "2005-12-31": "10.51740"}, "Receiveable Turnover": {"2020-12-31": "4.49800", "2019-12-31": "4.24900", "2018-12-31": "4.16380", "2017-12-31": "3.76550", "2016-12-31": "2.96260", "2015-12-31": "4.04040", "2014-12-31": "4.34880", "2013-12-31": "3.93720", "2012-12-31": "3.67640", "2011-12-31": "3.85040", "2010-12-31": "3.22200", "2009-12-31": "3.72900", "2008-12-31": "4.34050", "2007-12-31": "4.34180", "2006-12-31": "4.53340", "2005-12-31": "4.22870"}, "Days Sales In Receivables": {"2020-12-31": "81.14720", "2019-12-31": "85.90260", "2018-12-31": "87.66010", "2017-12-31": "96.93360", "2016-12-31": "123.20230", "2015-12-31": "90.33690", "2014-12-31": "83.93200", "2013-12-31": "92.70550", "2012-12-31": "99.28150", "2011-12-31": "94.79480", "2010-12-31": "113.28250", "2009-12-31": "97.88210", "2008-12-31": "84.09120", "2007-12-31": "84.06610", "2006-12-31": "80.51440", "2005-12-31": "86.31440"}, "ROE - Return On Equity": {"2020-12-31": "-83.96190", "2019-12-31": "-41.80590", "2018-12-31": "5.95040", "2017-12-31": "-4.06050", "2016-12-31": "-3.91770", "2015-12-31": "5.94620", "2014-12-31": "15.00960", "2013-12-31": "17.26500", "2012-12-31": "15.08690", "2011-12-31": "14.41770", "2010-12-31": "13.52560", "2009-12-31": "16.45430", "2008-12-31": "32.01840", "2007-12-31": "34.80130", "2006-12-31": "35.60360", "2005-12-31": "28.96620"}, "Return On Tangible Equity": {"2020-12-31": "245.97700", "2019-12-31": "-2118.86800", "2018-12-31": "93.55390", "2017-12-31": "-73.37540", "2016-12-31": "-28.99660", "2015-12-31": "14.51890", "2014-12-31": "33.36840", "2013-12-31": "34.99720", "2012-12-31": "35.17020", "2011-12-31": "37.93480", "2010-12-31": "35.63170", "2009-12-31": "24.62260", "2008-12-31": "50.96820", "2007-12-31": "59.85790", "2006-12-31": "86.34050", "2005-12-31": "53.28200"}, "ROA - Return On Assets": {"2020-12-31": "-24.71130", "2019-12-31": "-17.94820", "2018-12-31": "3.08760", "2017-12-31": "-2.10180", "2016-12-31": "-2.08710", "2015-12-31": "3.13950", "2014-12-31": "8.53610", "2013-12-31": "10.19820", "2012-12-31": "8.54470", "2011-12-31": "8.19910", "2010-12-31": "8.21570", "2009-12-31": "9.45470", "2008-12-31": "16.89410", "2007-12-31": "18.58660", "2006-12-31": "16.24840", "2005-12-31": "12.16430"}, "ROI - Return On Investment": {"2020-12-31": "-36.76070", "2019-12-31": "-25.95130", "2018-12-31": "4.24950", "2017-12-31": "-2.90200", "2016-12-31": "-2.80560", "2015-12-31": "4.24060", "2014-12-31": "11.74760", "2013-12-31": "13.67830", "2012-12-31": "11.85340", "2011-12-31": "11.32970", "2010-12-31": "11.50670", "2009-12-31": "13.41590", "2008-12-31": "26.28590", "2007-12-31": "27.72850", "2006-12-31": "24.59490", "2005-12-31": "19.66390"}, "Book Value Per Share": {"2020-12-31": "8.97200", "2019-12-31": "17.45560", "2018-12-31": "26.45410", "2017-12-31": "26.92270", "2016-12-31": "29.85550", "2015-12-31": "28.58680", "2014-12-31": "29.84240", "2013-12-31": "30.32520", "2012-12-31": "26.24850", "2011-12-31": "23.53220", "2010-12-31": "23.10360", "2009-12-31": "16.09120", "2008-12-31": "14.18260", "2007-12-31": "12.44200", "2006-12-31": "8.84620", "2005-12-31": "6.44660"}, "Operating Cash Flow Per Share": {"2020-12-31": -1.8033, "2019-12-31": -0.1799, "2018-12-31": 0.0212, "2017-12-31": -0.5339, "2016-12-31": -2.292, "2015-12-31": -1.653, "2014-12-31": 0.5394, "2013-12-31": 2.8552, "2012-12-31": 0.8439, "2011-12-31": -0.0414, "2010-12-31": -0.013, "2009-12-31": -1.2616, "2008-12-31": 0.5621, "2007-12-31": 1.2541, "2006-12-31": 1.375, "2005-12-31": 2.4452}, "Free Cash Flow Per Share": {"2020-12-31": -1.3614, "2019-12-31": 0.1259, "2018-12-31": -0.0114, "2017-12-31": -0.5375, "2016-12-31": -1.9162, "2015-12-31": -0.5034, "2014-12-31": 0.4576, "2013-12-31": 3.4028, "2012-12-31": 0.2803, "2011-12-31": -0.6778, "2010-12-31": -0.3458, "2009-12-31": -0.1928, "2008-12-31": -0.1138, "2007-12-31": 0.8664, "2006-12-31": 0.6921, "2005-12-31": 1.1501}}, "financial ratios, quarterly": {"Current Ratio": {"2020-12-31": "1.23140", "2020-09-30": "1.22010", "2020-06-30": "1.23270", "2020-03-31": "1.22650", "2019-12-31": "1.18570", "2019-09-30": "1.29380", "2019-06-30": "1.38730", "2019-03-31": "1.34850", "2018-12-31": "1.16650", "2018-09-30": "1.12900", "2018-06-30": "1.12170", "2018-03-31": "1.11490", "2017-12-31": "1.21040", "2017-09-30": "1.53020", "2017-06-30": "1.57260", "2017-03-31": "1.58850", "2016-12-31": "1.58890", "2016-09-30": "1.76500", "2016-06-30": "1.86150", "2016-03-31": "2.15060", "2015-12-31": "1.90580", "2015-09-30": "1.53690", "2015-06-30": "1.65970", "2015-03-31": "1.60540", "2014-12-31": "1.74200", "2014-09-30": "2.05630", "2014-06-30": "2.07440", "2014-03-31": "2.13070", "2013-12-31": "1.93900", "2013-09-30": "1.96760", "2013-06-30": "1.91100", "2013-03-31": "1.85790", "2012-12-31": "1.95310", "2012-09-30": "1.99020", "2012-06-30": "1.82540", "2012-03-31": "1.97110", "2011-12-31": "1.94900", "2011-09-30": "1.88030", "2011-06-30": "1.61130", "2011-03-31": "1.75120", "2010-12-31": "1.66570", "2010-09-30": "1.63460", "2010-06-30": "1.80490", "2010-03-31": "1.93440", "2009-12-31": "1.88040", "2009-09-30": "1.88080", "2009-06-30": "1.83020", "2009-03-31": "1.80910", "2008-12-31": "1.58850", "2008-09-30": "1.51610", "2008-06-30": "1.64520", "2008-03-31": "1.59330", "2007-12-31": "1.47310", "2007-09-30": "1.64260", "2007-06-30": "1.57720", "2007-03-31": "1.60310", "2006-12-31": "1.42310", "2006-09-30": "1.28010", "2006-06-30": "1.28990", "2006-03-31": "1.62760", "2005-12-31": "1.57450", "2005-09-30": "1.59520", "2005-06-30": "1.49260", "2005-03-31": "1.59350"}, "Long-term Debt / Capital": {"2020-12-31": "0.56220", "2020-09-30": "0.57110", "2020-06-30": "0.57370", "2020-03-31": "0.49090", "2019-12-31": "0.37920", "2019-09-30": "0.40170", "2019-06-30": "0.31880", "2019-03-31": "0.31050", "2018-12-31": "0.28580", "2018-09-30": "0.27700", "2018-06-30": "0.27310", "2018-03-31": "0.26600", "2017-12-31": "0.28530", "2017-09-30": "0.28400", "2017-06-30": "0.29350", "2017-03-31": "0.28720", "2016-12-31": "0.28390", "2016-09-30": "0.29180", "2016-06-30": "0.29810", "2016-03-31": "0.32580", "2015-12-31": "0.28680", "2015-09-30": "0.16400", "2015-06-30": "0.19260", "2015-03-31": "0.19030", "2014-12-31": "0.21730", "2014-09-30": "0.22220", "2014-06-30": "0.22390", "2014-03-31": "0.21680", "2013-12-31": "0.20770", "2013-09-30": "0.20680", "2013-06-30": "0.19720", "2013-03-31": "0.18530", "2012-12-31": "0.21430", "2012-09-30": "0.21500", "2012-06-30": "0.19440", "2012-03-31": "0.20620", "2011-12-31": "0.21420", "2011-09-30": "0.21650", "2011-06-30": "0.15200", "2011-03-31": "0.16880", "2010-12-31": "0.14930", "2010-09-30": "0.13410", "2010-06-30": "0.15790", "2010-03-31": "0.17180", "2009-12-31": "0.18470", "2009-09-30": "0.18140", "2009-06-30": "0.18640", "2009-03-31": "0.20550", "2008-12-31": "0.17900", "2008-09-30": "0.16540", "2008-06-30": "0.19520", "2008-03-31": "0.20830", "2007-12-31": "0.20320", "2007-09-30": "0.22380", "2007-06-30": "0.23370", "2007-03-31": "0.28910", "2006-12-31": "0.30920", "2006-09-30": "0.29050", "2006-06-30": "0.31270", "2006-03-31": "0.30890", "2005-12-31": "0.32110", "2005-09-30": "0.33970", "2005-06-30": "0.35880", "2005-03-31": "0.37860"}, "Debt/Equity Ratio": {"2020-12-31": "1.35210", "2020-09-30": "1.43610", "2020-06-30": "1.39420", "2020-03-31": "1.04120", "2019-12-31": "0.63260", "2019-09-30": "0.68540", "2019-06-30": "0.47080", "2019-03-31": "0.45310", "2018-12-31": "0.43870", "2018-09-30": "0.47020", "2018-06-30": "0.47700", "2018-03-31": "0.48520", "2017-12-31": "0.48840", "2017-09-30": "0.42890", "2017-06-30": "0.47120", "2017-03-31": "0.46250", "2016-12-31": "0.47230", "2016-09-30": "0.49980", "2016-06-30": "0.50310", "2016-03-31": "0.60250", "2015-12-31": "0.52910", "2015-09-30": "0.32080", "2015-06-30": "0.34940", "2015-03-31": "0.33610", "2014-12-31": "0.35030", "2014-09-30": "0.32140", "2014-06-30": "0.32540", "2014-03-31": "0.31080", "2013-12-31": "0.33240", "2013-09-30": "0.32640", "2013-06-30": "0.32270", "2013-03-31": "0.31020", "2012-12-31": "0.33360", "2012-09-30": "0.32610", "2012-06-30": "0.31770", "2012-03-31": "0.31290", "2011-12-31": "0.31640", "2011-09-30": "0.36310", "2011-06-30": "0.29820", "2011-03-31": "0.27230", "2010-12-31": "0.25800", "2010-09-30": "0.21650", "2010-06-30": "0.22610", "2010-03-31": "0.25520", "2009-12-31": "0.28500", "2009-09-30": "0.28320", "2009-06-30": "0.31310", "2009-03-31": "0.34870", "2008-12-31": "0.31240", "2008-09-30": "0.32250", "2008-06-30": "0.31610", "2008-03-31": "0.36320", "2007-12-31": "0.36740", "2007-09-30": "0.37840", "2007-06-30": "0.41210", "2007-03-31": "0.49120", "2006-12-31": "0.57440", "2006-09-30": "0.53810", "2006-06-30": "0.58830", "2006-03-31": "0.54570", "2005-12-31": "0.57800", "2005-09-30": "0.60720", "2005-06-30": "0.66190", "2005-03-31": "0.70530"}, "Gross Margin": {"2020-12-31": "12.74400", "2020-09-30": "12.05780", "2020-06-30": "8.04710", "2020-03-31": "11.14690", "2019-12-31": "13.33250", "2019-09-30": "13.53470", "2019-06-30": "12.29900", "2019-03-31": "11.76550", "2018-12-31": "12.29980", "2018-09-30": "13.87580", "2018-06-30": "13.53730", "2018-03-31": "13.11790", "2017-12-31": "11.94520", "2017-09-30": "14.01650", "2017-06-30": "13.32080", "2017-03-31": "11.86540", "2016-12-31": "12.86060", "2016-09-30": "10.37190", "2016-06-30": "9.75710", "2016-03-31": "16.25770", "2015-12-31": "18.77340", "2015-09-30": "19.75920", "2015-06-30": "20.79910", "2015-03-31": "20.99920", "2014-12-31": "23.30510", "2014-09-30": "23.38290", "2014-06-30": "23.10440", "2014-03-31": "22.19060", "2013-12-31": "22.02250", "2013-09-30": "23.10480", "2013-06-30": "22.08910", "2013-03-31": "20.44470", "2012-12-31": "20.55770", "2012-09-30": "21.53740", "2012-06-30": "21.48730", "2012-03-31": "21.24420", "2011-12-31": "21.94700", "2011-09-30": "22.01970", "2011-06-30": "21.87990", "2011-03-31": "19.05690", "2010-12-31": "20.89970", "2010-09-30": "20.07310", "2010-06-30": "21.64390", "2010-03-31": "21.13260", "2009-12-31": "22.82380", "2009-09-30": "23.68320", "2009-06-30": "19.82630", "2009-03-31": "24.83330", "2008-12-31": "26.86940", "2008-09-30": "31.57460", "2008-06-30": "31.67800", "2008-03-31": "30.70930", "2007-12-31": "32.51320", "2007-09-30": "34.09860", "2007-06-30": "33.72890", "2007-03-31": "33.71020", "2006-12-31": "33.13150", "2006-09-30": "32.15580", "2006-06-30": "30.61480", "2006-03-31": "29.42020", "2005-12-31": "27.63380", "2005-09-30": "25.32390", "2005-06-30": "25.65390", "2005-03-31": "23.86680"}, "Operating Margin": {"2020-12-31": "11.00870", "2020-09-30": "7.83570", "2020-06-30": "3.88350", "2020-03-31": "7.12270", "2019-12-31": "12.48180", "2019-09-30": "10.06910", "2019-06-30": "8.75560", "2019-03-31": "8.14820", "2018-12-31": "11.35840", "2018-09-30": "10.55970", "2018-06-30": "10.05660", "2018-03-31": "9.50310", "2017-12-31": "7.10360", "2017-09-30": "9.55090", "2017-06-30": "8.13450", "2017-03-31": "6.19380", "2016-12-31": "6.72580", "2016-09-30": "4.20290", "2016-06-30": "2.14960", "2016-03-31": "10.88960", "2015-12-31": "19.17370", "2015-09-30": "15.09680", "2015-06-30": "16.37070", "2015-03-31": "12.94890", "2014-12-31": "19.79270", "2014-09-30": "20.01420", "2014-06-30": "19.52050", "2014-03-31": "18.72050", "2013-12-31": "18.54530", "2013-09-30": "19.69330", "2013-06-30": "18.57450", "2013-03-31": "16.78340", "2012-12-31": "16.26570", "2012-09-30": "17.55570", "2012-06-30": "17.52250", "2012-03-31": "17.34220", "2011-12-31": "17.88360", "2011-09-30": "18.04940", "2011-06-30": "16.85210", "2011-03-31": "14.68560", "2010-12-31": "16.00340", "2010-09-30": "9.68590", "2010-06-30": "16.75930", "2010-03-31": "15.52340", "2009-12-31": "17.13090", "2009-09-30": "17.67960", "2009-06-30": "13.89290", "2009-03-31": "19.50000", "2008-12-31": "20.80270", "2008-09-30": "26.32590", "2008-06-30": "26.20810", "2008-03-31": "25.10780", "2007-12-31": "26.73760", "2007-09-30": "28.20290", "2007-06-30": "28.16480", "2007-03-31": "28.16460", "2006-12-31": "26.99220", "2006-09-30": "26.41710", "2006-06-30": "24.30180", "2006-03-31": "23.69480", "2005-12-31": "21.32760", "2005-09-30": "19.22180", "2005-06-30": "19.09950", "2005-03-31": "17.00720"}, "EBIT Margin": {"2020-12-31": "11.00870", "2020-09-30": "7.83570", "2020-06-30": "3.88350", "2020-03-31": "7.12270", "2019-12-31": "12.48180", "2019-09-30": "10.06910", "2019-06-30": "8.75560", "2019-03-31": "8.14820", "2018-12-31": "11.35840", "2018-09-30": "10.55970", "2018-06-30": "10.05660", "2018-03-31": "9.50310", "2017-12-31": "7.10360", "2017-09-30": "9.55090", "2017-06-30": "8.13450", "2017-03-31": "6.19380", "2016-12-31": "6.72580", "2016-09-30": "4.20290", "2016-06-30": "2.14960", "2016-03-31": "10.88960", "2015-12-31": "19.17370", "2015-09-30": "15.09680", "2015-06-30": "16.37070", "2015-03-31": "12.94890", "2014-12-31": "19.79270", "2014-09-30": "20.01420", "2014-06-30": "19.52050", "2014-03-31": "18.72050", "2013-12-31": "18.54530", "2013-09-30": "19.69330", "2013-06-30": "18.57450", "2013-03-31": "16.78340", "2012-12-31": "16.26570", "2012-09-30": "17.55570", "2012-06-30": "17.52250", "2012-03-31": "17.34220", "2011-12-31": "17.88360", "2011-09-30": "18.04940", "2011-06-30": "16.85210", "2011-03-31": "14.68560", "2010-12-31": "16.00340", "2010-09-30": "9.68590", "2010-06-30": "16.75930", "2010-03-31": "15.52340", "2009-12-31": "17.13090", "2009-09-30": "17.67960", "2009-06-30": "13.89290", "2009-03-31": "19.50000", "2008-12-31": "20.80270", "2008-09-30": "26.32590", "2008-06-30": "26.20810", "2008-03-31": "25.10780", "2007-12-31": "26.73760", "2007-09-30": "28.20290", "2007-06-30": "28.16480", "2007-03-31": "28.16460", "2006-12-31": "26.99220", "2006-09-30": "26.41710", "2006-06-30": "24.30180", "2006-03-31": "23.69480", "2005-12-31": "21.32760", "2005-09-30": "19.22180", "2005-06-30": "19.09950", "2005-03-31": "17.00720"}, "EBITDA Margin": {"2020-12-31": "", "2020-09-30": "", "2020-06-30": "", "2020-03-31": "", "2019-12-31": "", "2019-09-30": "", "2019-06-30": "", "2019-03-31": "", "2018-12-31": "", "2018-09-30": "", "2018-06-30": "", "2018-03-31": "", "2017-12-31": "", "2017-09-30": "", "2017-06-30": "", "2017-03-31": "", "2016-12-31": "", "2016-09-30": "", "2016-06-30": "", "2016-03-31": "", "2015-12-31": "", "2015-09-30": "", "2015-06-30": "", "2015-03-31": "", "2014-12-31": "", "2014-09-30": "", "2014-06-30": "", "2014-03-31": "", "2013-12-31": "", "2013-09-30": "", "2013-06-30": "", "2013-03-31": "", "2012-12-31": "", "2012-09-30": "", "2012-06-30": "", "2012-03-31": "", "2011-12-31": "", "2011-09-30": "", "2011-06-30": "", "2011-03-31": "", "2010-12-31": "", "2010-09-30": "", "2010-06-30": "", "2010-03-31": "", "2009-12-31": "", "2009-09-30": "", "2009-06-30": "", "2009-03-31": "", "2008-12-31": "", "2008-09-30": "", "2008-06-30": "", "2008-03-31": "", "2007-12-31": "", "2007-09-30": "", "2007-06-30": "", "2007-03-31": "", "2006-12-31": "", "2006-09-30": "", "2006-06-30": "", "2006-03-31": "", "2005-12-31": "", "2005-09-30": "", "2005-06-30": "", "2005-03-31": ""}, "Pre-Tax Profit Margin": {"2020-12-31": "8.53220", "2020-09-30": "-1.02700", "2020-06-30": "-67.71840", "2020-03-31": "-108.50440", "2019-12-31": "5.48130", "2019-09-30": "-140.15920", "2019-06-30": "7.17140", "2019-03-31": "6.46020", "2018-12-31": "7.91050", "2018-09-30": "9.25450", "2018-06-30": "6.58800", "2018-03-31": "8.21310", "2017-12-31": "-27.03260", "2017-09-30": "8.56420", "2017-06-30": "0.22780", "2017-03-31": "4.84480", "2016-12-31": "-2.99700", "2016-09-30": "2.84940", "2016-06-30": "-35.09210", "2016-03-31": "9.53990", "2015-12-31": "-14.22850", "2015-09-30": "14.78990", "2015-06-30": "15.93790", "2015-03-31": "12.62690", "2014-12-31": "5.65620", "2014-09-30": "19.92730", "2014-06-30": "19.30480", "2014-03-31": "18.48030", "2013-12-31": "18.22610", "2013-09-30": "19.21950", "2013-06-30": "23.90450", "2013-03-31": "15.29800", "2012-12-31": "15.44560", "2012-09-30": "17.12710", "2012-06-30": "17.20340", "2012-03-31": "17.00950", "2011-12-31": "17.34750", "2011-09-30": "17.67230", "2011-06-30": "16.40710", "2011-03-31": "14.20380", "2010-12-31": "15.81040", "2010-09-30": "28.34190", "2010-06-30": "16.72560", "2010-03-31": "15.86280", "2009-12-31": "17.32240", "2009-09-30": "18.04790", "2009-06-30": "13.87480", "2009-03-31": "19.86670", "2008-12-31": "21.48420", "2008-09-30": "26.95960", "2008-06-30": "26.74180", "2008-03-31": "25.68310", "2007-12-31": "27.86360", "2007-09-30": "28.86030", "2007-06-30": "28.71840", "2007-03-31": "28.44790", "2006-12-31": "27.43390", "2006-09-30": "26.58550", "2006-06-30": "24.34810", "2006-03-31": "24.11110", "2005-12-31": "22.40740", "2005-09-30": "20.01850", "2005-06-30": "18.97650", "2005-03-31": "21.50180"}, "Net Profit Margin": {"2020-12-31": "6.76070", "2020-09-30": "-1.55950", "2020-06-30": "-64.11500", "2020-03-31": "-98.94030", "2019-12-31": "4.04720", "2019-09-30": "-133.27480", "2019-06-30": "5.94990", "2019-03-31": "5.34330", "2018-12-31": "6.59000", "2018-09-30": "7.57290", "2018-06-30": "5.17890", "2018-03-31": "6.70580", "2017-12-31": "-27.57060", "2017-09-30": "6.89440", "2017-06-30": "-0.99170", "2017-03-31": "4.04700", "2016-12-31": "-2.87040", "2016-09-30": "2.50750", "2016-06-30": "-30.15080", "2016-03-31": "7.68400", "2015-12-31": "-13.11810", "2015-09-30": "11.67380", "2015-06-30": "12.47500", "2015-03-31": "9.51410", "2014-12-31": "2.38910", "2014-09-30": "15.41200", "2014-06-30": "13.23210", "2014-03-31": "14.16500", "2013-12-31": "13.96780", "2013-09-30": "14.77430", "2013-06-30": "18.73550", "2013-03-31": "11.91110", "2012-12-31": "12.41120", "2012-09-30": "13.56450", "2012-06-30": "13.56740", "2012-03-31": "13.11760", "2011-12-31": "15.14960", "2011-09-30": "13.62880", "2011-06-30": "14.89430", "2011-03-31": "10.83070", "2010-12-31": "12.57840", "2010-09-30": "25.33240", "2010-06-30": "13.77800", "2010-03-31": "12.00430", "2009-12-31": "13.85790", "2009-09-30": "14.49360", "2009-06-30": "11.08900", "2009-03-31": "15.63330", "2008-12-31": "16.75420", "2008-09-30": "21.02220", "2008-06-30": "21.04950", "2008-03-31": "21.27710", "2007-12-31": "22.14560", "2007-09-30": "22.84970", "2007-06-30": "22.31840", "2007-03-31": "21.60940", "2006-12-31": "21.13350", "2006-09-30": "20.17880", "2006-06-30": "18.28340", "2006-03-31": "17.04430", "2005-12-31": "16.41800", "2005-09-30": "14.62380", "2005-06-30": "14.06400", "2005-03-31": "16.56820"}, "Asset Turnover": {"2020-12-31": "0.13040", "2020-09-30": "0.11930", "2020-06-30": "0.11990", "2020-03-31": "0.15340", "2019-12-31": "0.14610", "2019-09-30": "0.14730", "2019-06-30": "0.11710", "2019-03-31": "0.11200", "2018-12-31": "0.11600", "2018-09-30": "0.12140", "2018-06-30": "0.11840", "2018-03-31": "0.10950", "2017-12-31": "0.11360", "2017-09-30": "0.10750", "2017-06-30": "0.09970", "2017-03-31": "0.09050", "2016-12-31": "0.09120", "2016-09-30": "0.08710", "2016-06-30": "0.08830", "2016-03-31": "0.09430", "2015-12-31": "0.11390", "2015-09-30": "0.13380", "2015-06-30": "0.13910", "2015-03-31": "0.15670", "2014-12-31": "0.18890", "2014-09-30": "0.18510", "2014-06-30": "0.17700", "2014-03-31": "0.16850", "2013-12-31": "0.17740", "2013-09-30": "0.17820", "2013-06-30": "0.17680", "2013-03-31": "0.17210", "2012-12-31": "0.17830", "2012-09-30": "0.17660", "2012-06-30": "0.18140", "2012-03-31": "0.17600", "2011-12-31": "0.16900", "2011-09-30": "0.17170", "2011-06-30": "0.16640", "2011-03-31": "0.16640", "2010-12-31": "0.16020", "2010-09-30": "0.13730", "2010-06-30": "0.17980", "2010-03-31": "0.17020", "2009-12-31": "0.17160", "2009-09-30": "0.16420", "2009-06-30": "0.16770", "2009-03-31": "0.18180", "2008-12-31": "0.21400", "2008-09-30": "0.22970", "2008-06-30": "0.22490", "2008-03-31": "0.21720", "2007-12-31": "0.22430", "2007-09-30": "0.22530", "2007-06-30": "0.22760", "2007-03-31": "0.23240", "2006-12-31": "0.23430", "2006-09-30": "0.23890", "2006-06-30": "0.23170", "2006-03-31": "0.22860", "2005-12-31": "0.22260", "2005-09-30": "0.21460", "2005-06-30": "0.20300", "2005-03-31": "0.19260"}, "Inventory Turnover Ratio": {"2020-12-31": "1.43920", "2020-09-30": "1.30550", "2020-06-30": "1.36770", "2020-03-31": "1.59690", "2019-12-31": "1.72660", "2019-09-30": "1.70120", "2019-06-30": "1.65230", "2019-03-31": "1.64580", "2018-12-31": "1.78880", "2018-09-30": "1.78290", "2018-06-30": "1.74250", "2018-03-31": "1.62960", "2017-12-31": "1.78000", "2017-09-30": "1.57780", "2017-06-30": "1.49100", "2017-03-31": "1.41700", "2016-12-31": "1.46580", "2016-09-30": "1.37600", "2016-06-30": "1.29270", "2016-03-31": "1.51160", "2015-12-31": "1.67490", "2015-09-30": "1.60790", "2015-06-30": "1.55770", "2015-03-31": "1.73510", "2014-12-31": "2.09490", "2014-09-30": "2.06060", "2014-06-30": "1.94320", "2014-03-31": "1.84840", "2013-12-31": "2.01690", "2013-09-30": "1.82350", "2013-06-30": "1.75820", "2013-03-31": "1.69090", "2012-12-31": "1.82190", "2012-09-30": "1.67380", "2012-06-30": "1.70500", "2012-03-31": "1.52620", "2011-12-31": "1.54890", "2011-09-30": "1.66570", "2011-06-30": "1.63100", "2011-03-31": "1.72410", "2010-12-31": "1.72420", "2010-09-30": "1.38820", "2010-06-30": "2.49440", "2010-03-31": "2.38520", "2009-12-31": "2.37570", "2009-09-30": "2.10680", "2009-06-30": "2.19300", "2009-03-31": "2.22190", "2008-12-31": "2.61740", "2008-09-30": "2.64500", "2008-06-30": "2.55990", "2008-03-31": "2.47190", "2007-12-31": "2.57400", "2007-09-30": "2.46470", "2007-06-30": "2.45890", "2007-03-31": "2.54610", "2006-12-31": "2.86910", "2006-09-30": "2.72180", "2006-06-30": "2.80740", "2006-03-31": "2.81330", "2005-12-31": "2.88140", "2005-09-30": "2.83460", "2005-06-30": "2.69770", "2005-03-31": "2.74950"}, "Receiveable Turnover": {"2020-12-31": "1.05430", "2020-09-30": "0.94700", "2020-06-30": "0.92220", "2020-03-31": "0.99590", "2019-12-31": "1.06210", "2019-09-30": "1.02510", "2019-06-30": "0.97620", "2019-03-31": "0.96430", "2018-12-31": "1.03780", "2018-09-30": "1.01130", "2018-06-30": "0.96480", "2018-03-31": "0.92410", "2017-12-31": "1.01180", "2017-09-30": "0.83770", "2017-06-30": "0.83610", "2017-03-31": "0.79830", "2016-12-31": "0.75710", "2016-09-30": "0.73380", "2016-06-30": "0.76420", "2016-03-31": "0.77790", "2015-12-31": "0.88210", "2015-09-30": "0.90400", "2015-06-30": "0.94160", "2015-03-31": "0.98130", "2014-12-31": "1.13160", "2014-09-30": "1.02380", "2014-06-30": "0.98390", "2014-03-31": "0.96220", "2013-12-31": "1.03560", "2013-09-30": "0.96280", "2013-06-30": "0.99160", "2013-03-31": "0.91900", "2012-12-31": "0.96680", "2012-09-30": "0.91690", "2012-06-30": "0.95730", "2012-03-31": "0.95360", "2011-12-31": "0.98180", "2011-09-30": "1.00560", "2011-06-30": "0.96090", "2011-03-31": "0.98030", "2010-12-31": "1.00170", "2010-09-30": "0.79590", "2010-06-30": "0.95240", "2010-03-31": "0.93740", "2009-12-31": "0.94350", "2009-09-30": "0.89210", "2009-06-30": "0.90520", "2009-03-31": "0.90180", "2008-12-31": "1.09750", "2008-09-30": "1.08310", "2008-06-30": "1.08600", "2008-03-31": "1.08790", "2007-12-31": "1.16550", "2007-09-30": "1.11770", "2007-06-30": "1.15160", "2007-03-31": "1.16550", "2006-12-31": "1.26120", "2006-09-30": "1.19590", "2006-06-30": "1.18810", "2006-03-31": "1.12720", "2005-12-31": "1.18900", "2005-09-30": "1.13440", "2005-06-30": "1.12170", "2005-03-31": "1.06020"}, "Days Sales In Receivables": {"2020-12-31": "85.36330", "2020-09-30": "95.03230", "2020-06-30": "97.59520", "2020-03-31": "90.37420", "2019-12-31": "84.73870", "2019-09-30": "87.79770", "2019-06-30": "92.19860", "2019-03-31": "93.33550", "2018-12-31": "86.72090", "2018-09-30": "88.99460", "2018-06-30": "93.28440", "2018-03-31": "97.39180", "2017-12-31": "88.95460", "2017-09-30": "107.43070", "2017-06-30": "107.64540", "2017-03-31": "112.74150", "2016-12-31": "118.87290", "2016-09-30": "122.64570", "2016-06-30": "117.76380", "2016-03-31": "115.70250", "2015-12-31": "102.02710", "2015-09-30": "99.56090", "2015-06-30": "95.58380", "2015-03-31": "91.71250", "2014-12-31": "79.53410", "2014-09-30": "87.90760", "2014-06-30": "91.47090", "2014-03-31": "93.53150", "2013-12-31": "86.90830", "2013-09-30": "93.48120", "2013-06-30": "90.76460", "2013-03-31": "97.93570", "2012-12-31": "93.09190", "2012-09-30": "98.16160", "2012-06-30": "94.01220", "2012-03-31": "94.38290", "2011-12-31": "91.66940", "2011-09-30": "89.50030", "2011-06-30": "93.66410", "2011-03-31": "91.80700", "2010-12-31": "89.84810", "2010-09-30": "113.07520", "2010-06-30": "94.50230", "2010-03-31": "96.01290", "2009-12-31": "95.39000", "2009-09-30": "100.88950", "2009-06-30": "99.42660", "2009-03-31": "99.79590", "2008-12-31": "82.00490", "2008-09-30": "83.09250", "2008-06-30": "82.86930", "2008-03-31": "82.72520", "2007-12-31": "77.22260", "2007-09-30": "80.52180", "2007-06-30": "78.15200", "2007-03-31": "77.21990", "2006-12-31": "71.36250", "2006-09-30": "75.25780", "2006-06-30": "75.75020", "2006-03-31": "79.84060", "2005-12-31": "75.69380", "2005-09-30": "79.33960", "2005-06-30": "80.23190", "2005-03-31": "84.89250"}, "ROE - Return On Equity": {"2020-12-31": "3.06670", "2020-09-30": "-0.59020", "2020-06-30": "-27.52090", "2020-03-31": "-46.09900", "2019-12-31": "1.41460", "2019-09-30": "-46.75050", "2019-06-30": "1.36190", "2019-03-31": "1.17730", "2018-12-31": "1.49780", "2018-09-30": "1.78090", "2018-06-30": "1.19520", "2018-03-31": "1.41990", "2017-12-31": "-6.09750", "2017-09-30": "1.38970", "2017-06-30": "-0.20270", "2017-03-31": "0.69180", "2016-12-31": "-0.46710", "2016-09-30": "0.44630", "2016-06-30": "-4.99310", "2016-03-31": "1.46650", "2015-12-31": "-2.75730", "2015-09-30": "2.62710", "2015-06-30": "2.96980", "2015-03-31": "2.60920", "2014-12-31": "0.83580", "2014-09-30": "4.82710", "2014-06-30": "4.47400", "2014-03-31": "4.00200", "2013-12-31": "4.24620", "2013-09-30": "4.53580", "2013-06-30": "6.00300", "2013-03-31": "3.38450", "2012-12-31": "3.64340", "2012-09-30": "3.96960", "2012-06-30": "4.06470", "2012-03-31": "3.96150", "2011-12-31": "3.77480", "2011-09-30": "4.07610", "2011-06-30": "3.45890", "2011-03-31": "2.98170", "2010-12-31": "3.28200", "2010-09-30": "5.56310", "2010-06-30": "4.10380", "2010-03-31": "3.44950", "2009-12-31": "4.26440", "2009-09-30": "4.05380", "2009-06-30": "3.28280", "2009-03-31": "5.31530", "2008-12-31": "6.79200", "2008-09-30": "8.64720", "2008-06-30": "8.39990", "2008-03-31": "8.28030", "2007-12-31": "9.30160", "2007-09-30": "9.65920", "2007-06-30": "9.80230", "2007-03-31": "10.39460", "2006-12-31": "10.85060", "2006-09-30": "10.41540", "2006-06-30": "9.42260", "2006-03-31": "8.88540", "2005-12-31": "8.70110", "2005-09-30": "7.43260", "2005-06-30": "7.00590", "2005-03-31": "8.09660"}, "Return On Tangible Equity": {"2020-12-31": "-8.98430", "2020-09-30": "1.61650", "2020-06-30": "76.58620", "2020-03-31": "629.74360", "2019-12-31": "71.69810", "2019-09-30": "-3345.00000", "2019-06-30": "21.84870", "2019-03-31": "18.03690", "2018-12-31": "23.54960", "2018-09-30": "29.30960", "2018-06-30": "22.07210", "2018-03-31": "23.22520", "2017-12-31": "-110.18430", "2017-09-30": "12.73770", "2017-06-30": "-1.92130", "2017-03-31": "5.48580", "2016-12-31": "-3.45750", "2016-09-30": "2.81980", "2016-06-30": "-28.69370", "2016-03-31": "3.64360", "2015-12-31": "-6.73240", "2015-09-30": "5.87270", "2015-06-30": "6.58460", "2015-03-31": "5.83610", "2014-12-31": "1.85800", "2014-09-30": "9.81850", "2014-06-30": "9.09730", "2014-03-31": "8.06460", "2013-12-31": "8.60740", "2013-09-30": "9.56950", "2013-06-30": "12.83030", "2013-03-31": "7.62350", "2012-12-31": "8.49330", "2012-09-30": "9.44190", "2012-06-30": "10.33230", "2012-03-31": "9.87720", "2011-12-31": "9.93210", "2011-09-30": "10.62300", "2011-06-30": "8.72820", "2011-03-31": "7.77090", "2010-12-31": "8.64610", "2010-09-30": "14.64590", "2010-06-30": "6.63360", "2010-03-31": "5.19700", "2009-12-31": "6.38130", "2009-09-30": "6.03720", "2009-06-30": "4.98140", "2009-03-31": "8.18350", "2008-12-31": "10.81170", "2008-09-30": "13.54300", "2008-06-30": "13.62880", "2008-03-31": "13.73520", "2007-12-31": "15.99870", "2007-09-30": "17.34680", "2007-06-30": "18.91950", "2007-03-31": "22.51610", "2006-12-31": "26.31320", "2006-09-30": "27.04930", "2006-06-30": "26.51650", "2006-03-31": "15.58890", "2005-12-31": "16.00530", "2005-09-30": "14.39430", "2005-06-30": "14.80310", "2005-03-31": "17.24530"}, "ROA - Return On Assets": {"2020-12-31": "0.90260", "2020-09-30": "-0.16570", "2020-06-30": "-7.67460", "2020-03-31": "-15.16240", "2019-12-31": "0.60730", "2019-09-30": "-19.61200", "2019-06-30": "0.69980", "2019-03-31": "0.61150", "2018-12-31": "0.77720", "2018-09-30": "0.93940", "2018-06-30": "0.62860", "2018-03-31": "0.74150", "2017-12-31": "-3.15610", "2017-09-30": "0.75580", "2017-06-30": "-0.10820", "2017-03-31": "0.37280", "2016-12-31": "-0.24890", "2016-09-30": "0.23570", "2016-06-30": "-2.64380", "2016-03-31": "0.75640", "2015-12-31": "-1.45580", "2015-09-30": "1.58350", "2015-06-30": "1.75130", "2015-03-31": "1.51040", "2014-12-31": "0.47530", "2014-09-30": "2.87470", "2014-06-30": "2.67460", "2014-03-31": "2.41020", "2013-12-31": "2.50820", "2013-09-30": "2.64880", "2013-06-30": "3.51620", "2013-03-31": "1.97140", "2012-12-31": "2.06350", "2012-09-30": "2.29130", "2012-06-30": "2.35030", "2012-03-31": "2.28330", "2011-12-31": "2.14670", "2011-09-30": "2.31910", "2011-06-30": "2.05300", "2011-03-31": "1.80060", "2010-12-31": "1.99350", "2010-09-30": "3.47210", "2010-06-30": "2.47150", "2010-03-31": "2.04970", "2009-12-31": "2.45030", "2009-09-30": "2.38550", "2009-06-30": "1.86590", "2009-03-31": "2.84870", "2008-12-31": "3.58370", "2008-09-30": "4.87060", "2008-06-30": "4.75410", "2008-03-31": "4.51350", "2007-12-31": "4.96780", "2007-09-30": "5.14700", "2007-06-30": "5.08010", "2007-03-31": "5.02290", "2006-12-31": "4.95190", "2006-09-30": "4.82150", "2006-06-30": "4.23700", "2006-03-31": "3.89670", "2005-12-31": "3.65400", "2005-09-30": "3.13770", "2005-06-30": "2.80120", "2005-03-31": "3.19720"}, "ROI - Return On Investment": {"2020-12-31": "1.34270", "2020-09-30": "-0.25310", "2020-06-30": "-11.73210", "2020-03-31": "-23.47100", "2019-12-31": "0.87810", "2019-09-30": "-27.97100", "2019-06-30": "0.92770", "2019-03-31": "0.81170", "2018-12-31": "1.06970", "2018-09-30": "1.28750", "2018-06-30": "0.86880", "2018-03-31": "1.04220", "2017-12-31": "-4.35780", "2017-09-30": "0.99500", "2017-06-30": "-0.14320", "2017-03-31": "0.49310", "2016-12-31": "-0.33450", "2016-09-30": "0.31610", "2016-06-30": "-3.50480", "2016-03-31": "0.98880", "2015-12-31": "-1.96640", "2015-09-30": "2.19640", "2015-06-30": "2.39770", "2015-03-31": "2.11270", "2014-12-31": "0.65410", "2014-09-30": "3.75430", "2014-06-30": "3.47240", "2014-03-31": "3.13450", "2013-12-31": "3.36410", "2013-09-30": "3.59770", "2013-06-30": "4.81950", "2013-03-31": "2.75730", "2012-12-31": "2.86250", "2012-09-30": "3.11610", "2012-06-30": "3.27470", "2012-03-31": "3.14460", "2011-12-31": "2.96640", "2011-09-30": "3.19350", "2011-06-30": "2.93330", "2011-03-31": "2.47840", "2010-12-31": "2.79210", "2010-09-30": "4.81690", "2010-06-30": "3.45570", "2010-03-31": "2.85700", "2009-12-31": "3.47690", "2009-09-30": "3.31860", "2009-06-30": "2.67100", "2009-03-31": "4.22280", "2008-12-31": "5.57590", "2008-09-30": "7.21670", "2008-06-30": "6.75990", "2008-03-31": "6.55520", "2007-12-31": "7.41120", "2007-09-30": "7.49740", "2007-06-30": "7.51110", "2007-03-31": "7.38950", "2006-12-31": "7.49560", "2006-09-30": "7.38950", "2006-06-30": "6.47630", "2006-03-31": "6.14040", "2005-12-31": "5.90680", "2005-09-30": "4.90750", "2005-06-30": "4.49220", "2005-03-31": "5.03140"}, "Book Value Per Share": {"2020-12-31": "8.97200", "2020-09-30": "8.88580", "2020-06-30": "8.97410", "2020-03-31": "11.51510", "2019-12-31": "17.45560", "2019-09-30": "17.57730", "2019-06-30": "26.22780", "2019-03-31": "26.37110", "2018-12-31": "26.45410", "2018-09-30": "26.67730", "2018-06-30": "26.65970", "2018-03-31": "26.95020", "2017-12-31": "26.92270", "2017-09-30": "28.88810", "2017-06-30": "28.84620", "2017-03-31": "29.55650", "2016-12-31": "29.85550", "2016-09-30": "30.60680", "2016-06-30": "30.89790", "2016-03-31": "28.48400", "2015-12-31": "28.58680", "2015-09-30": "30.27680", "2015-06-30": "30.18580", "2015-03-31": "29.81580", "2014-12-31": "29.84240", "2014-09-30": "31.61380", "2014-06-30": "31.40590", "2014-03-31": "30.86020", "2013-12-31": "30.32520", "2013-09-30": "28.87700", "2013-06-30": "28.00300", "2013-03-31": "26.92330", "2012-12-31": "26.24850", "2012-09-30": "25.83660", "2012-06-30": "24.84330", "2012-03-31": "24.35380", "2011-12-31": "23.53220", "2011-09-30": "23.56410", "2011-06-30": "23.76720", "2011-03-31": "23.30580", "2010-12-31": "23.10360", "2010-09-30": "22.81230", "2010-06-30": "16.66720", "2010-03-31": "16.37800", "2009-12-31": "16.09120", "2009-09-30": "16.21920", "2009-06-30": "15.63770", "2009-03-31": "14.78160", "2008-12-31": "14.18260", "2008-09-30": "14.87900", "2008-06-30": "14.15180", "2008-03-31": "13.22840", "2007-12-31": "12.44200", "2007-09-30": "11.72180", "2007-06-30": "10.77010", "2007-03-31": "9.63890", "2006-12-31": "8.84620", "2006-09-30": "8.14750", "2006-06-30": "7.68060", "2006-03-31": "6.89180", "2005-12-31": "6.44660", "2005-09-30": "6.17570", "2005-06-30": "5.74050", "2005-03-31": "5.49690"}, "Operating Cash Flow Per Share": {"2020-12-31": 0.6327, "2020-09-30": 0.3419, "2020-06-30": 0.5782, "2020-03-31": "0.56520", "2019-12-31": 1.626, "2019-09-30": 1.2673, "2019-06-30": 0.7946, "2019-03-31": "0.23340", "2018-12-31": 1.6716, "2018-09-30": 1.3125, "2018-06-30": 0.7096, "2018-03-31": "0.40750", "2017-12-31": 1.6289, "2017-09-30": 1.3595, "2017-06-30": 0.6237, "2017-03-31": "0.46790", "2016-12-31": 1.5818, "2016-09-30": 0.986, "2016-06-30": 1.085, "2016-03-31": "0.96110", "2015-12-31": 1.696, "2015-09-30": 2.0193, "2015-06-30": 1.8132, "2015-03-31": "1.37740", "2014-12-31": 3.0001, "2014-09-30": 2.3504, "2014-06-30": 1.8146, "2014-03-31": "1.39380", "2013-12-31": 3.09, "2013-09-30": 2.0889, "2013-06-30": 1.9913, "2013-03-31": "0.84930", "2012-12-31": 2.5924, "2012-09-30": 1.5286, "2012-06-30": 0.4793, "2012-03-31": "0.56400", "2011-12-31": 1.5805, "2011-09-30": 1.2267, "2011-06-30": 0.9052, "2011-03-31": "0.60800", "2010-12-31": 1.9008, "2010-09-30": 0.5686, "2010-06-30": 1.0784, "2010-03-31": "0.81400", "2009-12-31": 1.6293, "2009-09-30": 1.0453, "2009-06-30": 1.2448, "2009-03-31": "0.45540", "2008-12-31": 1.6413, "2008-09-30": 1.7756, "2008-06-30": 1.3033, "2008-03-31": "0.91620", "2007-12-31": 1.7689, "2007-09-30": 1.3016, "2007-06-30": 1.1815, "2007-03-31": "0.82230", "2006-12-31": 1.309, "2006-09-30": 1.067, "2006-06-30": 0.9886, "2006-03-31": "0.45560", "2005-12-31": 0.9015, "2005-09-30": 0.6582, "2005-06-30": 0.5971, "2005-03-31": "0.28840"}, "Free Cash Flow Per Share": {"2020-12-31": 0.4467, "2020-09-30": 0.1991, "2020-06-30": 0.1826, "2020-03-31": "0.48670", "2019-12-31": 1.2693, "2019-09-30": 0.9649, "2019-06-30": 0.5046, "2019-03-31": "-0.06230", "2018-12-31": 1.2266, "2018-09-30": 0.9066, "2018-06-30": 0.3356, "2018-03-31": "0.08180", "2017-12-31": 1.1755, "2017-09-30": 0.9323, "2017-06-30": 0.2581, "2017-03-31": "0.19610", "2016-12-31": 1.0674, "2016-09-30": 0.7045, "2016-06-30": 0.8026, "2016-03-31": "0.52500", "2015-12-31": 1.2075, "2015-09-30": 1.5496, "2015-06-30": 1.3528, "2015-03-31": "0.90580", "2014-12-31": 2.0718, "2014-09-30": 1.5971, "2014-06-30": 1.112, "2014-03-31": "0.73820", "2013-12-31": 2.1973, "2013-09-30": 1.3709, "2013-06-30": 1.3112, "2013-03-31": "0.18210", "2012-12-31": 1.4529, "2012-09-30": 0.7159, "2012-06-30": -0.3598, "2012-03-31": "-0.15030", "2011-12-31": 0.6702, "2011-09-30": 0.4512, "2011-06-30": 0.209, "2011-03-31": "0.04800", "2010-12-31": 1.111, "2010-09-30": -0.0507, "2010-06-30": 0.5515, "2010-03-31": "0.44440", "2009-12-31": 1.0678, "2009-09-30": 0.6653, "2009-06-30": 0.8317, "2009-03-31": "-0.16280", "2008-12-31": 0.6838, "2008-09-30": 1.0289, "2008-06-30": 0.5755, "2008-03-31": "0.30660", "2007-12-31": 1.0217, "2007-09-30": 0.7263, "2007-06-30": 0.5859, "2007-03-31": "0.37470", "2006-12-31": 0.6332, "2006-09-30": 0.5815, "2006-06-30": 0.5483, "2006-03-31": "0.07920", "2005-12-31": 0.4985, "2005-09-30": 0.3365, "2005-06-30": 0.2836, "2005-03-31": "0.03150"}}, "revenue": {"Schlumberger Annual Revenue (Millions of US $)": {"2020": "$23,601", "2019": "$32,917", "2018": "$32,815", "2017": "$30,440", "2016": "$27,810", "2015": "$35,475", "2014": "$48,580", "2013": "$45,266", "2012": "$41,731", "2011": "$36,579", "2010": "$26,672", "2009": "$22,702", "2008": "$27,163", "2007": "$23,277", "2006": "$19,230", "2005": "$14,309"}, "Schlumberger Quarterly Revenue (Millions of US $)": {"2020-12-31": "$5,532", "2020-09-30": "$5,258", "2020-06-30": "$5,356", "2020-03-31": "$7,455", "2019-12-31": "$8,228", "2019-09-30": "$8,541", "2019-06-30": "$8,269", "2019-03-31": "$7,879", "2018-12-31": "$8,179", "2018-09-30": "$8,504", "2018-06-30": "$8,303", "2018-03-31": "$7,829", "2017-12-31": "$8,179", "2017-09-30": "$7,905", "2017-06-30": "$7,462", "2017-03-31": "$6,894", "2016-12-31": "$7,107", "2016-09-30": "$7,019", "2016-06-30": "$7,164", "2016-03-31": "$6,520", "2015-12-31": "$7,745", "2015-09-30": "$8,472", "2015-06-30": "$9,010", "2015-03-31": "$10,248", "2014-12-31": "$12,641", "2014-09-30": "$12,646", "2014-06-30": "$12,054", "2014-03-31": "$11,239", "2013-12-31": "$11,906", "2013-09-30": "$11,608", "2013-06-30": "$11,182", "2013-03-31": "$10,570", "2012-12-31": "$10,974", "2012-09-30": "$10,498", "2012-06-30": "$10,341", "2012-03-31": "$9,918", "2011-12-31": "$9,327", "2011-09-30": "$9,546", "2011-06-30": "$8,990", "2011-03-31": "$8,716", "2010-12-31": "$8,292", "2010-09-30": "$6,845", "2010-06-30": "$5,937", "2010-03-31": "$5,598", "2009-12-31": "$5,744", "2009-09-30": "$5,430", "2009-06-30": "$5,528", "2009-03-31": "$6,000", "2008-12-31": "$6,868", "2008-09-30": "$7,259", "2008-06-30": "$6,746", "2008-03-31": "$6,290", "2007-12-31": "$6,248", "2007-09-30": "$5,926", "2007-06-30": "$5,639", "2007-03-31": "$5,464", "2006-12-31": "$5,350", "2006-09-30": "$4,955", "2006-06-30": "$4,687", "2006-03-31": "$4,239", "2005-12-31": "$4,023", "2005-09-30": "$3,698", "2005-06-30": "$3,429", "2005-03-31": "$3,159"}}, "gross-profit": {"Schlumberger Annual Gross Profit (Millions of US $)": {"2020": "$2,601", "2019": "$4,197", "2018": "$4,337", "2017": "$3,897", "2016": "$3,401", "2015": "$7,154", "2014": "$11,182", "2013": "$9,935", "2012": "$8,846", "2011": "$7,777", "2010": "$5,575", "2009": "$5,183", "2008": "$8,206", "2007": "$7,796", "2006": "$6,048", "2005": "$3,682"}, "Schlumberger Quarterly Gross Profit (Millions of US $)": {"2020-12-31": "$705", "2020-09-30": "$634", "2020-06-30": "$431", "2020-03-31": "$831", "2019-12-31": "$1,097", "2019-09-30": "$1,156", "2019-06-30": "$1,017", "2019-03-31": "$927", "2018-12-31": "$1,006", "2018-09-30": "$1,180", "2018-06-30": "$1,124", "2018-03-31": "$1,027", "2017-12-31": "$977", "2017-09-30": "$1,108", "2017-06-30": "$994", "2017-03-31": "$818", "2016-12-31": "$914", "2016-09-30": "$728", "2016-06-30": "$699", "2016-03-31": "$1,060", "2015-12-31": "$1,454", "2015-09-30": "$1,674", "2015-06-30": "$1,874", "2015-03-31": "$2,152", "2014-12-31": "$2,946", "2014-09-30": "$2,957", "2014-06-30": "$2,785", "2014-03-31": "$2,494", "2013-12-31": "$2,622", "2013-09-30": "$2,682", "2013-06-30": "$2,470", "2013-03-31": "$2,161", "2012-12-31": "$2,256", "2012-09-30": "$2,261", "2012-06-30": "$2,222", "2012-03-31": "$2,107", "2011-12-31": "$2,047", "2011-09-30": "$2,102", "2011-06-30": "$1,967", "2011-03-31": "$1,661", "2010-12-31": "$1,733", "2010-09-30": "$1,374", "2010-06-30": "$1,285", "2010-03-31": "$1,183", "2009-12-31": "$1,311", "2009-09-30": "$1,286", "2009-06-30": "$1,096", "2009-03-31": "$1,490", "2008-12-31": "$1,845", "2008-09-30": "$2,292", "2008-06-30": "$2,137", "2008-03-31": "$1,932", "2007-12-31": "$2,031", "2007-09-30": "$2,021", "2007-06-30": "$1,902", "2007-03-31": "$1,842", "2006-12-31": "$1,772", "2006-09-30": "$1,593", "2006-06-30": "$1,435", "2006-03-31": "$1,247", "2005-12-31": "$1,112", "2005-09-30": "$937", "2005-06-30": "$880", "2005-03-31": "$754"}}, "operating-income": {"Schlumberger Annual Operating Income (Millions of US $)": {"2020": "$1,760", "2019": "$3,253", "2018": "$3,406", "2017": "$2,370", "2016": "$1,637", "2015": "$5,566", "2014": "$9,490", "2013": "$8,345", "2012": "$7,160", "2011": "$6,186", "2010": "$3,854", "2009": "$3,882", "2008": "$6,687", "2007": "$6,469", "2006": "$4,896", "2005": "$2,761"}, "Schlumberger Quarterly Operating Income (Millions of US $)": {"2020-12-31": "$609", "2020-09-30": "$412", "2020-06-30": "$208", "2020-03-31": "$531", "2019-12-31": "$1,027", "2019-09-30": "$860", "2019-06-30": "$724", "2019-03-31": "$642", "2018-12-31": "$929", "2018-09-30": "$898", "2018-06-30": "$835", "2018-03-31": "$744", "2017-12-31": "$581", "2017-09-30": "$755", "2017-06-30": "$607", "2017-03-31": "$427", "2016-12-31": "$478", "2016-09-30": "$295", "2016-06-30": "$154", "2016-03-31": "$710", "2015-12-31": "$1,485", "2015-09-30": "$1,279", "2015-06-30": "$1,475", "2015-03-31": "$1,327", "2014-12-31": "$2,502", "2014-09-30": "$2,531", "2014-06-30": "$2,353", "2014-03-31": "$2,104", "2013-12-31": "$2,208", "2013-09-30": "$2,286", "2013-06-30": "$2,077", "2013-03-31": "$1,774", "2012-12-31": "$1,785", "2012-09-30": "$1,843", "2012-06-30": "$1,812", "2012-03-31": "$1,720", "2011-12-31": "$1,668", "2011-09-30": "$1,723", "2011-06-30": "$1,515", "2011-03-31": "$1,280", "2010-12-31": "$1,327", "2010-09-30": "$663", "2010-06-30": "$995", "2010-03-31": "$869", "2009-12-31": "$984", "2009-09-30": "$960", "2009-06-30": "$768", "2009-03-31": "$1,170", "2008-12-31": "$1,429", "2008-09-30": "$1,911", "2008-06-30": "$1,768", "2008-03-31": "$1,579", "2007-12-31": "$1,671", "2007-09-30": "$1,671", "2007-06-30": "$1,588", "2007-03-31": "$1,539", "2006-12-31": "$1,444", "2006-09-30": "$1,309", "2006-06-30": "$1,139", "2006-03-31": "$1,004", "2005-12-31": "$858", "2005-09-30": "$711", "2005-06-30": "$655", "2005-03-31": "$537"}}, "ebitda": {"Schlumberger Annual EBITDA (Millions of US $)": {"2020": "$4,326", "2019": "$6,842", "2018": "$6,962", "2017": "$6,207", "2016": "$5,731", "2015": "$9,644", "2014": "$13,584", "2013": "$12,224", "2012": "$10,807", "2011": "$9,460", "2010": "$6,611", "2009": "$6,358", "2008": "$8,956", "2007": "$8,423", "2006": "$6,458", "2005": "$4,112"}, "Schlumberger Quarterly EBITDA (Millions of US $)": {"2020-12-31": "$1,192", "2020-09-30": "$999", "2020-06-30": "$812", "2020-03-31": "$1,323", "2019-12-31": "$1,875", "2019-09-30": "$1,760", "2019-06-30": "$1,662", "2019-03-31": "$1,545", "2018-12-31": "$1,848", "2018-09-30": "$1,785", "2018-06-30": "$1,711", "2018-03-31": "$1,618", "2017-12-31": "$1,487", "2017-09-30": "$1,711", "2017-06-30": "$1,593", "2017-03-31": "$1,416", "2016-12-31": "$1,494", "2016-09-30": "$1,293", "2016-06-30": "$1,267", "2016-03-31": "$1,677", "2015-12-31": "$2,448", "2015-09-30": "$2,305", "2015-06-30": "$2,522", "2015-03-31": "$2,369", "2014-12-31": "$3,567", "2014-09-30": "$3,563", "2014-06-30": "$3,349", "2014-03-31": "$3,105", "2013-12-31": "$3,196", "2013-09-30": "$3,274", "2013-06-30": "$3,084", "2013-03-31": "$2,670", "2012-12-31": "$2,862", "2012-09-30": "$2,707", "2012-06-30": "$2,667", "2012-03-31": "$2,571", "2011-12-31": "$2,527", "2011-09-30": "$2,549", "2011-06-30": "$2,316", "2011-03-31": "$2,068", "2010-12-31": "$2,133", "2010-09-30": "$1,356", "2010-06-30": "$1,633", "2010-03-31": "$1,489", "2009-12-31": "$1,612", "2009-09-30": "$1,573", "2009-06-30": "$1,394", "2009-03-31": "$1,779", "2008-12-31": "$2,042", "2008-09-30": "$2,494", "2008-06-30": "$2,324", "2008-03-31": "$2,096", "2007-12-31": "$2,225", "2007-09-30": "$2,169", "2007-06-30": "$2,049", "2007-03-31": "$1,980", "2006-12-31": "$1,883", "2006-09-30": "$1,702", "2006-06-30": "$1,514", "2006-03-31": "$1,359", "2005-12-31": "$1,217", "2005-09-30": "$1,048", "2005-06-30": "$981", "2005-03-31": "$866"}}, "net-income": {"Schlumberger Annual Net Income (Millions of US $)": {"2020": "$-10,518", "2019": "$-10,137", "2018": "$2,138", "2017": "$-1,505", "2016": "$-1,687", "2015": "$2,072", "2014": "$5,438", "2013": "$6,732", "2012": "$5,490", "2011": "$4,997", "2010": "$4,267", "2009": "$3,134", "2008": "$5,435", "2007": "$5,177", "2006": "$3,710", "2005": "$2,207"}, "Schlumberger Quarterly Net Income (Millions of US $)": {"2020-12-31": "$374", "2020-09-30": "$-82", "2020-06-30": "$-3,434", "2020-03-31": "$-7,376", "2019-12-31": "$333", "2019-09-30": "$-11,383", "2019-06-30": "$492", "2019-03-31": "$421", "2018-12-31": "$539", "2018-09-30": "$644", "2018-06-30": "$430", "2018-03-31": "$525", "2017-12-31": "$-2,255", "2017-09-30": "$545", "2017-06-30": "$-74", "2017-03-31": "$279", "2016-12-31": "$-204", "2016-09-30": "$176", "2016-06-30": "$-2,160", "2016-03-31": "$501", "2015-12-31": "$-1,016", "2015-09-30": "$989", "2015-06-30": "$1,124", "2015-03-31": "$975", "2014-12-31": "$302", "2014-09-30": "$1,949", "2014-06-30": "$1,595", "2014-03-31": "$1,592", "2013-12-31": "$1,663", "2013-09-30": "$1,715", "2013-06-30": "$2,095", "2013-03-31": "$1,259", "2012-12-31": "$1,362", "2012-09-30": "$1,424", "2012-06-30": "$1,403", "2012-03-31": "$1,301", "2011-12-31": "$1,413", "2011-09-30": "$1,301", "2011-06-30": "$1,339", "2011-03-31": "$944", "2010-12-31": "$1,043", "2010-09-30": "$1,734", "2010-06-30": "$818", "2010-03-31": "$672", "2009-12-31": "$796", "2009-09-30": "$787", "2009-06-30": "$613", "2009-03-31": "$938", "2008-12-31": "$1,151", "2008-09-30": "$1,526", "2008-06-30": "$1,420", "2008-03-31": "$1,338", "2007-12-31": "$1,384", "2007-09-30": "$1,354", "2007-06-30": "$1,258", "2007-03-31": "$1,181", "2006-12-31": "$1,131", "2006-09-30": "$1,000", "2006-06-30": "$857", "2006-03-31": "$723", "2005-12-31": "$661", "2005-09-30": "$541", "2005-06-30": "$482", "2005-03-31": "$523"}}, "eps-earnings-per-share-diluted": {"Schlumberger Annual EPS": {"2020": "$-7.57", "2019": "$-7.32", "2018": "$1.53", "2017": "$-1.08", "2016": "$-1.24", "2015": "$1.63", "2014": "$4.16", "2013": "$5.05", "2012": "$4.10", "2011": "$3.67", "2010": "$3.38", "2009": "$2.59", "2008": "$4.45", "2007": "$4.20", "2006": "$3.01", "2005": "$1.82"}, "Schlumberger Quarterly EPS": {"2020-12-31": "$0.28", "2020-09-30": "$-0.06", "2020-06-30": "$-2.47", "2020-03-31": "$-5.32", "2019-12-31": "$0.25", "2019-09-30": "$-8.22", "2019-06-30": "$0.35", "2019-03-31": "$0.30", "2018-12-31": "$0.38", "2018-09-30": "$0.46", "2018-06-30": "$0.31", "2018-03-31": "$0.38", "2017-12-31": "$-1.62", "2017-09-30": "$0.39", "2017-06-30": "$-0.05", "2017-03-31": "$0.20", "2016-12-31": "$-0.21", "2016-09-30": "$0.13", "2016-06-30": "$-1.56", "2016-03-31": "$0.40", "2015-12-31": "$-0.79", "2015-09-30": "$0.78", "2015-06-30": "$0.88", "2015-03-31": "$0.76", "2014-12-31": "$0.25", "2014-09-30": "$1.49", "2014-06-30": "$1.21", "2014-03-31": "$1.21", "2013-12-31": "$1.25", "2013-09-30": "$1.29", "2013-06-30": "$1.57", "2013-03-31": "$0.94", "2012-12-31": "$1.01", "2012-09-30": "$1.07", "2012-06-30": "$1.05", "2012-03-31": "$0.97", "2011-12-31": "$1.04", "2011-09-30": "$0.96", "2011-06-30": "$0.98", "2011-03-31": "$0.69", "2010-12-31": "$0.76", "2010-09-30": "$1.38", "2010-06-30": "$0.68", "2010-03-31": "$0.56", "2009-12-31": "$0.65", "2009-09-30": "$0.65", "2009-06-30": "$0.51", "2009-03-31": "$0.78", "2008-12-31": "$0.95", "2008-09-30": "$1.25", "2008-06-30": "$1.16", "2008-03-31": "$1.09", "2007-12-31": "$1.13", "2007-09-30": "$1.09", "2007-06-30": "$1.02", "2007-03-31": "$0.96", "2006-12-31": "$0.92", "2006-09-30": "$0.81", "2006-06-30": "$0.69", "2006-03-31": "$0.59", "2005-12-31": "$0.55", "2005-09-30": "$0.44", "2005-06-30": "$0.40", "2005-03-31": "$0.43"}}, "shares-outstanding": {"Schlumberger Annual Shares Outstanding (Millions of Shares)": {"2020": "1,390", "2019": "1,385", "2018": "1,393", "2017": "1,388", "2016": "1,357", "2015": "1,275", "2014": "1,308", "2013": "1,333", "2012": "1,339", "2011": "1,361", "2010": "1,263", "2009": "1,214", "2008": "1,224", "2007": "1,239", "2006": "1,242", "2005": "1,230"}, "Schlumberger Quarterly Shares Outstanding (Millions of Shares)": {"2020-12-31": "1,390", "2020-09-30": "1,391", "2020-06-30": "1,388", "2020-03-31": "1,387", "2019-12-31": "1,385", "2019-09-30": "1,385", "2019-06-30": "1,395", "2019-03-31": "1,397", "2018-12-31": "1,393", "2018-09-30": "1,392", "2018-06-30": "1,392", "2018-03-31": "1,394", "2017-12-31": "1,388", "2017-09-30": "1,392", "2017-06-30": "1,387", "2017-03-31": "1,402", "2016-12-31": "1,357", "2016-09-30": "1,401", "2016-06-30": "1,389", "2016-03-31": "1,259", "2015-12-31": "1,275", "2015-09-30": "1,272", "2015-06-30": "1,280", "2015-03-31": "1,285", "2014-12-31": "1,308", "2014-09-30": "1,310", "2014-06-30": "1,315", "2014-03-31": "1,318", "2013-12-31": "1,333", "2013-09-30": "1,333", "2013-06-30": "1,336", "2013-03-31": "1,340", "2012-12-31": "1,339", "2012-09-30": "1,336", "2012-06-30": "1,339", "2012-03-31": "1,344", "2011-12-31": "1,361", "2011-09-30": "1,357", "2011-06-30": "1,366", "2011-03-31": "1,375", "2010-12-31": "1,263", "2010-09-30": "1,258", "2010-06-30": "1,208", "2010-03-31": "1,215", "2009-12-31": "1,214", "2009-09-30": "1,218", "2009-06-30": "1,214", "2009-03-31": "1,210", "2008-12-31": "1,224", "2008-09-30": "1,225", "2008-06-30": "1,230", "2008-03-31": "1,233", "2007-12-31": "1,239", "2007-09-30": "1,244", "2007-06-30": "1,241", "2007-03-31": "1,236", "2006-12-31": "1,242", "2006-09-30": "1,244", "2006-06-30": "1,246", "2006-03-31": "1,241", "2005-12-31": "1,230", "2005-09-30": "1,232", "2005-06-30": "1,226", "2005-03-31": "1,228"}}, "total-assets": {"Schlumberger Annual Total Assets (Millions of US $)": {"2020": "$42,434", "2019": "$56,312", "2018": "$70,507", "2017": "$71,987", "2016": "$77,956", "2015": "$68,005", "2014": "$66,904", "2013": "$67,100", "2012": "$61,547", "2011": "$55,201", "2010": "$51,767", "2009": "$33,465", "2008": "$32,094", "2007": "$27,853", "2006": "$22,832", "2005": "$18,077"}, "Schlumberger Quarterly Total Assets (Millions of US $)": {"2020-12-31": "$42,434", "2020-09-30": "$44,066", "2020-06-30": "$44,667", "2020-03-31": "$48,594", "2019-12-31": "$56,312", "2019-09-30": "$57,990", "2019-06-30": "$70,591", "2019-03-31": "$70,321", "2018-12-31": "$70,507", "2018-09-30": "$70,046", "2018-06-30": "$70,156", "2018-03-31": "$71,478", "2017-12-31": "$71,987", "2017-09-30": "$73,569", "2017-06-30": "$74,862", "2017-03-31": "$76,175", "2016-12-31": "$77,956", "2016-09-30": "$80,594", "2016-06-30": "$81,171", "2016-03-31": "$69,141", "2015-12-31": "$68,005", "2015-09-30": "$63,342", "2015-06-30": "$64,753", "2015-03-31": "$65,411", "2014-12-31": "$66,904", "2014-09-30": "$68,320", "2014-06-30": "$68,086", "2014-03-31": "$66,717", "2013-12-31": "$67,100", "2013-09-30": "$65,123", "2013-06-30": "$63,251", "2013-03-31": "$61,428", "2012-12-31": "$61,547", "2012-09-30": "$59,441", "2012-06-30": "$57,013", "2012-03-31": "$56,366", "2011-12-31": "$55,201", "2011-09-30": "$55,581", "2011-06-30": "$54,019", "2011-03-31": "$52,372", "2010-12-31": "$51,767", "2010-09-30": "$49,854", "2010-06-30": "$33,017", "2010-03-31": "$32,883", "2009-12-31": "$33,465", "2009-09-30": "$33,075", "2009-06-30": "$32,960", "2009-03-31": "$32,997", "2008-12-31": "$32,094", "2008-09-30": "$31,598", "2008-06-30": "$29,995", "2008-03-31": "$28,954", "2007-12-31": "$27,853", "2007-09-30": "$26,307", "2007-06-30": "$24,773", "2007-03-31": "$23,509", "2006-12-31": "$22,832", "2006-09-30": "$20,737", "2006-06-30": "$20,224", "2006-03-31": "$18,542", "2005-12-31": "$18,077", "2005-09-30": "$17,236", "2005-06-30": "$16,893", "2005-03-31": "$16,403"}}, "cash-on-hand": {"Schlumberger Annual Cash on Hand (Millions of US $)": {"2020": "$3,006", "2019": "$2,167", "2018": "$2,777", "2017": "$5,089", "2016": "$9,257", "2015": "$13,034", "2014": "$7,501", "2013": "$8,370", "2012": "$6,274", "2011": "$4,827", "2010": "$4,990", "2009": "$4,616", "2008": "$3,692", "2007": "$3,169", "2006": "$2,999", "2005": "$3,496"}, "Schlumberger Quarterly Cash on Hand (Millions of US $)": {"2020-12-31": "$3,006", "2020-09-30": "$3,837", "2020-06-30": "$3,589", "2020-03-31": "$3,344", "2019-12-31": "$2,167", "2019-09-30": "$2,292", "2019-06-30": "$2,348", "2019-03-31": "$2,155", "2018-12-31": "$2,777", "2018-09-30": "$2,854", "2018-06-30": "$3,049", "2018-03-31": "$4,165", "2017-12-31": "$5,089", "2017-09-30": "$4,952", "2017-06-30": "$6,218", "2017-03-31": "$7,353", "2016-12-31": "$9,257", "2016-09-30": "$10,756", "2016-06-30": "$11,192", "2016-03-31": "$14,432", "2015-12-31": "$13,034", "2015-09-30": "$6,605", "2015-06-30": "$7,274", "2015-03-31": "$6,803", "2014-12-31": "$7,501", "2014-09-30": "$6,759", "2014-06-30": "$6,699", "2014-03-31": "$7,078", "2013-12-31": "$8,370", "2013-09-30": "$6,435", "2013-06-30": "$5,925", "2013-03-31": "$5,561", "2012-12-31": "$6,274", "2012-09-30": "$4,760", "2012-06-30": "$3,493", "2012-03-31": "$4,085", "2011-12-31": "$4,827", "2011-09-30": "$6,064", "2011-06-30": "$4,933", "2011-03-31": "$4,163", "2010-12-31": "$4,990", "2010-09-30": "$2,625", "2010-06-30": "$3,078", "2010-03-31": "$4,203", "2009-12-31": "$4,616", "2009-09-30": "$4,229", "2009-06-30": "$4,411", "2009-03-31": "$4,186", "2008-12-31": "$3,692", "2008-09-30": "$3,493", "2008-06-30": "$2,900", "2008-03-31": "$3,153", "2007-12-31": "$3,169", "2007-09-30": "$3,238", "2007-06-30": "$2,885", "2007-03-31": "$2,591", "2006-12-31": "$2,999", "2006-09-30": "$1,901", "2006-06-30": "$2,108", "2006-03-31": "$3,234", "2005-12-31": "$3,496", "2005-09-30": "$3,003", "2005-06-30": "$2,913", "2005-03-31": "$3,040"}}, "long-term-debt": {"Schlumberger Annual Long Term Debt (Millions of US $)": {"2020": "$16,036", "2019": "$14,770", "2018": "$14,644", "2017": "$14,875", "2016": "$16,463", "2015": "$14,442", "2014": "$10,565", "2013": "$10,393", "2012": "$9,509", "2011": "$8,556", "2010": "$5,517", "2009": "$4,355", "2008": "$3,693", "2007": "$3,794", "2006": "$4,664", "2005": "$3,591"}, "Schlumberger Quarterly Long Term Debt (Millions of US $)": {"2020-12-31": "$16,036", "2020-09-30": "$16,471", "2020-06-30": "$16,763", "2020-03-31": "$15,409", "2019-12-31": "$14,770", "2019-09-30": "$16,333", "2019-06-30": "$16,978", "2019-03-31": "$16,449", "2018-12-31": "$14,644", "2018-09-30": "$14,159", "2018-06-30": "$13,865", "2018-03-31": "$13,526", "2017-12-31": "$14,875", "2017-09-30": "$15,871", "2017-06-30": "$16,600", "2017-03-31": "$16,538", "2016-12-31": "$16,463", "2016-09-30": "$17,538", "2016-06-30": "$18,252", "2016-03-31": "$17,233", "2015-12-31": "$14,442", "2015-09-30": "$7,487", "2015-06-30": "$9,110", "2015-03-31": "$8,898", "2014-12-31": "$10,565", "2014-09-30": "$11,626", "2014-06-30": "$11,740", "2014-03-31": "$11,120", "2013-12-31": "$10,393", "2013-09-30": "$9,916", "2013-06-30": "$9,098", "2013-03-31": "$8,138", "2012-12-31": "$9,509", "2012-09-30": "$9,397", "2012-06-30": "$7,953", "2012-03-31": "$8,439", "2011-12-31": "$8,556", "2011-09-30": "$8,740", "2011-06-30": "$5,745", "2011-03-31": "$6,422", "2010-12-31": "$5,517", "2010-09-30": "$4,820", "2010-06-30": "$3,729", "2010-03-31": "$4,052", "2009-12-31": "$4,355", "2009-09-30": "$4,312", "2009-06-30": "$4,291", "2009-03-31": "$4,575", "2008-12-31": "$3,693", "2008-09-30": "$3,528", "2008-06-30": "$4,118", "2008-03-31": "$4,153", "2007-12-31": "$3,794", "2007-09-30": "$4,042", "2007-06-30": "$3,916", "2007-03-31": "$4,620", "2006-12-31": "$4,664", "2006-09-30": "$3,931", "2006-06-30": "$4,137", "2006-03-31": "$3,635", "2005-12-31": "$3,591", "2005-09-30": "$3,744", "2005-06-30": "$3,779", "2005-03-31": "$3,946"}}, "total-liabilities": {"Schlumberger Annual Total Liabilities (Millions of US $)": {"2020": "$29,945", "2019": "$32,136", "2018": "$33,921", "2017": "$34,726", "2016": "$36,427", "2015": "$32,100", "2014": "$28,855", "2013": "$27,465", "2012": "$26,689", "2011": "$23,809", "2010": "$20,323", "2009": "$14,236", "2008": "$15,160", "2007": "$12,977", "2006": "$12,412", "2005": "$10,486"}, "Schlumberger Quarterly Total Liabilities (Millions of US $)": {"2020-12-31": "$29,945", "2020-09-30": "$31,697", "2020-06-30": "$32,211", "2020-03-31": "$32,611", "2019-12-31": "$32,136", "2019-09-30": "$33,663", "2019-06-30": "$34,318", "2019-03-31": "$33,797", "2018-12-31": "$33,921", "2018-09-30": "$33,098", "2018-06-30": "$33,259", "2018-03-31": "$34,152", "2017-12-31": "$34,726", "2017-09-30": "$33,559", "2017-06-30": "$34,910", "2017-03-31": "$35,121", "2016-12-31": "$36,427", "2016-09-30": "$38,020", "2016-06-30": "$38,192", "2016-03-31": "$33,479", "2015-12-31": "$32,100", "2015-09-30": "$25,163", "2015-06-30": "$26,568", "2015-03-31": "$27,545", "2014-12-31": "$28,855", "2014-09-30": "$27,633", "2014-06-30": "$27,384", "2014-03-31": "$26,537", "2013-12-31": "$27,465", "2013-09-30": "$27,092", "2013-06-30": "$26,203", "2013-03-31": "$25,647", "2012-12-31": "$26,689", "2012-09-30": "$25,130", "2012-06-30": "$24,046", "2012-03-31": "$23,878", "2011-12-31": "$23,809", "2011-09-30": "$23,958", "2011-06-30": "$21,957", "2011-03-31": "$20,746", "2010-12-31": "$20,323", "2010-09-30": "$18,738", "2010-06-30": "$13,133", "2010-03-31": "$13,344", "2009-12-31": "$14,236", "2009-09-30": "$13,612", "2009-06-30": "$14,226", "2009-03-31": "$15,312", "2008-12-31": "$15,160", "2008-09-30": "$13,800", "2008-06-30": "$13,019", "2008-03-31": "$13,172", "2007-12-31": "$12,977", "2007-09-30": "$12,289", "2007-06-30": "$11,934", "2007-03-31": "$12,149", "2006-12-31": "$12,412", "2006-09-30": "$11,137", "2006-06-30": "$11,130", "2006-03-31": "$10,410", "2005-12-31": "$10,486", "2005-09-30": "$9,959", "2005-06-30": "$10,138", "2005-03-31": "$9,926"}}, "total-share-holder-equity": {"Schlumberger Annual Share Holder Equity (Millions of US $)": {"2020": "$12,489", "2019": "$24,176", "2018": "$36,586", "2017": "$37,261", "2016": "$41,529", "2015": "$35,905", "2014": "$38,049", "2013": "$39,635", "2012": "$34,858", "2011": "$31,392", "2010": "$31,444", "2009": "$19,229", "2008": "$16,934", "2007": "$14,876", "2006": "$10,420", "2005": "$7,592"}, "Schlumberger Quarterly Share Holder Equity (Millions of US $)": {"2020-12-31": "$12,489", "2020-09-30": "$12,369", "2020-06-30": "$12,456", "2020-03-31": "$15,983", "2019-12-31": "$24,176", "2019-09-30": "$24,327", "2019-06-30": "$36,273", "2019-03-31": "$36,524", "2018-12-31": "$36,586", "2018-09-30": "$36,948", "2018-06-30": "$36,897", "2018-03-31": "$37,326", "2017-12-31": "$37,261", "2017-09-30": "$40,010", "2017-06-30": "$39,952", "2017-03-31": "$41,054", "2016-12-31": "$41,529", "2016-09-30": "$42,574", "2016-06-30": "$42,979", "2016-03-31": "$35,662", "2015-12-31": "$35,905", "2015-09-30": "$38,179", "2015-06-30": "$38,185", "2015-03-31": "$37,866", "2014-12-31": "$38,049", "2014-09-30": "$40,687", "2014-06-30": "$40,702", "2014-03-31": "$40,180", "2013-12-31": "$39,635", "2013-09-30": "$38,031", "2013-06-30": "$37,048", "2013-03-31": "$35,781", "2012-12-31": "$34,858", "2012-09-30": "$34,311", "2012-06-30": "$32,967", "2012-03-31": "$32,488", "2011-12-31": "$31,392", "2011-09-30": "$31,623", "2011-06-30": "$32,062", "2011-03-31": "$31,626", "2010-12-31": "$31,444", "2010-09-30": "$31,116", "2010-06-30": "$19,884", "2010-03-31": "$19,539", "2009-12-31": "$19,229", "2009-09-30": "$19,463", "2009-06-30": "$18,734", "2009-03-31": "$17,685", "2008-12-31": "$16,934", "2008-09-30": "$17,798", "2008-06-30": "$16,976", "2008-03-31": "$15,783", "2007-12-31": "$14,876", "2007-09-30": "$14,018", "2007-06-30": "$12,839", "2007-03-31": "$11,360", "2006-12-31": "$10,420", "2006-09-30": "$9,599", "2006-06-30": "$9,094", "2006-03-31": "$8,131", "2005-12-31": "$7,592", "2005-09-30": "$7,276", "2005-06-30": "$6,754", "2005-03-31": "$6,477"}}, "profit-margins": {"current": "-44.57%"}, "gross margin": {"2020-12-31": "11.02%", "2020-09-30": "11.38%", "2020-06-30": "11.88%", "2020-03-31": "12.62%", "2019-12-31": "12.75%", "2019-09-30": "12.49%", "2019-06-30": "12.58%", "2019-03-31": "12.89%", "2018-12-31": "13.22%", "2018-09-30": "13.13%", "2018-06-30": "13.15%", "2018-03-31": "13.09%", "2017-12-31": "12.80%", "2017-09-30": "13.06%", "2017-06-30": "12.13%", "2017-03-31": "11.21%", "2016-12-31": "12.23%", "2016-09-30": "13.85%", "2016-06-30": "16.34%", "2016-03-31": "19.09%", "2015-12-31": "20.17%", "2015-09-30": "21.42%", "2015-06-30": "22.29%", "2015-03-31": "22.78%", "2014-12-31": "23.02%", "2014-09-30": "22.69%", "2014-06-30": "22.61%", "2014-03-31": "22.35%", "2013-12-31": "21.95%", "2013-09-30": "21.58%", "2013-06-30": "21.16%", "2013-03-31": "21.00%", "2012-12-31": "21.20%", "2012-09-30": "21.55%", "2012-06-30": "21.67%", "2012-03-31": "21.76%", "2011-12-31": "21.26%", "2011-09-30": "21.00%", "2011-06-30": "20.51%", "2011-03-31": "20.32%", "2010-12-31": "20.90%", "2010-09-30": "21.36%", "2010-06-30": "22.30%", "2010-03-31": "21.87%", "2009-12-31": "22.83%", "2009-09-30": "23.99%", "2009-06-30": "26.21%", "2009-03-31": "28.89%", "2008-12-31": "30.21%", "2008-09-30": "31.62%", "2008-06-30": "32.21%", "2008-03-31": "32.72%", "2007-12-31": "33.49%", "2007-09-30": "33.68%", "2007-06-30": "33.21%", "2007-03-31": "32.47%", "2006-12-31": "31.44%", "2006-09-30": "30.09%", "2006-06-30": "28.42%", "2006-03-31": "27.14%", "2005-12-31": "25.74%"}, "operating margin": {"2020-12-31": "7.46%", "2020-09-30": "8.28%", "2020-06-30": "8.88%", "2020-03-31": "9.67%", "2019-12-31": "9.88%", "2019-09-30": "9.60%", "2019-06-30": "9.73%", "2019-03-31": "10.05%", "2018-12-31": "10.38%", "2018-09-30": "9.32%", "2018-06-30": "9.05%", "2018-03-31": "8.56%", "2017-12-31": "7.79%", "2017-09-30": "7.72%", "2017-06-30": "6.34%", "2017-03-31": "4.80%", "2016-12-31": "5.89%", "2016-09-30": "9.29%", "2016-06-30": "12.13%", "2016-03-31": "15.59%", "2015-12-31": "15.69%", "2015-09-30": "16.31%", "2015-06-30": "17.59%", "2015-03-31": "18.31%", "2014-12-31": "19.53%", "2014-09-30": "19.22%", "2014-06-30": "19.12%", "2014-03-31": "18.89%", "2013-12-31": "18.44%", "2013-09-30": "17.87%", "2013-06-30": "17.30%", "2013-03-31": "17.02%", "2012-12-31": "17.16%", "2012-09-30": "17.57%", "2012-06-30": "17.69%", "2012-03-31": "17.54%", "2011-12-31": "16.91%", "2011-09-30": "16.44%", "2011-06-30": "14.57%", "2011-03-31": "14.32%", "2010-12-31": "14.45%", "2010-09-30": "14.55%", "2010-06-30": "16.77%", "2010-03-31": "16.06%", "2009-12-31": "17.10%", "2009-09-30": "18.16%", "2009-06-30": "20.57%", "2009-03-31": "23.36%", "2008-12-31": "24.62%", "2008-09-30": "26.10%", "2008-06-30": "26.53%", "2008-03-31": "27.00%", "2007-12-31": "27.79%", "2007-09-30": "27.89%", "2007-06-30": "27.47%", "2007-03-31": "26.55%", "2006-12-31": "25.46%", "2006-09-30": "24.07%", "2006-06-30": "22.30%", "2006-03-31": "20.98%", "2005-12-31": "19.30%"}, "ebitda margin": {"2020-12-31": "18.33%", "2020-09-30": "19.05%", "2020-06-30": "19.51%", "2020-03-31": "20.37%", "2019-12-31": "20.79%", "2019-09-30": "20.73%", "2019-06-30": "20.83%", "2019-03-31": "20.96%", "2018-12-31": "21.22%", "2018-09-30": "20.12%", "2018-06-30": "20.26%", "2018-03-31": "20.43%", "2017-12-31": "20.39%", "2017-09-30": "21.16%", "2017-06-30": "20.35%", "2017-03-31": "19.41%", "2016-12-31": "20.61%", "2016-09-30": "23.50%", "2016-06-30": "25.74%", "2016-03-31": "28.20%", "2015-12-31": "27.19%", "2015-09-30": "26.66%", "2015-06-30": "26.99%", "2015-03-31": "27.00%", "2014-12-31": "27.96%", "2014-09-30": "27.62%", "2014-06-30": "27.61%", "2014-03-31": "27.56%", "2013-12-31": "27.00%", "2013-09-30": "26.82%", "2013-06-30": "26.20%", "2013-03-31": "25.73%", "2012-12-31": "25.90%", "2012-09-30": "26.13%", "2012-06-30": "26.36%", "2012-03-31": "26.37%", "2011-12-31": "25.86%", "2011-09-30": "25.51%", "2011-06-30": "23.97%", "2011-03-31": "24.14%", "2010-12-31": "24.79%", "2010-09-30": "25.24%", "2010-06-30": "27.77%", "2010-03-31": "27.21%", "2009-12-31": "28.01%", "2009-09-30": "28.49%", "2009-06-30": "30.05%", "2009-03-31": "32.15%", "2008-12-31": "32.97%", "2008-09-30": "34.43%", "2008-06-30": "34.96%", "2008-03-31": "35.43%", "2007-12-31": "36.19%", "2007-09-30": "36.11%", "2007-06-30": "35.57%", "2007-03-31": "34.61%", "2006-12-31": "33.58%", "2006-09-30": "32.35%", "2006-06-30": "30.86%", "2006-03-31": "29.92%", "2005-12-31": "28.74%"}, "pre tax profit margin": {"2020-12-31": "-47.87%", "2020-09-30": "-43.04%", "2020-06-30": "-78.55%", "2020-03-31": "-58.52%", "2019-12-31": "-31.65%", "2019-09-30": "-31.10%", "2019-06-30": "7.72%", "2019-03-31": "7.58%", "2018-12-31": "8.00%", "2018-09-30": "-0.71%", "2018-06-30": "-1.07%", "2018-03-31": "-2.79%", "2017-12-31": "-3.89%", "2017-09-30": "2.78%", "2017-06-30": "1.19%", "2017-03-31": "-7.78%", "2016-12-31": "-6.85%", "2016-09-30": "-9.82%", "2016-06-30": "-5.82%", "2016-03-31": "6.96%", "2015-12-31": "8.12%", "2015-09-30": "11.64%", "2015-06-30": "13.39%", "2015-03-31": "14.41%", "2014-12-31": "15.72%", "2014-09-30": "19.01%", "2014-06-30": "18.81%", "2014-03-31": "19.92%", "2013-12-31": "19.20%", "2013-09-30": "18.53%", "2013-06-30": "18.01%", "2013-03-31": "16.25%", "2012-12-31": "16.68%", "2012-09-30": "17.17%", "2012-06-30": "17.30%", "2012-03-31": "17.12%", "2011-12-31": "16.45%", "2011-09-30": "16.07%", "2011-06-30": "18.16%", "2011-03-31": "18.40%", "2010-12-31": "19.24%", "2010-09-30": "19.96%", "2010-06-30": "16.98%", "2010-03-31": "16.28%", "2009-12-31": "17.33%", "2009-09-30": "18.53%", "2009-06-30": "21.02%", "2009-03-31": "23.92%", "2008-12-31": "25.23%", "2008-09-30": "26.81%", "2008-06-30": "27.25%", "2008-03-31": "27.74%", "2007-12-31": "28.46%", "2007-09-30": "28.38%", "2007-06-30": "27.84%", "2007-03-31": "26.79%", "2006-12-31": "25.73%", "2006-09-30": "24.47%", "2006-06-30": "22.86%", "2006-03-31": "21.54%", "2005-12-31": "20.77%"}, "net profit margin": {"2020-12-31": "-44.57%", "2020-09-30": "-40.15%", "2020-06-30": "-73.90%", "2020-03-31": "-55.19%", "2019-12-31": "-30.80%", "2019-09-30": "-30.21%", "2019-06-30": "6.38%", "2019-03-31": "6.19%", "2018-12-31": "6.52%", "2018-09-30": "-2.00%", "2018-06-30": "-2.34%", "2018-03-31": "-4.01%", "2017-12-31": "-4.94%", "2017-09-30": "1.86%", "2017-06-30": "0.62%", "2017-03-31": "-6.77%", "2016-12-31": "-6.07%", "2016-09-30": "-8.78%", "2016-06-30": "-5.64%", "2016-03-31": "5.03%", "2015-12-31": "5.84%", "2015-09-30": "8.40%", "2015-06-30": "9.77%", "2015-03-31": "10.13%", "2014-12-31": "11.19%", "2014-09-30": "14.21%", "2014-06-30": "14.03%", "2014-03-31": "15.38%", "2013-12-31": "14.87%", "2013-09-30": "14.51%", "2013-06-30": "14.21%", "2013-03-31": "12.85%", "2012-12-31": "13.16%", "2012-09-30": "13.82%", "2012-06-30": "13.85%", "2012-03-31": "14.17%", "2011-12-31": "13.66%", "2011-09-30": "13.02%", "2011-06-30": "15.41%", "2011-03-31": "15.24%", "2010-12-31": "16.00%", "2010-09-30": "16.66%", "2010-06-30": "13.53%", "2010-03-31": "12.86%", "2009-12-31": "13.80%", "2009-09-30": "14.64%", "2009-06-30": "16.48%", "2009-03-31": "18.74%", "2008-12-31": "20.01%", "2008-09-30": "21.35%", "2008-06-30": "21.80%", "2008-03-31": "22.13%", "2007-12-31": "22.24%", "2007-09-30": "22.00%", "2007-06-30": "21.35%", "2007-03-31": "20.38%", "2006-12-31": "19.30%", "2006-09-30": "18.10%", "2006-06-30": "16.71%", "2006-03-31": "15.64%", "2005-12-31": "15.42%"}, "pe ratio": {"current": "36.78", "2021-02-05": "0.00", "2020-12-31": "0.00", "2020-09-30": "0.00", "2020-06-30": "0.00", "2020-03-31": "0.00", "2019-12-31": "0.00", "2019-09-30": "0.00", "2019-06-30": "24.86", "2019-03-31": "27.62", "2018-12-31": "21.44", "2018-09-30": "0.00", "2018-06-30": "0.00", "2018-03-31": "0.00", "2017-12-31": "0.00", "2017-09-30": "158.82", "2017-06-30": "446.17", "2017-03-31": "0.00", "2016-12-31": "0.00", "2016-09-30": "0.00", "2016-06-30": "0.00", "2016-03-31": "50.34", "2015-12-31": "36.70", "2015-09-30": "21.91", "2015-06-30": "21.45", "2015-03-31": "18.81", "2014-12-31": "17.06", "2014-09-30": "16.19", "2014-06-30": "19.46", "2014-03-31": "14.94", "2013-12-31": "14.48", "2013-09-30": "14.86", "2013-06-30": "12.58", "2013-03-31": "14.75", "2012-12-31": "13.50", "2012-09-30": "13.94", "2012-06-30": "12.80", "2012-03-31": "13.97", "2011-12-31": "14.64", "2011-09-30": "13.84", "2011-06-30": "17.76", "2011-03-31": "20.75", "2010-12-31": "19.24", "2010-09-30": "14.63", "2010-06-30": "16.85", "2010-03-31": "20.64", "2009-12-31": "19.31", "2009-09-30": "15.79", "2009-06-30": "11.83", "2009-03-31": "7.46", "2008-12-31": "7.19", "2008-09-30": "12.72", "2008-06-30": "18.09", "2008-03-31": "15.09", "2007-12-31": "17.55", "2007-09-30": "19.63", "2007-06-30": "17.05", "2007-03-31": "15.19", "2006-12-31": "15.55"}, "price sales": {"2021-02-05": "1.47", "2020-12-31": "1.28", "2020-09-30": "0.82", "2020-06-30": "0.85", "2020-03-31": "0.57", "2019-12-31": "1.64", "2019-09-30": "1.38", "2019-06-30": "1.58", "2019-03-31": "1.71", "2018-12-31": "1.40", "2018-09-30": "2.36", "2018-06-30": "2.63", "2018-03-31": "2.59", "2017-12-31": "2.76", "2017-09-30": "2.92", "2017-06-30": "2.82", "2017-03-31": "3.36", "2016-12-31": "3.55", "2016-09-30": "3.17", "2016-06-30": "2.94", "2016-03-31": "2.52", "2015-12-31": "2.13", "2015-09-30": "1.85", "2015-06-30": "2.10", "2015-03-31": "1.90", "2014-12-31": "1.91", "2014-09-30": "2.31", "2014-06-30": "2.74", "2014-03-31": "2.31", "2013-12-31": "2.16", "2013-09-30": "2.16", "2013-06-30": "1.79", "2013-03-31": "1.90", "2012-12-31": "1.78", "2012-09-30": "1.94", "2012-06-30": "1.78", "2012-03-31": "1.99", "2011-12-31": "2.01", "2011-09-30": "1.77", "2011-06-30": "2.71", "2011-03-31": "3.13", "2010-12-31": "3.02", "2010-09-30": "2.43", "2010-06-30": "2.29", "2010-03-31": "2.67", "2009-12-31": "2.67", "2009-09-30": "2.33", "2009-06-30": "1.96", "2009-03-31": "1.40", "2008-12-31": "1.45", "2008-09-30": "2.73", "2008-06-30": "3.96", "2008-03-31": "3.35", "2007-12-31": "3.92", "2007-09-30": "4.34", "2007-06-30": "3.67", "2007-03-31": "3.12", "2006-12-31": "3.03"}, "price book": {"current": "2.79", "2021-02-05": "2.79", "2020-12-31": "2.43", "2020-09-30": "1.74", "2020-06-30": "2.02", "2020-03-31": "1.15", "2019-12-31": "2.23", "2019-09-30": "1.85", "2019-06-30": "1.42", "2019-03-31": "1.53", "2018-12-31": "1.25", "2018-09-30": "2.09", "2018-06-30": "2.28", "2018-03-31": "2.17", "2017-12-31": "2.24", "2017-09-30": "2.14", "2017-06-30": "2.01", "2017-03-31": "2.31", "2016-12-31": "2.44", "2016-09-30": "2.22", "2016-06-30": "2.20", "2016-03-31": "2.21", "2015-12-31": "2.07", "2015-09-30": "1.92", "2015-06-30": "2.39", "2015-03-31": "2.33", "2014-12-31": "2.37", "2014-09-30": "2.65", "2014-06-30": "3.08", "2014-03-31": "2.58", "2013-12-31": "2.42", "2013-09-30": "2.48", "2013-06-30": "2.07", "2013-03-31": "2.24", "2012-12-31": "2.11", "2012-09-30": "2.23", "2012-06-30": "2.08", "2012-03-31": "2.27", "2011-12-31": "2.29", "2011-09-30": "1.99", "2011-06-30": "2.85", "2011-03-31": "3.12", "2010-12-31": "2.81", "2010-09-30": "2.10", "2010-06-30": "2.57", "2010-03-31": "2.99", "2009-12-31": "3.11", "2009-09-30": "2.81", "2009-06-30": "2.64", "2009-03-31": "2.09", "2008-12-31": "2.26", "2008-09-30": "3.95", "2008-06-30": "5.70", "2008-03-31": "4.93", "2007-12-31": "5.91", "2007-09-30": "6.68", "2007-06-30": "5.87", "2007-03-31": "5.33", "2006-12-31": "5.29", "2006-09-30": "5.63", "2006-06-30": "6.26", "2006-03-31": "6.77"}, "price fcf": {"2021-02-05": "", "2020-12-31": "$1.32", "2020-09-30": "$2.14", "2020-06-30": "$2.90", "2020-03-31": "$3.23", "2019-12-31": "$2.68", "2019-09-30": "$2.63", "2019-06-30": "$2.58", "2019-03-31": "$2.41", "2018-12-31": "$2.55", "2018-09-30": "$2.50", "2018-06-30": "$2.53", "2018-03-31": "$2.45", "2017-12-31": "$2.56", "2017-09-30": "$2.45", "2017-06-30": "$2.23", "2017-03-31": "$2.77", "2016-12-31": "$3.10", "2016-09-30": "$3.24", "2016-06-30": "$4.08", "2016-03-31": "$4.63", "2015-12-31": "$5.02", "2015-09-30": "$5.88", "2015-06-30": "$5.93", "2015-03-31": "$5.69", "2014-12-31": "$5.52", "2014-09-30": "$5.64", "2014-06-30": "$5.42", "2014-03-31": "$5.62", "2013-12-31": "$5.06", "2013-09-30": "$4.32", "2013-06-30": "$3.66", "2013-03-31": "$1.99", "2012-12-31": "$1.66", "2012-09-30": "$0.88", "2012-06-30": "$0.61", "2012-03-31": "$1.18", "2011-12-31": "$1.38", "2011-09-30": "$1.82", "2011-06-30": "$1.32", "2011-03-31": "$1.66", "2010-12-31": "$2.06", "2010-09-30": "$2.01", "2010-06-30": "$2.73", "2010-03-31": "$3.01", "2009-12-31": "$2.40", "2009-09-30": "$2.02", "2009-06-30": "$2.38", "2009-03-31": "$2.13", "2008-12-31": "$2.59", "2008-09-30": "$2.93", "2008-06-30": "$2.63", "2008-03-31": "$2.64", "2007-12-31": "$2.71", "2007-09-30": "$2.32", "2007-06-30": "$2.18", "2007-03-31": "$2.14", "2006-12-31": "$1.84"}, "net worth": {"value": "$34.82B"}, "current ratio": {"current": "1.23", "2020-12-31": "1.23", "2020-09-30": "1.22", "2020-06-30": "1.23", "2020-03-31": "1.23", "2019-12-31": "1.19", "2019-09-30": "1.29", "2019-06-30": "1.39", "2019-03-31": "1.35", "2018-12-31": "1.17", "2018-09-30": "1.13", "2018-06-30": "1.12", "2018-03-31": "1.12", "2017-12-31": "1.21", "2017-09-30": "1.53", "2017-06-30": "1.57", "2017-03-31": "1.59", "2016-12-31": "1.59", "2016-09-30": "1.77", "2016-06-30": "1.86", "2016-03-31": "2.15", "2015-12-31": "1.91", "2015-09-30": "1.54", "2015-06-30": "1.66", "2015-03-31": "1.61", "2014-12-31": "1.74", "2014-09-30": "2.06", "2014-06-30": "2.07", "2014-03-31": "2.13", "2013-12-31": "1.94", "2013-09-30": "1.97", "2013-06-30": "1.91", "2013-03-31": "1.86", "2012-12-31": "1.95", "2012-09-30": "1.99", "2012-06-30": "1.83", "2012-03-31": "1.97", "2011-12-31": "1.95", "2011-09-30": "1.88", "2011-06-30": "1.61", "2011-03-31": "1.75", "2010-12-31": "1.67", "2010-09-30": "1.64", "2010-06-30": "1.81", "2010-03-31": "1.93", "2009-12-31": "1.88", "2009-09-30": "1.88", "2009-06-30": "1.83", "2009-03-31": "1.81", "2008-12-31": "1.59", "2008-09-30": "1.52", "2008-06-30": "1.65", "2008-03-31": "1.59", "2007-12-31": "1.47", "2007-09-30": "1.64", "2007-06-30": "1.58", "2007-03-31": "1.60", "2006-12-31": "1.42", "2006-09-30": "1.28", "2006-06-30": "1.29", "2006-03-31": "1.63", "2005-12-31": "1.57", "2005-09-30": "1.60", "2005-06-30": "1.49", "2005-03-31": "1.59"}, "quick ratio": {"2020-12-31": "0.91", "2020-09-30": "0.92", "2020-06-30": "0.92", "2020-03-31": "0.91", "2019-12-31": "0.87", "2019-09-30": "0.95", "2019-06-30": "1.02", "2019-03-31": "0.99", "2018-12-31": "0.87", "2018-09-30": "0.85", "2018-06-30": "0.85", "2018-03-31": "0.86", "2017-12-31": "0.95", "2017-09-30": "1.20", "2017-06-30": "1.25", "2017-03-31": "1.28", "2016-12-31": "1.31", "2016-09-30": "1.46", "2016-06-30": "1.52", "2016-03-31": "1.87", "2015-12-31": "1.64", "2015-09-30": "1.24", "2015-06-30": "1.33", "2015-03-31": "1.29", "2014-12-31": "1.42", "2014-09-30": "1.68", "2014-06-30": "1.69", "2014-03-31": "1.73", "2013-12-31": "1.60", "2013-09-30": "1.58", "2013-06-30": "1.51", "2013-03-31": "1.47", "2012-12-31": "1.57", "2012-09-30": "1.56", "2012-06-30": "1.41", "2012-03-31": "1.50", "2011-12-31": "1.50", "2011-09-30": "1.49", "2011-06-30": "1.26", "2011-03-31": "1.36", "2010-12-31": "1.32", "2010-09-30": "1.24", "2010-06-30": "1.53", "2010-03-31": "1.66", "2009-12-31": "1.62", "2009-09-30": "1.60", "2009-06-30": "1.56", "2009-03-31": "1.55", "2008-12-31": "1.35", "2008-09-30": "1.30", "2008-06-30": "1.40", "2008-03-31": "1.35", "2007-12-31": "1.26", "2007-09-30": "1.41", "2007-06-30": "1.34", "2007-03-31": "1.36", "2006-12-31": "1.23", "2006-09-30": "1.08", "2006-06-30": "1.10", "2006-03-31": "1.43", "2005-12-31": "1.39", "2005-09-30": "1.40", "2005-06-30": "1.31", "2005-03-31": "1.41"}, "debt equity ratio": {"current": "1.28", "2020-12-31": "2.40", "2020-09-30": "2.56", "2020-06-30": "2.59", "2020-03-31": "2.04", "2019-12-31": "1.33", "2019-09-30": "1.38", "2019-06-30": "0.95", "2019-03-31": "0.93", "2018-12-31": "0.93", "2018-09-30": "0.90", "2018-06-30": "0.90", "2018-03-31": "0.92", "2017-12-31": "0.93", "2017-09-30": "0.84", "2017-06-30": "0.87", "2017-03-31": "0.86", "2016-12-31": "0.88", "2016-09-30": "0.89", "2016-06-30": "0.89", "2016-03-31": "0.94", "2015-12-31": "0.89", "2015-09-30": "0.66", "2015-06-30": "0.70", "2015-03-31": "0.73", "2014-12-31": "0.76", "2014-09-30": "0.68", "2014-06-30": "0.67", "2014-03-31": "0.66", "2013-12-31": "0.69", "2013-09-30": "0.71", "2013-06-30": "0.71", "2013-03-31": "0.72", "2012-12-31": "0.77", "2012-09-30": "0.73", "2012-06-30": "0.73", "2012-03-31": "0.74", "2011-12-31": "0.76", "2011-09-30": "0.76", "2011-06-30": "0.69", "2011-03-31": "0.66", "2010-12-31": "0.65", "2010-09-30": "0.60", "2010-06-30": "0.66", "2010-03-31": "0.68", "2009-12-31": "0.74", "2009-09-30": "0.70", "2009-06-30": "0.76", "2009-03-31": "0.87", "2008-12-31": "0.90", "2008-09-30": "0.78", "2008-06-30": "0.77", "2008-03-31": "0.84", "2007-12-31": "0.87", "2007-09-30": "0.88", "2007-06-30": "0.93", "2007-03-31": "1.07", "2006-12-31": "1.19", "2006-09-30": "1.16", "2006-06-30": "1.22", "2006-03-31": "1.28", "2005-12-31": "1.38", "2005-09-30": "1.37", "2005-06-30": "1.50", "2005-03-31": "1.53"}, "return on equity": {"2020-12-31": "-78.94%", "2020-09-30": "-64.99%", "2020-06-30": "-113.64%", "2020-03-31": "-71.20%", "2019-12-31": "-33.43%", "2019-09-30": "-29.71%", "2019-06-30": "5.73%", "2019-03-31": "5.54%", "2018-12-31": "5.79%", "2018-09-30": "-1.77%", "2018-06-30": "-1.99%", "2018-03-31": "-3.26%", "2017-12-31": "-3.80%", "2017-09-30": "1.34%", "2017-06-30": "0.43%", "2017-03-31": "-4.54%", "2016-12-31": "-4.15%", "2016-09-30": "-6.36%", "2016-06-30": "-4.42%", "2016-03-31": "4.32%", "2015-12-31": "5.52%", "2015-09-30": "8.90%", "2015-06-30": "11.24%", "2015-03-31": "12.26%", "2014-12-31": "13.63%", "2014-09-30": "16.87%", "2014-06-30": "16.56%", "2014-03-31": "18.24%", "2013-12-31": "17.89%", "2013-09-30": "17.65%", "2013-06-30": "17.30%", "2013-03-31": "15.80%", "2012-12-31": "16.31%", "2012-09-30": "16.90%", "2012-06-30": "16.87%", "2012-03-31": "16.79%", "2011-12-31": "15.78%", "2011-09-30": "14.60%", "2011-06-30": "16.03%", "2011-03-31": "15.92%", "2010-12-31": "16.74%", "2010-09-30": "17.91%", "2010-06-30": "15.74%", "2010-03-31": "14.91%", "2009-12-31": "16.69%", "2009-09-30": "19.17%", "2009-06-30": "23.77%", "2009-03-31": "29.02%", "2008-12-31": "32.21%", "2008-09-30": "34.65%", "2008-06-30": "35.66%", "2008-03-31": "37.10%", "2007-12-31": "39.00%", "2007-09-30": "40.50%", "2007-06-30": "41.34%", "2007-03-31": "41.20%", "2006-12-31": "39.86%", "2006-09-30": "37.67%", "2006-06-30": "34.67%", "2006-03-31": "32.36%", "2005-12-31": "31.42%"}, "return on assets": {"2020-12-31": "-23.40%", "2020-09-30": "-21.81%", "2020-06-30": "-42.13%", "2020-03-31": "-30.72%", "2019-12-31": "-15.89%", "2019-09-30": "-14.74%", "2019-06-30": "2.98%", "2019-03-31": "2.90%", "2018-12-31": "3.03%", "2018-09-30": "-0.93%", "2018-06-30": "-1.05%", "2018-03-31": "-1.73%", "2017-12-31": "-2.03%", "2017-09-30": "0.72%", "2017-06-30": "0.23%", "2017-03-31": "-2.42%", "2016-12-31": "-2.18%", "2016-09-30": "-3.34%", "2016-06-30": "-2.39%", "2016-03-31": "2.41%", "2015-12-31": "3.17%", "2015-09-30": "5.21%", "2015-06-30": "6.56%", "2015-03-31": "7.18%", "2014-12-31": "8.06%", "2014-09-30": "10.06%", "2014-06-30": "9.83%", "2014-03-31": "10.78%", "2013-12-31": "10.48%", "2013-09-30": "10.23%", "2013-06-30": "10.00%", "2013-03-31": "9.10%", "2012-12-31": "9.37%", "2012-09-30": "9.72%", "2012-06-30": "9.67%", "2012-03-31": "9.68%", "2011-12-31": "9.20%", "2011-09-30": "8.66%", "2011-06-30": "9.73%", "2011-03-31": "9.71%", "2010-12-31": "10.19%", "2010-09-30": "10.78%", "2010-06-30": "9.28%", "2010-03-31": "8.67%", "2009-12-31": "9.46%", "2009-09-30": "10.64%", "2009-06-30": "13.04%", "2009-03-31": "15.90%", "2008-12-31": "17.73%", "2008-09-30": "19.15%", "2008-06-30": "19.44%", "2008-03-31": "19.78%", "2007-12-31": "20.21%", "2007-09-30": "20.22%", "2007-06-30": "19.90%", "2007-03-31": "19.10%", "2006-12-31": "18.03%", "2006-09-30": "16.71%", "2006-06-30": "15.02%", "2006-03-31": "13.61%", "2005-12-31": "12.87%"}, "return on investments": {"2020-12-31": "5.97%", "2020-09-30": "6.79%", "2020-06-30": "7.49%", "2020-03-31": "7.65%", "2019-12-31": "7.00%", "2019-09-30": "6.37%", "2019-06-30": "6.12%", "2019-03-31": "6.41%", "2018-12-31": "6.68%", "2018-09-30": "5.97%", "2018-06-30": "5.56%", "2018-03-31": "4.99%", "2017-12-31": "4.27%", "2017-09-30": "3.98%", "2017-06-30": "3.11%", "2017-03-31": "2.29%", "2016-12-31": "2.82%", "2016-09-30": "4.71%", "2016-06-30": "6.91%", "2016-03-31": "10.09%", "2015-12-31": "11.71%", "2015-09-30": "13.98%", "2015-06-30": "16.07%", "2015-03-31": "17.41%", "2014-12-31": "18.55%", "2014-09-30": "17.85%", "2014-06-30": "17.75%", "2014-03-31": "17.76%", "2013-12-31": "17.75%", "2013-09-30": "17.37%", "2013-06-30": "16.79%", "2013-03-31": "16.69%", "2012-12-31": "16.85%", "2012-09-30": "17.02%", "2012-06-30": "17.08%", "2012-03-31": "16.66%", "2011-12-31": "15.84%", "2011-09-30": "15.26%", "2011-06-30": "12.87%", "2011-03-31": "12.68%", "2010-12-31": "12.84%", "2010-09-30": "13.16%", "2010-06-30": "16.11%", "2010-03-31": "15.24%", "2009-12-31": "16.76%", "2009-09-30": "19.30%", "2009-06-30": "24.20%", "2009-03-31": "29.44%", "2008-12-31": "32.23%", "2008-09-30": "34.21%", "2008-06-30": "34.41%", "2008-03-31": "35.46%", "2007-12-31": "37.25%", "2007-09-30": "37.90%", "2007-06-30": "38.34%", "2007-03-31": "37.57%", "2006-12-31": "36.53%", "2006-09-30": "34.68%", "2006-06-30": "31.46%", "2006-03-31": "29.01%", "2005-12-31": "25.59%"}, "return on tangible equity": {"2020-12-31": "291.66%", "2020-09-30": "436.10%", "2020-06-30": "1810.73%", "2020-03-31": "-3759.75%", "2019-12-31": "-742.37%", "2019-09-30": "-543.27%", "2019-06-30": "90.96%", "2019-03-31": "90.86%", "2018-12-31": "96.61%", "2018-09-30": "-30.56%", "2018-06-30": "-28.21%", "2018-03-31": "-38.96%", "2017-12-31": "-38.05%", "2017-09-30": "11.28%", "2017-06-30": "3.26%", "2017-03-31": "-30.54%", "2016-12-31": "-19.74%", "2016-09-30": "-23.10%", "2016-06-30": "-12.58%", "2016-03-31": "10.09%", "2015-12-31": "12.57%", "2015-09-30": "19.84%", "2015-06-30": "24.41%", "2015-03-31": "26.04%", "2014-12-31": "28.22%", "2014-09-30": "34.20%", "2014-06-30": "33.87%", "2014-03-31": "37.75%", "2013-12-31": "38.03%", "2013-09-30": "38.86%", "2013-06-30": "39.24%", "2013-03-31": "37.42%", "2012-12-31": "39.66%", "2012-09-30": "42.33%", "2012-06-30": "43.29%", "2012-03-31": "43.00%", "2011-12-31": "40.87%", "2011-09-30": "37.84%", "2011-06-30": "41.65%", "2011-03-31": "37.68%", "2010-12-31": "34.81%", "2010-09-30": "32.20%", "2010-06-30": "24.01%", "2010-03-31": "22.39%", "2009-12-31": "25.20%", "2009-09-30": "29.36%", "2009-06-30": "36.90%", "2009-03-31": "45.82%", "2008-12-31": "51.79%", "2008-09-30": "56.69%", "2008-06-30": "60.34%", "2008-03-31": "65.41%", "2007-12-31": "73.04%", "2007-09-30": "82.07%", "2007-06-30": "91.91%", "2007-03-31": "101.26%", "2006-12-31": "93.59%", "2006-09-30": "82.63%", "2006-06-30": "70.65%", "2006-03-31": "61.26%", "2005-12-31": "62.51%"}, "dividend yield history": {"last payout": "$0.50", "last yield": "2.00%"}}