{"ticker": "SNDR", "price": {"title": "Schneider National Historical Annual Stock Price Data", "value": 22.2, "historical": {"2020": {"Average Stock Price": "22.7410", "Year Open": "22.1100", "Year High": "27.7600", "Year Low": "16.6100", "Year Close": "20.7000", "Annual % Change": "-5.13%"}, "2019": {"Average Stock Price": "20.7402", "Year Open": "18.9900", "Year High": "24.0000", "Year Low": "16.7600", "Year Close": "21.8200", "Annual % Change": "16.87%"}, "2018": {"Average Stock Price": "25.8615", "Year Open": "28.7500", "Year High": "30.2400", "Year Low": "17.9500", "Year Close": "18.6700", "Annual % Change": "-34.63%"}, "2017": {"Average Stock Price": "22.6724", "Year Open": "19.0000", "Year High": "28.9600", "Year Low": "18.4000", "Year Close": "28.5600", "Annual % Change": "0.00%"}}}, "market cap": {"value": "$3.94B"}, "income statement": {"Revenue": {"2019-12-31": "4747.00000", "2018-12-31": "4977.00000", "2017-12-31": "4383.60000", "2016-12-31": "4045.70000", "2015-12-31": "3959.40000", "2014-12-31": "3940.57600"}, "Cost Of Goods Sold": {"2019-12-31": "2286.10000", "2018-12-31": "2310.70000", "2017-12-31": "1910.80000", "2016-12-31": "1718.90000", "2015-12-31": "1720.70000", "2014-12-31": "1840.73000"}, "Gross Profit": {"2019-12-31": "2460.90000", "2018-12-31": "2666.30000", "2017-12-31": "2472.80000", "2016-12-31": "2326.80000", "2015-12-31": "2238.70000", "2014-12-31": "2099.84600"}, "Research And Development Expenses": {"2019-12-31": "", "2018-12-31": "", "2017-12-31": "", "2016-12-31": "", "2015-12-31": "", "2014-12-31": ""}, "SG&A Expenses": {"2019-12-31": "1331.70000", "2018-12-31": "1505.90000", "2017-12-31": "1419.60000", "2016-12-31": "1320.50000", "2015-12-31": "1283.70000", "2014-12-31": "1194.73400"}, "Other Operating Income Or Expenses": {"2019-12-31": "-530.20000", "2018-12-31": "-491.30000", "2017-12-31": "-493.90000", "2016-12-31": "-449.90000", "2015-12-31": "-452.50000", "2014-12-31": "-435.75300"}, "Operating Expenses": {"2019-12-31": "4539.20000", "2018-12-31": "4601.20000", "2017-12-31": "4103.30000", "2016-12-31": "3755.30000", "2015-12-31": "3699.20000", "2014-12-31": "3701.22500"}, "Operating Income": {"2019-12-31": "207.79980", "2018-12-31": "375.80030", "2017-12-31": "280.30030", "2016-12-31": "290.40010", "2015-12-31": "260.20000", "2014-12-31": "239.35080"}, "Total Non-Operating Income/Expense": {"2019-12-31": "-9.70000", "2018-12-31": "-11.20000", "2017-12-31": "-16.90000", "2016-12-31": "-24.80000", "2015-12-31": "-21.50000", "2014-12-31": "-13.48800"}, "Pre-Tax Income": {"2019-12-31": "198.10000", "2018-12-31": "364.60000", "2017-12-31": "263.40000", "2016-12-31": "265.60000", "2015-12-31": "238.70000", "2014-12-31": "225.86300"}, "Income Taxes": {"2019-12-31": "51.10000", "2018-12-31": "95.70000", "2017-12-31": "-126.50000", "2016-12-31": "108.70000", "2015-12-31": "97.80000", "2014-12-31": "92.29500"}, "Income After Taxes": {"2019-12-31": "147.00000", "2018-12-31": "268.90000", "2017-12-31": "389.90000", "2016-12-31": "156.90000", "2015-12-31": "140.90000", "2014-12-31": "133.56800"}, "Other Income": {"2019-12-31": "", "2018-12-31": "", "2017-12-31": "", "2016-12-31": "", "2015-12-31": "", "2014-12-31": ""}, "Income From Continuous Operations": {"2019-12-31": "147.00000", "2018-12-31": "268.90000", "2017-12-31": "389.90000", "2016-12-31": "156.90000", "2015-12-31": "140.90000", "2014-12-31": "133.56800"}, "Income From Discontinued Operations": {"2019-12-31": "", "2018-12-31": "", "2017-12-31": "", "2016-12-31": "", "2015-12-31": "", "2014-12-31": ""}, "Net Income": {"2019-12-31": "147.00000", "2018-12-31": "268.90000", "2017-12-31": "389.90000", "2016-12-31": "156.90000", "2015-12-31": "140.90000", "2014-12-31": "133.62000"}, "EBITDA": {"2019-12-31": "500.69980", "2018-12-31": "667.10030", "2017-12-31": "559.30030", "2016-12-31": "556.40010", "2015-12-31": "496.49990", "2014-12-31": "469.35880"}, "EBIT": {"2019-12-31": "207.79980", "2018-12-31": "375.80030", "2017-12-31": "280.30030", "2016-12-31": "290.40010", "2015-12-31": "260.20000", "2014-12-31": "239.35080"}, "Basic Shares Outstanding": {"2019-12-31": "177.10000", "2018-12-31": "177.00000", "2017-12-31": "171.10000", "2016-12-31": "156.60000", "2015-12-31": "155.30000", "2014-12-31": "154.98400"}, "Shares Outstanding": {"2019-12-31": "177.30000", "2018-12-31": "177.20000", "2017-12-31": "171.30000", "2016-12-31": "156.80000", "2015-12-31": "155.60000", "2014-12-31": "155.33000"}, "Basic EPS": {"2019-12-31": "0.83000", "2018-12-31": "1.52000", "2017-12-31": "2.28000", "2016-12-31": "1.00000", "2015-12-31": "0.91000", "2014-12-31": "0.86000"}, "EPS - Earnings Per Share": {"2019-12-31": "0.83000", "2018-12-31": "1.52000", "2017-12-31": "2.28000", "2016-12-31": "1.00000", "2015-12-31": "0.91000", "2014-12-31": "0.86000"}}, "income statement, quarterly": {"Revenue": {"2020-09-30": "1135.70000", "2020-06-30": "1032.80000", "2020-03-31": "1119.10000", "2019-12-31": "1156.30000", "2019-09-30": "1183.90000", "2019-06-30": "1212.70000", "2019-03-31": "1194.10000", "2018-12-31": "1321.60000", "2018-09-30": "1280.10000", "2018-06-30": "1236.30000", "2018-03-31": "1139.00000", "2017-12-31": "1191.20000", "2017-09-30": "1110.80000", "2017-06-30": "1075.20000", "2017-03-31": "1006.40000", "2016-12-31": "1069.83000", "2016-09-30": "1053.20000", "2016-06-30": "994.57300", "2016-03-31": "928.10300", "2015-12-31": "", "2014-12-31": ""}, "Cost Of Goods Sold": {"2020-09-30": "550.50000", "2020-06-30": "479.20000", "2020-03-31": "540.50000", "2019-12-31": "575.70010", "2019-09-30": "582.30000", "2019-06-30": "580.00000", "2019-03-31": "548.10000", "2018-12-31": "618.59990", "2018-09-30": "608.50000", "2018-06-30": "573.90000", "2018-03-31": "509.70000", "2017-12-31": "531.40010", "2017-09-30": "480.20000", "2017-06-30": "458.70000", "2017-03-31": "440.50000", "2016-12-31": "456.97000", "2016-09-30": "447.80000", "2016-06-30": "422.53300", "2016-03-31": "391.60800", "2015-12-31": "", "2014-12-31": ""}, "Gross Profit": {"2020-09-30": "585.20000", "2020-06-30": "553.60000", "2020-03-31": "578.60000", "2019-12-31": "580.60010", "2019-09-30": "601.60000", "2019-06-30": "632.70000", "2019-03-31": "646.00000", "2018-12-31": "702.99990", "2018-09-30": "671.60000", "2018-06-30": "662.40000", "2018-03-31": "629.30000", "2017-12-31": "659.80000", "2017-09-30": "630.60010", "2017-06-30": "616.49990", "2017-03-31": "565.90000", "2016-12-31": "612.86000", "2016-09-30": "605.39990", "2016-06-30": "572.04000", "2016-03-31": "536.49500", "2015-12-31": "", "2014-12-31": ""}, "Research And Development Expenses": {"2020-09-30": "", "2020-06-30": "", "2020-03-31": "", "2019-12-31": "", "2019-09-30": "", "2019-06-30": "", "2019-03-31": "", "2018-12-31": "", "2018-09-30": "", "2018-06-30": "", "2018-03-31": "", "2017-12-31": "", "2017-09-30": "", "2017-06-30": "", "2017-03-31": "", "2016-12-31": "0.00000", "2016-09-30": "", "2016-06-30": "", "2016-03-31": "", "2015-12-31": "", "2014-12-31": ""}, "SG&A Expenses": {"2020-09-30": "302.60000", "2020-06-30": "298.60000", "2020-03-31": "323.10000", "2019-12-31": "306.79990", "2019-09-30": "309.00000", "2019-06-30": "339.90000", "2019-03-31": "376.00000", "2018-12-31": "380.90000", "2018-09-30": "376.90000", "2018-06-30": "377.20000", "2018-03-31": "370.90000", "2017-12-31": "369.40000", "2017-09-30": "360.70000", "2017-06-30": "341.30000", "2017-03-31": "348.20000", "2016-12-31": "456.69000", "2016-09-30": "335.50000", "2016-06-30": "323.83800", "2016-03-31": "321.30400", "2015-12-31": "", "2014-12-31": ""}, "Other Operating Income Or Expenses": {"2020-09-30": "-144.60000", "2020-06-30": "-119.10000", "2020-03-31": "-132.00000", "2019-12-31": "-111.90000", "2019-09-30": "-139.10000", "2019-06-30": "-134.10000", "2019-03-31": "-145.10000", "2018-12-31": "-127.10000", "2018-09-30": "-123.50000", "2018-06-30": "-121.60000", "2018-03-31": "-119.10000", "2017-12-31": "-124.70000", "2017-09-30": "-135.30000", "2017-06-30": "-127.60000", "2017-03-31": "-106.30000", "2016-12-31": "-116.81700", "2016-09-30": "-129.10000", "2016-06-30": "-104.72000", "2016-03-31": "-99.26300", "2015-12-31": "", "2014-12-31": ""}, "Operating Expenses": {"2020-09-30": "1072.40000", "2020-06-30": "969.40000", "2020-03-31": "1064.20000", "2019-12-31": "1078.20000", "2019-09-30": "1154.90000", "2019-06-30": "1163.50000", "2019-03-31": "1142.60000", "2018-12-31": "1203.00000", "2018-09-30": "1182.20000", "2018-06-30": "1144.60000", "2018-03-31": "1071.40000", "2017-12-31": "1097.50000", "2017-09-30": "1046.70000", "2017-06-30": "996.20000", "2017-03-31": "962.90000", "2016-12-31": "981.93000", "2016-09-30": "982.40000", "2016-06-30": "914.93400", "2016-03-31": "876.07000", "2015-12-31": "", "2014-12-31": ""}, "Operating Income": {"2020-09-30": "63.29990", "2020-06-30": "63.40010", "2020-03-31": "54.90000", "2019-12-31": "78.09990", "2019-09-30": "29.00000", "2019-06-30": "49.20000", "2019-03-31": "51.50000", "2018-12-31": "118.60020", "2018-09-30": "97.90000", "2018-06-30": "91.70000", "2018-03-31": "67.60000", "2017-12-31": "93.70010", "2017-09-30": "64.10010", "2017-06-30": "79.00000", "2017-03-31": "43.50010", "2016-12-31": "87.90000", "2016-09-30": "70.79990", "2016-06-30": "79.63900", "2016-03-31": "52.03300", "2015-12-31": "", "2014-12-31": ""}, "Total Non-Operating Income/Expense": {"2020-09-30": "-3.20000", "2020-06-30": "-0.70000", "2020-03-31": "3.40000", "2019-12-31": "-2.00000", "2019-09-30": "-2.30000", "2019-06-30": "-3.30000", "2019-03-31": "-2.10000", "2018-12-31": "-2.10000", "2018-09-30": "-2.60000", "2018-06-30": "-3.40000", "2018-03-31": "-3.10000", "2017-12-31": "-3.50000", "2017-09-30": "-3.40000", "2017-06-30": "-4.40000", "2017-03-31": "-5.60000", "2016-12-31": "-7.35000", "2016-09-30": "-6.30000", "2016-06-30": "-6.02800", "2016-03-31": "-5.13400", "2015-12-31": "", "2014-12-31": ""}, "Pre-Tax Income": {"2020-09-30": "60.10000", "2020-06-30": "62.70000", "2020-03-31": "58.30000", "2019-12-31": "76.10000", "2019-09-30": "26.70000", "2019-06-30": "45.90000", "2019-03-31": "49.40000", "2018-12-31": "116.50000", "2018-09-30": "95.30000", "2018-06-30": "88.30000", "2018-03-31": "64.50000", "2017-12-31": "90.20000", "2017-09-30": "60.70000", "2017-06-30": "74.60000", "2017-03-31": "37.90000", "2016-12-31": "80.60000", "2016-09-30": "64.50000", "2016-06-30": "73.61100", "2016-03-31": "46.89900", "2015-12-31": "", "2014-12-31": ""}, "Income Taxes": {"2020-09-30": "15.60000", "2020-06-30": "16.20000", "2020-03-31": "14.50000", "2019-12-31": "20.20000", "2019-09-30": "7.00000", "2019-06-30": "11.40000", "2019-03-31": "12.50000", "2018-12-31": "31.70000", "2018-09-30": "24.60000", "2018-06-30": "22.50000", "2018-03-31": "16.90000", "2017-12-31": "-193.70000", "2017-09-30": "23.80000", "2017-06-30": "28.10000", "2017-03-31": "15.30000", "2016-12-31": "32.80000", "2016-09-30": "27.70000", "2016-06-30": "29.44400", "2016-03-31": "18.76000", "2015-12-31": "", "2014-12-31": ""}, "Income After Taxes": {"2020-09-30": "44.50000", "2020-06-30": "46.50000", "2020-03-31": "43.80000", "2019-12-31": "55.90000", "2019-09-30": "19.70000", "2019-06-30": "34.50000", "2019-03-31": "36.90000", "2018-12-31": "84.80000", "2018-09-30": "70.70000", "2018-06-30": "65.80000", "2018-03-31": "47.60000", "2017-12-31": "283.90000", "2017-09-30": "36.90000", "2017-06-30": "46.50000", "2017-03-31": "22.60000", "2016-12-31": "47.80000", "2016-09-30": "36.80000", "2016-06-30": "44.16700", "2016-03-31": "28.13900", "2015-12-31": "", "2014-12-31": ""}, "Other Income": {"2020-09-30": "", "2020-06-30": "", "2020-03-31": "", "2019-12-31": "", "2019-09-30": "", "2019-06-30": "", "2019-03-31": "", "2018-12-31": "", "2018-09-30": "", "2018-06-30": "", "2018-03-31": "", "2017-12-31": "", "2017-09-30": "", "2017-06-30": "", "2017-03-31": "", "2016-12-31": "0.00000", "2016-09-30": "", "2016-06-30": "", "2016-03-31": "", "2015-12-31": "", "2014-12-31": ""}, "Income From Continuous Operations": {"2020-09-30": "44.50000", "2020-06-30": "46.50000", "2020-03-31": "43.80000", "2019-12-31": "55.90000", "2019-09-30": "19.70000", "2019-06-30": "34.50000", "2019-03-31": "36.90000", "2018-12-31": "84.80000", "2018-09-30": "70.70000", "2018-06-30": "65.80000", "2018-03-31": "47.60000", "2017-12-31": "283.90000", "2017-09-30": "36.90000", "2017-06-30": "46.50000", "2017-03-31": "22.60000", "2016-12-31": "47.81000", "2016-09-30": "36.80000", "2016-06-30": "44.16700", "2016-03-31": "28.13900", "2015-12-31": "", "2014-12-31": ""}, "Income From Discontinued Operations": {"2020-09-30": "", "2020-06-30": "", "2020-03-31": "", "2019-12-31": "", "2019-09-30": "", "2019-06-30": "", "2019-03-31": "", "2018-12-31": "", "2018-09-30": "", "2018-06-30": "", "2018-03-31": "", "2017-12-31": "", "2017-09-30": "", "2017-06-30": "", "2017-03-31": "", "2016-12-31": "0.00000", "2016-09-30": "", "2016-06-30": "", "2016-03-31": "", "2015-12-31": "", "2014-12-31": ""}, "Net Income": {"2020-09-30": "44.90000", "2020-06-30": "46.50000", "2020-03-31": "43.80000", "2019-12-31": "56.20000", "2019-09-30": "19.40000", "2019-06-30": "34.50000", "2019-03-31": "36.90000", "2018-12-31": "85.70000", "2018-09-30": "69.80000", "2018-06-30": "65.80000", "2018-03-31": "47.60000", "2017-12-31": "283.90000", "2017-09-30": "36.90000", "2017-06-30": "46.50000", "2017-03-31": "22.60000", "2016-12-31": "47.81000", "2016-09-30": "36.80000", "2016-06-30": "44.16700", "2016-03-31": "28.13900", "2015-12-31": "", "2014-12-31": ""}, "EBITDA": {"2020-09-30": "137.49990", "2020-06-30": "135.70010", "2020-03-31": "124.70000", "2019-12-31": "148.59990", "2019-09-30": "103.10000", "2019-06-30": "124.10000", "2019-03-31": "124.90000", "2018-12-31": "193.00020", "2018-09-30": "171.20000", "2018-06-30": "163.60000", "2018-03-31": "139.30000", "2017-12-31": "165.70010", "2017-09-30": "134.60010", "2017-06-30": "147.60000", "2017-03-31": "111.40010", "2016-12-31": "156.23000", "2016-09-30": "140.76190", "2016-06-30": "143.48200", "2016-03-31": "115.92800", "2015-12-31": "", "2014-12-31": ""}, "EBIT": {"2020-09-30": "63.29990", "2020-06-30": "63.40010", "2020-03-31": "54.90000", "2019-12-31": "78.09990", "2019-09-30": "29.00000", "2019-06-30": "49.20000", "2019-03-31": "51.50000", "2018-12-31": "118.60030", "2018-09-30": "97.90000", "2018-06-30": "91.70000", "2018-03-31": "67.60000", "2017-12-31": "93.70010", "2017-09-30": "64.10010", "2017-06-30": "79.00000", "2017-03-31": "43.50010", "2016-12-31": "87.90000", "2016-09-30": "70.79990", "2016-06-30": "79.63900", "2016-03-31": "52.03300", "2015-12-31": "", "2014-12-31": ""}, "Basic Shares Outstanding": {"2020-09-30": "177.30000", "2020-06-30": "177.20000", "2020-03-31": "177.10000", "2019-12-31": "177.10000", "2019-09-30": "177.10000", "2019-06-30": "177.10000", "2019-03-31": "177.00000", "2018-12-31": "177.00000", "2018-09-30": "177.00000", "2018-06-30": "177.00000", "2018-03-31": "176.90000", "2017-12-31": "171.10000", "2017-09-30": "176.90000", "2017-06-30": "174.40000", "2017-03-31": "156.40000", "2016-12-31": "156.60000", "2016-09-30": "156.40000", "2016-06-30": "156.29500", "2016-03-31": "155.70400", "2015-12-31": "", "2014-12-31": ""}, "Shares Outstanding": {"2020-09-30": "177.70000", "2020-06-30": "177.50000", "2020-03-31": "177.40000", "2019-12-31": "177.30000", "2019-09-30": "177.30000", "2019-06-30": "177.40000", "2019-03-31": "177.40000", "2018-12-31": "177.20000", "2018-09-30": "177.20000", "2018-06-30": "177.20000", "2018-03-31": "177.20000", "2017-12-31": "171.30000", "2017-09-30": "177.00000", "2017-06-30": "174.50000", "2017-03-31": "156.80000", "2016-12-31": "156.80000", "2016-09-30": "156.60000", "2016-06-30": "156.42500", "2016-03-31": "155.81300", "2015-12-31": "", "2014-12-31": ""}, "Basic EPS": {"2020-09-30": "0.25000", "2020-06-30": "0.26000", "2020-03-31": "0.25000", "2019-12-31": "0.32000", "2019-09-30": "0.11000", "2019-06-30": "0.19000", "2019-03-31": "0.21000", "2018-12-31": "0.48000", "2018-09-30": "0.40000", "2018-06-30": "0.37000", "2018-03-31": "0.27000", "2017-12-31": "1.66000", "2017-09-30": "0.21000", "2017-06-30": "0.27000", "2017-03-31": "0.14000", "2016-12-31": "0.30000", "2016-09-30": "0.24000", "2016-06-30": "0.28000", "2016-03-31": "0.18000", "2015-12-31": "", "2014-12-31": ""}, "EPS - Earnings Per Share": {"2020-09-30": "0.25000", "2020-06-30": "0.26000", "2020-03-31": "0.25000", "2019-12-31": "0.32000", "2019-09-30": "0.11000", "2019-06-30": "0.19000", "2019-03-31": "0.21000", "2018-12-31": "0.48000", "2018-09-30": "0.40000", "2018-06-30": "0.37000", "2018-03-31": "0.27000", "2017-12-31": "1.66000", "2017-09-30": "0.21000", "2017-06-30": "0.27000", "2017-03-31": "0.14000", "2016-12-31": "0.30000", "2016-09-30": "0.24000", "2016-06-30": "0.28000", "2016-03-31": "0.18000", "2015-12-31": "0.00000", "2014-12-31": "0.00000"}}, "balance sheet": {"Cash On Hand": {"2019-12-31": "599.90000", "2018-12-31": "430.00000", "2017-12-31": "280.10000", "2016-12-31": "183.30000", "2015-12-31": "210.99400", "2014-12-31": ""}, "Receivables": {"2019-12-31": "616.20000", "2018-12-31": "754.00000", "2017-12-31": "655.20000", "2016-12-31": "586.00000", "2015-12-31": "590.10800", "2014-12-31": ""}, "Inventory": {"2019-12-31": "71.90000", "2018-12-31": "60.80000", "2017-12-31": "83.10000", "2016-12-31": "74.10000", "2015-12-31": "68.46600", "2014-12-31": ""}, "Pre-Paid Expenses": {"2019-12-31": "117.70000", "2018-12-31": "79.50000", "2017-12-31": "75.60000", "2016-12-31": "80.20000", "2015-12-31": "43.43000", "2014-12-31": ""}, "Other Current Assets": {"2019-12-31": "", "2018-12-31": "", "2017-12-31": "", "2016-12-31": "", "2015-12-31": "", "2014-12-31": ""}, "Total Current Assets": {"2019-12-31": "1405.70000", "2018-12-31": "1324.30000", "2017-12-31": "1094.00000", "2016-12-31": "923.60000", "2015-12-31": "912.99800", "2014-12-31": ""}, "Property, Plant, And Equipment": {"2019-12-31": "1851.60000", "2018-12-31": "1922.20000", "2017-12-31": "1858.10000", "2016-12-31": "1758.00000", "2015-12-31": "1503.95700", "2014-12-31": ""}, "Long-Term Investments": {"2019-12-31": "", "2018-12-31": "", "2017-12-31": "", "2016-12-31": "", "2015-12-31": "", "2014-12-31": ""}, "Goodwill And Intangible Assets": {"2019-12-31": "127.50000", "2018-12-31": "162.20000", "2017-12-31": "164.80000", "2016-12-31": "164.00000", "2015-12-31": "26.70600", "2014-12-31": "0.00000"}, "Other Long-Term Assets": {"2019-12-31": "", "2018-12-31": "", "2017-12-31": "", "2016-12-31": "", "2015-12-31": "", "2014-12-31": ""}, "Total Long-Term Assets": {"2019-12-31": "2254.40000", "2018-12-31": "2300.20000", "2017-12-31": "2236.50000", "2016-12-31": "2131.00000", "2015-12-31": "1708.93900", "2014-12-31": ""}, "Total Assets": {"2019-12-31": "3660.10000", "2018-12-31": "3624.50000", "2017-12-31": "3330.50000", "2016-12-31": "3054.60000", "2015-12-31": "2621.93700", "2014-12-31": "0.00000"}, "Total Current Liabilities": {"2019-12-31": "465.20000", "2018-12-31": "522.60000", "2017-12-31": "462.00000", "2016-12-31": "677.30000", "2015-12-31": "406.11400", "2014-12-31": ""}, "Long Term Debt": {"2019-12-31": "305.80000", "2018-12-31": "359.60000", "2017-12-31": "420.60000", "2016-12-31": "439.60000", "2015-12-31": "539.60600", "2014-12-31": ""}, "Other Non-Current Liabilities": {"2019-12-31": "203.70000", "2018-12-31": "159.40000", "2017-12-31": "171.10000", "2016-12-31": "212.70000", "2015-12-31": "156.38000", "2014-12-31": ""}, "Total Long Term Liabilities": {"2019-12-31": "958.50000", "2018-12-31": "969.60000", "2017-12-31": "978.30000", "2016-12-31": "1190.90000", "2015-12-31": "1160.30000", "2014-12-31": ""}, "Total Liabilities": {"2019-12-31": "1423.70000", "2018-12-31": "1492.20000", "2017-12-31": "1440.30000", "2016-12-31": "1868.20000", "2015-12-31": "1566.41400", "2014-12-31": "0.00000"}, "Common Stock Net": {"2019-12-31": "", "2018-12-31": "", "2017-12-31": "", "2016-12-31": "1060.40000", "2015-12-31": "945.56100", "2014-12-31": "0.00000"}, "Retained Earnings (Accumulated Deficit)": {"2019-12-31": "693.60000", "2018-12-31": "589.30000", "2017-12-31": "355.60000", "2016-12-31": "125.10000", "2015-12-31": "109.55000", "2014-12-31": ""}, "Comprehensive Income": {"2019-12-31": "0.10000", "2018-12-31": "-1.00000", "2017-12-31": "", "2016-12-31": "0.90000", "2015-12-31": "0.41200", "2014-12-31": ""}, "Other Share Holders Equity": {"2019-12-31": "", "2018-12-31": "", "2017-12-31": "", "2016-12-31": "", "2015-12-31": "", "2014-12-31": "0.00000"}, "Share Holder Equity": {"2019-12-31": "2236.40000", "2018-12-31": "2132.30000", "2017-12-31": "1890.20000", "2016-12-31": "1186.40000", "2015-12-31": "1055.52300", "2014-12-31": "0.00000"}, "Total Liabilities And Share Holders Equity": {"2019-12-31": "3660.10000", "2018-12-31": "3624.50000", "2017-12-31": "3330.50000", "2016-12-31": "3054.60000", "2015-12-31": "2621.93700", "2014-12-31": "0.00000"}}, "balance sheet, quarterly": {"Cash On Hand": {"2020-09-30": "814.10000", "2020-06-30": "760.60000", "2020-03-31": "649.80000", "2019-12-31": "599.90000", "2019-09-30": "484.50000", "2019-06-30": "425.20000", "2019-03-31": "488.10000", "2018-12-31": "430.00000", "2018-09-30": "404.80000", "2018-06-30": "372.90000", "2018-03-31": "340.40000", "2017-12-31": "280.10000", "2017-09-30": "246.20000", "2017-06-30": "305.21300", "2017-03-31": "128.66400", "2016-12-31": "183.30000", "2016-09-30": "", "2016-06-30": "", "2016-03-31": "", "2015-12-31": "210.98000", "2014-12-31": ""}, "Receivables": {"2020-09-30": "607.50000", "2020-06-30": "576.00000", "2020-03-31": "620.90000", "2019-12-31": "616.20000", "2019-09-30": "784.50000", "2019-06-30": "799.10000", "2019-03-31": "705.00000", "2018-12-31": "754.00000", "2018-09-30": "739.30000", "2018-06-30": "709.70000", "2018-03-31": "664.40000", "2017-12-31": "655.20000", "2017-09-30": "625.00000", "2017-06-30": "566.00900", "2017-03-31": "557.31900", "2016-12-31": "586.00000", "2016-09-30": "", "2016-06-30": "", "2016-03-31": "", "2015-12-31": "590.10000", "2014-12-31": ""}, "Inventory": {"2020-09-30": "57.20000", "2020-06-30": "56.50000", "2020-03-31": "60.90000", "2019-12-31": "71.90000", "2019-09-30": "57.70000", "2019-06-30": "57.60000", "2019-03-31": "49.60000", "2018-12-31": "60.80000", "2018-09-30": "60.90000", "2018-06-30": "70.30000", "2018-03-31": "73.20000", "2017-12-31": "83.10000", "2017-09-30": "94.00000", "2017-06-30": "82.95800", "2017-03-31": "87.17900", "2016-12-31": "74.10000", "2016-09-30": "", "2016-06-30": "", "2016-03-31": "", "2015-12-31": "68.46000", "2014-12-31": ""}, "Pre-Paid Expenses": {"2020-09-30": "104.20000", "2020-06-30": "125.10000", "2020-03-31": "127.70000", "2019-12-31": "117.70000", "2019-09-30": "200.90000", "2019-06-30": "147.00000", "2019-03-31": "122.30000", "2018-12-31": "79.50000", "2018-09-30": "96.60000", "2018-06-30": "108.50000", "2018-03-31": "115.00000", "2017-12-31": "75.60000", "2017-09-30": "95.20000", "2017-06-30": "92.42000", "2017-03-31": "104.61800", "2016-12-31": "80.20000", "2016-09-30": "", "2016-06-30": "", "2016-03-31": "", "2015-12-31": "", "2014-12-31": ""}, "Other Current Assets": {"2020-09-30": "", "2020-06-30": "", "2020-03-31": "", "2019-12-31": "", "2019-09-30": "", "2019-06-30": "", "2019-03-31": "", "2018-12-31": "", "2018-09-30": "", "2018-06-30": "", "2018-03-31": "", "2017-12-31": "", "2017-09-30": "", "2017-06-30": "", "2017-03-31": "", "2016-12-31": "", "2016-09-30": "", "2016-06-30": "", "2016-03-31": "", "2015-12-31": "43.43000", "2014-12-31": ""}, "Total Current Assets": {"2020-09-30": "1583.00000", "2020-06-30": "1518.20000", "2020-03-31": "1459.30000", "2019-12-31": "1405.70000", "2019-09-30": "1527.60000", "2019-06-30": "1428.90000", "2019-03-31": "1365.00000", "2018-12-31": "1324.30000", "2018-09-30": "1301.60000", "2018-06-30": "1261.40000", "2018-03-31": "1193.00000", "2017-12-31": "1094.00000", "2017-09-30": "1060.40000", "2017-06-30": "1046.60000", "2017-03-31": "877.78000", "2016-12-31": "923.60000", "2016-09-30": "", "2016-06-30": "", "2016-03-31": "", "2015-12-31": "912.99000", "2014-12-31": ""}, "Property, Plant, And Equipment": {"2020-09-30": "1823.70000", "2020-06-30": "1825.50000", "2020-03-31": "1837.80000", "2019-12-31": "1851.60000", "2019-09-30": "1894.80000", "2019-06-30": "2015.60000", "2019-03-31": "1968.20000", "2018-12-31": "1922.20000", "2018-09-30": "1917.60000", "2018-06-30": "1861.60000", "2018-03-31": "1847.20000", "2017-12-31": "1858.10000", "2017-09-30": "1860.40000", "2017-06-30": "1812.41400", "2017-03-31": "1747.58400", "2016-12-31": "1758.00000", "2016-09-30": "", "2016-06-30": "", "2016-03-31": "", "2015-12-31": "", "2014-12-31": ""}, "Long-Term Investments": {"2020-09-30": "", "2020-06-30": "", "2020-03-31": "", "2019-12-31": "", "2019-09-30": "", "2019-06-30": "", "2019-03-31": "", "2018-12-31": "", "2018-09-30": "", "2018-06-30": "", "2018-03-31": "", "2017-12-31": "", "2017-09-30": "", "2017-06-30": "", "2017-03-31": "", "2016-12-31": "", "2016-09-30": "", "2016-06-30": "", "2016-03-31": "", "2015-12-31": "", "2014-12-31": ""}, "Goodwill And Intangible Assets": {"2020-09-30": "127.70000", "2020-06-30": "127.30000", "2020-03-31": "127.30000", "2019-12-31": "127.50000", "2019-09-30": "127.30000", "2019-06-30": "127.60000", "2019-03-31": "162.40000", "2018-12-31": "162.20000", "2018-09-30": "164.20000", "2018-06-30": "164.60000", "2018-03-31": "165.30000", "2017-12-31": "164.80000", "2017-09-30": "164.50000", "2017-06-30": "164.30200", "2017-03-31": "164.15000", "2016-12-31": "164.00000", "2016-09-30": "0.00000", "2016-06-30": "0.00000", "2016-03-31": "0.00000", "2015-12-31": "26.70000", "2014-12-31": "0.00000"}, "Other Long-Term Assets": {"2020-09-30": "", "2020-06-30": "", "2020-03-31": "", "2019-12-31": "", "2019-09-30": "", "2019-06-30": "", "2019-03-31": "", "2018-12-31": "", "2018-09-30": "", "2018-06-30": "", "2018-03-31": "", "2017-12-31": "", "2017-09-30": "", "2017-06-30": "", "2017-03-31": "", "2016-12-31": "", "2016-09-30": "", "2016-06-30": "", "2016-03-31": "", "2015-12-31": "106.34000", "2014-12-31": ""}, "Total Long-Term Assets": {"2020-09-30": "2270.60000", "2020-06-30": "2259.50000", "2020-03-31": "2255.60000", "2019-12-31": "2254.40000", "2019-09-30": "2303.40000", "2019-06-30": "2463.80000", "2019-03-31": "2506.40000", "2018-12-31": "2300.20000", "2018-09-30": "2292.30000", "2018-06-30": "2232.00000", "2018-03-31": "2219.80000", "2017-12-31": "2236.50000", "2017-09-30": "2242.40000", "2017-06-30": "2190.62100", "2017-03-31": "2117.03500", "2016-12-31": "2131.00000", "2016-09-30": "", "2016-06-30": "", "2016-03-31": "", "2015-12-31": "133.04000", "2014-12-31": ""}, "Total Assets": {"2020-09-30": "3853.60000", "2020-06-30": "3777.70000", "2020-03-31": "3714.90000", "2019-12-31": "3660.10000", "2019-09-30": "3831.00000", "2019-06-30": "3892.70000", "2019-03-31": "3871.40000", "2018-12-31": "3624.50000", "2018-09-30": "3593.90000", "2018-06-30": "3493.40000", "2018-03-31": "3412.80000", "2017-12-31": "3330.50000", "2017-09-30": "3302.80000", "2017-06-30": "3237.22100", "2017-03-31": "2994.81500", "2016-12-31": "3054.60000", "2016-09-30": "0.00000", "2016-06-30": "0.00000", "2016-03-31": "0.00000", "2015-12-31": "2621.93000", "2014-12-31": "0.00000"}, "Total Current Liabilities": {"2020-09-30": "516.60000", "2020-06-30": "482.20000", "2020-03-31": "474.60000", "2019-12-31": "465.20000", "2019-09-30": "698.40000", "2019-06-30": "721.90000", "2019-03-31": "650.30000", "2018-12-31": "522.60000", "2018-09-30": "557.00000", "2018-06-30": "523.60000", "2018-03-31": "492.70000", "2017-12-31": "462.00000", "2017-09-30": "499.90000", "2017-06-30": "467.65200", "2017-03-31": "598.36600", "2016-12-31": "677.30000", "2016-09-30": "", "2016-06-30": "", "2016-03-31": "", "2015-12-31": "406.11000", "2014-12-31": ""}, "Long Term Debt": {"2020-09-30": "306.40000", "2020-06-30": "306.40000", "2020-03-31": "306.10000", "2019-12-31": "305.80000", "2019-09-30": "304.60000", "2019-06-30": "334.50000", "2019-03-31": "334.70000", "2018-12-31": "359.60000", "2018-09-30": "412.50000", "2018-06-30": "415.20000", "2018-03-31": "417.10000", "2017-12-31": "420.60000", "2017-09-30": "422.90000", "2017-06-30": "427.92200", "2017-03-31": "432.61300", "2016-12-31": "439.60000", "2016-09-30": "", "2016-06-30": "", "2016-03-31": "", "2015-12-31": "539.60000", "2014-12-31": ""}, "Other Non-Current Liabilities": {"2020-09-30": "241.90000", "2020-06-30": "231.50000", "2020-03-31": "212.30000", "2019-12-31": "203.70000", "2019-09-30": "189.30000", "2019-06-30": "202.00000", "2019-03-31": "268.40000", "2018-12-31": "159.40000", "2018-09-30": "147.90000", "2018-06-30": "145.40000", "2018-03-31": "165.60000", "2017-12-31": "171.10000", "2017-09-30": "175.70000", "2017-06-30": "180.12100", "2017-03-31": "208.86700", "2016-12-31": "212.70000", "2016-09-30": "", "2016-06-30": "", "2016-03-31": "", "2015-12-31": "156.38000", "2014-12-31": ""}, "Total Long Term Liabilities": {"2020-09-30": "994.50000", "2020-06-30": "989.70000", "2020-03-31": "971.80000", "2019-12-31": "958.50000", "2019-09-30": "940.40000", "2019-06-30": "985.40000", "2019-03-31": "1061.10000", "2018-12-31": "969.60000", "2018-09-30": "983.70000", "2018-06-30": "977.30000", "2018-03-31": "985.70000", "2017-12-31": "978.30000", "2017-09-30": "1186.10000", "2017-06-30": "1183.07200", "2017-03-31": "1195.23000", "2016-12-31": "1190.90000", "2016-09-30": "", "2016-06-30": "", "2016-03-31": "", "2015-12-31": "1160.29000", "2014-12-31": ""}, "Total Liabilities": {"2020-09-30": "1511.10000", "2020-06-30": "1471.90000", "2020-03-31": "1446.40000", "2019-12-31": "1423.70000", "2019-09-30": "1638.80000", "2019-06-30": "1707.30000", "2019-03-31": "1711.40000", "2018-12-31": "1492.20000", "2018-09-30": "1540.70000", "2018-06-30": "1500.90000", "2018-03-31": "1478.40000", "2017-12-31": "1440.30000", "2017-09-30": "1686.00000", "2017-06-30": "1650.72400", "2017-03-31": "1793.59600", "2016-12-31": "1868.20000", "2016-09-30": "0.00000", "2016-06-30": "0.00000", "2016-03-31": "0.00000", "2015-12-31": "1566.41000", "2014-12-31": "0.00000"}, "Common Stock Net": {"2020-09-30": "", "2020-06-30": "", "2020-03-31": "", "2019-12-31": "", "2019-09-30": "", "2019-06-30": "", "2019-03-31": "", "2018-12-31": "", "2018-09-30": "", "2018-06-30": "", "2018-03-31": "", "2017-12-31": "", "2017-09-30": "", "2017-06-30": "", "2017-03-31": "1187.01500", "2016-12-31": "1060.40000", "2016-09-30": "0.00000", "2016-06-30": "0.00000", "2016-03-31": "0.00000", "2015-12-31": "945.56000", "2014-12-31": "0.00000"}, "Retained Earnings (Accumulated Deficit)": {"2020-09-30": "793.70000", "2020-06-30": "760.80000", "2020-03-31": "725.70000", "2019-12-31": "693.60000", "2019-09-30": "648.20000", "2019-06-30": "639.00000", "2019-03-31": "615.50000", "2018-12-31": "589.30000", "2018-09-30": "515.00000", "2018-06-30": "455.10000", "2018-03-31": "399.80000", "2017-12-31": "355.60000", "2017-09-30": "80.50000", "2017-06-30": "52.38400", "2017-03-31": "13.30500", "2016-12-31": "125.10000", "2016-09-30": "", "2016-06-30": "", "2016-03-31": "", "2015-12-31": "109.55000", "2014-12-31": ""}, "Comprehensive Income": {"2020-09-30": "", "2020-06-30": "-0.40000", "2020-03-31": "-1.00000", "2019-12-31": "0.10000", "2019-09-30": "-0.50000", "2019-06-30": "-0.20000", "2019-03-31": "-0.30000", "2018-12-31": "-1.00000", "2018-09-30": "-1.10000", "2018-06-30": "-0.20000", "2018-03-31": "-0.60000", "2017-12-31": "", "2017-09-30": "0.40000", "2017-06-30": "0.46000", "2017-03-31": "0.89900", "2016-12-31": "0.90000", "2016-09-30": "", "2016-06-30": "", "2016-03-31": "", "2015-12-31": "", "2014-12-31": ""}, "Other Share Holders Equity": {"2020-09-30": "", "2020-06-30": "", "2020-03-31": "", "2019-12-31": "", "2019-09-30": "", "2019-06-30": "", "2019-03-31": "", "2018-12-31": "", "2018-09-30": "", "2018-06-30": "", "2018-03-31": "", "2017-12-31": "", "2017-09-30": "", "2017-06-30": "", "2017-03-31": "", "2016-12-31": "", "2016-09-30": "0.00000", "2016-06-30": "0.00000", "2016-03-31": "0.00000", "2015-12-31": "0.41000", "2014-12-31": "0.00000"}, "Share Holder Equity": {"2020-09-30": "2342.50000", "2020-06-30": "2305.80000", "2020-03-31": "2268.50000", "2019-12-31": "2236.40000", "2019-09-30": "2192.20000", "2019-06-30": "2185.40000", "2019-03-31": "2160.00000", "2018-12-31": "2132.30000", "2018-09-30": "2053.20000", "2018-06-30": "1992.50000", "2018-03-31": "1934.40000", "2017-12-31": "1890.20000", "2017-09-30": "1616.80000", "2017-06-30": "1586.49700", "2017-03-31": "1201.21900", "2016-12-31": "1186.40000", "2016-09-30": "0.00000", "2016-06-30": "0.00000", "2016-03-31": "0.00000", "2015-12-31": "1055.52000", "2014-12-31": "0.00000"}, "Total Liabilities And Share Holders Equity": {"2020-09-30": "3853.60000", "2020-06-30": "3777.70000", "2020-03-31": "3714.90000", "2019-12-31": "3660.10000", "2019-09-30": "3831.00000", "2019-06-30": "3892.70000", "2019-03-31": "3871.40000", "2018-12-31": "3624.50000", "2018-09-30": "3593.90000", "2018-06-30": "3493.40000", "2018-03-31": "3412.80000", "2017-12-31": "3330.50000", "2017-09-30": "3302.80000", "2017-06-30": "3237.22100", "2017-03-31": "2994.81500", "2016-12-31": "3054.60000", "2016-09-30": "0.00000", "2016-06-30": "0.00000", "2016-03-31": "0.00000", "2015-12-31": "2621.93000", "2014-12-31": "0.00000"}}, "cash flow statement": {"Net Income/Loss": {"2019-12-31": "147.00000", "2018-12-31": "268.90000", "2017-12-31": "389.90000", "2016-12-31": "156.90000", "2015-12-31": "140.90000", "2014-12-31": "133.56800"}, "Total Depreciation And Amortization - Cash Flow": {"2019-12-31": "292.90000", "2018-12-31": "291.30000", "2017-12-31": "279.00000", "2016-12-31": "266.00000", "2015-12-31": "236.30000", "2014-12-31": "230.00800"}, "Other Non-Cash Items": {"2019-12-31": "173.90000", "2018-12-31": "75.40000", "2017-12-31": "-158.60000", "2016-12-31": "74.20000", "2015-12-31": "80.40000", "2014-12-31": "29.58600"}, "Total Non-Cash Items": {"2019-12-31": "466.80000", "2018-12-31": "366.70000", "2017-12-31": "120.40000", "2016-12-31": "340.20000", "2015-12-31": "316.70000", "2014-12-31": "259.59400"}, "Change In Accounts Receivable": {"2019-12-31": "119.90000", "2018-12-31": "-62.80000", "2017-12-31": "-63.30000", "2016-12-31": "1.10000", "2015-12-31": "-14.10000", "2014-12-31": "-63.48900"}, "Change In Inventories": {"2019-12-31": "", "2018-12-31": "", "2017-12-31": "", "2016-12-31": "", "2015-12-31": "", "2014-12-31": ""}, "Change In Accounts Payable": {"2019-12-31": "-35.30000", "2018-12-31": "3.00000", "2017-12-31": "16.00000", "2016-12-31": "-0.60000", "2015-12-31": "32.40000", "2014-12-31": "5.44800"}, "Change In Assets/Liabilities": {"2019-12-31": "-62.10000", "2018-12-31": "-9.30000", "2017-12-31": "-1.70000", "2016-12-31": "-42.30000", "2015-12-31": "9.70000", "2014-12-31": "10.62800"}, "Total Change In Assets/Liabilities": {"2019-12-31": "22.50000", "2018-12-31": "-69.10000", "2017-12-31": "-49.00000", "2016-12-31": "-41.80000", "2015-12-31": "28.00000", "2014-12-31": "-47.41300"}, "Cash Flow From Operating Activities": {"2019-12-31": "636.30000", "2018-12-31": "566.50000", "2017-12-31": "461.30000", "2016-12-31": "455.30000", "2015-12-31": "485.60000", "2014-12-31": "345.74900"}, "Net Change In Property, Plant, And Equipment": {"2019-12-31": "-375.60000", "2018-12-31": "-422.00000", "2017-12-31": "-462.00000", "2016-12-31": "-495.50000", "2015-12-31": "-536.90000", "2014-12-31": "-517.86700"}, "Net Change In Intangible Assets": {"2019-12-31": "", "2018-12-31": "", "2017-12-31": "", "2016-12-31": "", "2015-12-31": "", "2014-12-31": ""}, "Net Acquisitions/Divestitures": {"2019-12-31": "", "2018-12-31": "", "2017-12-31": "", "2016-12-31": "-78.20000", "2015-12-31": "", "2014-12-31": ""}, "Net Change In Short-term Investments": {"2019-12-31": "4.70000", "2018-12-31": "-10.20000", "2017-12-31": "10.50000", "2016-12-31": "-3.10000", "2015-12-31": "-3.40000", "2014-12-31": "-0.94800"}, "Net Change In Long-Term Investments": {"2019-12-31": "", "2018-12-31": "", "2017-12-31": "", "2016-12-31": "", "2015-12-31": "", "2014-12-31": ""}, "Net Change In Investments - Total": {"2019-12-31": "4.70000", "2018-12-31": "-10.20000", "2017-12-31": "10.50000", "2016-12-31": "-3.10000", "2015-12-31": "-3.40000", "2014-12-31": "-0.94800"}, "Investing Activities - Other": {"2019-12-31": "20.70000", "2018-12-31": "94.60000", "2017-12-31": "61.00000", "2016-12-31": "63.50000", "2015-12-31": "57.00000", "2014-12-31": "43.09100"}, "Cash Flow From Investing Activities": {"2019-12-31": "-350.20000", "2018-12-31": "-337.60000", "2017-12-31": "-390.50000", "2016-12-31": "-513.30000", "2015-12-31": "-483.30000", "2014-12-31": "-475.72400"}, "Net Long-Term Debt": {"2019-12-31": "-52.00000", "2018-12-31": "-28.70000", "2017-12-31": "-258.70000", "2016-12-31": "58.00000", "2015-12-31": "-147.40000", "2014-12-31": "14.88700"}, "Net Current Debt": {"2019-12-31": "", "2018-12-31": "", "2017-12-31": "", "2016-12-31": "0.50000", "2015-12-31": "180.00000", "2014-12-31": "120.00000"}, "Debt Issuance/Retirement Net - Total": {"2019-12-31": "-52.00000", "2018-12-31": "-28.70000", "2017-12-31": "-258.70000", "2016-12-31": "58.50000", "2015-12-31": "32.60000", "2014-12-31": "134.88700"}, "Net Common Equity Issued/Repurchased": {"2019-12-31": "", "2018-12-31": "", "2017-12-31": "340.60000", "2016-12-31": "0.90000", "2015-12-31": "3.30000", "2014-12-31": "-5.16200"}, "Net Total Equity Issued/Repurchased": {"2019-12-31": "", "2018-12-31": "", "2017-12-31": "340.60000", "2016-12-31": "0.90000", "2015-12-31": "3.30000", "2014-12-31": "-5.16200"}, "Total Common And Preferred Stock Dividends Paid": {"2019-12-31": "-42.50000", "2018-12-31": "-40.70000", "2017-12-31": "-25.50000", "2016-12-31": "-31.30000", "2015-12-31": "-27.40000", "2014-12-31": "-20.69700"}, "Financial Activities - Other": {"2019-12-31": "-18.70000", "2018-12-31": "-19.30000", "2017-12-31": "-19.40000", "2016-12-31": "", "2015-12-31": "", "2014-12-31": ""}, "Cash Flow From Financial Activities": {"2019-12-31": "-113.20000", "2018-12-31": "-88.70000", "2017-12-31": "36.90000", "2016-12-31": "28.10000", "2015-12-31": "8.50000", "2014-12-31": "109.02800"}, "Net Cash Flow": {"2019-12-31": "172.90000", "2018-12-31": "140.20000", "2017-12-31": "107.70000", "2016-12-31": "-29.90000", "2015-12-31": "10.80000", "2014-12-31": "-20.94700"}, "Stock-Based Compensation": {"2019-12-31": "", "2018-12-31": "", "2017-12-31": "", "2016-12-31": "", "2015-12-31": "", "2014-12-31": ""}, "Common Stock Dividends Paid": {"2019-12-31": "-42.50000", "2018-12-31": "-40.70000", "2017-12-31": "-25.50000", "2016-12-31": "-31.30000", "2015-12-31": "-27.40000", "2014-12-31": "-20.69700"}}, "cash flow statement, quarterly": {"Net Income/Loss": {"2020-09-30": 44.5, "2020-06-30": 46.5, "2020-03-31": "43.80000", "2019-12-31": 55.9, "2019-09-30": 19.7, "2019-06-30": 34.5, "2019-03-31": "36.90000", "2018-12-31": 84.8, "2018-09-30": 70.7, "2018-06-30": 65.8, "2018-03-31": "47.60000", "2017-12-31": 283.9, "2017-09-30": 36.9, "2017-06-30": 46.5, "2017-03-31": "22.60000", "2016-12-31": 47.75, "2016-09-30": 36.794, "2016-06-30": 44.167, "2016-03-31": "28.13900", "2015-12-31": 7.37, "2014-12-31": 133.56}, "Total Depreciation And Amortization - Cash Flow": {"2020-09-30": 74.2, "2020-06-30": 72.3, "2020-03-31": "69.80000", "2019-12-31": 70.5, "2019-09-30": 74.1, "2019-06-30": 74.9, "2019-03-31": "73.40000", "2018-12-31": 74.4, "2018-09-30": 73.3, "2018-06-30": 71.9, "2018-03-31": "71.70000", "2017-12-31": 72, "2017-09-30": 70.5, "2017-06-30": 68.6, "2017-03-31": "67.90000", "2016-12-31": 68.33, "2016-09-30": 69.962, "2016-06-30": 63.843, "2016-03-31": "63.89500", "2015-12-31": 6.33, "2014-12-31": 230}, "Other Non-Cash Items": {"2020-09-30": 16.3, "2020-06-30": 18.1, "2020-03-31": "23.70000", "2019-12-31": 25.2, "2019-09-30": 70.8, "2019-06-30": 47, "2019-03-31": "30.90000", "2018-12-31": 33, "2018-09-30": 9.2, "2018-06-30": 17, "2018-03-31": "16.20000", "2017-12-31": -202.6, "2017-09-30": 15.9, "2017-06-30": 10.7, "2017-03-31": "17.40000", "2016-12-31": 41, "2016-09-30": 28.948, "2016-06-30": -6.403, "2016-03-31": "10.65500", "2015-12-31": 0, "2014-12-31": 0}, "Total Non-Cash Items": {"2020-09-30": 90.5, "2020-06-30": 90.4, "2020-03-31": "93.50000", "2019-12-31": 95.7, "2019-09-30": 144.9, "2019-06-30": 121.9, "2019-03-31": "104.30000", "2018-12-31": 107.4, "2018-09-30": 82.5, "2018-06-30": 88.9, "2018-03-31": "87.90000", "2017-12-31": -130.6, "2017-09-30": 86.4, "2017-06-30": 79.3, "2017-03-31": "85.30000", "2016-12-31": 35.13, "2016-09-30": 98.91, "2016-06-30": 57.44, "2016-03-31": "74.55000", "2015-12-31": 6.33, "2014-12-31": 230}, "Change In Accounts Receivable": {"2020-09-30": -51.9, "2020-06-30": 41.9, "2020-03-31": "-7.20000", "2019-12-31": 37.7, "2019-09-30": 16, "2019-06-30": 11, "2019-03-31": "55.20000", "2018-12-31": 4.5, "2018-09-30": -28.4, "2018-06-30": -40.6, "2018-03-31": "1.70000", "2017-12-31": -24.3, "2017-09-30": -54, "2017-06-30": -6.4, "2017-03-31": "21.40000", "2016-12-31": 1.1, "2016-09-30": -36.573, "2016-06-30": -15.251, "2016-03-31": "51.82400", "2015-12-31": 0, "2014-12-31": 0}, "Change In Inventories": {"2020-09-30": 0, "2020-06-30": 0, "2020-03-31": "", "2019-12-31": 0, "2019-09-30": 0, "2019-06-30": 0, "2019-03-31": "", "2018-12-31": 0, "2018-09-30": 0, "2018-06-30": 0, "2018-03-31": "", "2017-12-31": 0, "2017-09-30": 0, "2017-06-30": 0, "2017-03-31": "", "2016-12-31": 0, "2016-09-30": 0, "2016-06-30": 0, "2016-03-31": "", "2015-12-31": 0, "2014-12-31": 0}, "Change In Accounts Payable": {"2020-09-30": 37.5, "2020-06-30": -6.5, "2020-03-31": "18.60000", "2019-12-31": -35.6, "2019-09-30": 2.8, "2019-06-30": -14.5, "2019-03-31": "12.00000", "2018-12-31": -32.6, "2018-09-30": -1.3, "2018-06-30": 21, "2018-03-31": "15.90000", "2017-12-31": -6.1, "2017-09-30": 20.1, "2017-06-30": -8.1, "2017-03-31": "10.10000", "2016-12-31": -6.9, "2016-09-30": -12.016, "2016-06-30": 13.988, "2016-03-31": "4.32800", "2015-12-31": 0, "2014-12-31": 0}, "Change In Assets/Liabilities": {"2020-09-30": 28.7, "2020-06-30": 23, "2020-03-31": "-24.20000", "2019-12-31": 12.3, "2019-09-30": -15.1, "2019-06-30": 15.9, "2019-03-31": "-75.20000", "2018-12-31": -7.7, "2018-09-30": 31.6, "2018-06-30": 19.9, "2018-03-31": "-53.10000", "2017-12-31": 22.7, "2017-09-30": -0.4, "2017-06-30": 26.2, "2017-03-31": "-50.20000", "2016-12-31": -13.5, "2016-09-30": -34.981, "2016-06-30": 50.778, "2016-03-31": "-44.59700", "2015-12-31": 0, "2014-12-31": 0}, "Total Change In Assets/Liabilities": {"2020-09-30": 14.3, "2020-06-30": 58.4, "2020-03-31": "-12.80000", "2019-12-31": 14.4, "2019-09-30": 3.7, "2019-06-30": 12.4, "2019-03-31": "-8.00000", "2018-12-31": -35.8, "2018-09-30": 1.9, "2018-06-30": 0.3, "2018-03-31": "-35.50000", "2017-12-31": -7.7, "2017-09-30": -34.3, "2017-06-30": 11.7, "2017-03-31": "-18.70000", "2016-12-31": -1.02, "2016-09-30": -83.57, "2016-06-30": 49.515, "2016-03-31": "11.55500", "2015-12-31": 91.93, "2014-12-31": -47.41}, "Cash Flow From Operating Activities": {"2020-09-30": 149.3, "2020-06-30": 195.3, "2020-03-31": "124.50000", "2019-12-31": 166, "2019-09-30": 168.3, "2019-06-30": 168.8, "2019-03-31": "133.20000", "2018-12-31": 156.4, "2018-09-30": 155.1, "2018-06-30": 155, "2018-03-31": "100.00000", "2017-12-31": 145.6, "2017-09-30": 89, "2017-06-30": 137.5, "2017-03-31": "89.20000", "2016-12-31": 137.81, "2016-09-30": 52.134, "2016-06-30": 151.122, "2016-03-31": "114.24400", "2015-12-31": 139.81, "2014-12-31": 345.74}, "Net Change In Property, Plant, And Equipment": {"2020-09-30": -57.8, "2020-06-30": -78.4, "2020-03-31": "-42.00000", "2019-12-31": -0.3, "2019-09-30": -101.3, "2019-06-30": -205.2, "2019-03-31": "-68.80000", "2018-12-31": -147.8, "2018-09-30": -129.6, "2018-06-30": -104.7, "2018-03-31": "-39.90000", "2017-12-31": -122.6, "2017-09-30": -140.7, "2017-06-30": -143, "2017-03-31": "-55.70000", "2016-12-31": -77.17, "2016-09-30": -163.691, "2016-06-30": -148.158, "2016-03-31": "-106.45100", "2015-12-31": -19.04, "2014-12-31": -517.86}, "Net Change In Intangible Assets": {"2020-09-30": 0, "2020-06-30": 0, "2020-03-31": "", "2019-12-31": 0, "2019-09-30": 0, "2019-06-30": 0, "2019-03-31": "", "2018-12-31": 0, "2018-09-30": 0, "2018-06-30": 0, "2018-03-31": "", "2017-12-31": 0, "2017-09-30": 0, "2017-06-30": 0, "2017-03-31": "", "2016-12-31": 0, "2016-09-30": 0, "2016-06-30": 0, "2016-03-31": "", "2015-12-31": 0, "2014-12-31": 0}, "Net Acquisitions/Divestitures": {"2020-09-30": 0, "2020-06-30": 0, "2020-03-31": "", "2019-12-31": 0, "2019-09-30": 0, "2019-06-30": 0, "2019-03-31": "", "2018-12-31": 0, "2018-09-30": 0, "2018-06-30": 0, "2018-03-31": "", "2017-12-31": 0, "2017-09-30": 0, "2017-06-30": 0, "2017-03-31": "", "2016-12-31": -0.02, "2016-09-30": 0.021, "2016-06-30": -78.221, "2016-03-31": "", "2015-12-31": 0, "2014-12-31": 0}, "Net Change In Short-term Investments": {"2020-09-30": -4, "2020-06-30": 3, "2020-03-31": "-1.70000", "2019-12-31": 0, "2019-09-30": 0.1, "2019-06-30": -0.1, "2019-03-31": "4.70000", "2018-12-31": -6.1, "2018-09-30": -6, "2018-06-30": 1, "2018-03-31": "0.90000", "2017-12-31": 2.1, "2017-09-30": 1.2, "2017-06-30": 4.1, "2017-03-31": "3.10000", "2016-12-31": -10.2, "2016-09-30": 8.006, "2016-06-30": -3.002, "2016-03-31": "2.09600", "2015-12-31": 0, "2014-12-31": 0}, "Net Change In Long-Term Investments": {"2020-09-30": 0, "2020-06-30": 0, "2020-03-31": "", "2019-12-31": 0, "2019-09-30": 0, "2019-06-30": 0, "2019-03-31": "", "2018-12-31": 0, "2018-09-30": 0, "2018-06-30": 0, "2018-03-31": "", "2017-12-31": 0, "2017-09-30": 0, "2017-06-30": 0, "2017-03-31": "", "2016-12-31": 0, "2016-09-30": 0, "2016-06-30": 0, "2016-03-31": "", "2015-12-31": 0, "2014-12-31": 0}, "Net Change In Investments - Total": {"2020-09-30": -4, "2020-06-30": 3, "2020-03-31": "-1.70000", "2019-12-31": 0, "2019-09-30": 0.1, "2019-06-30": -0.1, "2019-03-31": "4.70000", "2018-12-31": -6.1, "2018-09-30": -6, "2018-06-30": 1, "2018-03-31": "0.90000", "2017-12-31": 2.1, "2017-09-30": 1.2, "2017-06-30": 4.1, "2017-03-31": "3.10000", "2016-12-31": -10.23, "2016-09-30": 8.006, "2016-06-30": -3.002, "2016-03-31": "2.09600", "2015-12-31": -2.47, "2014-12-31": -0.94}, "Investing Activities - Other": {"2020-09-30": 8.9, "2020-06-30": 5, "2020-03-31": "4.00000", "2019-12-31": 5.7, "2019-09-30": 5, "2019-06-30": 5.1, "2019-03-31": "4.90000", "2018-12-31": 38.4, "2018-09-30": 19.4, "2018-06-30": 20.4, "2018-03-31": "16.40000", "2017-12-31": 25.3, "2017-09-30": 5.8, "2017-06-30": 15.3, "2017-03-31": "14.60000", "2016-12-31": 16.08, "2016-09-30": 21.121, "2016-06-30": 12.576, "2016-03-31": "13.70300", "2015-12-31": 13.92, "2014-12-31": 43.09}, "Cash Flow From Investing Activities": {"2020-09-30": -52.9, "2020-06-30": -70.4, "2020-03-31": "-39.70000", "2019-12-31": 5.4, "2019-09-30": -96.2, "2019-06-30": -200.2, "2019-03-31": "-59.20000", "2018-12-31": -115.5, "2018-09-30": -116.2, "2018-06-30": -83.3, "2018-03-31": "-22.60000", "2017-12-31": -95.2, "2017-09-30": -133.7, "2017-06-30": -123.6, "2017-03-31": "-38.00000", "2016-12-31": -71.34, "2016-09-30": -134.543, "2016-06-30": -216.805, "2016-03-31": "-90.65200", "2015-12-31": -7.58, "2014-12-31": -475.72}, "Net Long-Term Debt": {"2020-09-30": -30.2, "2020-06-30": -0.2, "2020-03-31": "-25.10000", "2019-12-31": -46.3, "2019-09-30": -2.1, "2019-06-30": -2.5, "2019-03-31": "-1.10000", "2018-12-31": -11.4, "2018-09-30": -2.2, "2018-06-30": -8.1, "2018-03-31": "-7.00000", "2017-12-31": -5.2, "2017-09-30": -3.7, "2017-06-30": -154.9, "2017-03-31": "-94.90000", "2016-12-31": 10.7, "2016-09-30": 69.503, "2016-06-30": 8.689, "2016-03-31": "-30.89200", "2015-12-31": 0, "2014-12-31": 0}, "Net Current Debt": {"2020-09-30": 0, "2020-06-30": 0, "2020-03-31": "", "2019-12-31": 0, "2019-09-30": 0, "2019-06-30": 0, "2019-03-31": "", "2018-12-31": 0, "2018-09-30": 0, "2018-06-30": 0, "2018-03-31": "", "2017-12-31": 0, "2017-09-30": 0, "2017-06-30": 0, "2017-03-31": "", "2016-12-31": -0.01, "2016-09-30": 0.6, "2016-06-30": 0, "2016-03-31": "", "2015-12-31": 60, "2014-12-31": 120}, "Debt Issuance/Retirement Net - Total": {"2020-09-30": -30.2, "2020-06-30": -0.2, "2020-03-31": "-25.10000", "2019-12-31": -46.3, "2019-09-30": -2.1, "2019-06-30": -2.5, "2019-03-31": "-1.10000", "2018-12-31": -11.4, "2018-09-30": -2.2, "2018-06-30": -8.1, "2018-03-31": "-7.00000", "2017-12-31": -5.2, "2017-09-30": -3.7, "2017-06-30": -154.9, "2017-03-31": "-94.90000", "2016-12-31": 10.04, "2016-09-30": 70.103, "2016-06-30": 8.689, "2016-03-31": "-30.89200", "2015-12-31": -162.29, "2014-12-31": 14.88}, "Net Common Equity Issued/Repurchased": {"2020-09-30": 0, "2020-06-30": 0, "2020-03-31": "", "2019-12-31": 0, "2019-09-30": 0, "2019-06-30": 0, "2019-03-31": "", "2018-12-31": 0, "2018-09-30": 0, "2018-06-30": 0, "2018-03-31": "", "2017-12-31": 0, "2017-09-30": -0.4, "2017-06-30": 341, "2017-03-31": "", "2016-12-31": 0, "2016-09-30": -1.382, "2016-06-30": 2.282, "2016-03-31": "", "2015-12-31": 0, "2014-12-31": 0}, "Net Total Equity Issued/Repurchased": {"2020-09-30": 0, "2020-06-30": 0, "2020-03-31": "", "2019-12-31": 0, "2019-09-30": 0, "2019-06-30": 0, "2019-03-31": "", "2018-12-31": 0, "2018-09-30": 0, "2018-06-30": 0, "2018-03-31": "", "2017-12-31": 0, "2017-09-30": -0.4, "2017-06-30": 341, "2017-03-31": "", "2016-12-31": -0.04, "2016-09-30": -1.382, "2016-06-30": 2.282, "2016-03-31": "", "2015-12-31": 6.27, "2014-12-31": -5.16}, "Total Common And Preferred Stock Dividends Paid": {"2020-09-30": -11.5, "2020-06-30": -11.5, "2020-03-31": "-10.70000", "2019-12-31": -10.6, "2019-09-30": -10.6, "2019-06-30": -10.7, "2019-03-31": "-10.60000", "2018-12-31": -10.6, "2018-09-30": -10.6, "2018-06-30": -10.7, "2018-03-31": "-8.80000", "2017-12-31": -8.8, "2017-09-30": -8.9, "2017-06-30": 0, "2017-03-31": "-7.80000", "2016-12-31": -31.26, "2016-09-30": 0, "2016-06-30": 0, "2016-03-31": "", "2015-12-31": -4.46, "2014-12-31": -20.69}, "Financial Activities - Other": {"2020-09-30": 0, "2020-06-30": 0, "2020-03-31": "", "2019-12-31": 0, "2019-09-30": 0, "2019-06-30": -18.7, "2019-03-31": "", "2018-12-31": 0, "2018-09-30": 0, "2018-06-30": -19.3, "2018-03-31": "", "2017-12-31": 0, "2017-09-30": 0, "2017-06-30": -19.4, "2017-03-31": "", "2016-12-31": 0, "2016-09-30": 0, "2016-06-30": 0, "2016-03-31": "", "2015-12-31": 0, "2014-12-31": 0}, "Cash Flow From Financial Activities": {"2020-09-30": -41.7, "2020-06-30": -11.7, "2020-03-31": "-35.80000", "2019-12-31": -56.9, "2019-09-30": -12.7, "2019-06-30": -31.9, "2019-03-31": "-11.70000", "2018-12-31": -22, "2018-09-30": -12.8, "2018-06-30": -38.1, "2018-03-31": "-15.80000", "2017-12-31": -14.1, "2017-09-30": -13, "2017-06-30": 166.7, "2017-03-31": "-102.70000", "2016-12-31": -20.66, "2016-09-30": 68.721, "2016-06-30": 10.971, "2016-03-31": "-30.89200", "2015-12-31": -100.49, "2014-12-31": 109.02}, "Net Cash Flow": {"2020-09-30": 54.7, "2020-06-30": 113.2, "2020-03-31": "49.00000", "2019-12-31": 114.5, "2019-09-30": 59.4, "2019-06-30": -63.3, "2019-03-31": "62.30000", "2018-12-31": 18.9, "2018-09-30": 26.1, "2018-06-30": 33.6, "2018-03-31": "61.60000", "2017-12-31": 36.3, "2017-09-30": -57.7, "2017-06-30": 180.6, "2017-03-31": "-51.50000", "2016-12-31": 45.82, "2016-09-30": -13.688, "2016-06-30": -54.712, "2016-03-31": "-7.30000", "2015-12-31": 31.73, "2014-12-31": -20.94}, "Stock-Based Compensation": {"2020-09-30": 0, "2020-06-30": 0, "2020-03-31": "", "2019-12-31": 0, "2019-09-30": 0, "2019-06-30": 0, "2019-03-31": "", "2018-12-31": 0, "2018-09-30": 0, "2018-06-30": 0, "2018-03-31": "", "2017-12-31": 0, "2017-09-30": 0, "2017-06-30": 0, "2017-03-31": "", "2016-12-31": 0, "2016-09-30": 0, "2016-06-30": 0, "2016-03-31": "", "2015-12-31": 0, "2014-12-31": 0}, "Common Stock Dividends Paid": {"2020-09-30": -11.5, "2020-06-30": -11.5, "2020-03-31": "-10.70000", "2019-12-31": -10.6, "2019-09-30": -10.6, "2019-06-30": -10.7, "2019-03-31": "-10.60000", "2018-12-31": -10.6, "2018-09-30": -10.6, "2018-06-30": -10.7, "2018-03-31": "-8.80000", "2017-12-31": -8.8, "2017-09-30": -8.9, "2017-06-30": 0, "2017-03-31": "-7.80000", "2016-12-31": -31.3, "2016-09-30": 0, "2016-06-30": 0, "2016-03-31": "", "2015-12-31": 0, "2014-12-31": 0}}, "financial ratios": {"Current Ratio": {"2019-12-31": "3.02170", "2018-12-31": "2.53410", "2017-12-31": "2.36800", "2016-12-31": "1.36370", "2015-12-31": "2.24810", "2014-12-31": ""}, "Long-term Debt / Capital": {"2019-12-31": "0.12030", "2018-12-31": "0.14430", "2017-12-31": "0.18200", "2016-12-31": "0.27040", "2015-12-31": "0.33830", "2014-12-31": ""}, "Debt/Equity Ratio": {"2019-12-31": "0.16160", "2018-12-31": "0.19290", "2017-12-31": "0.23260", "2016-12-31": "0.58860", "2015-12-31": "0.51690", "2014-12-31": ""}, "Gross Margin": {"2019-12-31": "51.84120", "2018-12-31": "53.57240", "2017-12-31": "56.41030", "2016-12-31": "57.51290", "2015-12-31": "56.54140", "2014-12-31": "53.28780"}, "Operating Margin": {"2019-12-31": "4.37750", "2018-12-31": "7.55070", "2017-12-31": "6.39430", "2016-12-31": "7.17800", "2015-12-31": "6.57170", "2014-12-31": "6.07400"}, "EBIT Margin": {"2019-12-31": "4.37750", "2018-12-31": "7.55070", "2017-12-31": "6.39430", "2016-12-31": "7.17800", "2015-12-31": "6.57170", "2014-12-31": "6.07400"}, "EBITDA Margin": {"2019-12-31": "10.54770", "2018-12-31": "13.40370", "2017-12-31": "12.75890", "2016-12-31": "13.75290", "2015-12-31": "12.53980", "2014-12-31": "11.91090"}, "Pre-Tax Profit Margin": {"2019-12-31": "4.17320", "2018-12-31": "7.32570", "2017-12-31": "6.00880", "2016-12-31": "6.56500", "2015-12-31": "6.02870", "2014-12-31": "5.73170"}, "Net Profit Margin": {"2019-12-31": "3.09670", "2018-12-31": "5.40290", "2017-12-31": "8.89450", "2016-12-31": "3.87820", "2015-12-31": "3.55860", "2014-12-31": "3.39090"}, "Asset Turnover": {"2019-12-31": "1.29700", "2018-12-31": "1.37320", "2017-12-31": "1.31620", "2016-12-31": "1.32450", "2015-12-31": "1.51010", "2014-12-31": ""}, "Inventory Turnover Ratio": {"2019-12-31": "31.79560", "2018-12-31": "38.00490", "2017-12-31": "22.99400", "2016-12-31": "23.19700", "2015-12-31": "25.13220", "2014-12-31": ""}, "Receiveable Turnover": {"2019-12-31": "7.70370", "2018-12-31": "6.60080", "2017-12-31": "6.69050", "2016-12-31": "6.90390", "2015-12-31": "6.70960", "2014-12-31": ""}, "Days Sales In Receivables": {"2019-12-31": "47.38000", "2018-12-31": "55.29640", "2017-12-31": "54.55520", "2016-12-31": "52.86850", "2015-12-31": "54.39950", "2014-12-31": ""}, "ROE - Return On Equity": {"2019-12-31": "6.57310", "2018-12-31": "12.61080", "2017-12-31": "20.62750", "2016-12-31": "13.22490", "2015-12-31": "13.34880", "2014-12-31": ""}, "Return On Tangible Equity": {"2019-12-31": "6.97050", "2018-12-31": "13.64910", "2017-12-31": "22.59770", "2016-12-31": "15.34620", "2015-12-31": "13.69530", "2014-12-31": ""}, "ROA - Return On Assets": {"2019-12-31": "4.01630", "2018-12-31": "7.41900", "2017-12-31": "11.70700", "2016-12-31": "5.13650", "2015-12-31": "5.37390", "2014-12-31": ""}, "ROI - Return On Investment": {"2019-12-31": "5.78240", "2018-12-31": "10.79100", "2017-12-31": "16.87290", "2016-12-31": "9.64940", "2015-12-31": "8.83310", "2014-12-31": ""}, "Book Value Per Share": {"2019-12-31": "12.62660", "2018-12-31": "12.04700", "2017-12-31": "10.68630", "2016-12-31": "6.70740", "2015-12-31": "6.78330", "2014-12-31": ""}, "Operating Cash Flow Per Share": {"2019-12-31": 0.3918, "2018-12-31": 0.5041, "2017-12-31": -0.2108, "2016-12-31": -0.2171, "2015-12-31": 0.8949, "2014-12-31": 2.2259}, "Free Cash Flow Per Share": {"2019-12-31": 0.6549, "2018-12-31": 0.8196, "2017-12-31": 0.2523, "2016-12-31": 0.0733, "2015-12-31": 0.7784, "2014-12-31": -1.1081}}, "financial ratios, quarterly": {"Current Ratio": {"2020-09-30": "3.06430", "2020-06-30": "3.14850", "2020-03-31": "3.07480", "2019-12-31": "3.02170", "2019-09-30": "2.18730", "2019-06-30": "1.97940", "2019-03-31": "2.09900", "2018-12-31": "2.53410", "2018-09-30": "2.33680", "2018-06-30": "2.40910", "2018-03-31": "2.42140", "2017-12-31": "2.36800", "2017-09-30": "2.12120", "2017-06-30": "2.23800", "2017-03-31": "1.46700", "2016-12-31": "1.36370", "2016-09-30": "", "2016-06-30": "", "2016-03-31": "", "2015-12-31": "", "2014-12-31": ""}, "Long-term Debt / Capital": {"2020-09-30": "0.11570", "2020-06-30": "0.11730", "2020-03-31": "0.11890", "2019-12-31": "0.12030", "2019-09-30": "0.12200", "2019-06-30": "0.13270", "2019-03-31": "0.13420", "2018-12-31": "0.14430", "2018-09-30": "0.16730", "2018-06-30": "0.17240", "2018-03-31": "0.17740", "2017-12-31": "0.18200", "2017-09-30": "0.20730", "2017-06-30": "0.21240", "2017-03-31": "0.26480", "2016-12-31": "0.27040", "2016-09-30": "", "2016-06-30": "", "2016-03-31": "", "2015-12-31": "", "2014-12-31": ""}, "Debt/Equity Ratio": {"2020-09-30": "0.13100", "2020-06-30": "0.14610", "2020-03-31": "0.14840", "2019-12-31": "0.16160", "2019-09-30": "0.18520", "2019-06-30": "0.18670", "2019-03-31": "0.19010", "2018-12-31": "0.19290", "2018-09-30": "0.20580", "2018-06-30": "0.21310", "2018-03-31": "0.22370", "2017-12-31": "0.23260", "2017-09-30": "0.27520", "2017-06-30": "0.28280", "2017-03-31": "0.50240", "2016-12-31": "0.58860", "2016-09-30": "", "2016-06-30": "", "2016-03-31": "", "2015-12-31": "", "2014-12-31": ""}, "Gross Margin": {"2020-09-30": "51.52770", "2020-06-30": "53.60190", "2020-03-31": "51.70230", "2019-12-31": "50.21190", "2019-09-30": "50.81510", "2019-06-30": "52.17280", "2019-03-31": "54.09930", "2018-12-31": "53.19310", "2018-09-30": "52.46470", "2018-06-30": "53.57920", "2018-03-31": "55.25020", "2017-12-31": "55.38950", "2017-09-30": "56.76990", "2017-06-30": "57.33820", "2017-03-31": "56.23010", "2016-12-31": "57.28950", "2016-09-30": "57.48200", "2016-06-30": "57.51610", "2016-03-31": "57.80560", "2015-12-31": "", "2014-12-31": ""}, "Operating Margin": {"2020-09-30": "5.57360", "2020-06-30": "6.13870", "2020-03-31": "4.90570", "2019-12-31": "6.75430", "2019-09-30": "2.44950", "2019-06-30": "4.05710", "2019-03-31": "4.31290", "2018-12-31": "8.97400", "2018-09-30": "7.64780", "2018-06-30": "7.41730", "2018-03-31": "5.93500", "2017-12-31": "7.86600", "2017-09-30": "5.77060", "2017-06-30": "7.34750", "2017-03-31": "4.32230", "2016-12-31": "8.21630", "2016-09-30": "6.72240", "2016-06-30": "8.00740", "2016-03-31": "5.60640", "2015-12-31": "", "2014-12-31": ""}, "EBIT Margin": {"2020-09-30": "5.57360", "2020-06-30": "6.13870", "2020-03-31": "4.90570", "2019-12-31": "6.75430", "2019-09-30": "2.44950", "2019-06-30": "4.05710", "2019-03-31": "4.31290", "2018-12-31": "8.97400", "2018-09-30": "7.64780", "2018-06-30": "7.41730", "2018-03-31": "5.93500", "2017-12-31": "7.86600", "2017-09-30": "5.77060", "2017-06-30": "7.34750", "2017-03-31": "4.32230", "2016-12-31": "8.21630", "2016-09-30": "6.72240", "2016-06-30": "8.00740", "2016-03-31": "5.60640", "2015-12-31": "", "2014-12-31": ""}, "EBITDA Margin": {"2020-09-30": "", "2020-06-30": "", "2020-03-31": "", "2019-12-31": "", "2019-09-30": "", "2019-06-30": "", "2019-03-31": "", "2018-12-31": "", "2018-09-30": "", "2018-06-30": "", "2018-03-31": "", "2017-12-31": "", "2017-09-30": "", "2017-06-30": "", "2017-03-31": "", "2016-12-31": "", "2016-09-30": "", "2016-06-30": "", "2016-03-31": "", "2015-12-31": "", "2014-12-31": ""}, "Pre-Tax Profit Margin": {"2020-09-30": "5.29190", "2020-06-30": "6.07090", "2020-03-31": "5.20950", "2019-12-31": "6.58130", "2019-09-30": "2.25530", "2019-06-30": "3.78490", "2019-03-31": "4.13700", "2018-12-31": "8.81510", "2018-09-30": "7.44470", "2018-06-30": "7.14230", "2018-03-31": "5.66290", "2017-12-31": "7.57220", "2017-09-30": "5.46450", "2017-06-30": "6.93820", "2017-03-31": "3.76590", "2016-12-31": "7.53390", "2016-09-30": "6.12420", "2016-06-30": "7.40130", "2016-03-31": "5.05320", "2015-12-31": "", "2014-12-31": ""}, "Net Profit Margin": {"2020-09-30": "3.95350", "2020-06-30": "4.50230", "2020-03-31": "3.91390", "2019-12-31": "4.86030", "2019-09-30": "1.63870", "2019-06-30": "2.84490", "2019-03-31": "3.09020", "2018-12-31": "6.48460", "2018-09-30": "5.45270", "2018-06-30": "5.32230", "2018-03-31": "4.17910", "2017-12-31": "23.83310", "2017-09-30": "3.32190", "2017-06-30": "4.32480", "2017-03-31": "2.24560", "2016-12-31": "4.46890", "2016-09-30": "3.49410", "2016-06-30": "4.44080", "2016-03-31": "3.03190", "2015-12-31": "", "2014-12-31": ""}, "Asset Turnover": {"2020-09-30": "0.29470", "2020-06-30": "0.27340", "2020-03-31": "0.30120", "2019-12-31": "0.31590", "2019-09-30": "0.30900", "2019-06-30": "0.31150", "2019-03-31": "0.30840", "2018-12-31": "0.36460", "2018-09-30": "0.35620", "2018-06-30": "0.35390", "2018-03-31": "0.33370", "2017-12-31": "0.35770", "2017-09-30": "0.33630", "2017-06-30": "0.33210", "2017-03-31": "0.33600", "2016-12-31": "0.35020", "2016-09-30": "", "2016-06-30": "", "2016-03-31": "", "2015-12-31": "", "2014-12-31": ""}, "Inventory Turnover Ratio": {"2020-09-30": "9.62410", "2020-06-30": "8.48140", "2020-03-31": "8.87520", "2019-12-31": "8.00700", "2019-09-30": "10.09190", "2019-06-30": "10.06940", "2019-03-31": "11.05040", "2018-12-31": "10.17430", "2018-09-30": "9.99180", "2018-06-30": "8.16360", "2018-03-31": "6.96310", "2017-12-31": "6.39470", "2017-09-30": "5.10850", "2017-06-30": "5.52930", "2017-03-31": "5.05280", "2016-12-31": "6.16690", "2016-09-30": "", "2016-06-30": "", "2016-03-31": "", "2015-12-31": "", "2014-12-31": ""}, "Receiveable Turnover": {"2020-09-30": "1.86950", "2020-06-30": "1.79310", "2020-03-31": "1.80240", "2019-12-31": "1.87650", "2019-09-30": "1.50910", "2019-06-30": "1.51760", "2019-03-31": "1.69380", "2018-12-31": "1.75280", "2018-09-30": "1.73150", "2018-06-30": "1.74200", "2018-03-31": "1.71430", "2017-12-31": "1.81810", "2017-09-30": "1.77730", "2017-06-30": "1.89960", "2017-03-31": "1.80580", "2016-12-31": "1.82560", "2016-09-30": "", "2016-06-30": "", "2016-03-31": "", "2015-12-31": "", "2014-12-31": ""}, "Days Sales In Receivables": {"2020-09-30": "48.14210", "2020-06-30": "50.19370", "2020-03-31": "49.93390", "2019-12-31": "47.96160", "2019-09-30": "59.63760", "2019-06-30": "59.30490", "2019-03-31": "53.13630", "2018-12-31": "51.34690", "2018-09-30": "51.97800", "2018-06-30": "51.66460", "2018-03-31": "52.49870", "2017-12-31": "49.50300", "2017-09-30": "50.63920", "2017-06-30": "47.37800", "2017-03-31": "49.83970", "2016-12-31": "49.29760", "2016-09-30": "", "2016-06-30": "", "2016-03-31": "", "2015-12-31": "", "2014-12-31": ""}, "ROE - Return On Equity": {"2020-09-30": "1.89970", "2020-06-30": "2.01670", "2020-03-31": "1.93080", "2019-12-31": "2.49960", "2019-09-30": "0.89860", "2019-06-30": "1.57870", "2019-03-31": "1.70830", "2018-12-31": "3.97690", "2018-09-30": "3.44340", "2018-06-30": "3.30240", "2018-03-31": "2.46070", "2017-12-31": "15.01960", "2017-09-30": "2.28230", "2017-06-30": "2.93100", "2017-03-31": "1.88140", "2016-12-31": "4.02980", "2016-09-30": "", "2016-06-30": "", "2016-03-31": "", "2015-12-31": "", "2014-12-31": ""}, "Return On Tangible Equity": {"2020-09-30": "2.00920", "2020-06-30": "2.13450", "2020-03-31": "2.04560", "2019-12-31": "2.65070", "2019-09-30": "0.95400", "2019-06-30": "1.67650", "2019-03-31": "1.84720", "2018-12-31": "4.30440", "2018-09-30": "3.74270", "2018-06-30": "3.59980", "2018-03-31": "2.69060", "2017-12-31": "16.45420", "2017-09-30": "2.54080", "2017-06-30": "3.26960", "2017-03-31": "2.17920", "2016-12-31": "4.67630", "2016-09-30": "", "2016-06-30": "", "2016-03-31": "", "2015-12-31": "", "2014-12-31": ""}, "ROA - Return On Assets": {"2020-09-30": "1.15480", "2020-06-30": "1.23090", "2020-03-31": "1.17900", "2019-12-31": "1.52730", "2019-09-30": "0.51420", "2019-06-30": "0.88630", "2019-03-31": "0.95310", "2018-12-31": "2.33960", "2018-09-30": "1.96720", "2018-06-30": "1.88360", "2018-03-31": "1.39470", "2017-12-31": "8.52420", "2017-09-30": "1.11720", "2017-06-30": "1.43640", "2017-03-31": "0.75460", "2016-12-31": "1.56520", "2016-09-30": "", "2016-06-30": "", "2016-03-31": "", "2015-12-31": "", "2014-12-31": ""}, "ROI - Return On Investment": {"2020-09-30": "1.67990", "2020-06-30": "1.78010", "2020-03-31": "1.70120", "2019-12-31": "2.19890", "2019-09-30": "0.78900", "2019-06-30": "1.36910", "2019-03-31": "1.47910", "2018-12-31": "3.40300", "2018-09-30": "2.86730", "2018-06-30": "2.73290", "2018-03-31": "2.02420", "2017-12-31": "12.28580", "2017-09-30": "1.80910", "2017-06-30": "2.30840", "2017-03-31": "1.38330", "2016-12-31": "2.94030", "2016-09-30": "", "2016-06-30": "", "2016-03-31": "", "2015-12-31": "", "2014-12-31": ""}, "Book Value Per Share": {"2020-09-30": "13.20920", "2020-06-30": "13.00710", "2020-03-31": "12.80100", "2019-12-31": "12.62670", "2019-09-30": "12.37730", "2019-06-30": "12.33910", "2019-03-31": "12.19800", "2018-12-31": "12.04700", "2018-09-30": "11.60020", "2018-06-30": "11.25730", "2018-03-31": "10.93000", "2017-12-31": "10.68630", "2017-09-30": "9.14110", "2017-06-30": "8.97130", "2017-03-31": "7.68410", "2016-12-31": "6.70740", "2016-09-30": "", "2016-06-30": "", "2016-03-31": "", "2015-12-31": "", "2014-12-31": ""}, "Operating Cash Flow Per Share": {"2020-09-30": 0.8381, "2020-06-30": 1.0999, "2020-03-31": "0.70180", "2019-12-31": 0.9362, "2019-09-30": 0.9502, "2019-06-30": 0.9516, "2019-03-31": "0.75080", "2018-12-31": 0.8827, "2018-09-30": 0.8752, "2018-06-30": 0.8748, "2018-03-31": "0.56430", "2017-12-31": 0.9093, "2017-09-30": 0.4845, "2017-06-30": 0.7302, "2017-03-31": "0.56890", "2016-12-31": 0.8763, "2016-09-30": 0.3311, "2016-06-30": 0.9632, "2016-03-31": "0.73320", "2015-12-31": 0, "2014-12-31": 0}, "Free Cash Flow Per Share": {"2020-09-30": 0.5136, "2020-06-30": 0.6583, "2020-03-31": "0.46510", "2019-12-31": 0.9346, "2019-09-30": 0.378, "2019-06-30": -0.2052, "2019-03-31": "0.36300", "2018-12-31": 0.0486, "2018-09-30": 0.1439, "2018-06-30": 0.2838, "2018-03-31": "0.33920", "2017-12-31": 0.1298, "2017-09-30": -0.2944, "2017-06-30": -0.0531, "2017-03-31": "0.21360", "2016-12-31": 0.3876, "2016-09-30": -0.7125, "2016-06-30": 0.0188, "2016-03-31": "0.05000", "2015-12-31": 0, "2014-12-31": 0}}, "revenue": {"Schneider National Annual Revenue (Millions of US $)": {"2019": "$4,747", "2018": "$4,977", "2017": "$4,384", "2016": "$4,046", "2015": "$3,959", "2014": "$3,941"}, "Schneider National Quarterly Revenue (Millions of US $)": {"2020-09-30": "$1,136", "2020-06-30": "$1,033", "2020-03-31": "$1,119", "2019-12-31": "$1,156", "2019-09-30": "$1,184", "2019-06-30": "$1,213", "2019-03-31": "$1,194", "2018-12-31": "$1,322", "2018-09-30": "$1,280", "2018-06-30": "$1,236", "2018-03-31": "$1,139", "2017-12-31": "$1,191", "2017-09-30": "$1,111", "2017-06-30": "$1,075", "2017-03-31": "$1,006", "2016-12-31": "$1,070", "2016-09-30": "$1,053", "2016-06-30": "$995", "2016-03-31": "$928", "2015-12-31": "", "2014-12-31": ""}}, "gross-profit": {"Schneider National Annual Gross Profit (Millions of US $)": {"2019": "$2,461", "2018": "$2,666", "2017": "$2,473", "2016": "$2,327", "2015": "$2,239", "2014": "$2,100"}, "Schneider National Quarterly Gross Profit (Millions of US $)": {"2020-09-30": "$585", "2020-06-30": "$554", "2020-03-31": "$579", "2019-12-31": "$581", "2019-09-30": "$602", "2019-06-30": "$633", "2019-03-31": "$646", "2018-12-31": "$703", "2018-09-30": "$672", "2018-06-30": "$662", "2018-03-31": "$629", "2017-12-31": "$660", "2017-09-30": "$631", "2017-06-30": "$617", "2017-03-31": "$566", "2016-12-31": "$613", "2016-09-30": "$605", "2016-06-30": "$572", "2016-03-31": "$536", "2015-12-31": "", "2014-12-31": ""}}, "operating-income": {"Schneider National Annual Operating Income (Millions of US $)": {"2019": "$208", "2018": "$376", "2017": "$280", "2016": "$290", "2015": "$260", "2014": "$239"}, "Schneider National Quarterly Operating Income (Millions of US $)": {"2020-09-30": "$63", "2020-06-30": "$63", "2020-03-31": "$55", "2019-12-31": "$78", "2019-09-30": "$29", "2019-06-30": "$49", "2019-03-31": "$52", "2018-12-31": "$119", "2018-09-30": "$98", "2018-06-30": "$92", "2018-03-31": "$68", "2017-12-31": "$94", "2017-09-30": "$64", "2017-06-30": "$79", "2017-03-31": "$44", "2016-12-31": "$88", "2016-09-30": "$71", "2016-06-30": "$80", "2016-03-31": "$52", "2015-12-31": "", "2014-12-31": ""}}, "ebitda": {"Schneider National Annual EBITDA (Millions of US $)": {"2019": "$501", "2018": "$667", "2017": "$559", "2016": "$556", "2015": "$497", "2014": "$469"}, "Schneider National Quarterly EBITDA (Millions of US $)": {"2020-09-30": "$138", "2020-06-30": "$136", "2020-03-31": "$125", "2019-12-31": "$149", "2019-09-30": "$103", "2019-06-30": "$124", "2019-03-31": "$125", "2018-12-31": "$193", "2018-09-30": "$171", "2018-06-30": "$164", "2018-03-31": "$139", "2017-12-31": "$166", "2017-09-30": "$135", "2017-06-30": "$148", "2017-03-31": "$111", "2016-12-31": "$156", "2016-09-30": "$141", "2016-06-30": "$143", "2016-03-31": "$116", "2015-12-31": "", "2014-12-31": ""}}, "net-income": {"Schneider National Annual Net Income (Millions of US $)": {"2019": "$147", "2018": "$269", "2017": "$390", "2016": "$157", "2015": "$141", "2014": "$134"}, "Schneider National Quarterly Net Income (Millions of US $)": {"2020-09-30": "$45", "2020-06-30": "$47", "2020-03-31": "$44", "2019-12-31": "$56", "2019-09-30": "$19", "2019-06-30": "$35", "2019-03-31": "$37", "2018-12-31": "$86", "2018-09-30": "$70", "2018-06-30": "$66", "2018-03-31": "$48", "2017-12-31": "$284", "2017-09-30": "$37", "2017-06-30": "$47", "2017-03-31": "$23", "2016-12-31": "$48", "2016-09-30": "$37", "2016-06-30": "$44", "2016-03-31": "$28", "2015-12-31": "", "2014-12-31": ""}}, "eps-earnings-per-share-diluted": {"Schneider National Annual EPS": {"2019": "$0.83", "2018": "$1.52", "2017": "$2.28", "2016": "$1.00", "2015": "$0.91", "2014": "$0.86"}, "Schneider National Quarterly EPS": {"2020-09-30": "$0.25", "2020-06-30": "$0.26", "2020-03-31": "$0.25", "2019-12-31": "$0.32", "2019-09-30": "$0.11", "2019-06-30": "$0.19", "2019-03-31": "$0.21", "2018-12-31": "$0.48", "2018-09-30": "$0.40", "2018-06-30": "$0.37", "2018-03-31": "$0.27", "2017-12-31": "$1.66", "2017-09-30": "$0.21", "2017-06-30": "$0.27", "2017-03-31": "$0.14", "2016-12-31": "$0.30", "2016-09-30": "$0.24", "2016-06-30": "$0.28", "2016-03-31": "$0.18", "2015-12-31": "$0.00", "2014-12-31": "$0.00"}}, "shares-outstanding": {"Schneider National Annual Shares Outstanding (Millions of Shares)": {"2019": "177", "2018": "177", "2017": "171", "2016": "157", "2015": "156", "2014": "155"}, "Schneider National Quarterly Shares Outstanding (Millions of Shares)": {"2020-09-30": "178", "2020-06-30": "178", "2020-03-31": "177", "2019-12-31": "177", "2019-09-30": "177", "2019-06-30": "177", "2019-03-31": "177", "2018-12-31": "177", "2018-09-30": "177", "2018-06-30": "177", "2018-03-31": "177", "2017-12-31": "171", "2017-09-30": "177", "2017-06-30": "175", "2017-03-31": "157", "2016-12-31": "157", "2016-09-30": "157", "2016-06-30": "156", "2016-03-31": "156", "2015-12-31": "", "2014-12-31": ""}}, "total-assets": {"Schneider National Annual Total Assets (Millions of US $)": {"2019": "$3,660", "2018": "$3,625", "2017": "$3,331", "2016": "$3,055", "2015": "$2,622", "2014": "$0"}, "Schneider National Quarterly Total Assets (Millions of US $)": {"2020-09-30": "$3,854", "2020-06-30": "$3,778", "2020-03-31": "$3,715", "2019-12-31": "$3,660", "2019-09-30": "$3,831", "2019-06-30": "$3,893", "2019-03-31": "$3,871", "2018-12-31": "$3,625", "2018-09-30": "$3,594", "2018-06-30": "$3,493", "2018-03-31": "$3,413", "2017-12-31": "$3,331", "2017-09-30": "$3,303", "2017-06-30": "$3,237", "2017-03-31": "$2,995", "2016-12-31": "$3,055", "2016-09-30": "$0", "2016-06-30": "$0", "2016-03-31": "$0", "2015-12-31": "$2,622", "2014-12-31": "$0"}}, "cash-on-hand": {"Schneider National Annual Cash on Hand (Millions of US $)": {"2019": "$600", "2018": "$430", "2017": "$280", "2016": "$183", "2015": "$211", "2014": "$"}, "Schneider National Quarterly Cash on Hand (Millions of US $)": {"2020-09-30": "$814", "2020-06-30": "$761", "2020-03-31": "$650", "2019-12-31": "$600", "2019-09-30": "$485", "2019-06-30": "$425", "2019-03-31": "$488", "2018-12-31": "$430", "2018-09-30": "$405", "2018-06-30": "$373", "2018-03-31": "$340", "2017-12-31": "$280", "2017-09-30": "$246", "2017-06-30": "$305", "2017-03-31": "$129", "2016-12-31": "$183", "2016-09-30": "", "2016-06-30": "", "2016-03-31": "", "2015-12-31": "$211", "2014-12-31": ""}}, "long-term-debt": {"Schneider National Annual Long Term Debt (Millions of US $)": {"2019": "$306", "2018": "$360", "2017": "$421", "2016": "$440", "2015": "$540", "2014": "$"}, "Schneider National Quarterly Long Term Debt (Millions of US $)": {"2020-09-30": "$306", "2020-06-30": "$306", "2020-03-31": "$306", "2019-12-31": "$306", "2019-09-30": "$305", "2019-06-30": "$335", "2019-03-31": "$335", "2018-12-31": "$360", "2018-09-30": "$413", "2018-06-30": "$415", "2018-03-31": "$417", "2017-12-31": "$421", "2017-09-30": "$423", "2017-06-30": "$428", "2017-03-31": "$433", "2016-12-31": "$440", "2016-09-30": "", "2016-06-30": "", "2016-03-31": "", "2015-12-31": "$540", "2014-12-31": ""}}, "total-liabilities": {"Schneider National Annual Total Liabilities (Millions of US $)": {"2019": "$1,424", "2018": "$1,492", "2017": "$1,440", "2016": "$1,868", "2015": "$1,566", "2014": "$0"}, "Schneider National Quarterly Total Liabilities (Millions of US $)": {"2020-09-30": "$1,511", "2020-06-30": "$1,472", "2020-03-31": "$1,446", "2019-12-31": "$1,424", "2019-09-30": "$1,639", "2019-06-30": "$1,707", "2019-03-31": "$1,711", "2018-12-31": "$1,492", "2018-09-30": "$1,541", "2018-06-30": "$1,501", "2018-03-31": "$1,478", "2017-12-31": "$1,440", "2017-09-30": "$1,686", "2017-06-30": "$1,651", "2017-03-31": "$1,794", "2016-12-31": "$1,868", "2016-09-30": "$0", "2016-06-30": "$0", "2016-03-31": "$0", "2015-12-31": "$1,566", "2014-12-31": "$0"}}, "total-share-holder-equity": {"Schneider National Annual Share Holder Equity (Millions of US $)": {"2019": "$2,236", "2018": "$2,132", "2017": "$1,890", "2016": "$1,186", "2015": "$1,056", "2014": "$0"}, "Schneider National Quarterly Share Holder Equity (Millions of US $)": {"2020-09-30": "$2,343", "2020-06-30": "$2,306", "2020-03-31": "$2,269", "2019-12-31": "$2,236", "2019-09-30": "$2,192", "2019-06-30": "$2,185", "2019-03-31": "$2,160", "2018-12-31": "$2,132", "2018-09-30": "$2,053", "2018-06-30": "$1,993", "2018-03-31": "$1,934", "2017-12-31": "$1,890", "2017-09-30": "$1,617", "2017-06-30": "$1,586", "2017-03-31": "$1,201", "2016-12-31": "$1,186", "2016-09-30": "$0", "2016-06-30": "$0", "2016-03-31": "$0", "2015-12-31": "$1,056", "2014-12-31": "$0"}}, "profit-margins": {"current": "4.65%"}, "gross margin": {"2020-09-30": "51.73%", "2020-06-30": "51.56%", "2020-03-31": "51.26%", "2019-12-31": "51.86%", "2019-09-30": "52.60%", "2019-06-30": "52.98%", "2019-03-31": "53.32%", "2018-12-31": "53.57%", "2018-09-30": "54.13%", "2018-06-30": "55.21%", "2018-03-31": "56.16%", "2017-12-31": "56.42%", "2017-09-30": "56.92%", "2017-06-30": "57.09%", "2017-03-31": "57.13%", "2016-12-31": "57.49%"}, "operating margin": {"2020-09-30": "5.83%", "2020-06-30": "5.01%", "2020-03-31": "4.52%", "2019-12-31": "4.38%", "2019-09-30": "5.07%", "2019-06-30": "6.35%", "2019-03-31": "7.17%", "2018-12-31": "7.57%", "2018-09-30": "7.26%", "2018-06-30": "6.80%", "2018-03-31": "6.75%", "2017-12-31": "6.41%", "2017-09-30": "6.45%", "2017-06-30": "6.71%", "2017-03-31": "6.86%", "2016-12-31": "7.19%"}, "ebitda margin": {"2020-09-30": "12.31%", "2020-06-30": "11.42%", "2020-03-31": "10.72%", "2019-12-31": "10.55%", "2019-09-30": "11.09%", "2019-06-30": "12.24%", "2019-03-31": "12.98%", "2018-12-31": "13.40%", "2018-09-30": "13.21%", "2018-06-30": "12.91%", "2018-03-31": "13.02%", "2017-12-31": "12.78%", "2017-09-30": "12.90%", "2017-06-30": "13.23%", "2017-03-31": "13.36%", "2016-12-31": "13.74%"}, "pre tax profit margin": {"2020-09-30": "5.78%", "2020-06-30": "4.99%", "2020-03-31": "4.43%", "2019-12-31": "4.17%", "2019-09-30": "4.86%", "2019-06-30": "6.13%", "2019-03-31": "6.94%", "2018-12-31": "7.33%", "2018-09-30": "6.97%", "2018-06-30": "6.50%", "2018-03-31": "6.44%", "2017-12-31": "6.02%", "2017-09-30": "5.98%", "2017-06-30": "6.16%", "2017-03-31": "6.26%", "2016-12-31": "6.60%"}, "net profit margin": {"2020-09-30": "4.32%", "2020-06-30": "3.70%", "2020-03-31": "3.30%", "2019-12-31": "3.10%", "2019-09-30": "3.60%", "2019-06-30": "4.55%", "2019-03-31": "5.15%", "2018-12-31": "5.42%", "2018-09-30": "9.66%", "2018-06-30": "9.30%", "2018-03-31": "9.21%", "2017-12-31": "8.92%", "2017-09-30": "3.64%", "2017-06-30": "3.69%", "2017-03-31": "3.69%", "2016-12-31": "3.88%"}, "pe ratio": {"current": "17.76", "2021-02-05": "20.56", "2020-09-30": "20.84", "2020-06-30": "23.83", "2020-03-31": "20.13", "2019-12-31": "23.71", "2019-09-30": "19.73", "2019-06-30": "12.78", "2019-03-31": "12.89", "2018-12-31": "10.95", "2018-09-30": "8.41", "2018-06-30": "9.96", "2018-03-31": "9.82"}, "price sales": {"2021-02-05": "0.89", "2020-09-30": "0.90", "2020-06-30": "0.88", "2020-03-31": "0.66", "2019-12-31": "0.74", "2019-09-30": "0.71", "2019-06-30": "0.58", "2019-03-31": "0.66", "2018-12-31": "0.59", "2018-09-30": "0.81", "2018-06-30": "0.92", "2018-03-31": "0.89"}, "price book": {"current": "1.68", "2021-02-05": "1.68", "2020-09-30": "1.70", "2020-06-30": "1.72", "2020-03-31": "1.37", "2019-12-31": "1.56", "2019-09-30": "1.58", "2019-06-30": "1.33", "2019-03-31": "1.54", "2018-12-31": "1.38", "2018-09-30": "1.91", "2018-06-30": "2.17", "2018-03-31": "2.11", "2017-12-31": "2.36", "2017-09-30": "2.44", "2017-06-30": "2.19"}, "price fcf": {"2021-02-05": "", "2020-09-30": "$2.57", "2020-06-30": "$2.44", "2020-03-31": "$1.57", "2019-12-31": "$1.47", "2019-09-30": "$0.58", "2019-06-30": "$0.35", "2019-03-31": "$0.84", "2018-12-31": "$0.82", "2018-09-30": "$0.90", "2018-06-30": "$0.46", "2018-03-31": "$0.34"}, "net worth": {"value": "$3.94B"}, "current ratio": {"2020-09-30": "3.06", "2020-06-30": "3.15", "2020-03-31": "3.08", "2019-12-31": "3.02", "2019-09-30": "2.19", "2019-06-30": "1.98", "2019-03-31": "2.10", "2018-12-31": "2.53", "2018-09-30": "2.34", "2018-06-30": "2.41", "2018-03-31": "2.42", "2017-12-31": "2.37", "2017-09-30": "2.12", "2017-06-30": "2.24", "2017-03-31": "1.47", "2016-12-31": "1.36", "2016-09-30": "0.00", "2016-06-30": "0.00", "2016-03-31": "0.00", "2015-12-31": "2.25", "2014-12-31": "0.00"}, "quick ratio": {"2020-09-30": "2.95", "2020-06-30": "3.03", "2020-03-31": "2.95", "2019-12-31": "2.87", "2019-09-30": "2.11", "2019-06-30": "1.90", "2019-03-31": "2.02", "2018-12-31": "2.42", "2018-09-30": "2.23", "2018-06-30": "2.28", "2018-03-31": "2.27", "2017-12-31": "2.19", "2017-09-30": "1.93", "2017-06-30": "2.06", "2017-03-31": "1.32", "2016-12-31": "1.25", "2016-09-30": "0.00", "2016-06-30": "0.00", "2016-03-31": "0.00", "2015-12-31": "2.08", "2014-12-31": "0.00"}, "debt equity ratio": {"current": "0.13", "2020-09-30": "0.65", "2020-06-30": "0.64", "2020-03-31": "0.64", "2019-12-31": "0.64", "2019-09-30": "0.75", "2019-06-30": "0.78", "2019-03-31": "0.79", "2018-12-31": "0.70", "2018-09-30": "0.75", "2018-06-30": "0.75", "2018-03-31": "0.76", "2017-12-31": "0.76", "2017-09-30": "1.04", "2017-06-30": "1.04", "2017-03-31": "1.49", "2016-12-31": "1.58", "2016-09-30": "0.00", "2016-06-30": "0.00", "2016-03-31": "0.00", "2015-12-31": "1.48", "2014-12-31": "0.00"}, "return on equity": {"2020-09-30": "8.39%", "2020-06-30": "7.38%", "2020-03-31": "6.94%", "2019-12-31": "6.70%", "2019-09-30": "8.17%", "2019-06-30": "10.69%", "2019-03-31": "12.43%", "2018-12-31": "13.31%", "2018-09-30": "23.79%", "2018-06-30": "23.41%", "2018-03-31": "23.68%", "2017-12-31": "24.85%", "2017-09-30": "11.09%", "2017-06-30": "15.61%", "2017-03-31": "25.47%", "2016-12-31": "52.95%"}, "return on assets": {"2020-09-30": "5.12%", "2020-06-30": "4.43%", "2020-03-31": "4.08%", "2019-12-31": "3.85%", "2019-09-30": "4.65%", "2019-06-30": "6.09%", "2019-03-31": "7.10%", "2018-12-31": "7.65%", "2018-09-30": "13.53%", "2018-06-30": "12.85%", "2018-03-31": "12.53%", "2017-12-31": "12.16%", "2017-09-30": "4.92%", "2017-06-30": "6.68%", "2017-03-31": "10.05%", "2016-12-31": "20.56%"}, "return on investments": {"2020-09-30": "9.98%", "2020-06-30": "8.80%", "2020-03-31": "8.33%", "2019-12-31": "8.28%", "2019-09-30": "9.96%", "2019-06-30": "12.75%", "2019-03-31": "14.64%", "2018-12-31": "15.52%", "2018-09-30": "14.76%", "2018-06-30": "13.96%", "2018-03-31": "14.00%", "2017-12-31": "14.05%", "2017-09-30": "15.04%", "2017-06-30": "21.39%", "2017-03-31": "34.72%", "2016-12-31": "71.59%"}, "return on tangible equity": {"2020-09-30": "8.88%", "2020-06-30": "7.82%", "2020-03-31": "7.36%", "2019-12-31": "7.14%", "2019-09-30": "8.75%", "2019-06-30": "11.52%", "2019-03-31": "13.48%", "2018-12-31": "14.48%", "2018-09-30": "25.96%", "2018-06-30": "25.69%", "2018-03-31": "26.13%", "2017-12-31": "27.75%", "2017-09-30": "12.57%", "2017-06-30": "17.81%", "2017-03-31": "29.53%", "2016-12-31": "61.45%"}, "dividend yield history": {"last payout": "$0.26", "last yield": "1.17%"}}