{"ticker": "SMG", "price": {"title": "Scotts Miracle-Gro Historical Annual Stock Price Data", "value": 236.53, "historical": {"2021": {"Average Stock Price": "224.2196", "Year Open": "200.7200", "Year High": "240.1700", "Year Low": "200.7200", "Year Close": "236.5300", "Annual % Change": "18.78%"}, "2020": {"Average Stock Price": "141.5557", "Year Open": "105.6400", "Year High": "200.0500", "Year Low": "77.6100", "Year Close": "199.1400", "Annual % Change": "87.55%"}, "2019": {"Average Stock Price": "93.0494", "Year Open": "62.4200", "Year High": "112.4100", "Year Low": "61.9700", "Year Close": "106.1800", "Annual % Change": "72.76%"}, "2018": {"Average Stock Price": "82.0571", "Year Open": "108.4700", "Year High": "109.4700", "Year Low": "58.8200", "Year Close": "61.4600", "Annual % Change": "-42.56%"}, "2017": {"Average Stock Price": "94.3945", "Year Open": "94.8000", "Year High": "106.9900", "Year Low": "83.3700", "Year Close": "106.9900", "Annual % Change": "11.97%"}, "2016": {"Average Stock Price": "76.5568", "Year Open": "63.8800", "Year High": "96.8600", "Year Low": "62.6400", "Year Close": "95.5500", "Annual % Change": "48.12%"}, "2015": {"Average Stock Price": "64.1432", "Year Open": "61.8000", "Year High": "70.4600", "Year Low": "59.1000", "Year Close": "64.5100", "Annual % Change": "3.51%"}, "2014": {"Average Stock Price": "58.6974", "Year Open": "61.2000", "Year High": "63.3000", "Year Low": "53.0900", "Year Close": "62.3200", "Annual % Change": "0.16%"}, "2013": {"Average Stock Price": "50.6840", "Year Open": "44.7500", "Year High": "62.2700", "Year Low": "42.7900", "Year Close": "62.2200", "Annual % Change": "41.25%"}, "2012": {"Average Stock Price": "44.9646", "Year Open": "47.2900", "Year High": "55.0000", "Year Low": "38.1700", "Year Close": "44.0500", "Annual % Change": "-5.65%"}, "2011": {"Average Stock Price": "50.5073", "Year Open": "50.7800", "Year High": "60.2700", "Year Low": "40.4100", "Year Close": "46.6900", "Annual % Change": "-8.04%"}, "2010": {"Average Stock Price": "46.7884", "Year Open": "38.9700", "Year High": "54.6000", "Year Low": "37.8400", "Year Close": "50.7700", "Annual % Change": "29.15%"}, "2009": {"Average Stock Price": "36.9487", "Year Open": "30.3000", "Year High": "44.1700", "Year Low": "25.2800", "Year Close": "39.3100", "Annual % Change": "32.27%"}, "2008": {"Average Stock Price": "28.4900", "Year Open": "36.7800", "Year High": "40.2000", "Year Low": "16.9200", "Year Close": "29.7200", "Annual % Change": "-20.58%"}, "2007": {"Average Stock Price": "44.4283", "Year Open": "52.1400", "Year High": "57.0400", "Year Low": "34.1800", "Year Close": "37.4200", "Annual % Change": "-27.55%"}, "2006": {"Average Stock Price": "45.1925", "Year Open": "46.6300", "Year High": "53.3900", "Year Low": "37.5700", "Year Close": "51.6500", "Annual % Change": "14.17%"}, "2005": {"Average Stock Price": "38.7815", "Year Open": "36.1900", "Year High": "47.8000", "Year Low": "33.2900", "Year Close": "45.2400", "Annual % Change": "23.07%"}, "2004": {"Average Stock Price": "31.9318", "Year Open": "29.7800", "Year High": "36.8250", "Year Low": "28.0100", "Year Close": "36.7600", "Annual % Change": "24.27%"}, "2003": {"Average Stock Price": "26.9391", "Year Open": "24.9500", "Year High": "30.0950", "Year Low": "23.3250", "Year Close": "29.5800", "Annual % Change": "20.64%"}, "2002": {"Average Stock Price": "23.1081", "Year Open": "23.4100", "Year High": "25.1750", "Year Low": "17.7150", "Year Close": "24.5200", "Annual % Change": "3.03%"}, "2001": {"Average Stock Price": "20.5612", "Year Open": "18.4700", "Year High": "23.8000", "Year Low": "16.6600", "Year Close": "23.8000", "Annual % Change": "28.86%"}, "2000": {"Average Stock Price": "17.2216", "Year Open": "19.1250", "Year High": "21.0000", "Year Low": "14.4400", "Year Close": "18.4700", "Annual % Change": "-8.22%"}, "1999": {"Average Stock Price": "19.6774", "Year Open": "18.5600", "Year High": "23.8100", "Year Low": "16.1900", "Year Close": "20.1250", "Annual % Change": "4.71%"}, "1998": {"Average Stock Price": "16.9087", "Year Open": "15.5300", "Year High": "20.6900", "Year Low": "13.1900", "Year Close": "19.2200", "Annual % Change": "27.07%"}, "1997": {"Average Stock Price": "12.9766", "Year Open": "10.2500", "Year High": "15.5000", "Year Low": "9.7500", "Year Close": "15.1250", "Annual % Change": "52.16%"}, "1996": {"Average Stock Price": "9.2561", "Year Open": "9.9400", "Year High": "10.6250", "Year Low": "8.0600", "Year Close": "9.9400", "Annual % Change": "2.58%"}, "1995": {"Average Stock Price": "10.0985", "Year Open": "7.9400", "Year High": "11.9400", "Year Low": "7.9400", "Year Close": "9.6900", "Annual % Change": "22.04%"}, "1994": {"Average Stock Price": "8.5295", "Year Open": "9.8750", "Year High": "10.0000", "Year Low": "7.3750", "Year Close": "7.9400", "Annual % Change": "-19.59%"}, "1993": {"Average Stock Price": "8.8934", "Year Open": "9.0000", "Year High": "10.2500", "Year Low": "7.6250", "Year Close": "9.8750", "Annual % Change": "11.27%"}}}, "market cap": {"value": "$13.17B"}, "income statement": {"Revenue": {"2020-09-30": "4131.60000", "2019-09-30": "3156.00000", "2018-09-30": "2663.40000", "2017-09-30": "2642.10000", "2016-09-30": "2506.20000", "2015-09-30": "2371.10000", "2014-09-30": "2578.30000", "2013-09-30": "2773.70000", "2012-09-30": "2770.50000", "2011-09-30": "2799.70000", "2010-09-30": "2873.00000", "2009-09-30": "2746.40000", "2008-09-30": "2823.20000", "2007-09-30": "2871.80000", "2006-09-30": "2697.10000", "2005-09-30": "2369.30000"}, "Cost Of Goods Sold": {"2020-09-30": "2784.60000", "2019-09-30": "2136.40000", "2018-09-30": "1798.80000", "2017-09-30": "1669.50000", "2016-09-30": "1605.90000", "2015-09-30": "1560.30000", "2014-09-30": "1688.20000", "2013-09-30": "1795.50000", "2012-09-30": "1813.90000", "2011-09-30": "1790.50000", "2010-09-30": "1787.40000", "2009-09-30": "1768.70000", "2008-09-30": "1911.50000", "2007-09-30": "1867.30000", "2006-09-30": "1741.20000", "2005-09-30": "1508.90000"}, "Gross Profit": {"2020-09-30": "1347.00000", "2019-09-30": "1019.60000", "2018-09-30": "864.59990", "2017-09-30": "972.60010", "2016-09-30": "900.29990", "2015-09-30": "810.80000", "2014-09-30": "890.10010", "2013-09-30": "978.20000", "2012-09-30": "956.60000", "2011-09-30": "1009.20000", "2010-09-30": "1085.60000", "2009-09-30": "977.70000", "2008-09-30": "911.70000", "2007-09-30": "1004.50000", "2006-09-30": "955.90010", "2005-09-30": "860.40010"}, "Research And Development Expenses": {"2020-09-30": "", "2019-09-30": "", "2018-09-30": "", "2017-09-30": "", "2016-09-30": "", "2015-09-30": "", "2014-09-30": "", "2013-09-30": "", "2012-09-30": "", "2011-09-30": "", "2010-09-30": "", "2009-09-30": "", "2008-09-30": "", "2007-09-30": "", "2006-09-30": "", "2005-09-30": ""}, "SG&A Expenses": {"2020-09-30": "757.80000", "2019-09-30": "601.30000", "2018-09-30": "540.10000", "2017-09-30": "550.90000", "2016-09-30": "518.00000", "2015-09-30": "488.80000", "2014-09-30": "567.10000", "2013-09-30": "659.60000", "2012-09-30": "703.30000", "2011-09-30": "686.30000", "2010-09-30": "692.60000", "2009-09-30": "699.20000", "2008-09-30": "657.10000", "2007-09-30": "700.90000", "2006-09-30": "636.90000", "2005-09-30": "633.80000"}, "Other Operating Income Or Expenses": {"2020-09-30": "-4.00000", "2019-09-30": "-8.70000", "2018-09-30": "-125.60000", "2017-09-30": "16.60000", "2016-09-30": "65.30000", "2015-09-30": "-68.20000", "2014-09-30": "-39.30000", "2013-09-30": "-8.10000", "2012-09-30": "-5.00000", "2011-09-30": "-48.10000", "2010-09-30": "-18.60000", "2009-09-30": "-18.00000", "2008-09-30": "-114.80000", "2007-09-30": "-26.50000", "2006-09-30": "-66.50000", "2005-09-30": "-25.70000"}, "Operating Expenses": {"2020-09-30": "3546.40000", "2019-09-30": "2746.40000", "2018-09-30": "2464.50000", "2017-09-30": "2208.70000", "2016-09-30": "2058.60000", "2015-09-30": "2117.30000", "2014-09-30": "2294.60000", "2013-09-30": "2463.20000", "2012-09-30": "2529.30000", "2011-09-30": "2524.90000", "2010-09-30": "2498.60000", "2009-09-30": "2485.90000", "2008-09-30": "2683.40000", "2007-09-30": "2594.70000", "2006-09-30": "2444.60000", "2005-09-30": "2168.40000"}, "Operating Income": {"2020-09-30": "585.20000", "2019-09-30": "409.60010", "2018-09-30": "198.89990", "2017-09-30": "433.40040", "2016-09-30": "447.60010", "2015-09-30": "253.80000", "2014-09-30": "283.70020", "2013-09-30": "310.49980", "2012-09-30": "241.20000", "2011-09-30": "274.79980", "2010-09-30": "374.39990", "2009-09-30": "260.50000", "2008-09-30": "139.79980", "2007-09-30": "277.09990", "2006-09-30": "252.50000", "2005-09-30": "200.90010"}, "Total Non-Operating Income/Expense": {"2020-09-30": "-74.60000", "2019-09-30": "172.00000", "2018-09-30": "-83.20000", "2017-09-30": "-118.50000", "2016-09-30": "-63.90000", "2015-09-30": "-48.80000", "2014-09-30": "-58.00000", "2013-09-30": "-59.20000", "2012-09-30": "-61.80000", "2011-09-30": "-52.20000", "2010-09-30": "-43.20000", "2009-09-30": "-52.40000", "2008-09-30": "-82.20000", "2007-09-30": "-89.00000", "2006-09-30": "-39.60000", "2005-09-30": "-42.80000"}, "Pre-Tax Income": {"2020-09-30": "510.60000", "2019-09-30": "581.60000", "2018-09-30": "115.70000", "2017-09-30": "314.90000", "2016-09-30": "383.70000", "2015-09-30": "205.00000", "2014-09-30": "225.70000", "2013-09-30": "251.30000", "2012-09-30": "179.40000", "2011-09-30": "222.60000", "2010-09-30": "331.20000", "2009-09-30": "208.10000", "2008-09-30": "57.60000", "2007-09-30": "188.10000", "2006-09-30": "212.90000", "2005-09-30": "158.10000"}, "Income Taxes": {"2020-09-30": "123.70000", "2019-09-30": "144.90000", "2018-09-30": "-11.90000", "2017-09-30": "116.60000", "2016-09-30": "137.60000", "2015-09-30": "76.30000", "2014-09-30": "80.20000", "2013-09-30": "91.90000", "2012-09-30": "67.80000", "2011-09-30": "82.70000", "2010-09-30": "123.50000", "2009-09-30": "75.50000", "2008-09-30": "24.80000", "2007-09-30": "74.70000", "2006-09-30": "80.20000", "2005-09-30": "57.70000"}, "Income After Taxes": {"2020-09-30": "386.90000", "2019-09-30": "436.70000", "2018-09-30": "127.60000", "2017-09-30": "198.30000", "2016-09-30": "246.10000", "2015-09-30": "128.70000", "2014-09-30": "145.50000", "2013-09-30": "159.40000", "2012-09-30": "111.60000", "2011-09-30": "139.90000", "2010-09-30": "207.70000", "2009-09-30": "132.60000", "2008-09-30": "32.80000", "2007-09-30": "113.40000", "2006-09-30": "132.70000", "2005-09-30": "100.40000"}, "Other Income": {"2020-09-30": "", "2019-09-30": "", "2018-09-30": "", "2017-09-30": "", "2016-09-30": "", "2015-09-30": "", "2014-09-30": "", "2013-09-30": "", "2012-09-30": "", "2011-09-30": "", "2010-09-30": "", "2009-09-30": "", "2008-09-30": "", "2007-09-30": "", "2006-09-30": "", "2005-09-30": ""}, "Income From Continuous Operations": {"2020-09-30": "386.90000", "2019-09-30": "436.70000", "2018-09-30": "127.60000", "2017-09-30": "198.30000", "2016-09-30": "246.10000", "2015-09-30": "128.70000", "2014-09-30": "145.50000", "2013-09-30": "159.40000", "2012-09-30": "111.60000", "2011-09-30": "139.90000", "2010-09-30": "207.70000", "2009-09-30": "132.60000", "2008-09-30": "32.80000", "2007-09-30": "113.40000", "2006-09-30": "132.70000", "2005-09-30": "100.40000"}, "Income From Discontinued Operations": {"2020-09-30": "1.70000", "2019-09-30": "23.50000", "2018-09-30": "-63.90000", "2017-09-30": "20.50000", "2016-09-30": "68.70000", "2015-09-30": "30.00000", "2014-09-30": "20.70000", "2013-09-30": "1.70000", "2012-09-30": "-5.10000", "2011-09-30": "28.00000", "2010-09-30": "-3.60000", "2009-09-30": "20.70000", "2008-09-30": "-43.70000", "2007-09-30": "", "2006-09-30": "", "2005-09-30": "0.20000"}, "Net Income": {"2020-09-30": "387.40000", "2019-09-30": "460.70000", "2018-09-30": "63.70000", "2017-09-30": "218.30000", "2016-09-30": "315.30000", "2015-09-30": "159.80000", "2014-09-30": "166.50000", "2013-09-30": "161.10000", "2012-09-30": "106.50000", "2011-09-30": "167.90000", "2010-09-30": "204.10000", "2009-09-30": "153.30000", "2008-09-30": "-10.90000", "2007-09-30": "113.40000", "2006-09-30": "132.70000", "2005-09-30": "100.60000"}, "EBITDA": {"2020-09-30": "679.90000", "2019-09-30": "498.90010", "2018-09-30": "282.29990", "2017-09-30": "513.50040", "2016-09-30": "521.10010", "2015-09-30": "322.80000", "2014-09-30": "348.10020", "2013-09-30": "376.59980", "2012-09-30": "303.59990", "2011-09-30": "336.49980", "2010-09-30": "433.79990", "2009-09-30": "320.90000", "2008-09-30": "210.09980", "2007-09-30": "344.59990", "2006-09-30": "319.50000", "2005-09-30": "268.10020"}, "EBIT": {"2020-09-30": "585.20000", "2019-09-30": "409.60010", "2018-09-30": "198.89990", "2017-09-30": "433.40040", "2016-09-30": "447.60010", "2015-09-30": "253.80000", "2014-09-30": "283.70020", "2013-09-30": "310.49980", "2012-09-30": "241.20000", "2011-09-30": "274.79980", "2010-09-30": "374.39990", "2009-09-30": "260.50000", "2008-09-30": "139.79980", "2007-09-30": "277.09990", "2006-09-30": "252.50000", "2005-09-30": "200.90010"}, "Basic Shares Outstanding": {"2020-09-30": "55.70000", "2019-09-30": "55.50000", "2018-09-30": "56.20000", "2017-09-30": "59.40000", "2016-09-30": "61.10000", "2015-09-30": "61.10000", "2014-09-30": "61.60000", "2013-09-30": "61.70000", "2012-09-30": "61.00000", "2011-09-30": "64.70000", "2010-09-30": "66.30000", "2009-09-30": "65.00000", "2008-09-30": "64.50000", "2007-09-30": "65.20000", "2006-09-30": "67.50000", "2005-09-30": "66.80000"}, "Shares Outstanding": {"2020-09-30": "56.90000", "2019-09-30": "56.30000", "2018-09-30": "57.10000", "2017-09-30": "60.20000", "2016-09-30": "62.00000", "2015-09-30": "62.20000", "2014-09-30": "62.70000", "2013-09-30": "62.60000", "2012-09-30": "62.10000", "2011-09-30": "66.20000", "2010-09-30": "67.60000", "2009-09-30": "66.10000", "2008-09-30": "65.40000", "2007-09-30": "67.00000", "2006-09-30": "69.40000", "2005-09-30": "68.60000"}, "Basic EPS": {"2020-09-30": "6.96000", "2019-09-30": "8.30000", "2018-09-30": "1.13000", "2017-09-30": "3.68000", "2016-09-30": "5.16000", "2015-09-30": "2.62000", "2014-09-30": "2.70000", "2013-09-30": "2.61000", "2012-09-30": "1.75000", "2011-09-30": "2.60000", "2010-09-30": "3.08000", "2009-09-30": "2.36000", "2008-09-30": "-0.17000", "2007-09-30": "1.74000", "2006-09-30": "1.97000", "2005-09-30": "1.51000"}, "EPS - Earnings Per Share": {"2020-09-30": "6.81000", "2019-09-30": "8.18000", "2018-09-30": "1.12000", "2017-09-30": "3.63000", "2016-09-30": "5.09000", "2015-09-30": "2.57000", "2014-09-30": "2.65000", "2013-09-30": "2.57000", "2012-09-30": "1.71000", "2011-09-30": "2.54000", "2010-09-30": "3.02000", "2009-09-30": "2.32000", "2008-09-30": "-0.17000", "2007-09-30": "1.69000", "2006-09-30": "1.91000", "2005-09-30": "1.47000"}}, "income statement, quarterly": {"Revenue": {"2020-12-31": "748.60000", "2020-09-30": "890.30010", "2020-06-30": "1492.70000", "2020-03-31": "1382.80000", "2019-12-31": "365.80000", "2019-09-30": "497.69990", "2019-06-30": "1170.30000", "2019-03-31": "1189.90000", "2018-12-31": "298.10000", "2018-09-30": "433.99990", "2018-06-30": "994.60000", "2018-03-31": "1013.30000", "2017-12-31": "221.50000", "2017-09-30": "376.70010", "2017-06-30": "973.40000", "2017-03-31": "1084.60000", "2016-12-31": "207.40000", "2016-09-30": "72.40000", "2016-06-30": "994.10000", "2016-03-31": "1245.20000", "2015-12-31": "194.50000", "2015-09-30": "-28.20000", "2015-06-30": "1111.30000", "2015-03-31": "1071.80000", "2014-12-31": "216.20000", "2014-09-30": "191.30000", "2014-06-30": "1116.40000", "2014-03-31": "1081.00000", "2013-12-31": "189.60000", "2013-09-30": "422.90000", "2013-06-30": "1137.10000", "2013-03-31": "1007.90000", "2012-12-31": "205.80000", "2012-09-30": "345.59990", "2012-06-30": "1054.90000", "2012-03-31": "1170.40000", "2011-12-31": "199.60000", "2011-09-30": "381.20000", "2011-06-30": "1058.70000", "2011-03-31": "1129.60000", "2010-12-31": "230.20000", "2010-09-30": "397.30010", "2010-06-30": "1172.60000", "2010-03-31": "1050.70000", "2009-12-31": "252.40000", "2009-09-30": "288.19990", "2009-06-30": "1231.40000", "2009-03-31": "940.70000", "2008-12-31": "286.10000", "2008-09-30": "385.59990", "2008-06-30": "1170.90000", "2008-03-31": "958.00000", "2007-12-31": "308.70000", "2007-09-30": "508.90000", "2007-06-30": "1098.40000", "2007-03-31": "993.30000", "2006-12-31": "271.20000", "2006-09-30": "492.10010", "2006-06-30": "1048.00000", "2006-03-31": "907.50000", "2005-12-31": "249.50000", "2005-09-30": "408.20010", "2005-06-30": "901.20000", "2005-03-31": "813.40000"}, "Cost Of Goods Sold": {"2020-12-31": "557.80000", "2020-09-30": "674.40010", "2020-06-30": "966.00000", "2020-03-31": "832.60000", "2019-12-31": "311.60000", "2019-09-30": "408.09990", "2019-06-30": "746.90000", "2019-03-31": "717.80000", "2018-12-31": "263.60000", "2018-09-30": "360.20010", "2018-06-30": "647.00000", "2018-03-31": "604.10000", "2017-12-31": "187.50000", "2017-09-30": "288.60000", "2017-06-30": "590.00000", "2017-03-31": "620.30000", "2016-12-31": "170.60000", "2016-09-30": "67.80000", "2016-06-30": "636.70000", "2016-03-31": "723.60000", "2015-12-31": "177.80000", "2015-09-30": "0.90010", "2015-06-30": "725.50000", "2015-03-31": "647.00000", "2014-12-31": "186.90000", "2014-09-30": "192.20000", "2014-06-30": "693.10000", "2014-03-31": "647.20000", "2013-12-31": "155.70000", "2013-09-30": "293.30000", "2013-06-30": "696.80000", "2013-03-31": "630.70000", "2012-12-31": "174.70000", "2012-09-30": "245.30000", "2012-06-30": "685.90000", "2012-03-31": "708.70000", "2011-12-31": "174.00000", "2011-09-30": "283.90010", "2011-06-30": "658.60000", "2011-03-31": "666.90000", "2010-12-31": "181.10000", "2010-09-30": "261.30020", "2010-06-30": "690.80000", "2010-03-31": "635.70000", "2009-12-31": "199.60000", "2009-09-30": "219.79990", "2009-06-30": "755.70000", "2009-03-31": "584.40000", "2008-12-31": "208.80000", "2008-09-30": "291.79990", "2008-06-30": "747.10000", "2008-03-31": "635.20000", "2007-12-31": "237.40000", "2007-09-30": "350.80010", "2007-06-30": "675.70000", "2007-03-31": "624.90000", "2006-12-31": "215.90000", "2006-09-30": "342.10000", "2006-06-30": "642.00000", "2006-03-31": "561.10000", "2005-12-31": "196.00000", "2005-09-30": "270.29990", "2005-06-30": "567.40000", "2005-03-31": "485.80000"}, "Gross Profit": {"2020-12-31": "190.80000", "2020-09-30": "215.90000", "2020-06-30": "526.70000", "2020-03-31": "550.20000", "2019-12-31": "54.20000", "2019-09-30": "89.60000", "2019-06-30": "423.40000", "2019-03-31": "472.10000", "2018-12-31": "34.50000", "2018-09-30": "73.79990", "2018-06-30": "347.60000", "2018-03-31": "409.20000", "2017-12-31": "34.00000", "2017-09-30": "88.10010", "2017-06-30": "383.40000", "2017-03-31": "464.30000", "2016-12-31": "36.80000", "2016-09-30": "4.60000", "2016-06-30": "357.40000", "2016-03-31": "521.60000", "2015-12-31": "16.70000", "2015-09-30": "-29.10010", "2015-06-30": "385.80000", "2015-03-31": "424.80000", "2014-12-31": "29.30000", "2014-09-30": "-0.89990", "2014-06-30": "423.30000", "2014-03-31": "433.80000", "2013-12-31": "33.90000", "2013-09-30": "129.60000", "2013-06-30": "440.30000", "2013-03-31": "377.20010", "2012-12-31": "31.10000", "2012-09-30": "100.30000", "2012-06-30": "369.00000", "2012-03-31": "461.70000", "2011-12-31": "25.60000", "2011-09-30": "97.30000", "2011-06-30": "400.10000", "2011-03-31": "462.70000", "2010-12-31": "49.10000", "2010-09-30": "135.99990", "2010-06-30": "481.80000", "2010-03-31": "415.00000", "2009-12-31": "52.80000", "2009-09-30": "68.40000", "2009-06-30": "475.70000", "2009-03-31": "356.30000", "2008-12-31": "77.30000", "2008-09-30": "93.80000", "2008-06-30": "423.80000", "2008-03-31": "322.80000", "2007-12-31": "71.30000", "2007-09-30": "158.09990", "2007-06-30": "422.70000", "2007-03-31": "368.40000", "2006-12-31": "55.30000", "2006-09-30": "150.00010", "2006-06-30": "406.00000", "2006-03-31": "346.40000", "2005-12-31": "53.50000", "2005-09-30": "137.90020", "2005-06-30": "333.80000", "2005-03-31": "327.60000"}, "Research And Development Expenses": {"2020-12-31": "", "2020-09-30": "", "2020-06-30": "", "2020-03-31": "", "2019-12-31": "", "2019-09-30": "", "2019-06-30": "", "2019-03-31": "", "2018-12-31": "", "2018-09-30": "", "2018-06-30": "", "2018-03-31": "", "2017-12-31": "", "2017-09-30": "", "2017-06-30": "", "2017-03-31": "", "2016-12-31": "", "2016-09-30": "", "2016-06-30": "", "2016-03-31": "", "2015-12-31": "", "2015-09-30": "", "2015-06-30": "", "2015-03-31": "", "2014-12-31": "", "2014-09-30": "", "2014-06-30": "", "2014-03-31": "", "2013-12-31": "", "2013-09-30": "", "2013-06-30": "", "2013-03-31": "", "2012-12-31": "", "2012-09-30": "", "2012-06-30": "", "2012-03-31": "", "2011-12-31": "", "2011-09-30": "", "2011-06-30": "", "2011-03-31": "", "2010-12-31": "", "2010-09-30": "", "2010-06-30": "", "2010-03-31": "", "2009-12-31": "", "2009-09-30": "", "2009-06-30": "", "2009-03-31": "", "2008-12-31": "", "2008-09-30": "", "2008-06-30": "", "2008-03-31": "", "2007-12-31": "", "2007-09-30": "", "2007-06-30": "", "2007-03-31": "", "2006-12-31": "", "2006-09-30": "", "2006-06-30": "", "2006-03-31": "", "2005-12-31": "", "2005-09-30": "", "2005-06-30": "", "2005-03-31": ""}, "SG&A Expenses": {"2020-12-31": "156.70000", "2020-09-30": "204.70000", "2020-06-30": "237.70000", "2020-03-31": "195.60000", "2019-12-31": "119.80000", "2019-09-30": "138.90000", "2019-06-30": "166.40000", "2019-03-31": "179.70000", "2018-12-31": "116.30000", "2018-09-30": "121.40000", "2018-06-30": "144.50000", "2018-03-31": "166.00000", "2017-12-31": "108.20000", "2017-09-30": "114.60000", "2017-06-30": "153.40000", "2017-03-31": "178.80000", "2016-12-31": "104.10000", "2016-09-30": "51.90000", "2016-06-30": "151.90000", "2016-03-31": "200.90000", "2015-12-31": "113.30000", "2015-09-30": "17.70000", "2015-06-30": "155.30000", "2015-03-31": "188.90000", "2014-12-31": "126.90000", "2014-09-30": "41.60000", "2014-06-30": "189.00000", "2014-03-31": "212.20000", "2013-12-31": "124.30000", "2013-09-30": "139.20000", "2013-06-30": "189.20000", "2013-03-31": "206.70000", "2012-12-31": "124.50000", "2012-09-30": "146.30000", "2012-06-30": "197.60000", "2012-03-31": "236.90000", "2011-12-31": "122.50000", "2011-09-30": "134.50000", "2011-06-30": "192.40000", "2011-03-31": "216.20000", "2010-12-31": "143.20000", "2010-09-30": "148.30000", "2010-06-30": "201.30000", "2010-03-31": "216.70000", "2009-12-31": "126.30000", "2009-09-30": "133.50000", "2009-06-30": "223.00000", "2009-03-31": "204.00000", "2008-12-31": "138.70000", "2008-09-30": "97.50000", "2008-06-30": "206.90000", "2008-03-31": "208.40000", "2007-12-31": "144.30000", "2007-09-30": "156.50000", "2007-06-30": "199.20000", "2007-03-31": "203.00000", "2006-12-31": "142.20000", "2006-09-30": "147.50000", "2006-06-30": "180.20000", "2006-03-31": "183.20000", "2005-12-31": "126.00000", "2005-09-30": "137.20000", "2005-06-30": "188.60000", "2005-03-31": "178.40000"}, "Other Operating Income Or Expenses": {"2020-12-31": "-0.10000", "2020-09-30": "-1.60000", "2020-06-30": "-4.50000", "2020-03-31": "-0.90000", "2019-12-31": "3.00000", "2019-09-30": "-4.60000", "2019-06-30": "1.20000", "2019-03-31": "-2.20000", "2018-12-31": "-3.10000", "2018-09-30": "-99.60000", "2018-06-30": "-17.40000", "2018-03-31": "-10.90000", "2017-12-31": "2.30000", "2017-09-30": "4.20000", "2017-06-30": "6.10000", "2017-03-31": "0.80000", "2016-12-31": "5.50000", "2016-09-30": "6.50000", "2016-06-30": "11.40000", "2016-03-31": "48.50000", "2015-12-31": "-1.10000", "2015-09-30": "-16.40000", "2015-06-30": "-39.10000", "2015-03-31": "-4.30000", "2014-12-31": "-8.40000", "2014-09-30": "-2.10000", "2014-06-30": "-33.40000", "2014-03-31": "-4.50000", "2013-12-31": "0.70000", "2013-09-30": "-8.90000", "2013-06-30": "-2.10000", "2013-03-31": "1.40000", "2012-12-31": "1.50000", "2012-09-30": "6.40000", "2012-06-30": "-1.60000", "2012-03-31": "-7.70000", "2011-12-31": "-2.10000", "2011-09-30": "-31.50000", "2011-06-30": "-15.30000", "2011-03-31": "-0.90000", "2010-12-31": "-0.40000", "2010-09-30": "-21.10000", "2010-06-30": "-0.40000", "2010-03-31": "-1.60000", "2009-12-31": "4.50000", "2009-09-30": "-4.90000", "2009-06-30": "-2.70000", "2009-03-31": "-5.90000", "2008-12-31": "-4.50000", "2008-09-30": "5.70000", "2008-06-30": "-123.50000", "2008-03-31": "-0.20000", "2007-12-31": "3.20000", "2007-09-30": "-33.50000", "2007-06-30": "3.60000", "2007-03-31": "1.10000", "2006-12-31": "2.30000", "2006-09-30": "-65.70000", "2006-06-30": "3.50000", "2006-03-31": "-0.20000", "2005-12-31": "-4.10000", "2005-09-30": "-8.80000", "2005-06-30": "7.10000", "2005-03-31": "-2.00000"}, "Operating Expenses": {"2020-12-31": "714.60000", "2020-09-30": "880.70010", "2020-06-30": "1208.20000", "2020-03-31": "1029.10000", "2019-12-31": "428.40000", "2019-09-30": "551.59970", "2019-06-30": "912.10000", "2019-03-31": "899.70000", "2018-12-31": "383.00000", "2018-09-30": "581.20000", "2018-06-30": "808.90000", "2018-03-31": "781.00000", "2017-12-31": "293.40000", "2017-09-30": "402.89970", "2017-06-30": "737.30000", "2017-03-31": "799.30000", "2016-12-31": "269.20000", "2016-09-30": "113.19990", "2016-06-30": "777.20000", "2016-03-31": "876.00000", "2015-12-31": "292.20000", "2015-09-30": "35.00020", "2015-06-30": "919.90000", "2015-03-31": "840.20000", "2014-12-31": "322.20000", "2014-09-30": "235.89980", "2014-06-30": "915.50000", "2014-03-31": "863.90000", "2013-12-31": "279.30000", "2013-09-30": "441.40030", "2013-06-30": "888.10000", "2013-03-31": "835.99990", "2012-12-31": "297.70000", "2012-09-30": "392.70010", "2012-06-30": "884.70000", "2012-03-31": "953.30000", "2011-12-31": "298.60000", "2011-09-30": "449.90010", "2011-06-30": "866.30000", "2011-03-31": "884.00000", "2010-12-31": "324.70000", "2010-09-30": "430.70020", "2010-06-30": "892.50000", "2010-03-31": "853.99990", "2009-12-31": "321.40000", "2009-09-30": "358.19980", "2009-06-30": "981.40000", "2009-03-31": "794.30000", "2008-12-31": "352.00000", "2008-09-30": "383.60020", "2008-06-30": "1077.50000", "2008-03-31": "843.80000", "2007-12-31": "378.50000", "2007-09-30": "540.80010", "2007-06-30": "871.30000", "2007-03-31": "826.80000", "2006-12-31": "355.80000", "2006-09-30": "555.30020", "2006-06-30": "818.70000", "2006-03-31": "744.50000", "2005-12-31": "326.10000", "2005-09-30": "416.29990", "2005-06-30": "748.90000", "2005-03-31": "666.20000"}, "Operating Income": {"2020-12-31": "34.00000", "2020-09-30": "9.60000", "2020-06-30": "284.50000", "2020-03-31": "353.70000", "2019-12-31": "-62.60000", "2019-09-30": "-53.89980", "2019-06-30": "258.20000", "2019-03-31": "290.20000", "2018-12-31": "-84.90000", "2018-09-30": "-147.20000", "2018-06-30": "185.70000", "2018-03-31": "232.30000", "2017-12-31": "-71.90000", "2017-09-30": "-26.19960", "2017-06-30": "236.10000", "2017-03-31": "285.30000", "2016-12-31": "-61.80000", "2016-09-30": "-40.79990", "2016-06-30": "216.90000", "2016-03-31": "369.20000", "2015-12-31": "-97.70000", "2015-09-30": "-63.20020", "2015-06-30": "191.40010", "2015-03-31": "231.60000", "2014-12-31": "-106.00000", "2014-09-30": "-44.59980", "2014-06-30": "200.90000", "2014-03-31": "217.10000", "2013-12-31": "-89.70000", "2013-09-30": "-18.50030", "2013-06-30": "249.00000", "2013-03-31": "171.90010", "2012-12-31": "-91.90000", "2012-09-30": "-47.10020", "2012-06-30": "170.20010", "2012-03-31": "217.10000", "2011-12-31": "-99.00000", "2011-09-30": "-68.70010", "2011-06-30": "192.40000", "2011-03-31": "245.60000", "2010-12-31": "-94.50000", "2010-09-30": "-33.40010", "2010-06-30": "280.10000", "2010-03-31": "196.70000", "2009-12-31": "-69.00000", "2009-09-30": "-70.00000", "2009-06-30": "250.00000", "2009-03-31": "146.40000", "2008-12-31": "-65.90000", "2008-09-30": "1.99980", "2008-06-30": "93.40000", "2008-03-31": "114.20000", "2007-12-31": "-69.80000", "2007-09-30": "-31.90010", "2007-06-30": "227.10000", "2007-03-31": "166.49990", "2006-12-31": "-84.60000", "2006-09-30": "-63.20010", "2006-06-30": "229.30000", "2006-03-31": "163.00000", "2005-12-31": "-76.60000", "2005-09-30": "-8.09990", "2005-06-30": "152.30000", "2005-03-31": "147.20010"}, "Total Non-Operating Income/Expense": {"2020-12-31": "-0.90000", "2020-09-30": "-3.80000", "2020-06-30": "-18.40000", "2020-03-31": "-19.90000", "2019-12-31": "-32.50000", "2019-09-30": "-19.40000", "2019-06-30": "-20.80000", "2019-03-31": "233.20000", "2018-12-31": "-21.00000", "2018-09-30": "-18.70000", "2018-06-30": "-19.50000", "2018-03-31": "-30.30000", "2017-12-31": "-14.70000", "2017-09-30": "-29.80000", "2017-06-30": "-14.60000", "2017-03-31": "-45.60000", "2016-12-31": "-28.50000", "2016-09-30": "0.70000", "2016-06-30": "-20.40000", "2016-03-31": "-19.10000", "2015-12-31": "-25.10000", "2015-09-30": "-9.80000", "2015-06-30": "-14.30000", "2015-03-31": "-15.00000", "2014-12-31": "-9.70000", "2014-09-30": "-8.60000", "2014-06-30": "-12.80000", "2014-03-31": "-22.70000", "2013-12-31": "-13.90000", "2013-09-30": "-11.30000", "2013-06-30": "-16.80000", "2013-03-31": "-17.90000", "2012-12-31": "-13.20000", "2012-09-30": "-12.00000", "2012-06-30": "-16.60000", "2012-03-31": "-17.90000", "2011-12-31": "-15.30000", "2011-09-30": "-13.70000", "2011-06-30": "-15.20000", "2011-03-31": "-13.80000", "2010-12-31": "-9.50000", "2010-09-30": "-8.20000", "2010-06-30": "-11.20000", "2010-03-31": "-14.10000", "2009-12-31": "-9.70000", "2009-09-30": "-6.50000", "2009-06-30": "-13.70000", "2009-03-31": "-15.90000", "2008-12-31": "-16.30000", "2008-09-30": "-17.60000", "2008-06-30": "-22.10000", "2008-03-31": "-23.50000", "2007-12-31": "-19.00000", "2007-09-30": "-18.40000", "2007-06-30": "-26.20000", "2007-03-31": "-36.20000", "2006-12-31": "-8.20000", "2006-09-30": "-6.80000", "2006-06-30": "-13.20000", "2006-03-31": "-12.50000", "2005-12-31": "-7.10000", "2005-09-30": "-7.90000", "2005-06-30": "-11.60000", "2005-03-31": "-12.90000"}, "Pre-Tax Income": {"2020-12-31": "33.10000", "2020-09-30": "5.80000", "2020-06-30": "266.10000", "2020-03-31": "333.80000", "2019-12-31": "-95.10000", "2019-09-30": "-73.30000", "2019-06-30": "237.40000", "2019-03-31": "523.40000", "2018-12-31": "-105.90000", "2018-09-30": "-165.90000", "2018-06-30": "166.20000", "2018-03-31": "202.00000", "2017-12-31": "-86.60000", "2017-09-30": "-56.00000", "2017-06-30": "221.50000", "2017-03-31": "239.70000", "2016-12-31": "-90.30000", "2016-09-30": "-40.10000", "2016-06-30": "196.50000", "2016-03-31": "350.10000", "2015-12-31": "-122.80000", "2015-09-30": "-73.00000", "2015-06-30": "177.10000", "2015-03-31": "216.60000", "2014-12-31": "-115.70000", "2014-09-30": "-53.20000", "2014-06-30": "188.10000", "2014-03-31": "194.40000", "2013-12-31": "-103.60000", "2013-09-30": "-29.80000", "2013-06-30": "232.20000", "2013-03-31": "154.00000", "2012-12-31": "-105.10000", "2012-09-30": "-59.10000", "2012-06-30": "153.60000", "2012-03-31": "199.20000", "2011-12-31": "-114.30000", "2011-09-30": "-82.40000", "2011-06-30": "177.20000", "2011-03-31": "231.80000", "2010-12-31": "-104.00000", "2010-09-30": "-41.60000", "2010-06-30": "268.90000", "2010-03-31": "182.60000", "2009-12-31": "-78.70000", "2009-09-30": "-76.50000", "2009-06-30": "236.30000", "2009-03-31": "130.50000", "2008-12-31": "-82.20000", "2008-09-30": "-15.60000", "2008-06-30": "71.30000", "2008-03-31": "90.70000", "2007-12-31": "-88.80000", "2007-09-30": "-50.30000", "2007-06-30": "200.90000", "2007-03-31": "130.30000", "2006-12-31": "-92.80000", "2006-09-30": "-70.00000", "2006-06-30": "216.10000", "2006-03-31": "150.50000", "2005-12-31": "-83.70000", "2005-09-30": "-16.00000", "2005-06-30": "140.70000", "2005-03-31": "134.30000"}, "Income Taxes": {"2020-12-31": "7.90000", "2020-09-30": "1.70000", "2020-06-30": "61.80000", "2020-03-31": "84.00000", "2019-12-31": "-23.80000", "2019-09-30": "-17.70000", "2019-06-30": "59.40000", "2019-03-31": "126.50000", "2018-12-31": "-23.30000", "2018-09-30": "-35.30000", "2018-06-30": "40.70000", "2018-03-31": "49.30000", "2017-12-31": "-66.60000", "2017-09-30": "-13.70000", "2017-06-30": "76.90000", "2017-03-31": "85.60000", "2016-12-31": "-32.20000", "2016-09-30": "-12.70000", "2016-06-30": "69.50000", "2016-03-31": "124.30000", "2015-12-31": "-43.50000", "2015-09-30": "-22.00000", "2015-06-30": "62.00000", "2015-03-31": "78.00000", "2014-12-31": "-41.70000", "2014-09-30": "-18.00000", "2014-06-30": "67.40000", "2014-03-31": "68.70000", "2013-12-31": "-37.90000", "2013-09-30": "-10.70000", "2013-06-30": "84.50000", "2013-03-31": "54.90000", "2012-12-31": "-36.80000", "2012-09-30": "-20.90000", "2012-06-30": "57.20000", "2012-03-31": "72.70000", "2011-12-31": "-41.20000", "2011-09-30": "-28.70000", "2011-06-30": "65.50000", "2011-03-31": "83.20000", "2010-12-31": "-37.30000", "2010-09-30": "-15.70000", "2010-06-30": "99.40000", "2010-03-31": "68.40000", "2009-12-31": "-28.60000", "2009-09-30": "-27.20000", "2009-06-30": "85.60000", "2009-03-31": "46.40000", "2008-12-31": "-29.30000", "2008-09-30": "-24.60000", "2008-06-30": "48.70000", "2008-03-31": "32.70000", "2007-12-31": "-32.00000", "2007-09-30": "-10.00000", "2007-06-30": "71.20000", "2007-03-31": "46.90000", "2006-12-31": "-33.40000", "2006-09-30": "-27.30000", "2006-06-30": "82.80000", "2006-03-31": "55.70000", "2005-12-31": "-31.00000", "2005-09-30": "-7.50000", "2005-06-30": "52.60000", "2005-03-31": "51.00000"}, "Income After Taxes": {"2020-12-31": "25.20000", "2020-09-30": "4.10000", "2020-06-30": "204.30000", "2020-03-31": "249.80000", "2019-12-31": "-71.30000", "2019-09-30": "-55.60000", "2019-06-30": "178.00000", "2019-03-31": "396.90000", "2018-12-31": "-82.60000", "2018-09-30": "-130.60000", "2018-06-30": "125.50000", "2018-03-31": "152.70000", "2017-12-31": "-20.00000", "2017-09-30": "-42.30000", "2017-06-30": "144.60000", "2017-03-31": "154.10000", "2016-12-31": "-58.10000", "2016-09-30": "-27.40000", "2016-06-30": "127.00000", "2016-03-31": "225.80000", "2015-12-31": "-79.30000", "2015-09-30": "-51.00000", "2015-06-30": "115.10000", "2015-03-31": "138.60000", "2014-12-31": "-74.00000", "2014-09-30": "-35.20000", "2014-06-30": "120.70000", "2014-03-31": "125.70000", "2013-12-31": "-65.70000", "2013-09-30": "-19.10000", "2013-06-30": "147.70000", "2013-03-31": "99.10000", "2012-12-31": "-68.30000", "2012-09-30": "-38.20000", "2012-06-30": "96.40000", "2012-03-31": "126.50000", "2011-12-31": "-73.10000", "2011-09-30": "-53.70000", "2011-06-30": "111.70000", "2011-03-31": "148.60000", "2010-12-31": "-66.70000", "2010-09-30": "-25.90000", "2010-06-30": "169.50000", "2010-03-31": "114.20000", "2009-12-31": "-50.10000", "2009-09-30": "-49.30000", "2009-06-30": "150.70000", "2009-03-31": "84.10000", "2008-12-31": "-52.90000", "2008-09-30": "9.00000", "2008-06-30": "22.60000", "2008-03-31": "58.00000", "2007-12-31": "-56.80000", "2007-09-30": "-40.30000", "2007-06-30": "129.70000", "2007-03-31": "83.40000", "2006-12-31": "-59.40000", "2006-09-30": "-42.70000", "2006-06-30": "133.30000", "2006-03-31": "94.80000", "2005-12-31": "-52.70000", "2005-09-30": "-8.50000", "2005-06-30": "88.10000", "2005-03-31": "83.30000"}, "Other Income": {"2020-12-31": "", "2020-09-30": "", "2020-06-30": "", "2020-03-31": "", "2019-12-31": "", "2019-09-30": "", "2019-06-30": "", "2019-03-31": "", "2018-12-31": "", "2018-09-30": "", "2018-06-30": "", "2018-03-31": "", "2017-12-31": "", "2017-09-30": "", "2017-06-30": "", "2017-03-31": "", "2016-12-31": "", "2016-09-30": "", "2016-06-30": "", "2016-03-31": "", "2015-12-31": "", "2015-09-30": "", "2015-06-30": "", "2015-03-31": "", "2014-12-31": "", "2014-09-30": "", "2014-06-30": "", "2014-03-31": "", "2013-12-31": "", "2013-09-30": "", "2013-06-30": "", "2013-03-31": "", "2012-12-31": "", "2012-09-30": "", "2012-06-30": "", "2012-03-31": "", "2011-12-31": "", "2011-09-30": "", "2011-06-30": "", "2011-03-31": "", "2010-12-31": "", "2010-09-30": "", "2010-06-30": "", "2010-03-31": "", "2009-12-31": "", "2009-09-30": "", "2009-06-30": "", "2009-03-31": "", "2008-12-31": "", "2008-09-30": "", "2008-06-30": "", "2008-03-31": "", "2007-12-31": "", "2007-09-30": "", "2007-06-30": "", "2007-03-31": "", "2006-12-31": "", "2006-09-30": "", "2006-06-30": "", "2006-03-31": "", "2005-12-31": "", "2005-09-30": "", "2005-06-30": "", "2005-03-31": ""}, "Income From Continuous Operations": {"2020-12-31": "25.20000", "2020-09-30": "4.10000", "2020-06-30": "204.30000", "2020-03-31": "249.80000", "2019-12-31": "-71.30000", "2019-09-30": "-55.60000", "2019-06-30": "178.00000", "2019-03-31": "396.90000", "2018-12-31": "-82.60000", "2018-09-30": "-130.60000", "2018-06-30": "125.50000", "2018-03-31": "152.70000", "2017-12-31": "-20.00000", "2017-09-30": "-42.30000", "2017-06-30": "144.60000", "2017-03-31": "154.10000", "2016-12-31": "-58.10000", "2016-09-30": "-27.40000", "2016-06-30": "127.00000", "2016-03-31": "225.80000", "2015-12-31": "-79.30000", "2015-09-30": "-51.00000", "2015-06-30": "115.10000", "2015-03-31": "138.60000", "2014-12-31": "-74.00000", "2014-09-30": "-35.20000", "2014-06-30": "120.70000", "2014-03-31": "125.70000", "2013-12-31": "-65.70000", "2013-09-30": "-19.10000", "2013-06-30": "147.70000", "2013-03-31": "99.10000", "2012-12-31": "-68.30000", "2012-09-30": "-38.20000", "2012-06-30": "96.40000", "2012-03-31": "126.50000", "2011-12-31": "-73.10000", "2011-09-30": "-53.70000", "2011-06-30": "111.70000", "2011-03-31": "148.60000", "2010-12-31": "-66.70000", "2010-09-30": "-25.90000", "2010-06-30": "169.50000", "2010-03-31": "114.20000", "2009-12-31": "-50.10000", "2009-09-30": "-49.30000", "2009-06-30": "150.70000", "2009-03-31": "84.10000", "2008-12-31": "-52.90000", "2008-09-30": "9.00000", "2008-06-30": "22.60000", "2008-03-31": "58.00000", "2007-12-31": "-56.80000", "2007-09-30": "-40.30000", "2007-06-30": "129.70000", "2007-03-31": "83.40000", "2006-12-31": "-59.40000", "2006-09-30": "-42.70000", "2006-06-30": "133.30000", "2006-03-31": "94.80000", "2005-12-31": "-52.70000", "2005-09-30": "-8.50000", "2005-06-30": "88.10000", "2005-03-31": "83.30000"}, "Income From Discontinued Operations": {"2020-12-31": "0.00000", "2020-09-30": "0.10000", "2020-06-30": "-1.00000", "2020-03-31": "2.60000", "2019-12-31": "", "2019-09-30": "-2.50000", "2019-06-30": "23.60000", "2019-03-31": "-0.50000", "2018-12-31": "2.90000", "2018-09-30": "-16.30000", "2018-06-30": "-42.70000", "2018-03-31": "-3.70000", "2017-12-31": "-1.20000", "2017-09-30": "8.90000", "2017-06-30": "7.30000", "2017-03-31": "11.10000", "2016-12-31": "-6.80000", "2016-09-30": "0.50000", "2016-06-30": "85.70000", "2016-03-31": "-16.00000", "2015-12-31": "-1.50000", "2015-09-30": "26.40000", "2015-06-30": "17.90000", "2015-03-31": "-14.30000", "2014-12-31": "", "2014-09-30": "19.60000", "2014-06-30": "1.00000", "2014-03-31": "", "2013-12-31": "0.10000", "2013-09-30": "-0.30000", "2013-06-30": "0.50000", "2013-03-31": "0.90000", "2012-12-31": "0.60000", "2012-09-30": "-1.90000", "2012-06-30": "-3.10000", "2012-03-31": "0.70000", "2011-12-31": "-0.80000", "2011-09-30": "0.30000", "2011-06-30": "-0.10000", "2011-03-31": "29.00000", "2010-12-31": "-1.20000", "2010-09-30": "-6.70000", "2010-06-30": "6.40000", "2010-03-31": "4.30000", "2009-12-31": "-7.60000", "2009-09-30": "34.40000", "2009-06-30": "-2.90000", "2009-03-31": "-6.70000", "2008-12-31": "-4.10000", "2008-09-30": "", "2008-06-30": "", "2008-03-31": "", "2007-12-31": "", "2007-09-30": "", "2007-06-30": "", "2007-03-31": "", "2006-12-31": "", "2006-09-30": "", "2006-06-30": "", "2006-03-31": "", "2005-12-31": "", "2005-09-30": "0.10000", "2005-06-30": "0.40000", "2005-03-31": "-0.10000"}, "Net Income": {"2020-12-31": "24.40000", "2020-09-30": "3.80000", "2020-06-30": "202.80000", "2020-03-31": "252.20000", "2019-12-31": "-71.40000", "2019-09-30": "-57.90000", "2019-06-30": "201.70000", "2019-03-31": "396.50000", "2018-12-31": "-79.60000", "2018-09-30": "-146.90000", "2018-06-30": "82.90000", "2018-03-31": "148.90000", "2017-12-31": "-21.20000", "2017-09-30": "-33.40000", "2017-06-30": "151.90000", "2017-03-31": "165.10000", "2016-12-31": "-65.30000", "2016-09-30": "-26.60000", "2016-06-30": "213.10000", "2016-03-31": "210.10000", "2015-12-31": "-81.30000", "2015-09-30": "-23.60000", "2015-06-30": "133.40000", "2015-03-31": "124.60000", "2014-12-31": "-74.60000", "2014-09-30": "-15.30000", "2014-06-30": "121.70000", "2014-03-31": "125.70000", "2013-12-31": "-65.60000", "2013-09-30": "-19.40000", "2013-06-30": "148.20000", "2013-03-31": "100.00000", "2012-12-31": "-67.70000", "2012-09-30": "-40.10000", "2012-06-30": "93.30000", "2012-03-31": "127.20000", "2011-12-31": "-73.90000", "2011-09-30": "-53.40000", "2011-06-30": "111.60000", "2011-03-31": "177.60000", "2010-12-31": "-67.90000", "2010-09-30": "-32.60000", "2010-06-30": "175.90000", "2010-03-31": "118.50000", "2009-12-31": "-57.70000", "2009-09-30": "-14.90000", "2009-06-30": "147.80000", "2009-03-31": "77.40000", "2008-12-31": "-57.00000", "2008-09-30": "-34.70000", "2008-06-30": "22.60000", "2008-03-31": "58.00000", "2007-12-31": "-56.80000", "2007-09-30": "-40.30000", "2007-06-30": "129.70000", "2007-03-31": "83.40000", "2006-12-31": "-59.40000", "2006-09-30": "-42.70000", "2006-06-30": "133.30000", "2006-03-31": "94.80000", "2005-12-31": "-52.70000", "2005-09-30": "-8.40000", "2005-06-30": "88.50000", "2005-03-31": "83.20000"}, "EBITDA": {"2020-12-31": "", "2020-09-30": "35.30000", "2020-06-30": "307.60000", "2020-03-31": "377.20000", "2019-12-31": "-40.20000", "2019-09-30": "-31.59980", "2019-06-30": "280.50000", "2019-03-31": "312.60000", "2018-12-31": "-62.60000", "2018-09-30": "-124.60000", "2018-06-30": "206.90000", "2018-03-31": "252.10000", "2017-12-31": "-52.10000", "2017-09-30": "-5.89960", "2017-06-30": "256.00000", "2017-03-31": "305.10000", "2016-12-31": "-41.70000", "2016-09-30": "-21.59990", "2016-06-30": "234.40000", "2016-03-31": "387.90000", "2015-12-31": "-79.60000", "2015-09-30": "-44.70020", "2015-06-30": "209.90010", "2015-03-31": "247.40000", "2014-12-31": "-89.80000", "2014-09-30": "-28.19980", "2014-06-30": "216.80000", "2014-03-31": "233.10000", "2013-12-31": "-73.60000", "2013-09-30": "-1.50030", "2013-06-30": "265.30000", "2013-03-31": "188.40010", "2012-12-31": "-75.60000", "2012-09-30": "-31.60020", "2012-06-30": "186.80010", "2012-03-31": "231.80000", "2011-12-31": "-83.40000", "2011-09-30": "-53.00010", "2011-06-30": "208.40000", "2011-03-31": "260.90000", "2010-12-31": "-79.80000", "2010-09-30": "-18.60010", "2010-06-30": "294.90000", "2010-03-31": "211.40000", "2009-12-31": "-53.90000", "2009-09-30": "-54.10000", "2009-06-30": "264.90000", "2009-03-31": "161.20000", "2008-12-31": "-51.10000", "2008-09-30": "19.39980", "2008-06-30": "111.70000", "2008-03-31": "131.60000", "2007-12-31": "-52.60000", "2007-09-30": "-15.70010", "2007-06-30": "244.30000", "2007-03-31": "184.19990", "2006-12-31": "-68.20000", "2006-09-30": "-46.80010", "2006-06-30": "247.50000", "2006-03-31": "179.70000", "2005-12-31": "-60.90000", "2005-09-30": "11.00010", "2005-06-30": "168.60000", "2005-03-31": "163.10010"}, "EBIT": {"2020-12-31": "34.00000", "2020-09-30": "9.60000", "2020-06-30": "284.50000", "2020-03-31": "353.70000", "2019-12-31": "-62.60000", "2019-09-30": "-53.89990", "2019-06-30": "258.20000", "2019-03-31": "290.20000", "2018-12-31": "-84.90000", "2018-09-30": "-147.20000", "2018-06-30": "185.70000", "2018-03-31": "232.30000", "2017-12-31": "-71.90000", "2017-09-30": "-26.19960", "2017-06-30": "236.10000", "2017-03-31": "285.30000", "2016-12-31": "-61.80000", "2016-09-30": "-40.79990", "2016-06-30": "216.90000", "2016-03-31": "369.20000", "2015-12-31": "-97.70000", "2015-09-30": "-63.20010", "2015-06-30": "191.40010", "2015-03-31": "231.60000", "2014-12-31": "-106.00000", "2014-09-30": "-44.59980", "2014-06-30": "200.90000", "2014-03-31": "217.10000", "2013-12-31": "-89.70000", "2013-09-30": "-18.50030", "2013-06-30": "249.00000", "2013-03-31": "171.90010", "2012-12-31": "-91.90000", "2012-09-30": "-47.10020", "2012-06-30": "170.20010", "2012-03-31": "217.10000", "2011-12-31": "-99.00000", "2011-09-30": "-68.70020", "2011-06-30": "192.40000", "2011-03-31": "245.60000", "2010-12-31": "-94.50000", "2010-09-30": "-33.40010", "2010-06-30": "280.10000", "2010-03-31": "196.70000", "2009-12-31": "-69.00000", "2009-09-30": "-70.00000", "2009-06-30": "250.00000", "2009-03-31": "146.40000", "2008-12-31": "-65.90000", "2008-09-30": "1.99980", "2008-06-30": "93.40000", "2008-03-31": "114.20000", "2007-12-31": "-69.80000", "2007-09-30": "-31.90010", "2007-06-30": "227.10000", "2007-03-31": "166.49990", "2006-12-31": "-84.60000", "2006-09-30": "-63.20000", "2006-06-30": "229.30000", "2006-03-31": "163.00000", "2005-12-31": "-76.60000", "2005-09-30": "-8.09990", "2005-06-30": "152.30000", "2005-03-31": "147.20010"}, "Basic Shares Outstanding": {"2020-12-31": "55.70000", "2020-09-30": "55.70000", "2020-06-30": "55.60000", "2020-03-31": "55.70000", "2019-12-31": "55.80000", "2019-09-30": "55.50000", "2019-06-30": "55.50000", "2019-03-31": "55.40000", "2018-12-31": "55.30000", "2018-09-30": "56.20000", "2018-06-30": "55.40000", "2018-03-31": "56.50000", "2017-12-31": "57.60000", "2017-09-30": "59.40000", "2017-06-30": "59.20000", "2017-03-31": "59.80000", "2016-12-31": "60.10000", "2016-09-30": "61.10000", "2016-06-30": "61.10000", "2016-03-31": "61.40000", "2015-12-31": "61.50000", "2015-09-30": "61.10000", "2015-06-30": "61.30000", "2015-03-31": "60.90000", "2014-12-31": "60.80000", "2014-09-30": "61.60000", "2014-06-30": "61.30000", "2014-03-31": "61.90000", "2013-12-31": "62.10000", "2013-09-30": "61.70000", "2013-06-30": "61.70000", "2013-03-31": "61.60000", "2012-12-31": "61.40000", "2012-09-30": "61.00000", "2012-06-30": "61.10000", "2012-03-31": "60.90000", "2011-12-31": "60.90000", "2011-09-30": "64.70000", "2011-06-30": "64.50000", "2011-03-31": "65.80000", "2010-12-31": "66.30000", "2010-09-30": "66.30000", "2010-06-30": "66.50000", "2010-03-31": "66.20000", "2009-12-31": "65.90000", "2009-09-30": "65.00000", "2009-06-30": "65.00000", "2009-03-31": "64.90000", "2008-12-31": "64.70000", "2008-09-30": "64.50000", "2008-06-30": "64.60000", "2008-03-31": "64.40000", "2007-12-31": "64.20000", "2007-09-30": "65.20000", "2007-06-30": "63.60000", "2007-03-31": "66.10000", "2006-12-31": "67.20000", "2006-09-30": "67.50000", "2006-06-30": "67.50000", "2006-03-31": "67.50000", "2005-12-31": "68.00000", "2005-09-30": "66.80000", "2005-06-30": "67.00000", "2005-03-31": "66.60000"}, "Shares Outstanding": {"2020-12-31": "57.10000", "2020-09-30": "56.90000", "2020-06-30": "57.10000", "2020-03-31": "56.40000", "2019-12-31": "55.80000", "2019-09-30": "56.30000", "2019-06-30": "56.60000", "2019-03-31": "55.90000", "2018-12-31": "55.30000", "2018-09-30": "57.10000", "2018-06-30": "56.30000", "2018-03-31": "57.40000", "2017-12-31": "57.60000", "2017-09-30": "60.20000", "2017-06-30": "60.00000", "2017-03-31": "60.60000", "2016-12-31": "60.10000", "2016-09-30": "62.00000", "2016-06-30": "61.90000", "2016-03-31": "62.20000", "2015-12-31": "61.50000", "2015-09-30": "62.20000", "2015-06-30": "62.30000", "2015-03-31": "62.10000", "2014-12-31": "60.80000", "2014-09-30": "62.70000", "2014-06-30": "62.40000", "2014-03-31": "62.90000", "2013-12-31": "62.10000", "2013-09-30": "62.60000", "2013-06-30": "62.60000", "2013-03-31": "62.40000", "2012-12-31": "61.40000", "2012-09-30": "62.10000", "2012-06-30": "62.20000", "2012-03-31": "62.00000", "2011-12-31": "60.90000", "2011-09-30": "66.20000", "2011-06-30": "66.20000", "2011-03-31": "67.60000", "2010-12-31": "66.30000", "2010-09-30": "67.60000", "2010-06-30": "67.90000", "2010-03-31": "67.40000", "2009-12-31": "65.90000", "2009-09-30": "66.10000", "2009-06-30": "66.10000", "2009-03-31": "65.80000", "2008-12-31": "64.70000", "2008-09-30": "65.40000", "2008-06-30": "65.30000", "2008-03-31": "65.60000", "2007-12-31": "64.20000", "2007-09-30": "67.00000", "2007-06-30": "65.40000", "2007-03-31": "67.80000", "2006-12-31": "67.20000", "2006-09-30": "69.40000", "2006-06-30": "69.40000", "2006-03-31": "69.60000", "2005-12-31": "68.00000", "2005-09-30": "68.60000", "2005-06-30": "68.60000", "2005-03-31": "68.20000"}, "Basic EPS": {"2020-12-31": "0.44000", "2020-09-30": "0.06000", "2020-06-30": "3.65000", "2020-03-31": "4.53000", "2019-12-31": "-1.28000", "2019-09-30": "-1.05000", "2019-06-30": "3.63000", "2019-03-31": "7.16000", "2018-12-31": "-1.44000", "2018-09-30": "-2.64000", "2018-06-30": "1.50000", "2018-03-31": "2.64000", "2017-12-31": "-0.37000", "2017-09-30": "-0.56000", "2017-06-30": "2.57000", "2017-03-31": "2.76000", "2016-12-31": "-1.09000", "2016-09-30": "-0.43000", "2016-06-30": "3.49000", "2016-03-31": "3.42000", "2015-12-31": "-1.32000", "2015-09-30": "-0.38000", "2015-06-30": "2.18000", "2015-03-31": "2.05000", "2014-12-31": "-1.23000", "2014-09-30": "-0.26000", "2014-06-30": "1.99000", "2014-03-31": "2.03000", "2013-12-31": "-1.06000", "2013-09-30": "-0.31000", "2013-06-30": "2.40000", "2013-03-31": "1.62000", "2012-12-31": "-1.10000", "2012-09-30": "-0.66000", "2012-06-30": "1.53000", "2012-03-31": "2.09000", "2011-12-31": "-1.21000", "2011-09-30": "-0.81000", "2011-06-30": "1.73000", "2011-03-31": "2.70000", "2010-12-31": "-1.02000", "2010-09-30": "-0.48000", "2010-06-30": "2.65000", "2010-03-31": "1.79000", "2009-12-31": "-0.88000", "2009-09-30": "-0.22000", "2009-06-30": "2.27000", "2009-03-31": "1.19000", "2008-12-31": "-0.88000", "2008-09-30": "-0.53000", "2008-06-30": "0.35000", "2008-03-31": "0.90000", "2007-12-31": "-0.89000", "2007-09-30": "-0.68000", "2007-06-30": "2.04000", "2007-03-31": "1.26000", "2006-12-31": "-0.88000", "2006-09-30": "-0.62000", "2006-06-30": "1.97000", "2006-03-31": "1.40000", "2005-12-31": "-0.78000", "2005-09-30": "-0.12000", "2005-06-30": "1.33000", "2005-03-31": "1.25000"}, "EPS - Earnings Per Share": {"2020-12-31": "0.43000", "2020-09-30": "0.07000", "2020-06-30": "3.55000", "2020-03-31": "4.47000", "2019-12-31": "-1.28000", "2019-09-30": "-1.03000", "2019-06-30": "3.56000", "2019-03-31": "7.09000", "2018-12-31": "-1.44000", "2018-09-30": "-2.57000", "2018-06-30": "1.47000", "2018-03-31": "2.59000", "2017-12-31": "-0.37000", "2017-09-30": "-0.54000", "2017-06-30": "2.53000", "2017-03-31": "2.73000", "2016-12-31": "-1.09000", "2016-09-30": "-0.41000", "2016-06-30": "3.44000", "2016-03-31": "3.38000", "2015-12-31": "-1.32000", "2015-09-30": "-0.35000", "2015-06-30": "2.14000", "2015-03-31": "2.01000", "2014-12-31": "-1.23000", "2014-09-30": "-0.24000", "2014-06-30": "1.95000", "2014-03-31": "2.00000", "2013-12-31": "-1.06000", "2013-09-30": "-0.30000", "2013-06-30": "2.37000", "2013-03-31": "1.60000", "2012-12-31": "-1.10000", "2012-09-30": "-0.63000", "2012-06-30": "1.50000", "2012-03-31": "2.05000", "2011-12-31": "-1.21000", "2011-09-30": "-0.76000", "2011-06-30": "1.69000", "2011-03-31": "2.63000", "2010-12-31": "-1.02000", "2010-09-30": "-0.45000", "2010-06-30": "2.59000", "2010-03-31": "1.76000", "2009-12-31": "-0.88000", "2009-09-30": "-0.22000", "2009-06-30": "2.24000", "2009-03-31": "1.18000", "2008-12-31": "-0.88000", "2008-09-30": "-0.51000", "2008-06-30": "0.35000", "2008-03-31": "0.88000", "2007-12-31": "-0.89000", "2007-09-30": "-0.64000", "2007-06-30": "1.98000", "2007-03-31": "1.23000", "2006-12-31": "-0.88000", "2006-09-30": "-0.59000", "2006-06-30": "1.92000", "2006-03-31": "1.36000", "2005-12-31": "-0.78000", "2005-09-30": "-0.09000", "2005-06-30": "1.29000", "2005-03-31": "1.22000"}}, "balance sheet": {"Cash On Hand": {"2020-09-30": "16.60000", "2019-09-30": "18.80000", "2018-09-30": "33.90000", "2017-09-30": "120.50000", "2016-09-30": "28.60000", "2015-09-30": "71.40000", "2014-09-30": "89.30000", "2013-09-30": "129.80000", "2012-09-30": "131.90000", "2011-09-30": "130.90000", "2010-09-30": "88.10000", "2009-09-30": "71.60000", "2008-09-30": "84.70000", "2007-09-30": "67.90000", "2006-09-30": "48.10000", "2005-09-30": "80.20000"}, "Receivables": {"2020-09-30": "497.10000", "2019-09-30": "308.40000", "2018-09-30": "310.50000", "2017-09-30": "286.60000", "2016-09-30": "301.70000", "2015-09-30": "310.60000", "2014-09-30": "337.70000", "2013-09-30": "313.30000", "2012-09-30": "330.90000", "2011-09-30": "323.50000", "2010-09-30": "350.90000", "2009-09-30": "401.30000", "2008-09-30": "406.40000", "2007-09-30": "397.80000", "2006-09-30": "380.40000", "2005-09-30": "323.30000"}, "Inventory": {"2020-09-30": "621.90000", "2019-09-30": "540.30000", "2018-09-30": "481.40000", "2017-09-30": "407.50000", "2016-09-30": "394.70000", "2015-09-30": "395.80000", "2014-09-30": "385.10000", "2013-09-30": "324.90000", "2012-09-30": "414.90000", "2011-09-30": "387.00000", "2010-09-30": "352.90000", "2009-09-30": "458.90000", "2008-09-30": "415.90000", "2007-09-30": "405.90000", "2006-09-30": "409.20000", "2005-09-30": "324.90000"}, "Pre-Paid Expenses": {"2020-09-30": "81.00000", "2019-09-30": "174.20000", "2018-09-30": "59.90000", "2017-09-30": "67.10000", "2016-09-30": "51.70000", "2015-09-30": "121.10000", "2014-09-30": "122.90000", "2013-09-30": "113.00000", "2012-09-30": "122.30000", "2011-09-30": "151.10000", "2010-09-30": "133.10000", "2009-09-30": "159.10000", "2008-09-30": "137.90000", "2007-09-30": "127.70000", "2006-09-30": "104.30000", "2005-09-30": "59.40000"}, "Other Current Assets": {"2020-09-30": "", "2019-09-30": "", "2018-09-30": "", "2017-09-30": "", "2016-09-30": "256.20000", "2015-09-30": "220.30000", "2014-09-30": "", "2013-09-30": "", "2012-09-30": "", "2011-09-30": "", "2010-09-30": "193.10000", "2009-09-30": "", "2008-09-30": "", "2007-09-30": "", "2006-09-30": "", "2005-09-30": ""}, "Total Current Assets": {"2020-09-30": "1216.60000", "2019-09-30": "1041.70000", "2018-09-30": "885.70000", "2017-09-30": "881.70000", "2016-09-30": "1032.90000", "2015-09-30": "1119.20000", "2014-09-30": "935.00000", "2013-09-30": "881.00000", "2012-09-30": "1000.00000", "2011-09-30": "992.50000", "2010-09-30": "1118.10000", "2009-09-30": "1090.90000", "2008-09-30": "1044.90000", "2007-09-30": "999.30000", "2006-09-30": "942.00000", "2005-09-30": "787.80000"}, "Property, Plant, And Equipment": {"2020-09-30": "560.00000", "2019-09-30": "546.00000", "2018-09-30": "530.80000", "2017-09-30": "467.70000", "2016-09-30": "444.90000", "2015-09-30": "444.10000", "2014-09-30": "437.00000", "2013-09-30": "422.30000", "2012-09-30": "427.40000", "2011-09-30": "394.70000", "2010-09-30": "381.30000", "2009-09-30": "369.70000", "2008-09-30": "344.10000", "2007-09-30": "365.90000", "2006-09-30": "367.60000", "2005-09-30": "337.00000"}, "Long-Term Investments": {"2020-09-30": "", "2019-09-30": "", "2018-09-30": "36.10000", "2017-09-30": "31.10000", "2016-09-30": "101.00000", "2015-09-30": "", "2014-09-30": "", "2013-09-30": "", "2012-09-30": "", "2011-09-30": "", "2010-09-30": "", "2009-09-30": "", "2008-09-30": "", "2007-09-30": "", "2006-09-30": "", "2005-09-30": ""}, "Goodwill And Intangible Assets": {"2020-09-30": "1223.30000", "2019-09-30": "1246.20000", "2018-09-30": "1400.30000", "2017-09-30": "1190.50000", "2016-09-30": "1061.90000", "2015-09-30": "938.90000", "2014-09-30": "653.60000", "2013-09-30": "599.50000", "2012-09-30": "616.50000", "2011-09-30": "628.70000", "2010-09-30": "636.00000", "2009-09-30": "739.40000", "2008-09-30": "744.90000", "2007-09-30": "881.70000", "2006-09-30": "882.80000", "2005-09-30": "872.40000"}, "Other Long-Term Assets": {"2020-09-30": "380.60000", "2019-09-30": "194.80000", "2018-09-30": "201.60000", "2017-09-30": "176.00000", "2016-09-30": "115.10000", "2015-09-30": "25.00000", "2014-09-30": "32.70000", "2013-09-30": "34.40000", "2012-09-30": "30.50000", "2011-09-30": "36.30000", "2010-09-30": "28.60000", "2009-09-30": "20.10000", "2008-09-30": "22.40000", "2007-09-30": "30.30000", "2006-09-30": "25.20000", "2005-09-30": "21.70000"}, "Total Long-Term Assets": {"2020-09-30": "2163.90000", "2019-09-30": "1987.00000", "2018-09-30": "2168.80000", "2017-09-30": "1865.30000", "2016-09-30": "1722.90000", "2015-09-30": "1408.00000", "2014-09-30": "1123.30000", "2013-09-30": "1056.20000", "2012-09-30": "1074.40000", "2011-09-30": "1059.70000", "2010-09-30": "1045.90000", "2009-09-30": "1129.20000", "2008-09-30": "1111.40000", "2007-09-30": "1277.90000", "2006-09-30": "1275.60000", "2005-09-30": "1231.10000"}, "Total Assets": {"2020-09-30": "3380.50000", "2019-09-30": "3028.70000", "2018-09-30": "3054.50000", "2017-09-30": "2747.00000", "2016-09-30": "2755.80000", "2015-09-30": "2527.20000", "2014-09-30": "2058.30000", "2013-09-30": "1937.20000", "2012-09-30": "2074.40000", "2011-09-30": "2052.20000", "2010-09-30": "2164.00000", "2009-09-30": "2220.10000", "2008-09-30": "2156.30000", "2007-09-30": "2277.20000", "2006-09-30": "2217.60000", "2005-09-30": "2018.90000"}, "Total Current Liabilities": {"2020-09-30": "950.40000", "2019-09-30": "620.50000", "2018-09-30": "612.70000", "2017-09-30": "544.50000", "2016-09-30": "707.10000", "2015-09-30": "618.60000", "2014-09-30": "544.70000", "2013-09-30": "509.80000", "2012-09-30": "433.60000", "2011-09-30": "468.60000", "2010-09-30": "736.80000", "2009-09-30": "756.80000", "2008-09-30": "678.10000", "2007-09-30": "586.60000", "2006-09-30": "496.20000", "2005-09-30": "486.20000"}, "Long Term Debt": {"2020-09-30": "1455.10000", "2019-09-30": "1523.50000", "2018-09-30": "1883.80000", "2017-09-30": "1258.00000", "2016-09-30": "1030.90000", "2015-09-30": "1025.00000", "2014-09-30": "692.40000", "2013-09-30": "478.10000", "2012-09-30": "781.10000", "2011-09-30": "791.80000", "2010-09-30": "436.70000", "2009-09-30": "649.70000", "2008-09-30": "849.50000", "2007-09-30": "1031.40000", "2006-09-30": "475.20000", "2005-09-30": "382.40000"}, "Other Non-Current Liabilities": {"2020-09-30": "272.10000", "2019-09-30": "161.50000", "2018-09-30": "198.40000", "2017-09-30": "282.80000", "2016-09-30": "283.50000", "2015-09-30": "250.50000", "2014-09-30": "254.00000", "2013-09-30": "238.80000", "2012-09-30": "257.80000", "2011-09-30": "232.00000", "2010-09-30": "226.00000", "2009-09-30": "229.10000", "2008-09-30": "192.00000", "2007-09-30": "179.90000", "2006-09-30": "164.50000", "2005-09-30": "124.10000"}, "Total Long Term Liabilities": {"2020-09-30": "1727.20000", "2019-09-30": "1685.00000", "2018-09-30": "2082.20000", "2017-09-30": "1540.80000", "2016-09-30": "1314.40000", "2015-09-30": "1275.50000", "2014-09-30": "946.40000", "2013-09-30": "716.90000", "2012-09-30": "1038.90000", "2011-09-30": "1023.80000", "2010-09-30": "662.70000", "2009-09-30": "878.80000", "2008-09-30": "1041.50000", "2007-09-30": "1211.30000", "2006-09-30": "639.70000", "2005-09-30": "506.50000"}, "Total Liabilities": {"2020-09-30": "2677.60000", "2019-09-30": "2305.50000", "2018-09-30": "2694.90000", "2017-09-30": "2085.30000", "2016-09-30": "2021.50000", "2015-09-30": "1894.10000", "2014-09-30": "1491.10000", "2013-09-30": "1226.70000", "2012-09-30": "1472.50000", "2011-09-30": "1492.40000", "2010-09-30": "1399.50000", "2009-09-30": "1635.60000", "2008-09-30": "1719.60000", "2007-09-30": "1797.90000", "2006-09-30": "1135.90000", "2005-09-30": "992.70000"}, "Common Stock Net": {"2020-09-30": "482.50000", "2019-09-30": "442.20000", "2018-09-30": "420.30000", "2017-09-30": "407.60000", "2016-09-30": "401.70000", "2015-09-30": "400.40000", "2014-09-30": "395.30000", "2013-09-30": "397.50000", "2012-09-30": "408.60000", "2011-09-30": "427.10000", "2010-09-30": "434.00000", "2009-09-30": "451.50000", "2008-09-30": "472.40000", "2007-09-30": "480.30000", "2006-09-30": "509.10000", "2005-09-30": "491.30000"}, "Retained Earnings (Accumulated Deficit)": {"2020-09-30": "1235.60000", "2019-09-30": "1274.70000", "2018-09-30": "919.90000", "2017-09-30": "978.20000", "2016-09-30": "881.80000", "2015-09-30": "684.20000", "2014-09-30": "636.90000", "2013-09-30": "703.40000", "2012-09-30": "630.20000", "2011-09-30": "599.20000", "2010-09-30": "499.60000", "2009-09-30": "337.50000", "2008-09-30": "216.70000", "2007-09-30": "260.50000", "2006-09-30": "690.70000", "2005-09-30": "591.50000"}, "Comprehensive Income": {"2020-09-30": "-99.10000", "2019-09-30": "-93.90000", "2018-09-30": "-46.00000", "2017-09-30": "-69.20000", "2016-09-30": "-116.90000", "2015-09-30": "-106.80000", "2014-09-30": "-86.20000", "2013-09-30": "-77.80000", "2012-09-30": "-87.30000", "2011-09-30": "-78.00000", "2010-09-30": "-77.10000", "2009-09-30": "-72.80000", "2008-09-30": "-67.10000", "2007-09-30": "-42.00000", "2006-09-30": "-51.60000", "2005-09-30": "-56.60000"}, "Other Share Holders Equity": {"2020-09-30": "", "2019-09-30": "", "2018-09-30": "", "2017-09-30": "", "2016-09-30": "", "2015-09-30": "", "2014-09-30": "", "2013-09-30": "", "2012-09-30": "", "2011-09-30": "", "2010-09-30": "", "2009-09-30": "", "2008-09-30": "", "2007-09-30": "", "2006-09-30": "", "2005-09-30": ""}, "Share Holder Equity": {"2020-09-30": "702.90000", "2019-09-30": "723.20000", "2018-09-30": "359.60000", "2017-09-30": "661.70000", "2016-09-30": "734.30000", "2015-09-30": "633.10000", "2014-09-30": "567.20000", "2013-09-30": "710.50000", "2012-09-30": "601.90000", "2011-09-30": "559.80000", "2010-09-30": "764.50000", "2009-09-30": "584.50000", "2008-09-30": "436.70000", "2007-09-30": "479.30000", "2006-09-30": "1081.70000", "2005-09-30": "1026.20000"}, "Total Liabilities And Share Holders Equity": {"2020-09-30": "3380.50000", "2019-09-30": "3028.70000", "2018-09-30": "3054.50000", "2017-09-30": "2747.00000", "2016-09-30": "2755.80000", "2015-09-30": "2527.20000", "2014-09-30": "2058.30000", "2013-09-30": "1937.20000", "2012-09-30": "2074.40000", "2011-09-30": "2052.20000", "2010-09-30": "2164.00000", "2009-09-30": "2220.10000", "2008-09-30": "2156.30000", "2007-09-30": "2277.20000", "2006-09-30": "2217.60000", "2005-09-30": "2018.90000"}}, "balance sheet, quarterly": {"Cash On Hand": {"2020-12-31": "21.50000", "2020-09-30": "16.60000", "2020-06-30": "48.30000", "2020-03-31": "30.80000", "2019-12-31": "27.40000", "2019-09-30": "18.80000", "2019-06-30": "36.40000", "2019-03-31": "37.50000", "2018-12-31": "22.60000", "2018-09-30": "33.90000", "2018-06-30": "29.60000", "2018-03-31": "33.00000", "2017-12-31": "54.50000", "2017-09-30": "120.50000", "2017-06-30": "87.90000", "2017-03-31": "55.40000", "2016-12-31": "73.10000", "2016-09-30": "28.60000", "2016-06-30": "77.20000", "2016-03-31": "57.30000", "2015-12-31": "49.00000", "2015-09-30": "71.40000", "2015-06-30": "79.90000", "2015-03-31": "54.80000", "2014-12-31": "130.10000", "2014-09-30": "89.30000", "2014-06-30": "147.20000", "2014-03-31": "152.70000", "2013-12-31": "124.60000", "2013-09-30": "129.80000", "2013-06-30": "105.40000", "2013-03-31": "99.10000", "2012-12-31": "115.60000", "2012-09-30": "131.90000", "2012-06-30": "132.30000", "2012-03-31": "122.40000", "2011-12-31": "127.80000", "2011-09-30": "130.90000", "2011-06-30": "164.30000", "2011-03-31": "128.70000", "2010-12-31": "78.80000", "2010-09-30": "88.10000", "2010-06-30": "77.70000", "2010-03-31": "38.30000", "2009-12-31": "51.50000", "2009-09-30": "71.60000", "2009-06-30": "149.20000", "2009-03-31": "48.10000", "2008-12-31": "48.40000", "2008-09-30": "84.70000", "2008-06-30": "166.00000", "2008-03-31": "76.90000", "2007-12-31": "64.50000", "2007-09-30": "67.90000", "2007-06-30": "66.90000", "2007-03-31": "43.50000", "2006-12-31": "36.10000", "2006-09-30": "48.10000", "2006-06-30": "63.90000", "2006-03-31": "27.30000", "2005-12-31": "37.80000", "2005-09-30": "80.20000", "2005-06-30": "176.80000", "2005-03-31": "34.60000"}, "Receivables": {"2020-12-31": "497.70000", "2020-09-30": "497.10000", "2020-06-30": "1147.90000", "2020-03-31": "1172.50000", "2019-12-31": "236.00000", "2019-09-30": "308.40000", "2019-06-30": "746.90000", "2019-03-31": "1032.90000", "2018-12-31": "208.20000", "2018-09-30": "310.50000", "2018-06-30": "704.50000", "2018-03-31": "931.30000", "2017-12-31": "170.60000", "2017-09-30": "286.60000", "2017-06-30": "649.90000", "2017-03-31": "978.30000", "2016-12-31": "175.70000", "2016-09-30": "301.70000", "2016-06-30": "794.80000", "2016-03-31": "1163.10000", "2015-12-31": "192.90000", "2015-09-30": "310.60000", "2015-06-30": "783.10000", "2015-03-31": "1045.30000", "2014-12-31": "185.40000", "2014-09-30": "337.70000", "2014-06-30": "750.10000", "2014-03-31": "1088.80000", "2013-12-31": "167.50000", "2013-09-30": "313.30000", "2013-06-30": "682.30000", "2013-03-31": "966.60000", "2012-12-31": "168.40000", "2012-09-30": "330.90000", "2012-06-30": "613.90000", "2012-03-31": "1133.20000", "2011-12-31": "180.80000", "2011-09-30": "323.50000", "2011-06-30": "693.90000", "2011-03-31": "1142.30000", "2010-12-31": "213.20000", "2010-09-30": "350.90000", "2010-06-30": "626.50000", "2010-03-31": "996.70000", "2009-12-31": "214.60000", "2009-09-30": "401.30000", "2009-06-30": "779.00000", "2009-03-31": "1008.40000", "2008-12-31": "325.10000", "2008-09-30": "406.40000", "2008-06-30": "796.20000", "2008-03-31": "1035.10000", "2007-12-31": "279.90000", "2007-09-30": "397.80000", "2007-06-30": "711.10000", "2007-03-31": "1001.00000", "2006-12-31": "264.50000", "2006-09-30": "380.40000", "2006-06-30": "662.10000", "2006-03-31": "915.80000", "2005-12-31": "250.80000", "2005-09-30": "323.30000", "2005-06-30": "545.10000", "2005-03-31": "798.20000"}, "Inventory": {"2020-12-31": "1068.30000", "2020-09-30": "621.90000", "2020-06-30": "493.10000", "2020-03-31": "743.30000", "2019-12-31": "866.10000", "2019-09-30": "540.30000", "2019-06-30": "533.70000", "2019-03-31": "675.30000", "2018-12-31": "745.40000", "2018-09-30": "481.40000", "2018-06-30": "500.50000", "2018-03-31": "596.90000", "2017-12-31": "696.10000", "2017-09-30": "407.50000", "2017-06-30": "413.20000", "2017-03-31": "596.50000", "2016-12-31": "685.90000", "2016-09-30": "394.70000", "2016-06-30": "469.90000", "2016-03-31": "619.60000", "2015-12-31": "749.70000", "2015-09-30": "395.80000", "2015-06-30": "399.80000", "2015-03-31": "584.10000", "2014-12-31": "682.80000", "2014-09-30": "385.10000", "2014-06-30": "387.80000", "2014-03-31": "546.20000", "2013-12-31": "605.70000", "2013-09-30": "324.90000", "2013-06-30": "385.80000", "2013-03-31": "613.00000", "2012-12-31": "646.70000", "2012-09-30": "414.90000", "2012-06-30": "469.30000", "2012-03-31": "601.60000", "2011-12-31": "654.80000", "2011-09-30": "387.00000", "2011-06-30": "442.20000", "2011-03-31": "556.10000", "2010-12-31": "567.00000", "2010-09-30": "352.90000", "2010-06-30": "405.90000", "2010-03-31": "531.60000", "2009-12-31": "587.50000", "2009-09-30": "458.90000", "2009-06-30": "547.40000", "2009-03-31": "667.60000", "2008-12-31": "643.40000", "2008-09-30": "415.90000", "2008-06-30": "474.90000", "2008-03-31": "625.10000", "2007-12-31": "663.90000", "2007-09-30": "405.90000", "2007-06-30": "432.40000", "2007-03-31": "571.90000", "2006-12-31": "629.10000", "2006-09-30": "409.20000", "2006-06-30": "432.60000", "2006-03-31": "537.90000", "2005-12-31": "558.80000", "2005-09-30": "324.90000", "2005-06-30": "355.80000", "2005-03-31": "486.10000"}, "Pre-Paid Expenses": {"2020-12-31": "92.00000", "2020-09-30": "81.00000", "2020-06-30": "89.50000", "2020-03-31": "95.80000", "2019-12-31": "203.30000", "2019-09-30": "174.20000", "2019-06-30": "72.90000", "2019-03-31": "93.70000", "2018-12-31": "102.50000", "2018-09-30": "59.90000", "2018-06-30": "84.40000", "2018-03-31": "78.10000", "2017-12-31": "61.70000", "2017-09-30": "67.10000", "2017-06-30": "78.40000", "2017-03-31": "85.70000", "2016-12-31": "60.60000", "2016-09-30": "51.70000", "2016-06-30": "139.20000", "2016-03-31": "160.10000", "2015-12-31": "128.80000", "2015-09-30": "121.10000", "2015-06-30": "125.90000", "2015-03-31": "146.10000", "2014-12-31": "127.60000", "2014-09-30": "122.90000", "2014-06-30": "125.90000", "2014-03-31": "149.90000", "2013-12-31": "117.90000", "2013-09-30": "113.00000", "2013-06-30": "135.00000", "2013-03-31": "158.00000", "2012-12-31": "126.20000", "2012-09-30": "122.30000", "2012-06-30": "130.60000", "2012-03-31": "169.40000", "2011-12-31": "148.80000", "2011-09-30": "151.10000", "2011-06-30": "137.30000", "2011-03-31": "164.50000", "2010-12-31": "136.10000", "2010-09-30": "133.10000", "2010-06-30": "161.20000", "2010-03-31": "195.90000", "2009-12-31": "164.30000", "2009-09-30": "159.10000", "2009-06-30": "137.80000", "2009-03-31": "159.90000", "2008-12-31": "149.30000", "2008-09-30": "137.90000", "2008-06-30": "153.30000", "2008-03-31": "159.70000", "2007-12-31": "126.10000", "2007-09-30": "127.70000", "2007-06-30": "112.70000", "2007-03-31": "131.00000", "2006-12-31": "106.80000", "2006-09-30": "104.30000", "2006-06-30": "64.70000", "2006-03-31": "70.80000", "2005-12-31": "63.50000", "2005-09-30": "59.40000", "2005-06-30": "68.10000", "2005-03-31": "83.20000"}, "Other Current Assets": {"2020-12-31": "", "2020-09-30": "", "2020-06-30": "", "2020-03-31": "", "2019-12-31": "", "2019-09-30": "", "2019-06-30": "", "2019-03-31": "", "2018-12-31": "", "2018-09-30": "", "2018-06-30": "", "2018-03-31": "", "2017-12-31": "", "2017-09-30": "", "2017-06-30": "295.00000", "2017-03-31": "331.50000", "2016-12-31": "245.90000", "2016-09-30": "256.20000", "2016-06-30": "", "2016-03-31": "208.70000", "2015-12-31": "196.90000", "2015-09-30": "220.30000", "2015-06-30": "223.20000", "2015-03-31": "205.30000", "2014-12-31": "", "2014-09-30": "", "2014-06-30": "", "2014-03-31": "", "2013-12-31": "", "2013-09-30": "", "2013-06-30": "", "2013-03-31": "", "2012-12-31": "", "2012-09-30": "", "2012-06-30": "", "2012-03-31": "", "2011-12-31": "", "2011-09-30": "", "2011-06-30": "", "2011-03-31": "", "2010-12-31": "200.90000", "2010-09-30": "193.10000", "2010-06-30": "206.00000", "2010-03-31": "237.90000", "2009-12-31": "221.70000", "2009-09-30": "", "2009-06-30": "", "2009-03-31": "", "2008-12-31": "", "2008-09-30": "", "2008-06-30": "", "2008-03-31": "", "2007-12-31": "", "2007-09-30": "", "2007-06-30": "", "2007-03-31": "", "2006-12-31": "", "2006-09-30": "", "2006-06-30": "", "2006-03-31": "", "2005-12-31": "", "2005-09-30": "", "2005-06-30": "", "2005-03-31": ""}, "Total Current Assets": {"2020-12-31": "1679.50000", "2020-09-30": "1216.60000", "2020-06-30": "1778.80000", "2020-03-31": "2042.40000", "2019-12-31": "1332.80000", "2019-09-30": "1041.70000", "2019-06-30": "1389.90000", "2019-03-31": "1839.40000", "2018-12-31": "1078.70000", "2018-09-30": "885.70000", "2018-06-30": "1319.00000", "2018-03-31": "1639.30000", "2017-12-31": "982.90000", "2017-09-30": "881.70000", "2017-06-30": "1524.40000", "2017-03-31": "2047.40000", "2016-12-31": "1241.20000", "2016-09-30": "1032.90000", "2016-06-30": "1481.10000", "2016-03-31": "2208.80000", "2015-12-31": "1317.30000", "2015-09-30": "1119.20000", "2015-06-30": "1611.90000", "2015-03-31": "2035.60000", "2014-12-31": "1125.90000", "2014-09-30": "935.00000", "2014-06-30": "1411.00000", "2014-03-31": "1937.60000", "2013-12-31": "1015.70000", "2013-09-30": "881.00000", "2013-06-30": "1308.50000", "2013-03-31": "1836.70000", "2012-12-31": "1056.90000", "2012-09-30": "1000.00000", "2012-06-30": "1346.10000", "2012-03-31": "2026.60000", "2011-12-31": "1112.20000", "2011-09-30": "992.50000", "2011-06-30": "1437.70000", "2011-03-31": "1991.60000", "2010-12-31": "1196.00000", "2010-09-30": "1118.10000", "2010-06-30": "1477.30000", "2010-03-31": "2000.40000", "2009-12-31": "1239.60000", "2009-09-30": "1090.90000", "2009-06-30": "1613.40000", "2009-03-31": "1884.00000", "2008-12-31": "1166.20000", "2008-09-30": "1044.90000", "2008-06-30": "1590.40000", "2008-03-31": "1896.80000", "2007-12-31": "1134.40000", "2007-09-30": "999.30000", "2007-06-30": "1323.10000", "2007-03-31": "1747.40000", "2006-12-31": "1036.50000", "2006-09-30": "942.00000", "2006-06-30": "1223.30000", "2006-03-31": "1551.80000", "2005-12-31": "910.90000", "2005-09-30": "787.80000", "2005-06-30": "1145.80000", "2005-03-31": "1402.10000"}, "Property, Plant, And Equipment": {"2020-12-31": "560.90000", "2020-09-30": "560.00000", "2020-06-30": "533.20000", "2020-03-31": "535.40000", "2019-12-31": "545.40000", "2019-09-30": "546.00000", "2019-06-30": "506.70000", "2019-03-31": "513.90000", "2018-12-31": "519.80000", "2018-09-30": "530.80000", "2018-06-30": "517.60000", "2018-03-31": "463.60000", "2017-12-31": "464.10000", "2017-09-30": "467.70000", "2017-06-30": "436.50000", "2017-03-31": "437.10000", "2016-12-31": "438.00000", "2016-09-30": "444.90000", "2016-06-30": "449.60000", "2016-03-31": "436.30000", "2015-12-31": "440.50000", "2015-09-30": "444.10000", "2015-06-30": "437.90000", "2015-03-31": "427.20000", "2014-12-31": "434.40000", "2014-09-30": "437.00000", "2014-06-30": "443.40000", "2014-03-31": "443.60000", "2013-12-31": "447.50000", "2013-09-30": "422.30000", "2013-06-30": "409.80000", "2013-03-31": "417.80000", "2012-12-31": "424.00000", "2012-09-30": "427.40000", "2012-06-30": "387.70000", "2012-03-31": "387.80000", "2011-12-31": "391.40000", "2011-09-30": "394.70000", "2011-06-30": "394.30000", "2011-03-31": "396.10000", "2010-12-31": "391.10000", "2010-09-30": "381.30000", "2010-06-30": "359.40000", "2010-03-31": "362.70000", "2009-12-31": "356.50000", "2009-09-30": "369.70000", "2009-06-30": "335.90000", "2009-03-31": "335.50000", "2008-12-31": "338.40000", "2008-09-30": "344.10000", "2008-06-30": "355.80000", "2008-03-31": "363.30000", "2007-12-31": "366.10000", "2007-09-30": "365.90000", "2007-06-30": "364.80000", "2007-03-31": "369.20000", "2006-12-31": "369.30000", "2006-09-30": "367.60000", "2006-06-30": "356.00000", "2006-03-31": "359.80000", "2005-12-31": "361.00000", "2005-09-30": "337.00000", "2005-06-30": "326.90000", "2005-03-31": "335.70000"}, "Long-Term Investments": {"2020-12-31": "202.90000", "2020-09-30": "", "2020-06-30": "", "2020-03-31": "", "2019-12-31": "", "2019-09-30": "", "2019-06-30": "", "2019-03-31": "34.50000", "2018-12-31": "37.30000", "2018-09-30": "36.10000", "2018-06-30": "34.40000", "2018-03-31": "33.20000", "2017-12-31": "31.70000", "2017-09-30": "31.10000", "2017-06-30": "65.70000", "2017-03-31": "59.90000", "2016-12-31": "83.90000", "2016-09-30": "101.00000", "2016-06-30": "94.40000", "2016-03-31": "", "2015-12-31": "", "2015-09-30": "", "2015-06-30": "", "2015-03-31": "", "2014-12-31": "", "2014-09-30": "", "2014-06-30": "", "2014-03-31": "", "2013-12-31": "", "2013-09-30": "", "2013-06-30": "", "2013-03-31": "", "2012-12-31": "", "2012-09-30": "", "2012-06-30": "", "2012-03-31": "", "2011-12-31": "", "2011-09-30": "", "2011-06-30": "", "2011-03-31": "", "2010-12-31": "", "2010-09-30": "", "2010-06-30": "", "2010-03-31": "", "2009-12-31": "", "2009-09-30": "", "2009-06-30": "", "2009-03-31": "", "2008-12-31": "", "2008-09-30": "", "2008-06-30": "", "2008-03-31": "", "2007-12-31": "", "2007-09-30": "", "2007-06-30": "", "2007-03-31": "", "2006-12-31": "", "2006-09-30": "", "2006-06-30": "", "2006-03-31": "", "2005-12-31": "", "2005-09-30": "", "2005-06-30": "", "2005-03-31": ""}, "Goodwill And Intangible Assets": {"2020-12-31": "1234.30000", "2020-09-30": "1223.30000", "2020-06-30": "1225.30000", "2020-03-31": "1230.30000", "2019-12-31": "1242.60000", "2019-09-30": "1246.20000", "2019-06-30": "1373.00000", "2019-03-31": "1377.50000", "2018-12-31": "1386.50000", "2018-09-30": "1400.30000", "2018-06-30": "1500.80000", "2018-03-31": "1244.40000", "2017-12-31": "1248.20000", "2017-09-30": "1190.50000", "2017-06-30": "1154.20000", "2017-03-31": "1127.40000", "2016-12-31": "1131.40000", "2016-09-30": "1061.90000", "2016-06-30": "1096.60000", "2016-03-31": "931.70000", "2015-12-31": "934.30000", "2015-09-30": "938.90000", "2015-06-30": "943.70000", "2015-03-31": "521.60000", "2014-12-31": "673.20000", "2014-09-30": "653.60000", "2014-06-30": "614.60000", "2014-03-31": "651.80000", "2013-12-31": "655.00000", "2013-09-30": "599.50000", "2013-06-30": "612.80000", "2013-03-31": "613.70000", "2012-12-31": "617.70000", "2012-09-30": "616.50000", "2012-06-30": "617.80000", "2012-03-31": "620.90000", "2011-12-31": "625.30000", "2011-09-30": "628.70000", "2011-06-30": "649.70000", "2011-03-31": "650.50000", "2010-12-31": "632.50000", "2010-09-30": "636.00000", "2010-06-30": "652.90000", "2010-03-31": "659.30000", "2009-12-31": "665.60000", "2009-09-30": "739.40000", "2009-06-30": "739.60000", "2009-03-31": "729.50000", "2008-12-31": "737.60000", "2008-09-30": "744.90000", "2008-06-30": "763.80000", "2008-03-31": "885.20000", "2007-12-31": "879.90000", "2007-09-30": "881.70000", "2007-06-30": "896.40000", "2007-03-31": "896.70000", "2006-12-31": "896.40000", "2006-09-30": "882.80000", "2006-06-30": "946.20000", "2006-03-31": "927.30000", "2005-12-31": "922.80000", "2005-09-30": "872.40000", "2005-06-30": "867.60000", "2005-03-31": "887.90000"}, "Other Long-Term Assets": {"2020-12-31": "323.10000", "2020-09-30": "380.60000", "2020-06-30": "339.50000", "2020-03-31": "327.60000", "2019-12-31": "335.20000", "2019-09-30": "194.80000", "2019-06-30": "197.80000", "2019-03-31": "191.20000", "2018-12-31": "202.90000", "2018-09-30": "201.60000", "2018-06-30": "192.10000", "2018-03-31": "195.00000", "2017-12-31": "183.90000", "2017-09-30": "176.00000", "2017-06-30": "121.30000", "2017-03-31": "120.20000", "2016-12-31": "117.70000", "2016-09-30": "115.10000", "2016-06-30": "131.80000", "2016-03-31": "102.50000", "2015-12-31": "28.80000", "2015-09-30": "25.00000", "2015-06-30": "24.60000", "2015-03-31": "25.40000", "2014-12-31": "31.70000", "2014-09-30": "32.70000", "2014-06-30": "37.40000", "2014-03-31": "38.20000", "2013-12-31": "41.20000", "2013-09-30": "34.40000", "2013-06-30": "31.20000", "2013-03-31": "28.70000", "2012-12-31": "29.50000", "2012-09-30": "30.50000", "2012-06-30": "32.50000", "2012-03-31": "34.40000", "2011-12-31": "35.40000", "2011-09-30": "36.30000", "2011-06-30": "45.50000", "2011-03-31": "36.40000", "2010-12-31": "35.60000", "2010-09-30": "28.60000", "2010-06-30": "33.60000", "2010-03-31": "29.20000", "2009-12-31": "24.30000", "2009-09-30": "20.10000", "2009-06-30": "20.30000", "2009-03-31": "18.90000", "2008-12-31": "20.70000", "2008-09-30": "22.40000", "2008-06-30": "23.90000", "2008-03-31": "25.60000", "2007-12-31": "28.60000", "2007-09-30": "30.30000", "2007-06-30": "34.60000", "2007-03-31": "29.50000", "2006-12-31": "25.80000", "2006-09-30": "25.20000", "2006-06-30": "21.00000", "2006-03-31": "20.50000", "2005-12-31": "21.20000", "2005-09-30": "21.70000", "2005-06-30": "19.00000", "2005-03-31": "21.00000"}, "Total Long-Term Assets": {"2020-12-31": "2321.20000", "2020-09-30": "2163.90000", "2020-06-30": "2098.00000", "2020-03-31": "2093.30000", "2019-12-31": "2123.20000", "2019-09-30": "1987.00000", "2019-06-30": "2077.50000", "2019-03-31": "2117.10000", "2018-12-31": "2146.50000", "2018-09-30": "2168.80000", "2018-06-30": "2244.90000", "2018-03-31": "1936.20000", "2017-12-31": "1927.90000", "2017-09-30": "1865.30000", "2017-06-30": "1777.70000", "2017-03-31": "1744.60000", "2016-12-31": "1771.00000", "2016-09-30": "1722.90000", "2016-06-30": "1772.40000", "2016-03-31": "1470.50000", "2015-12-31": "1403.60000", "2015-09-30": "1408.00000", "2015-06-30": "1406.20000", "2015-03-31": "974.20000", "2014-12-31": "1139.30000", "2014-09-30": "1123.30000", "2014-06-30": "1095.40000", "2014-03-31": "1133.60000", "2013-12-31": "1143.70000", "2013-09-30": "1056.20000", "2013-06-30": "1053.80000", "2013-03-31": "1060.20000", "2012-12-31": "1071.20000", "2012-09-30": "1074.40000", "2012-06-30": "1038.00000", "2012-03-31": "1043.10000", "2011-12-31": "1052.10000", "2011-09-30": "1059.70000", "2011-06-30": "1089.50000", "2011-03-31": "1083.00000", "2010-12-31": "1059.20000", "2010-09-30": "1045.90000", "2010-06-30": "1045.90000", "2010-03-31": "1051.20000", "2009-12-31": "1046.40000", "2009-09-30": "1129.20000", "2009-06-30": "1095.80000", "2009-03-31": "1083.90000", "2008-12-31": "1096.70000", "2008-09-30": "1111.40000", "2008-06-30": "1143.50000", "2008-03-31": "1274.10000", "2007-12-31": "1274.60000", "2007-09-30": "1277.90000", "2007-06-30": "1295.80000", "2007-03-31": "1295.40000", "2006-12-31": "1291.50000", "2006-09-30": "1275.60000", "2006-06-30": "1323.20000", "2006-03-31": "1307.60000", "2005-12-31": "1305.00000", "2005-09-30": "1231.10000", "2005-06-30": "1213.50000", "2005-03-31": "1244.60000"}, "Total Assets": {"2020-12-31": "4000.70000", "2020-09-30": "3380.50000", "2020-06-30": "3876.80000", "2020-03-31": "4135.70000", "2019-12-31": "3456.00000", "2019-09-30": "3028.70000", "2019-06-30": "3467.40000", "2019-03-31": "3956.50000", "2018-12-31": "3225.20000", "2018-09-30": "3054.50000", "2018-06-30": "3563.90000", "2018-03-31": "3575.50000", "2017-12-31": "2910.80000", "2017-09-30": "2747.00000", "2017-06-30": "3302.10000", "2017-03-31": "3792.00000", "2016-12-31": "3012.20000", "2016-09-30": "2755.80000", "2016-06-30": "3253.50000", "2016-03-31": "3679.30000", "2015-12-31": "2720.90000", "2015-09-30": "2527.20000", "2015-06-30": "3018.10000", "2015-03-31": "3009.80000", "2014-12-31": "2265.20000", "2014-09-30": "2058.30000", "2014-06-30": "2506.40000", "2014-03-31": "3071.20000", "2013-12-31": "2159.40000", "2013-09-30": "1937.20000", "2013-06-30": "2362.30000", "2013-03-31": "2896.90000", "2012-12-31": "2128.10000", "2012-09-30": "2074.40000", "2012-06-30": "2384.10000", "2012-03-31": "3069.70000", "2011-12-31": "2164.30000", "2011-09-30": "2052.20000", "2011-06-30": "2527.20000", "2011-03-31": "3074.60000", "2010-12-31": "2255.20000", "2010-09-30": "2164.00000", "2010-06-30": "2523.20000", "2010-03-31": "3051.60000", "2009-12-31": "2286.00000", "2009-09-30": "2220.10000", "2009-06-30": "2709.20000", "2009-03-31": "2967.90000", "2008-12-31": "2262.90000", "2008-09-30": "2156.30000", "2008-06-30": "2733.90000", "2008-03-31": "3170.90000", "2007-12-31": "2409.00000", "2007-09-30": "2277.20000", "2007-06-30": "2618.90000", "2007-03-31": "3042.80000", "2006-12-31": "2328.00000", "2006-09-30": "2217.60000", "2006-06-30": "2546.50000", "2006-03-31": "2859.40000", "2005-12-31": "2215.90000", "2005-09-30": "2018.90000", "2005-06-30": "2359.30000", "2005-03-31": "2646.70000"}, "Total Current Liabilities": {"2020-12-31": "1054.50000", "2020-09-30": "950.40000", "2020-06-30": "1106.70000", "2020-03-31": "981.20000", "2019-12-31": "609.70000", "2019-09-30": "620.50000", "2019-06-30": "955.40000", "2019-03-31": "1159.90000", "2018-12-31": "594.60000", "2018-09-30": "612.70000", "2018-06-30": "825.30000", "2018-03-31": "906.10000", "2017-12-31": "471.10000", "2017-09-30": "544.50000", "2017-06-30": "869.50000", "2017-03-31": "775.70000", "2016-12-31": "490.60000", "2016-09-30": "707.10000", "2016-06-30": "991.20000", "2016-03-31": "985.90000", "2015-12-31": "451.00000", "2015-09-30": "618.60000", "2015-06-30": "1348.20000", "2015-03-31": "990.60000", "2014-12-31": "421.90000", "2014-09-30": "544.70000", "2014-06-30": "908.40000", "2014-03-31": "1018.10000", "2013-12-31": "648.90000", "2013-09-30": "509.80000", "2013-06-30": "846.40000", "2013-03-31": "888.20000", "2012-12-31": "376.40000", "2012-09-30": "433.60000", "2012-06-30": "810.20000", "2012-03-31": "1012.40000", "2011-12-31": "449.10000", "2011-09-30": "468.60000", "2011-06-30": "751.10000", "2011-03-31": "1639.00000", "2010-12-31": "667.20000", "2010-09-30": "736.80000", "2010-06-30": "994.10000", "2010-03-31": "1016.00000", "2009-12-31": "739.80000", "2009-09-30": "756.80000", "2009-06-30": "958.30000", "2009-03-31": "1131.00000", "2008-12-31": "659.70000", "2008-09-30": "678.10000", "2008-06-30": "1031.00000", "2008-03-31": "1071.00000", "2007-12-31": "519.70000", "2007-09-30": "586.60000", "2007-06-30": "921.30000", "2007-03-31": "721.00000", "2006-12-31": "441.10000", "2006-09-30": "496.20000", "2006-06-30": "656.70000", "2006-03-31": "632.40000", "2005-12-31": "434.00000", "2005-09-30": "486.20000", "2005-06-30": "616.80000", "2005-03-31": "635.10000"}, "Long Term Debt": {"2020-12-31": "1979.80000", "2020-09-30": "1455.10000", "2020-06-30": "1516.00000", "2020-03-31": "2113.80000", "2019-12-31": "1969.90000", "2019-09-30": "1523.50000", "2019-06-30": "1563.50000", "2019-03-31": "2039.10000", "2018-12-31": "2186.20000", "2018-09-30": "1883.80000", "2018-06-30": "1975.40000", "2018-03-31": "1937.70000", "2017-12-31": "1697.00000", "2017-09-30": "1258.00000", "2017-06-30": "1410.80000", "2017-03-31": "2042.90000", "2016-12-31": "1648.10000", "2016-09-30": "1030.90000", "2016-06-30": "1124.10000", "2016-03-31": "1758.50000", "2015-12-31": "1493.70000", "2015-09-30": "1025.00000", "2015-06-30": "734.90000", "2015-03-31": "1207.50000", "2014-12-31": "1133.30000", "2014-09-30": "692.40000", "2014-06-30": "628.70000", "2014-03-31": "1145.30000", "2013-12-31": "652.30000", "2013-09-30": "478.10000", "2013-06-30": "548.10000", "2013-03-31": "1163.00000", "2012-12-31": "981.90000", "2012-09-30": "781.10000", "2012-06-30": "680.40000", "2012-03-31": "1241.20000", "2011-12-31": "1026.10000", "2011-09-30": "791.80000", "2011-06-30": "782.10000", "2011-03-31": "416.00000", "2010-12-31": "687.40000", "2010-09-30": "436.70000", "2010-06-30": "490.20000", "2010-03-31": "1156.00000", "2009-12-31": "798.80000", "2009-09-30": "649.70000", "2009-06-30": "967.70000", "2009-03-31": "1196.20000", "2008-12-31": "1039.30000", "2008-09-30": "849.50000", "2008-06-30": "1028.30000", "2008-03-31": "1445.90000", "2007-12-31": "1286.60000", "2007-09-30": "1031.40000", "2007-06-30": "1030.10000", "2007-03-31": "1783.20000", "2006-12-31": "679.30000", "2006-09-30": "475.20000", "2006-06-30": "613.20000", "2006-03-31": "1064.00000", "2005-12-31": "679.10000", "2005-09-30": "382.40000", "2005-06-30": "603.70000", "2005-03-31": "967.80000"}, "Other Non-Current Liabilities": {"2020-12-31": "287.40000", "2020-09-30": "272.10000", "2020-06-30": "250.20000", "2020-03-31": "246.10000", "2019-12-31": "247.10000", "2019-09-30": "161.50000", "2019-06-30": "143.30000", "2019-03-31": "135.40000", "2018-12-31": "191.20000", "2018-09-30": "198.40000", "2018-06-30": "231.90000", "2018-03-31": "235.80000", "2017-12-31": "234.90000", "2017-09-30": "282.80000", "2017-06-30": "278.80000", "2017-03-31": "282.00000", "2016-12-31": "281.30000", "2016-09-30": "283.50000", "2016-06-30": "306.00000", "2016-03-31": "247.00000", "2015-12-31": "249.50000", "2015-09-30": "250.50000", "2015-06-30": "241.60000", "2015-03-31": "241.80000", "2014-12-31": "249.10000", "2014-09-30": "254.00000", "2014-06-30": "214.10000", "2014-03-31": "232.10000", "2013-12-31": "236.90000", "2013-09-30": "238.80000", "2013-06-30": "226.00000", "2013-03-31": "238.80000", "2012-12-31": "256.00000", "2012-09-30": "257.80000", "2012-06-30": "219.50000", "2012-03-31": "226.40000", "2011-12-31": "224.90000", "2011-09-30": "232.00000", "2011-06-30": "225.70000", "2011-03-31": "231.00000", "2010-12-31": "222.00000", "2010-09-30": "226.00000", "2010-06-30": "204.10000", "2010-03-31": "205.90000", "2009-12-31": "208.90000", "2009-09-30": "229.10000", "2009-06-30": "181.20000", "2009-03-31": "187.50000", "2008-12-31": "195.20000", "2008-09-30": "192.00000", "2008-06-30": "174.80000", "2008-03-31": "187.80000", "2007-12-31": "184.80000", "2007-09-30": "179.90000", "2007-06-30": "161.40000", "2007-03-31": "163.80000", "2006-12-31": "166.00000", "2006-09-30": "164.50000", "2006-06-30": "137.90000", "2006-03-31": "133.50000", "2005-12-31": "126.50000", "2005-09-30": "124.10000", "2005-06-30": "122.00000", "2005-03-31": "125.30000"}, "Total Long Term Liabilities": {"2020-12-31": "2267.20000", "2020-09-30": "1727.20000", "2020-06-30": "1766.20000", "2020-03-31": "2359.90000", "2019-12-31": "2217.00000", "2019-09-30": "1685.00000", "2019-06-30": "1706.80000", "2019-03-31": "2174.50000", "2018-12-31": "2377.40000", "2018-09-30": "2082.20000", "2018-06-30": "2207.30000", "2018-03-31": "2173.50000", "2017-12-31": "1931.90000", "2017-09-30": "1540.80000", "2017-06-30": "1689.60000", "2017-03-31": "2324.90000", "2016-12-31": "1929.40000", "2016-09-30": "1314.40000", "2016-06-30": "1430.10000", "2016-03-31": "2005.50000", "2015-12-31": "1743.20000", "2015-09-30": "1275.50000", "2015-06-30": "976.50000", "2015-03-31": "1449.30000", "2014-12-31": "1382.40000", "2014-09-30": "946.40000", "2014-06-30": "842.80000", "2014-03-31": "1377.40000", "2013-12-31": "889.20000", "2013-09-30": "716.90000", "2013-06-30": "774.10000", "2013-03-31": "1401.80000", "2012-12-31": "1237.90000", "2012-09-30": "1038.90000", "2012-06-30": "899.90000", "2012-03-31": "1467.60000", "2011-12-31": "1251.00000", "2011-09-30": "1023.80000", "2011-06-30": "1007.80000", "2011-03-31": "647.00000", "2010-12-31": "909.40000", "2010-09-30": "662.70000", "2010-06-30": "694.30000", "2010-03-31": "1361.90000", "2009-12-31": "1007.70000", "2009-09-30": "878.80000", "2009-06-30": "1148.90000", "2009-03-31": "1383.70000", "2008-12-31": "1234.50000", "2008-09-30": "1041.50000", "2008-06-30": "1203.10000", "2008-03-31": "1633.70000", "2007-12-31": "1471.40000", "2007-09-30": "1211.30000", "2007-06-30": "1191.50000", "2007-03-31": "1947.00000", "2006-12-31": "845.30000", "2006-09-30": "639.70000", "2006-06-30": "751.10000", "2006-03-31": "1197.50000", "2005-12-31": "805.60000", "2005-09-30": "506.50000", "2005-06-30": "725.70000", "2005-03-31": "1093.10000"}, "Total Liabilities": {"2020-12-31": "3321.70000", "2020-09-30": "2677.60000", "2020-06-30": "2872.90000", "2020-03-31": "3341.10000", "2019-12-31": "2826.70000", "2019-09-30": "2305.50000", "2019-06-30": "2662.20000", "2019-03-31": "3334.40000", "2018-12-31": "2972.00000", "2018-09-30": "2694.90000", "2018-06-30": "3032.60000", "2018-03-31": "3079.60000", "2017-12-31": "2403.00000", "2017-09-30": "2085.30000", "2017-06-30": "2559.10000", "2017-03-31": "3100.60000", "2016-12-31": "2420.00000", "2016-09-30": "2021.50000", "2016-06-30": "2421.30000", "2016-03-31": "2991.40000", "2015-12-31": "2194.20000", "2015-09-30": "1894.10000", "2015-06-30": "2324.70000", "2015-03-31": "2439.90000", "2014-12-31": "1804.30000", "2014-09-30": "1491.10000", "2014-06-30": "1751.20000", "2014-03-31": "2395.50000", "2013-12-31": "1538.10000", "2013-09-30": "1226.70000", "2013-06-30": "1620.50000", "2013-03-31": "2290.00000", "2012-12-31": "1614.30000", "2012-09-30": "1472.50000", "2012-06-30": "1710.10000", "2012-03-31": "2480.00000", "2011-12-31": "1700.10000", "2011-09-30": "1492.40000", "2011-06-30": "1758.90000", "2011-03-31": "2286.00000", "2010-12-31": "1576.60000", "2010-09-30": "1399.50000", "2010-06-30": "1688.40000", "2010-03-31": "2377.90000", "2009-12-31": "1747.50000", "2009-09-30": "1635.60000", "2009-06-30": "2107.20000", "2009-03-31": "2514.70000", "2008-12-31": "1894.20000", "2008-09-30": "1719.60000", "2008-06-30": "2234.10000", "2008-03-31": "2704.70000", "2007-12-31": "1991.10000", "2007-09-30": "1797.90000", "2007-06-30": "2112.80000", "2007-03-31": "2668.00000", "2006-12-31": "1286.40000", "2006-09-30": "1135.90000", "2006-06-30": "1407.80000", "2006-03-31": "1829.90000", "2005-12-31": "1239.60000", "2005-09-30": "992.70000", "2005-06-30": "1342.50000", "2005-03-31": "1728.20000"}, "Common Stock Net": {"2020-12-31": "", "2020-09-30": "482.50000", "2020-06-30": "465.80000", "2020-03-31": "450.50000", "2019-12-31": "448.90000", "2019-09-30": "442.20000", "2019-06-30": "437.00000", "2019-03-31": "426.20000", "2018-12-31": "425.90000", "2018-09-30": "420.30000", "2018-06-30": "411.40000", "2018-03-31": "409.00000", "2017-12-31": "407.90000", "2017-09-30": "407.60000", "2017-06-30": "405.70000", "2017-03-31": "399.80000", "2016-12-31": "402.40000", "2016-09-30": "401.70000", "2016-06-30": "401.10000", "2016-03-31": "401.90000", "2015-12-31": "402.30000", "2015-09-30": "400.40000", "2015-06-30": "403.90000", "2015-03-31": "399.40000", "2014-12-31": "399.00000", "2014-09-30": "395.30000", "2014-06-30": "390.50000", "2014-03-31": "395.00000", "2013-12-31": "394.20000", "2013-09-30": "397.50000", "2013-06-30": "401.80000", "2013-03-31": "402.70000", "2012-12-31": "405.30000", "2012-09-30": "408.60000", "2012-06-30": "413.60000", "2012-03-31": "412.50000", "2011-12-31": "410.30000", "2011-09-30": "427.10000", "2011-06-30": "426.70000", "2011-03-31": "425.70000", "2010-12-31": "428.60000", "2010-09-30": "434.00000", "2010-06-30": "439.30000", "2010-03-31": "435.90000", "2009-12-31": "437.70000", "2009-09-30": "451.50000", "2009-06-30": "463.80000", "2009-03-31": "460.80000", "2008-12-31": "460.70000", "2008-09-30": "472.40000", "2008-06-30": "476.60000", "2008-03-31": "476.40000", "2007-12-31": "478.80000", "2007-09-30": "480.30000", "2007-06-30": "489.60000", "2007-03-31": "492.20000", "2006-12-31": "491.50000", "2006-09-30": "509.10000", "2006-06-30": "508.30000", "2006-03-31": "501.40000", "2005-12-31": "503.20000", "2005-09-30": "491.30000", "2005-06-30": "464.80000", "2005-03-31": "452.80000"}, "Retained Earnings (Accumulated Deficit)": {"2020-12-31": "", "2020-09-30": "1235.60000", "2020-06-30": "1557.00000", "2020-03-31": "1389.00000", "2019-12-31": "1169.80000", "2019-09-30": "1274.70000", "2019-06-30": "1369.30000", "2019-03-31": "1199.20000", "2018-12-31": "835.40000", "2018-09-30": "919.90000", "2018-06-30": "1097.50000", "2018-03-31": "1044.50000", "2017-12-31": "925.90000", "2017-09-30": "978.20000", "2017-06-30": "1043.10000", "2017-03-31": "921.00000", "2016-12-31": "786.40000", "2016-09-30": "881.80000", "2016-06-30": "938.60000", "2016-03-31": "756.40000", "2015-12-31": "573.70000", "2015-09-30": "684.20000", "2015-06-30": "737.10000", "2015-03-31": "632.40000", "2014-12-31": "534.60000", "2014-09-30": "636.90000", "2014-06-30": "803.00000", "2014-03-31": "708.50000", "2013-12-31": "610.20000", "2013-09-30": "703.40000", "2013-06-30": "750.00000", "2013-03-31": "622.20000", "2012-12-31": "542.20000", "2012-09-30": "630.20000", "2012-06-30": "690.30000", "2012-03-31": "620.10000", "2011-12-31": "511.60000", "2011-09-30": "599.20000", "2011-06-30": "671.30000", "2011-03-31": "573.30000", "2010-12-31": "414.20000", "2010-09-30": "499.60000", "2010-06-30": "548.80000", "2010-03-31": "381.40000", "2009-12-31": "271.10000", "2009-09-30": "337.50000", "2009-06-30": "359.70000", "2009-03-31": "220.00000", "2008-12-31": "150.80000", "2008-09-30": "216.70000", "2008-06-30": "259.90000", "2008-03-31": "245.40000", "2007-12-31": "195.60000", "2007-09-30": "260.50000", "2007-06-30": "308.10000", "2007-03-31": "186.30000", "2006-12-31": "622.70000", "2006-09-30": "690.70000", "2006-06-30": "741.70000", "2006-03-31": "616.90000", "2005-12-31": "530.60000", "2005-09-30": "591.50000", "2005-06-30": "608.50000", "2005-03-31": "520.00000"}, "Comprehensive Income": {"2020-12-31": "", "2020-09-30": "-99.10000", "2020-06-30": "-102.20000", "2020-03-31": "-107.90000", "2019-12-31": "-91.00000", "2019-09-30": "-93.90000", "2019-06-30": "-78.60000", "2019-03-31": "-79.20000", "2018-12-31": "-75.30000", "2018-09-30": "-46.00000", "2018-06-30": "-55.00000", "2018-03-31": "-51.30000", "2017-12-31": "-68.20000", "2017-09-30": "-69.20000", "2017-06-30": "-108.30000", "2017-03-31": "-113.70000", "2016-12-31": "-117.10000", "2016-09-30": "-116.90000", "2016-06-30": "-117.50000", "2016-03-31": "-106.60000", "2015-12-31": "-107.00000", "2015-09-30": "-106.80000", "2015-06-30": "-91.50000", "2015-03-31": "-97.40000", "2014-12-31": "-88.60000", "2014-09-30": "-86.20000", "2014-06-30": "-72.30000", "2014-03-31": "-76.60000", "2013-12-31": "-75.20000", "2013-09-30": "-77.80000", "2013-06-30": "-84.30000", "2013-03-31": "-86.40000", "2012-12-31": "-90.60000", "2012-09-30": "-87.30000", "2012-06-30": "-70.70000", "2012-03-31": "-78.50000", "2011-12-31": "-80.20000", "2011-09-30": "-78.00000", "2011-06-30": "-77.10000", "2011-03-31": "-71.40000", "2010-12-31": "-65.90000", "2010-09-30": "-77.10000", "2010-06-30": "-66.80000", "2010-03-31": "-53.60000", "2009-12-31": "-64.90000", "2009-09-30": "-72.80000", "2009-06-30": "-59.80000", "2009-03-31": "-63.20000", "2008-12-31": "-69.90000", "2008-09-30": "-67.10000", "2008-06-30": "-42.60000", "2008-03-31": "-55.20000", "2007-12-31": "-44.40000", "2007-09-30": "-42.00000", "2007-06-30": "-46.80000", "2007-03-31": "-50.80000", "2006-12-31": "-51.20000", "2006-09-30": "-51.60000", "2006-06-30": "-54.00000", "2006-03-31": "-55.80000", "2005-12-31": "-56.30000", "2005-09-30": "-56.60000", "2005-06-30": "-56.50000", "2005-03-31": "-54.30000"}, "Other Share Holders Equity": {"2020-12-31": "", "2020-09-30": "", "2020-06-30": "", "2020-03-31": "", "2019-12-31": "", "2019-09-30": "", "2019-06-30": "", "2019-03-31": "", "2018-12-31": "", "2018-09-30": "", "2018-06-30": "", "2018-03-31": "", "2017-12-31": "", "2017-09-30": "", "2017-06-30": "", "2017-03-31": "", "2016-12-31": "", "2016-09-30": "", "2016-06-30": "", "2016-03-31": "", "2015-12-31": "", "2015-09-30": "", "2015-06-30": "", "2015-03-31": "", "2014-12-31": "", "2014-09-30": "", "2014-06-30": "", "2014-03-31": "", "2013-12-31": "", "2013-09-30": "", "2013-06-30": "", "2013-03-31": "", "2012-12-31": "", "2012-09-30": "", "2012-06-30": "", "2012-03-31": "", "2011-12-31": "", "2011-09-30": "", "2011-06-30": "", "2011-03-31": "", "2010-12-31": "", "2010-09-30": "", "2010-06-30": "", "2010-03-31": "", "2009-12-31": "", "2009-09-30": "", "2009-06-30": "", "2009-03-31": "", "2008-12-31": "", "2008-09-30": "", "2008-06-30": "", "2008-03-31": "", "2007-12-31": "", "2007-09-30": "", "2007-06-30": "", "2007-03-31": "", "2006-12-31": "", "2006-09-30": "", "2006-06-30": "", "2006-03-31": "", "2005-12-31": "", "2005-09-30": "", "2005-06-30": "", "2005-03-31": ""}, "Share Holder Equity": {"2020-12-31": "679.00000", "2020-09-30": "702.90000", "2020-06-30": "1003.90000", "2020-03-31": "794.60000", "2019-12-31": "629.30000", "2019-09-30": "723.20000", "2019-06-30": "805.20000", "2019-03-31": "622.10000", "2018-12-31": "253.20000", "2018-09-30": "359.60000", "2018-06-30": "531.30000", "2018-03-31": "495.90000", "2017-12-31": "507.80000", "2017-09-30": "661.70000", "2017-06-30": "743.00000", "2017-03-31": "691.40000", "2016-12-31": "592.20000", "2016-09-30": "734.30000", "2016-06-30": "832.20000", "2016-03-31": "687.90000", "2015-12-31": "526.70000", "2015-09-30": "633.10000", "2015-06-30": "693.40000", "2015-03-31": "569.90000", "2014-12-31": "460.90000", "2014-09-30": "567.20000", "2014-06-30": "755.20000", "2014-03-31": "675.70000", "2013-12-31": "621.30000", "2013-09-30": "710.50000", "2013-06-30": "741.80000", "2013-03-31": "606.90000", "2012-12-31": "513.80000", "2012-09-30": "601.90000", "2012-06-30": "674.00000", "2012-03-31": "589.70000", "2011-12-31": "464.20000", "2011-09-30": "559.80000", "2011-06-30": "768.30000", "2011-03-31": "788.60000", "2010-12-31": "678.60000", "2010-09-30": "764.50000", "2010-06-30": "834.80000", "2010-03-31": "673.70000", "2009-12-31": "538.50000", "2009-09-30": "584.50000", "2009-06-30": "602.00000", "2009-03-31": "453.20000", "2008-12-31": "368.70000", "2008-09-30": "436.70000", "2008-06-30": "499.80000", "2008-03-31": "466.20000", "2007-12-31": "417.90000", "2007-09-30": "479.30000", "2007-06-30": "506.10000", "2007-03-31": "374.80000", "2006-12-31": "1041.60000", "2006-09-30": "1081.70000", "2006-06-30": "1138.70000", "2006-03-31": "1029.50000", "2005-12-31": "976.30000", "2005-09-30": "1026.20000", "2005-06-30": "1016.80000", "2005-03-31": "918.50000"}, "Total Liabilities And Share Holders Equity": {"2020-12-31": "4000.70000", "2020-09-30": "3380.50000", "2020-06-30": "3876.80000", "2020-03-31": "4135.70000", "2019-12-31": "3456.00000", "2019-09-30": "3028.70000", "2019-06-30": "3467.40000", "2019-03-31": "3956.50000", "2018-12-31": "3225.20000", "2018-09-30": "3054.50000", "2018-06-30": "3563.90000", "2018-03-31": "3575.50000", "2017-12-31": "2910.80000", "2017-09-30": "2747.00000", "2017-06-30": "3302.10000", "2017-03-31": "3792.00000", "2016-12-31": "3012.20000", "2016-09-30": "2755.80000", "2016-06-30": "3253.50000", "2016-03-31": "3679.30000", "2015-12-31": "2720.90000", "2015-09-30": "2527.20000", "2015-06-30": "3018.10000", "2015-03-31": "3009.80000", "2014-12-31": "2265.20000", "2014-09-30": "2058.30000", "2014-06-30": "2506.40000", "2014-03-31": "3071.20000", "2013-12-31": "2159.40000", "2013-09-30": "1937.20000", "2013-06-30": "2362.30000", "2013-03-31": "2896.90000", "2012-12-31": "2128.10000", "2012-09-30": "2074.40000", "2012-06-30": "2384.10000", "2012-03-31": "3069.70000", "2011-12-31": "2164.30000", "2011-09-30": "2052.20000", "2011-06-30": "2527.20000", "2011-03-31": "3074.60000", "2010-12-31": "2255.20000", "2010-09-30": "2164.00000", "2010-06-30": "2523.20000", "2010-03-31": "3051.60000", "2009-12-31": "2286.00000", "2009-09-30": "2220.10000", "2009-06-30": "2709.20000", "2009-03-31": "2967.90000", "2008-12-31": "2262.90000", "2008-09-30": "2156.30000", "2008-06-30": "2733.90000", "2008-03-31": "3170.90000", "2007-12-31": "2409.00000", "2007-09-30": "2277.20000", "2007-06-30": "2618.90000", "2007-03-31": "3042.80000", "2006-12-31": "2328.00000", "2006-09-30": "2217.60000", "2006-06-30": "2546.50000", "2006-03-31": "2859.40000", "2005-12-31": "2215.90000", "2005-09-30": "2018.90000", "2005-06-30": "2359.30000", "2005-03-31": "2646.70000"}}, "cash flow statement": {"Net Income/Loss": {"2020-09-30": "388.60000", "2019-09-30": "460.20000", "2018-09-30": "63.70000", "2017-09-30": "218.80000", "2016-09-30": "314.80000", "2015-09-30": "158.70000", "2014-09-30": "166.20000", "2013-09-30": "161.10000", "2012-09-30": "106.50000", "2011-09-30": "167.90000", "2010-09-30": "204.10000", "2009-09-30": "153.30000", "2008-09-30": "-10.90000", "2007-09-30": "113.40000", "2006-09-30": "132.70000", "2005-09-30": "100.60000"}, "Total Depreciation And Amortization - Cash Flow": {"2020-09-30": "94.70000", "2019-09-30": "89.30000", "2018-09-30": "83.40000", "2017-09-30": "80.10000", "2016-09-30": "73.50000", "2015-09-30": "69.00000", "2014-09-30": "64.40000", "2013-09-30": "66.10000", "2012-09-30": "62.40000", "2011-09-30": "61.70000", "2010-09-30": "59.40000", "2009-09-30": "60.40000", "2008-09-30": "70.30000", "2007-09-30": "67.50000", "2006-09-30": "67.00000", "2005-09-30": "67.20000"}, "Other Non-Cash Items": {"2020-09-30": "60.10000", "2019-09-30": "-351.80000", "2018-09-30": "181.30000", "2017-09-30": "-2.10000", "2016-09-30": "-38.00000", "2015-09-30": "30.90000", "2014-09-30": "59.30000", "2013-09-30": "40.90000", "2012-09-30": "22.70000", "2011-09-30": "-25.40000", "2010-09-30": "49.90000", "2009-09-30": "12.20000", "2008-09-30": "132.40000", "2007-09-30": "70.50000", "2006-09-30": "72.00000", "2005-09-30": "32.10000"}, "Total Non-Cash Items": {"2020-09-30": "154.80000", "2019-09-30": "-262.50000", "2018-09-30": "264.70000", "2017-09-30": "78.00000", "2016-09-30": "35.50000", "2015-09-30": "99.90000", "2014-09-30": "123.70000", "2013-09-30": "107.00000", "2012-09-30": "85.10000", "2011-09-30": "36.30000", "2010-09-30": "109.30000", "2009-09-30": "72.60000", "2008-09-30": "202.70000", "2007-09-30": "138.00000", "2006-09-30": "139.00000", "2005-09-30": "99.30000"}, "Change In Accounts Receivable": {"2020-09-30": "-188.10000", "2019-09-30": "0.60000", "2018-09-30": "-2.70000", "2017-09-30": "48.60000", "2016-09-30": "-29.80000", "2015-09-30": "-12.50000", "2014-09-30": "-29.40000", "2013-09-30": "17.90000", "2012-09-30": "-6.90000", "2011-09-30": "10.40000", "2010-09-30": "-10.70000", "2009-09-30": "7.10000", "2008-09-30": "-15.70000", "2007-09-30": "-4.20000", "2006-09-30": "-37.60000", "2005-09-30": "-37.90000"}, "Change In Inventories": {"2020-09-30": "-80.60000", "2019-09-30": "-65.00000", "2018-09-30": "14.30000", "2017-09-30": "3.60000", "2016-09-30": "-29.40000", "2015-09-30": "-17.50000", "2014-09-30": "-38.70000", "2013-09-30": "89.00000", "2012-09-30": "-23.10000", "2011-09-30": "-37.80000", "2010-09-30": "50.80000", "2009-09-30": "-47.40000", "2008-09-30": "-17.90000", "2007-09-30": "13.20000", "2006-09-30": "-60.60000", "2005-09-30": "-15.80000"}, "Change In Accounts Payable": {"2020-09-30": "172.20000", "2019-09-30": "54.30000", "2018-09-30": "-3.90000", "2017-09-30": "9.00000", "2016-09-30": "-45.30000", "2015-09-30": "6.90000", "2014-09-30": "52.60000", "2013-09-30": "-5.20000", "2012-09-30": "-6.90000", "2011-09-30": "6.10000", "2010-09-30": "-31.20000", "2009-09-30": "-17.30000", "2008-09-30": "9.40000", "2007-09-30": "-3.50000", "2006-09-30": "34.30000", "2005-09-30": "10.30000"}, "Change In Assets/Liabilities": {"2020-09-30": "111.10000", "2019-09-30": "39.20000", "2018-09-30": "6.40000", "2017-09-30": "5.20000", "2016-09-30": "-1.80000", "2015-09-30": "11.40000", "2014-09-30": "-33.50000", "2013-09-30": "-27.80000", "2012-09-30": "-1.30000", "2011-09-30": "-60.80000", "2010-09-30": "-2.30000", "2009-09-30": "96.30000", "2008-09-30": "33.30000", "2007-09-30": "-10.30000", "2006-09-30": "8.00000", "2005-09-30": "42.30000"}, "Total Change In Assets/Liabilities": {"2020-09-30": "14.60000", "2019-09-30": "29.10000", "2018-09-30": "14.10000", "2017-09-30": "66.40000", "2016-09-30": "-106.30000", "2015-09-30": "-11.70000", "2014-09-30": "-49.00000", "2013-09-30": "73.90000", "2012-09-30": "-38.20000", "2011-09-30": "-82.10000", "2010-09-30": "-17.50000", "2009-09-30": "38.70000", "2008-09-30": "9.10000", "2007-09-30": "-4.80000", "2006-09-30": "-89.30000", "2005-09-30": "26.80000"}, "Cash Flow From Operating Activities": {"2020-09-30": "558.00000", "2019-09-30": "226.80000", "2018-09-30": "342.50000", "2017-09-30": "363.20000", "2016-09-30": "244.00000", "2015-09-30": "246.90000", "2014-09-30": "240.90000", "2013-09-30": "342.00000", "2012-09-30": "153.40000", "2011-09-30": "122.10000", "2010-09-30": "295.90000", "2009-09-30": "264.60000", "2008-09-30": "200.90000", "2007-09-30": "246.60000", "2006-09-30": "182.40000", "2005-09-30": "226.70000"}, "Net Change In Property, Plant, And Equipment": {"2020-09-30": "-62.30000", "2019-09-30": "-40.30000", "2018-09-30": "-63.10000", "2017-09-30": "-63.90000", "2016-09-30": "-55.90000", "2015-09-30": "-56.20000", "2014-09-30": "-83.90000", "2013-09-30": "-56.50000", "2012-09-30": "-68.70000", "2011-09-30": "-72.50000", "2010-09-30": "-58.90000", "2009-09-30": "-70.60000", "2008-09-30": "-55.00000", "2007-09-30": "-53.50000", "2006-09-30": "-55.70000", "2005-09-30": "-40.40000"}, "Net Change In Intangible Assets": {"2020-09-30": "", "2019-09-30": "", "2018-09-30": "", "2017-09-30": "", "2016-09-30": "", "2015-09-30": "-300.00000", "2014-09-30": "", "2013-09-30": "", "2012-09-30": "", "2011-09-30": "", "2010-09-30": "", "2009-09-30": "-3.40000", "2008-09-30": "-4.10000", "2007-09-30": "", "2006-09-30": "", "2005-09-30": ""}, "Net Acquisitions/Divestitures": {"2020-09-30": "", "2019-09-30": "-6.60000", "2018-09-30": "-492.90000", "2017-09-30": "58.60000", "2016-09-30": "-158.40000", "2015-09-30": "-180.20000", "2014-09-30": "-106.80000", "2013-09-30": "-3.20000", "2012-09-30": "-7.00000", "2011-09-30": "246.00000", "2010-09-30": "", "2009-09-30": "-9.30000", "2008-09-30": "", "2007-09-30": "-18.70000", "2006-09-30": "-118.40000", "2005-09-30": "-77.70000"}, "Net Change In Short-term Investments": {"2020-09-30": "", "2019-09-30": "", "2018-09-30": "", "2017-09-30": "", "2016-09-30": "", "2015-09-30": "", "2014-09-30": "", "2013-09-30": "", "2012-09-30": "", "2011-09-30": "", "2010-09-30": "", "2009-09-30": "", "2008-09-30": "", "2007-09-30": "", "2006-09-30": "", "2005-09-30": ""}, "Net Change In Long-Term Investments": {"2020-09-30": "115.50000", "2019-09-30": "", "2018-09-30": "", "2017-09-30": "", "2016-09-30": "", "2015-09-30": "", "2014-09-30": "", "2013-09-30": "-4.50000", "2012-09-30": "", "2011-09-30": "", "2010-09-30": "", "2009-09-30": "", "2008-09-30": "", "2007-09-30": "", "2006-09-30": "", "2005-09-30": "57.20000"}, "Net Change In Investments - Total": {"2020-09-30": "115.50000", "2019-09-30": "", "2018-09-30": "", "2017-09-30": "", "2016-09-30": "", "2015-09-30": "", "2014-09-30": "", "2013-09-30": "-4.50000", "2012-09-30": "", "2011-09-30": "", "2010-09-30": "", "2009-09-30": "", "2008-09-30": "", "2007-09-30": "", "2006-09-30": "", "2005-09-30": "57.20000"}, "Investing Activities - Other": {"2020-09-30": "-6.30000", "2019-09-30": "302.10000", "2018-09-30": "-24.70000", "2017-09-30": "27.70000", "2016-09-30": "79.90000", "2015-09-30": "", "2014-09-30": "35.10000", "2013-09-30": "", "2012-09-30": "", "2011-09-30": "-20.00000", "2010-09-30": "", "2009-09-30": "", "2008-09-30": "", "2007-09-30": "", "2006-09-30": "", "2005-09-30": ""}, "Cash Flow From Investing Activities": {"2020-09-30": "46.90000", "2019-09-30": "255.20000", "2018-09-30": "-580.70000", "2017-09-30": "22.40000", "2016-09-30": "-134.40000", "2015-09-30": "-536.40000", "2014-09-30": "-155.60000", "2013-09-30": "-64.20000", "2012-09-30": "-75.70000", "2011-09-30": "153.50000", "2010-09-30": "-58.90000", "2009-09-30": "-83.30000", "2008-09-30": "-59.10000", "2007-09-30": "-72.20000", "2006-09-30": "-174.10000", "2005-09-30": "-60.90000"}, "Net Long-Term Debt": {"2020-09-30": "49.50000", "2019-09-30": "-0.80000", "2018-09-30": "-8.90000", "2017-09-30": "221.30000", "2016-09-30": "197.20000", "2015-09-30": "-1.50000", "2014-09-30": "-200.80000", "2013-09-30": "-0.80000", "2012-09-30": "", "2011-09-30": "199.70000", "2010-09-30": "197.90000", "2009-09-30": "-1.40000", "2008-09-30": "-2.70000", "2007-09-30": "-212.30000", "2006-09-30": "-4.50000", "2005-09-30": "-405.90000"}, "Net Current Debt": {"2020-09-30": "-191.10010", "2019-09-30": "-389.30000", "2018-09-30": "674.10010", "2017-09-30": "-169.00000", "2016-09-30": "-81.29980", "2015-09-30": "378.00000", "2014-09-30": "407.50000", "2013-09-30": "-207.29990", "2012-09-30": "-10.60000", "2011-09-30": "-22.00000", "2010-09-30": "-370.00000", "2009-09-30": "-178.00000", "2008-09-30": "-99.90000", "2007-09-30": "808.70000", "2006-09-30": "55.20000", "2005-09-30": "187.80000"}, "Debt Issuance/Retirement Net - Total": {"2020-09-30": "-141.60010", "2019-09-30": "-390.10000", "2018-09-30": "665.20010", "2017-09-30": "52.30000", "2016-09-30": "115.90020", "2015-09-30": "376.50000", "2014-09-30": "206.70000", "2013-09-30": "-208.09990", "2012-09-30": "-10.60000", "2011-09-30": "177.70000", "2010-09-30": "-172.10000", "2009-09-30": "-179.40000", "2008-09-30": "-102.60000", "2007-09-30": "596.40000", "2006-09-30": "50.70000", "2005-09-30": "-218.10000"}, "Net Common Equity Issued/Repurchased": {"2020-09-30": "-53.20000", "2019-09-30": "-3.10000", "2018-09-30": "-327.70000", "2017-09-30": "-255.20000", "2016-09-30": "-137.40000", "2015-09-30": "-14.80000", "2014-09-30": "-120.00000", "2013-09-30": "", "2012-09-30": "-17.50000", "2011-09-30": "-358.70000", "2010-09-30": "-25.00000", "2009-09-30": "", "2008-09-30": "", "2007-09-30": "-246.80000", "2006-09-30": "-87.90000", "2005-09-30": ""}, "Net Total Equity Issued/Repurchased": {"2020-09-30": "-53.20000", "2019-09-30": "-3.10000", "2018-09-30": "-327.70000", "2017-09-30": "-255.20000", "2016-09-30": "-137.40000", "2015-09-30": "-14.80000", "2014-09-30": "-120.00000", "2013-09-30": "", "2012-09-30": "-17.50000", "2011-09-30": "-358.70000", "2010-09-30": "-25.00000", "2009-09-30": "", "2008-09-30": "", "2007-09-30": "-246.80000", "2006-09-30": "-87.90000", "2005-09-30": ""}, "Total Common And Preferred Stock Dividends Paid": {"2020-09-30": "-411.20000", "2019-09-30": "-124.50000", "2018-09-30": "-120.00000", "2017-09-30": "-120.30000", "2016-09-30": "-116.60000", "2015-09-30": "-111.30000", "2014-09-30": "-230.80000", "2013-09-30": "-87.80000", "2012-09-30": "-75.40000", "2011-09-30": "-67.90000", "2010-09-30": "-42.60000", "2009-09-30": "-33.40000", "2008-09-30": "-32.50000", "2007-09-30": "-543.60000", "2006-09-30": "-33.50000", "2005-09-30": "-8.60000"}, "Financial Activities - Other": {"2020-09-30": "-1.10000", "2019-09-30": "21.20000", "2018-09-30": "-66.30000", "2017-09-30": "6.40000", "2016-09-30": "9.30000", "2015-09-30": "28.50000", "2014-09-30": "19.80000", "2013-09-30": "15.30000", "2012-09-30": "24.20000", "2011-09-30": "18.20000", "2010-09-30": "23.40000", "2009-09-30": "18.80000", "2008-09-30": "12.10000", "2007-09-30": "35.20000", "2006-09-30": "23.80000", "2005-09-30": "31.50000"}, "Cash Flow From Financial Activities": {"2020-09-30": "-607.10000", "2019-09-30": "-496.50000", "2018-09-30": "151.20000", "2017-09-30": "-316.80000", "2016-09-30": "-128.80000", "2015-09-30": "278.90000", "2014-09-30": "-124.30000", "2013-09-30": "-280.60000", "2012-09-30": "-79.30000", "2011-09-30": "-230.70000", "2010-09-30": "-216.30000", "2009-09-30": "-194.00000", "2008-09-30": "-123.00000", "2007-09-30": "-158.80000", "2006-09-30": "-46.90000", "2005-09-30": "-195.20000"}, "Net Cash Flow": {"2020-09-30": "-2.20000", "2019-09-30": "-15.10000", "2018-09-30": "-86.60000", "2017-09-30": "70.40000", "2016-09-30": "-21.30000", "2015-09-30": "-17.90000", "2014-09-30": "-40.50000", "2013-09-30": "-2.10000", "2012-09-30": "1.00000", "2011-09-30": "42.80000", "2010-09-30": "17.50000", "2009-09-30": "-13.10000", "2008-09-30": "16.80000", "2007-09-30": "19.80000", "2006-09-30": "-32.10000", "2005-09-30": "-35.40000"}, "Stock-Based Compensation": {"2020-09-30": "57.90000", "2019-09-30": "38.40000", "2018-09-30": "40.40000", "2017-09-30": "25.20000", "2016-09-30": "15.60000", "2015-09-30": "13.20000", "2014-09-30": "11.10000", "2013-09-30": "10.30000", "2012-09-30": "12.50000", "2011-09-30": "16.00000", "2010-09-30": "16.40000", "2009-09-30": "14.50000", "2008-09-30": "12.50000", "2007-09-30": "13.30000", "2006-09-30": "15.70000", "2005-09-30": "10.70000"}, "Common Stock Dividends Paid": {"2020-09-30": "-411.20000", "2019-09-30": "-124.50000", "2018-09-30": "-120.00000", "2017-09-30": "-120.30000", "2016-09-30": "-116.60000", "2015-09-30": "-111.30000", "2014-09-30": "-230.80000", "2013-09-30": "-87.80000", "2012-09-30": "-75.40000", "2011-09-30": "-67.90000", "2010-09-30": "-42.60000", "2009-09-30": "-33.40000", "2008-09-30": "-32.50000", "2007-09-30": "-543.60000", "2006-09-30": "-33.50000", "2005-09-30": "-8.60000"}}, "cash flow statement, quarterly": {"Net Income/Loss": {"2020-12-31": "0.00000", "2020-09-30": 4.2, "2020-06-30": 203.3, "2020-03-31": 252.4, "2019-12-31": "-71.30000", "2019-09-30": -58.2, "2019-06-30": 201.6, "2019-03-31": 396.5, "2018-12-31": "-79.70000", "2018-09-30": -146.9, "2018-06-30": 82.8, "2018-03-31": 149, "2017-12-31": "-21.20000", "2017-09-30": -33.5, "2017-06-30": 152, "2017-03-31": 165.2, "2016-12-31": "-64.90000", "2016-09-30": -26.9, "2016-06-30": 212.6, "2016-03-31": 209.9, "2015-12-31": "-80.80000", "2015-09-30": -24.6, "2015-06-30": 133, "2015-03-31": 124.3, "2014-12-31": "-74.00000", "2014-09-30": -15.5, "2014-06-30": 121.7, "2014-03-31": 125.6, "2013-12-31": "-65.60000", "2013-09-30": -19.4, "2013-06-30": 148.2, "2013-03-31": 100, "2012-12-31": "-67.70000", "2012-09-30": -40.1, "2012-06-30": 93.3, "2012-03-31": 127.2, "2011-12-31": "-73.90000", "2011-09-30": -53.4, "2011-06-30": 111.6, "2011-03-31": 177.6, "2010-12-31": "-67.90000", "2010-09-30": -32.6, "2010-06-30": 175.9, "2010-03-31": 118.5, "2009-12-31": "-57.70000", "2009-09-30": -14.9, "2009-06-30": 147.8, "2009-03-31": 77.4, "2008-12-31": "-57.00000", "2008-09-30": -34.7, "2008-06-30": 22.6, "2008-03-31": 58, "2007-12-31": "-56.80000", "2007-09-30": -40.3, "2007-06-30": 129.7, "2007-03-31": 83.4, "2006-12-31": "-59.40000", "2006-09-30": -42.7, "2006-06-30": 133.3, "2006-03-31": 94.8, "2005-12-31": "-52.70000", "2005-09-30": -8.4, "2005-06-30": 88.6, "2005-03-31": 20.4}, "Total Depreciation And Amortization - Cash Flow": {"2020-12-31": "", "2020-09-30": 25.7, "2020-06-30": 23.1, "2020-03-31": 23.5, "2019-12-31": "22.40000", "2019-09-30": 22.3, "2019-06-30": 22.3, "2019-03-31": 22.4, "2018-12-31": "22.30000", "2018-09-30": 22.6, "2018-06-30": 21.2, "2018-03-31": 19.8, "2017-12-31": "19.80000", "2017-09-30": 20.3, "2017-06-30": 19.9, "2017-03-31": 19.8, "2016-12-31": "20.10000", "2016-09-30": 19.2, "2016-06-30": 17.5, "2016-03-31": 18.7, "2015-12-31": "18.10000", "2015-09-30": 18.5, "2015-06-30": 18.5, "2015-03-31": 15.8, "2014-12-31": "16.20000", "2014-09-30": 16.4, "2014-06-30": 15.9, "2014-03-31": 16, "2013-12-31": "16.10000", "2013-09-30": 17, "2013-06-30": 16.3, "2013-03-31": 16.5, "2012-12-31": "16.30000", "2012-09-30": 15.5, "2012-06-30": 16.6, "2012-03-31": 14.7, "2011-12-31": "15.60000", "2011-09-30": 15.7, "2011-06-30": 16, "2011-03-31": 15.3, "2010-12-31": "14.70000", "2010-09-30": 14.8, "2010-06-30": 14.8, "2010-03-31": 14.7, "2009-12-31": "15.10000", "2009-09-30": 15.9, "2009-06-30": 14.9, "2009-03-31": 14.8, "2008-12-31": "14.80000", "2008-09-30": 17.4, "2008-06-30": 18.3, "2008-03-31": 17.4, "2007-12-31": "17.20000", "2007-09-30": 16.2, "2007-06-30": 17.2, "2007-03-31": 17.7, "2006-12-31": "16.40000", "2006-09-30": 16.4, "2006-06-30": 18.2, "2006-03-31": 16.7, "2005-12-31": "15.70000", "2005-09-30": 19.1, "2005-06-30": 16.3, "2005-03-31": 31.8}, "Other Non-Cash Items": {"2020-12-31": "", "2020-09-30": 13.7, "2020-06-30": 16.1, "2020-03-31": 12.6, "2019-12-31": "17.70000", "2019-09-30": -8, "2019-06-30": -13.1, "2019-03-31": -336.3, "2018-12-31": "5.60000", "2018-09-30": 90.7, "2018-06-30": 102.7, "2018-03-31": 33.3, "2017-12-31": "-45.40000", "2017-09-30": -37.9, "2017-06-30": -4.7, "2017-03-31": 32.5, "2016-12-31": "8.00000", "2016-09-30": 95.8, "2016-06-30": -138.1, "2016-03-31": 10.2, "2015-12-31": "-5.90000", "2015-09-30": -22.4, "2015-06-30": 37.5, "2015-03-31": 8, "2014-12-31": "7.80000", "2014-09-30": 13.9, "2014-06-30": 36.5, "2014-03-31": 11.2, "2013-12-31": "-2.30000", "2013-09-30": 30, "2013-06-30": 1.9, "2013-03-31": 5.6, "2012-12-31": "3.40000", "2012-09-30": 21.1, "2012-06-30": -1.4, "2012-03-31": 4.3, "2011-12-31": "-1.30000", "2011-09-30": 40.1, "2011-06-30": 14.5, "2011-03-31": -84.3, "2010-12-31": "4.30000", "2010-09-30": 58.9, "2010-06-30": 4.4, "2010-03-31": 5.3, "2009-12-31": "-18.70000", "2009-09-30": -1.6, "2009-06-30": 6.7, "2009-03-31": 3.6, "2008-12-31": "3.50000", "2008-09-30": 0.8, "2008-06-30": 125.1, "2008-03-31": 3.4, "2007-12-31": "3.10000", "2007-09-30": 43.6, "2007-06-30": 3.2, "2007-03-31": 22.6, "2006-12-31": "1.10000", "2006-09-30": 67.7, "2006-06-30": -12.8, "2006-03-31": 16.8, "2005-12-31": "0.30000", "2005-09-30": -10.5, "2005-06-30": 14.6, "2005-03-31": 28}, "Total Non-Cash Items": {"2020-12-31": "", "2020-09-30": 39.4, "2020-06-30": 39.2, "2020-03-31": 36.1, "2019-12-31": "40.10000", "2019-09-30": 14.3, "2019-06-30": 9.2, "2019-03-31": -313.9, "2018-12-31": "27.90000", "2018-09-30": 113.3, "2018-06-30": 123.9, "2018-03-31": 53.1, "2017-12-31": "-25.60000", "2017-09-30": -17.6, "2017-06-30": 15.2, "2017-03-31": 52.3, "2016-12-31": "28.10000", "2016-09-30": 115, "2016-06-30": -120.6, "2016-03-31": 28.9, "2015-12-31": "12.20000", "2015-09-30": -3.9, "2015-06-30": 56, "2015-03-31": 23.8, "2014-12-31": "24.00000", "2014-09-30": 30.3, "2014-06-30": 52.4, "2014-03-31": 27.2, "2013-12-31": "13.80000", "2013-09-30": 47, "2013-06-30": 18.2, "2013-03-31": 22.1, "2012-12-31": "19.70000", "2012-09-30": 36.6, "2012-06-30": 15.2, "2012-03-31": 19, "2011-12-31": "14.30000", "2011-09-30": 55.8, "2011-06-30": 30.5, "2011-03-31": -69, "2010-12-31": "19.00000", "2010-09-30": 73.7, "2010-06-30": 19.2, "2010-03-31": 20, "2009-12-31": "-3.60000", "2009-09-30": 14.3, "2009-06-30": 21.6, "2009-03-31": 18.4, "2008-12-31": "18.30000", "2008-09-30": 18.2, "2008-06-30": 143.4, "2008-03-31": 20.8, "2007-12-31": "20.30000", "2007-09-30": 59.8, "2007-06-30": 20.4, "2007-03-31": 40.3, "2006-12-31": "17.50000", "2006-09-30": 84.1, "2006-06-30": 5.4, "2006-03-31": 33.5, "2005-12-31": "16.00000", "2005-09-30": 8.6, "2005-06-30": 30.9, "2005-03-31": 59.8}, "Change In Accounts Receivable": {"2020-12-31": "", "2020-09-30": 651.9, "2020-06-30": 26.8, "2020-03-31": -939.7, "2019-12-31": "72.90000", "2019-09-30": 436.6, "2019-06-30": 287.9, "2019-03-31": -824.6, "2018-12-31": "100.70000", "2018-09-30": 395.1, "2018-06-30": 245.2, "2018-03-31": -760.6, "2017-12-31": "117.60000", "2017-09-30": 417.2, "2017-06-30": 381.3, "2017-03-31": -889.5, "2016-12-31": "139.60000", "2016-09-30": 418, "2016-06-30": 386.8, "2016-03-31": -969, "2015-12-31": "134.40000", "2015-09-30": 463.1, "2015-06-30": 259.1, "2015-03-31": -883.6, "2014-12-31": "148.90000", "2014-09-30": 404.3, "2014-06-30": 341.6, "2014-03-31": -920.8, "2013-12-31": "145.50000", "2013-09-30": 374.4, "2013-06-30": 282.3, "2013-03-31": -802.4, "2012-12-31": "163.60000", "2012-09-30": 286.6, "2012-06-30": 513.9, "2012-03-31": -949.2, "2011-12-31": "141.80000", "2011-09-30": 363.3, "2011-06-30": 448.8, "2011-03-31": -941.2, "2010-12-31": "139.50000", "2010-09-30": 300.6, "2010-06-30": 388.1, "2010-03-31": -825, "2009-12-31": "125.60000", "2009-09-30": 374.1, "2009-06-30": 246.5, "2009-03-31": -690.5, "2008-12-31": "77.00000", "2008-09-30": 372.5, "2008-06-30": 235.9, "2008-03-31": -743.8, "2007-12-31": "119.70000", "2007-09-30": 317.2, "2007-06-30": 295.4, "2007-03-31": -737.5, "2006-12-31": "120.70000", "2006-09-30": 276.7, "2006-06-30": 267, "2006-03-31": -663.3, "2005-12-31": "82.00000", "2005-09-30": 216.4, "2005-06-30": 239.6, "2005-03-31": -493.9}, "Change In Inventories": {"2020-12-31": "", "2020-09-30": -126.7, "2020-06-30": 252.8, "2020-03-31": 118, "2019-12-31": "-324.70000", "2019-09-30": -11.6, "2019-06-30": 143.1, "2019-03-31": 70.6, "2018-12-31": "-267.10000", "2018-09-30": 19.4, "2018-06-30": 179, "2018-03-31": 98.6, "2017-12-31": "-282.70000", "2017-09-30": 9.1, "2017-06-30": 202.4, "2017-03-31": 100.4, "2016-12-31": "-308.30000", "2016-09-30": 23.2, "2016-06-30": 171.7, "2016-03-31": 129.8, "2015-12-31": "-354.10000", "2015-09-30": 3.6, "2015-06-30": 194.7, "2015-03-31": 85.4, "2014-12-31": "-301.20000", "2014-09-30": 24.6, "2014-06-30": 159.4, "2014-03-31": 56.2, "2013-12-31": "-278.90000", "2013-09-30": 64.7, "2013-06-30": 225.5, "2013-03-31": 30.6, "2012-12-31": "-231.80000", "2012-09-30": 56.4, "2012-06-30": 133.8, "2012-03-31": 55.9, "2011-12-31": "-269.20000", "2011-09-30": 50, "2011-06-30": 114.3, "2011-03-31": 23.2, "2010-12-31": "-225.30000", "2010-09-30": 64.7, "2010-06-30": 122.1, "2010-03-31": 64, "2009-12-31": "-200.00000", "2009-09-30": 88, "2009-06-30": 128, "2009-03-31": -30.2, "2008-12-31": "-233.20000", "2008-09-30": 46.3, "2008-06-30": 149.3, "2008-03-31": 43.5, "2007-12-31": "-257.00000", "2007-09-30": 29.3, "2007-06-30": 141.9, "2007-03-31": 57.3, "2006-12-31": "-215.30000", "2006-09-30": 22.9, "2006-06-30": 116.6, "2006-03-31": 22.1, "2005-12-31": "-222.20000", "2005-09-30": 31.5, "2005-06-30": 123.4, "2005-03-31": -170.7}, "Change In Accounts Payable": {"2020-12-31": "", "2020-09-30": 56.9, "2020-06-30": -14.5, "2020-03-31": 15.6, "2019-12-31": "114.20000", "2019-09-30": -25.4, "2019-06-30": -74.8, "2019-03-31": 61.4, "2018-12-31": "93.10000", "2018-09-30": -50.2, "2018-06-30": -67.6, "2018-03-31": 29.9, "2017-12-31": "84.00000", "2017-09-30": -52.3, "2017-06-30": -105.8, "2017-03-31": 66.3, "2016-12-31": "100.80000", "2016-09-30": -96.4, "2016-06-30": -53.9, "2016-03-31": 62.4, "2015-12-31": "42.60000", "2015-09-30": -118.9, "2015-06-30": 8.1, "2015-03-31": 84.7, "2014-12-31": "33.00000", "2014-09-30": -93.2, "2014-06-30": -63, "2014-03-31": 110.3, "2013-12-31": "98.50000", "2013-09-30": -102.3, "2013-06-30": -94.9, "2013-03-31": 143.8, "2012-12-31": "48.20000", "2012-09-30": -104.5, "2012-06-30": -103.6, "2012-03-31": 124.8, "2011-12-31": "76.40000", "2011-09-30": -107.8, "2011-06-30": -109.5, "2011-03-31": 143.4, "2010-12-31": "80.00000", "2010-09-30": -76.1, "2010-06-30": -88.3, "2010-03-31": 26.4, "2009-12-31": "106.80000", "2009-09-30": -76.9, "2009-06-30": -91.9, "2009-03-31": 83.2, "2008-12-31": "68.30000", "2008-09-30": -79.1, "2008-06-30": -72.2, "2008-03-31": 131.6, "2007-12-31": "29.10000", "2007-09-30": -73.1, "2007-06-30": -71.7, "2007-03-31": 123, "2006-12-31": "18.30000", "2006-09-30": -42.4, "2006-06-30": -33.4, "2006-03-31": 50.2, "2005-12-31": "59.90000", "2005-09-30": -60.9, "2005-06-30": -54.7, "2005-03-31": 125.9}, "Change In Assets/Liabilities": {"2020-12-31": "", "2020-09-30": -110.2, "2020-06-30": 142, "2020-03-31": 228.7, "2019-12-31": "-149.40000", "2019-09-30": -51.2, "2019-06-30": -98.6, "2019-03-31": 297.3, "2018-12-31": "-108.30000", "2018-09-30": 15.2, "2018-06-30": -83.9, "2018-03-31": 157.7, "2017-12-31": "-82.60000", "2017-09-30": -51.3, "2017-06-30": -64.5, "2017-03-31": 226.1, "2016-12-31": "-105.10000", "2016-09-30": -160, "2016-06-30": 2.3, "2016-03-31": 248.8, "2015-12-31": "-92.90000", "2015-09-30": -96.6, "2015-06-30": 22, "2015-03-31": 183.7, "2014-12-31": "-97.70000", "2014-09-30": -143.9, "2014-06-30": 36.8, "2014-03-31": 167.1, "2013-12-31": "-93.50000", "2013-09-30": -165.5, "2013-06-30": 109.1, "2013-03-31": 129.2, "2012-12-31": "-100.60000", "2012-09-30": -196.7, "2012-06-30": 82.9, "2012-03-31": 203, "2011-12-31": "-90.50000", "2011-09-30": -172.3, "2011-06-30": 136.2, "2011-03-31": -23.4, "2010-12-31": "-1.30000", "2010-09-30": -166.5, "2010-06-30": 193.7, "2010-03-31": -21.4, "2009-12-31": "-8.10000", "2009-09-30": -123.5, "2009-06-30": 245.9, "2009-03-31": -5.2, "2008-12-31": "-20.90000", "2008-09-30": 56.2, "2008-06-30": 14.4, "2008-03-31": -40.6, "2007-12-31": "3.30000", "2007-09-30": 7.5, "2007-06-30": 14.4, "2007-03-31": -32.8, "2006-12-31": "0.60000", "2006-09-30": -9.7, "2006-06-30": 15.4, "2006-03-31": 2, "2005-12-31": "0.30000", "2005-09-30": 39.2, "2005-06-30": 7.4, "2005-03-31": -4.3}, "Total Change In Assets/Liabilities": {"2020-12-31": "", "2020-09-30": 471.9, "2020-06-30": 407.1, "2020-03-31": -577.4, "2019-12-31": "-287.00000", "2019-09-30": 348.4, "2019-06-30": 257.6, "2019-03-31": -395.3, "2018-12-31": "-181.60000", "2018-09-30": 379.5, "2018-06-30": 272.7, "2018-03-31": -474.4, "2017-12-31": "-163.70000", "2017-09-30": 322.7, "2017-06-30": 413.4001, "2017-03-31": -496.7001, "2016-12-31": "-173.00000", "2016-09-30": 184.8, "2016-06-30": 506.9, "2016-03-31": -528, "2015-12-31": "-270.00000", "2015-09-30": 251.2, "2015-06-30": 483.9, "2015-03-31": -529.8, "2014-12-31": "-217.00000", "2014-09-30": 191.8, "2014-06-30": 474.8, "2014-03-31": -587.2, "2013-12-31": "-128.40000", "2013-09-30": 171.3, "2013-06-30": 522, "2013-03-31": -498.8, "2012-12-31": "-120.60000", "2012-09-30": 41.8, "2012-06-30": 627, "2012-03-31": -565.5, "2011-12-31": "-141.50000", "2011-09-30": 133.2, "2011-06-30": 448.4, "2011-03-31": -542.9, "2010-12-31": "-120.80000", "2010-09-30": 98.6, "2010-06-30": 572.5, "2010-03-31": -573.2, "2009-12-31": "-115.40000", "2009-09-30": 261.7, "2009-06-30": 453, "2009-03-31": -542.4, "2008-12-31": "-133.60000", "2008-09-30": 256.9, "2008-06-30": 350.1999, "2008-03-31": -454.4999, "2007-12-31": "-143.50000", "2007-09-30": 164.9, "2007-06-30": 431.8, "2007-03-31": -439.3, "2006-12-31": "-162.20000", "2006-09-30": 136.9, "2006-06-30": 424.1, "2006-03-31": -453, "2005-12-31": "-197.30000", "2005-09-30": 159.3, "2005-06-30": 363.7, "2005-03-31": -496.2}, "Cash Flow From Operating Activities": {"2020-12-31": "", "2020-09-30": 515.5, "2020-06-30": 649.6, "2020-03-31": -288.9, "2019-12-31": "-318.20000", "2019-09-30": 304.5, "2019-06-30": 468.4, "2019-03-31": -312.7, "2018-12-31": "-233.40000", "2018-09-30": 345.9, "2018-06-30": 479.4, "2018-03-31": -272.3, "2017-12-31": "-210.50000", "2017-09-30": 271.6, "2017-06-30": 580.6, "2017-03-31": -279.2, "2016-12-31": "-209.80000", "2016-09-30": 272.9, "2016-06-30": 598.9, "2016-03-31": -289.2, "2015-12-31": "-338.60000", "2015-09-30": 222.7, "2015-06-30": 672.9, "2015-03-31": -381.7, "2014-12-31": "-267.00000", "2014-09-30": 206.6, "2014-06-30": 648.9, "2014-03-31": -434.4, "2013-12-31": "-180.20000", "2013-09-30": 198.9, "2013-06-30": 688.4, "2013-03-31": -376.7, "2012-12-31": "-168.60000", "2012-09-30": 38.3, "2012-06-30": 735.5, "2012-03-31": -419.3, "2011-12-31": "-201.10000", "2011-09-30": 135.6, "2011-06-30": 590.5, "2011-03-31": -434.3, "2010-12-31": "-169.70000", "2010-09-30": 139.7, "2010-06-30": 767.6, "2010-03-31": -434.7, "2009-12-31": "-176.70000", "2009-09-30": 261.1, "2009-06-30": 622.4, "2009-03-31": -446.6, "2008-12-31": "-172.30000", "2008-09-30": 240.4, "2008-06-30": 516.2, "2008-03-31": -375.7, "2007-12-31": "-180.00000", "2007-09-30": 184.4, "2007-06-30": 581.9, "2007-03-31": -315.6, "2006-12-31": "-204.10000", "2006-09-30": 178.3, "2006-06-30": 562.8, "2006-03-31": -324.7, "2005-12-31": "-234.00000", "2005-09-30": 159.5, "2005-06-30": 483.2, "2005-03-31": -416}, "Net Change In Property, Plant, And Equipment": {"2020-12-31": "", "2020-09-30": -20.8, "2020-06-30": -12.3, "2020-03-31": -7.3, "2019-12-31": "-21.90000", "2019-09-30": -11.7, "2019-06-30": -7.8, "2019-03-31": -8.1, "2018-12-31": "-12.70000", "2018-09-30": -23.6, "2018-06-30": -6.6, "2018-03-31": -13.5, "2017-12-31": "-19.40000", "2017-09-30": -26.9, "2017-06-30": -9, "2017-03-31": -12, "2016-12-31": "-16.00000", "2016-09-30": -22.6, "2016-06-30": -9.1, "2016-03-31": -8.2, "2015-12-31": "-16.00000", "2015-09-30": -20.3, "2015-06-30": -13.1, "2015-03-31": -8.3, "2014-12-31": "-14.50000", "2014-09-30": -15.6, "2014-06-30": -15.3, "2014-03-31": -9.6, "2013-12-31": "-43.40000", "2013-09-30": -17.3, "2013-06-30": -4.7, "2013-03-31": -9.6, "2012-12-31": "-24.90000", "2012-09-30": -30.2, "2012-06-30": -13.3, "2012-03-31": -8.8, "2011-12-31": "-16.40000", "2011-09-30": -19.4, "2011-06-30": -8.8, "2011-03-31": -16.2, "2010-12-31": "-28.10000", "2010-09-30": -35.6, "2010-06-30": -9, "2010-03-31": -18.5, "2009-12-31": "4.20000", "2009-09-30": -44.7, "2009-06-30": -7.6, "2009-03-31": -10.4, "2008-12-31": "-7.90000", "2008-09-30": -20.2, "2008-06-30": -10.3, "2008-03-31": -10, "2007-12-31": "-14.50000", "2007-09-30": -16.2, "2007-06-30": -7.6, "2007-03-31": -13.8, "2006-12-31": "-15.90000", "2006-09-30": -19.1, "2006-06-30": -10, "2006-03-31": -12.3, "2005-12-31": "-14.30000", "2005-09-30": -21.1, "2005-06-30": -7.7, "2005-03-31": -11.6}, "Net Change In Intangible Assets": {"2020-12-31": "", "2020-09-30": 0, "2020-06-30": 0, "2020-03-31": 0, "2019-12-31": "", "2019-09-30": 0, "2019-06-30": 0, "2019-03-31": 0, "2018-12-31": "", "2018-09-30": 0, "2018-06-30": 0, "2018-03-31": 0, "2017-12-31": "", "2017-09-30": 0, "2017-06-30": 0, "2017-03-31": 0, "2016-12-31": "", "2016-09-30": 0, "2016-06-30": 0, "2016-03-31": 0, "2015-12-31": "", "2015-09-30": -300, "2015-06-30": 0, "2015-03-31": 0, "2014-12-31": "", "2014-09-30": 0, "2014-06-30": 0, "2014-03-31": 0, "2013-12-31": "", "2013-09-30": 0, "2013-06-30": 0, "2013-03-31": 0, "2012-12-31": "", "2012-09-30": 0, "2012-06-30": 0, "2012-03-31": 0, "2011-12-31": "", "2011-09-30": 0, "2011-06-30": 0, "2011-03-31": 0, "2010-12-31": "", "2010-09-30": 0, "2010-06-30": 0, "2010-03-31": 0, "2009-12-31": "", "2009-09-30": -3.4, "2009-06-30": 0, "2009-03-31": 0, "2008-12-31": "", "2008-09-30": -4.1, "2008-06-30": 0, "2008-03-31": 0, "2007-12-31": "", "2007-09-30": 0, "2007-06-30": 0, "2007-03-31": 0, "2006-12-31": "", "2006-09-30": 0, "2006-06-30": 0, "2006-03-31": 0, "2005-12-31": "", "2005-09-30": 0, "2005-06-30": 0, "2005-03-31": 0}, "Net Acquisitions/Divestitures": {"2020-12-31": "", "2020-09-30": 0, "2020-06-30": 0, "2020-03-31": 0, "2019-12-31": "", "2019-09-30": 0, "2019-06-30": 0, "2019-03-31": 0, "2018-12-31": "-6.60000", "2018-09-30": 0, "2018-06-30": -420.9, "2018-03-31": -2, "2017-12-31": "-70.00000", "2017-09-30": 147.8, "2017-06-30": -11.3, "2017-03-31": 0, "2016-12-31": "-77.90000", "2016-09-30": 3, "2016-06-30": -161.4, "2016-03-31": 0, "2015-12-31": "", "2015-09-30": -1.1, "2015-06-30": -128.6, "2015-03-31": -39.4, "2014-12-31": "-11.10000", "2014-09-30": -54, "2014-06-30": 3.1, "2014-03-31": 4.1, "2013-12-31": "-60.00000", "2013-09-30": 0, "2013-06-30": 0, "2013-03-31": 0, "2012-12-31": "-3.20000", "2012-09-30": 0, "2012-06-30": -7, "2012-03-31": 0, "2011-12-31": "", "2011-09-30": -7.1, "2011-06-30": 3.3, "2011-03-31": 249.8, "2010-12-31": "", "2010-09-30": 0, "2010-06-30": 0, "2010-03-31": 0, "2009-12-31": "", "2009-09-30": 0, "2009-06-30": 0, "2009-03-31": -0.6, "2008-12-31": "-8.70000", "2008-09-30": 0, "2008-06-30": 0, "2008-03-31": 0, "2007-12-31": "", "2007-09-30": -12.2, "2007-06-30": -0.2, "2007-03-31": -3.6, "2006-12-31": "-2.70000", "2006-09-30": 0.9, "2006-06-30": -17.3, "2006-03-31": -4.3, "2005-12-31": "-97.70000", "2005-09-30": -1, "2005-06-30": -0.1, "2005-03-31": -76.6}, "Net Change In Short-term Investments": {"2020-12-31": "", "2020-09-30": 0, "2020-06-30": 0, "2020-03-31": 0, "2019-12-31": "", "2019-09-30": 0, "2019-06-30": 0, "2019-03-31": 0, "2018-12-31": "", "2018-09-30": 0, "2018-06-30": 0, "2018-03-31": 0, "2017-12-31": "", "2017-09-30": 0, "2017-06-30": 0, "2017-03-31": 0, "2016-12-31": "", "2016-09-30": 0, "2016-06-30": 0, "2016-03-31": 0, "2015-12-31": "", "2015-09-30": 0, "2015-06-30": 0, "2015-03-31": 0, "2014-12-31": "", "2014-09-30": 0, "2014-06-30": 0, "2014-03-31": 0, "2013-12-31": "", "2013-09-30": 0, "2013-06-30": 0, "2013-03-31": 0, "2012-12-31": "", "2012-09-30": 0, "2012-06-30": 0, "2012-03-31": 0, "2011-12-31": "", "2011-09-30": 0, "2011-06-30": 0, "2011-03-31": 0, "2010-12-31": "", "2010-09-30": 0, "2010-06-30": 0, "2010-03-31": 0, "2009-12-31": "", "2009-09-30": 0, "2009-06-30": 0, "2009-03-31": 0, "2008-12-31": "", "2008-09-30": 0, "2008-06-30": 0, "2008-03-31": 0, "2007-12-31": "", "2007-09-30": 0, "2007-06-30": 0, "2007-03-31": 0, "2006-12-31": "", "2006-09-30": 0, "2006-06-30": 0, "2006-03-31": 0, "2005-12-31": "", "2005-09-30": 0, "2005-06-30": 0, "2005-03-31": 0}, "Net Change In Long-Term Investments": {"2020-12-31": "", "2020-09-30": 0, "2020-06-30": 0, "2020-03-31": 115.5, "2019-12-31": "", "2019-09-30": 0, "2019-06-30": 0, "2019-03-31": 0, "2018-12-31": "", "2018-09-30": 0, "2018-06-30": 0, "2018-03-31": 0, "2017-12-31": "", "2017-09-30": 0, "2017-06-30": 0.2, "2017-03-31": -0.1, "2016-12-31": "-0.10000", "2016-09-30": 0, "2016-06-30": 2, "2016-03-31": -1.2, "2015-12-31": "-0.80000", "2015-09-30": 0, "2015-06-30": 0, "2015-03-31": 0, "2014-12-31": "", "2014-09-30": 0, "2014-06-30": 0, "2014-03-31": 0, "2013-12-31": "", "2013-09-30": 0, "2013-06-30": -4.5, "2013-03-31": 0, "2012-12-31": "", "2012-09-30": 0, "2012-06-30": 0, "2012-03-31": 0, "2011-12-31": "", "2011-09-30": 0, "2011-06-30": 0, "2011-03-31": 0, "2010-12-31": "", "2010-09-30": 0, "2010-06-30": 0, "2010-03-31": 0, "2009-12-31": "", "2009-09-30": 1, "2009-06-30": 0, "2009-03-31": 0, "2008-12-31": "-1.00000", "2008-09-30": 0, "2008-06-30": 0, "2008-03-31": 0, "2007-12-31": "", "2007-09-30": 0, "2007-06-30": 0, "2007-03-31": 0, "2006-12-31": "", "2006-09-30": 0, "2006-06-30": 0, "2006-03-31": 0, "2005-12-31": "", "2005-09-30": 0, "2005-06-30": 0, "2005-03-31": 57.2}, "Net Change In Investments - Total": {"2020-12-31": "", "2020-09-30": 0, "2020-06-30": 0, "2020-03-31": 115.5, "2019-12-31": "", "2019-09-30": 0, "2019-06-30": 0, "2019-03-31": 0, "2018-12-31": "", "2018-09-30": 0, "2018-06-30": 0, "2018-03-31": 0, "2017-12-31": "", "2017-09-30": 0, "2017-06-30": 0.2, "2017-03-31": -0.1, "2016-12-31": "-0.10000", "2016-09-30": 0, "2016-06-30": 2, "2016-03-31": -1.2, "2015-12-31": "-0.80000", "2015-09-30": 0, "2015-06-30": 0, "2015-03-31": 0, "2014-12-31": "", "2014-09-30": 0, "2014-06-30": 0, "2014-03-31": 0, "2013-12-31": "", "2013-09-30": 0, "2013-06-30": -4.5, "2013-03-31": 0, "2012-12-31": "", "2012-09-30": 0, "2012-06-30": 0, "2012-03-31": 0, "2011-12-31": "", "2011-09-30": 0, "2011-06-30": 0, "2011-03-31": 0, "2010-12-31": "", "2010-09-30": 0, "2010-06-30": 0, "2010-03-31": 0, "2009-12-31": "", "2009-09-30": 1, "2009-06-30": 0, "2009-03-31": 0, "2008-12-31": "-1.00000", "2008-09-30": 0, "2008-06-30": 0, "2008-03-31": 0, "2007-12-31": "", "2007-09-30": 0, "2007-06-30": 0, "2007-03-31": 0, "2006-12-31": "", "2006-09-30": 0, "2006-06-30": 0, "2006-03-31": 0, "2005-12-31": "", "2005-09-30": 0, "2005-06-30": 0, "2005-03-31": 57.2}, "Investing Activities - Other": {"2020-12-31": "", "2020-09-30": -6.7, "2020-06-30": 4.6, "2020-03-31": -0.4, "2019-12-31": "-3.80000", "2019-09-30": 3.4, "2019-06-30": 41.6, "2019-03-31": 254.9, "2018-12-31": "2.20000", "2018-09-30": 5.2, "2018-06-30": 13.1, "2018-03-31": -37.7, "2017-12-31": "-5.30000", "2017-09-30": 27.9, "2017-06-30": -0.2, "2017-03-31": 0, "2016-12-31": "", "2016-09-30": 0, "2016-06-30": 151.9, "2016-03-31": -72, "2015-12-31": "", "2015-09-30": 0, "2015-06-30": 0, "2015-03-31": 0, "2014-12-31": "", "2014-09-30": 35.1, "2014-06-30": 0, "2014-03-31": 0, "2013-12-31": "", "2013-09-30": 0, "2013-06-30": 0, "2013-03-31": 0, "2012-12-31": "", "2012-09-30": 0, "2012-06-30": 0, "2012-03-31": 0, "2011-12-31": "", "2011-09-30": 0, "2011-06-30": -20, "2011-03-31": 0, "2010-12-31": "", "2010-09-30": 0, "2010-06-30": 0, "2010-03-31": 0, "2009-12-31": "", "2009-09-30": 0, "2009-06-30": 0, "2009-03-31": 0, "2008-12-31": "", "2008-09-30": 0, "2008-06-30": 0, "2008-03-31": 0, "2007-12-31": "", "2007-09-30": 0, "2007-06-30": 0, "2007-03-31": 0, "2006-12-31": "", "2006-09-30": 0, "2006-06-30": 0, "2006-03-31": 0, "2005-12-31": "", "2005-09-30": 0, "2005-06-30": 0, "2005-03-31": 0}, "Cash Flow From Investing Activities": {"2020-12-31": "", "2020-09-30": -27.5, "2020-06-30": -7.7, "2020-03-31": 107.8, "2019-12-31": "-25.70000", "2019-09-30": -8.3, "2019-06-30": 33.8, "2019-03-31": 246.8, "2018-12-31": "-17.10000", "2018-09-30": -18.4, "2018-06-30": -414.4, "2018-03-31": -53.2, "2017-12-31": "-94.70000", "2017-09-30": 148.8, "2017-06-30": -20.3, "2017-03-31": -12.1, "2016-12-31": "-94.00000", "2016-09-30": -19.6, "2016-06-30": -16.6, "2016-03-31": -81.4, "2015-12-31": "-16.80000", "2015-09-30": -321.4, "2015-06-30": -141.7, "2015-03-31": -47.7, "2014-12-31": "-25.60000", "2014-09-30": -34.5, "2014-06-30": -12.2, "2014-03-31": -5.5, "2013-12-31": "-103.40000", "2013-09-30": -17.3, "2013-06-30": -9.2, "2013-03-31": -9.6, "2012-12-31": "-28.10000", "2012-09-30": -30.2, "2012-06-30": -20.3, "2012-03-31": -8.8, "2011-12-31": "-16.40000", "2011-09-30": -26.5, "2011-06-30": -25.5, "2011-03-31": 233.6, "2010-12-31": "-28.10000", "2010-09-30": -35.6, "2010-06-30": -9, "2010-03-31": -18.5, "2009-12-31": "4.20000", "2009-09-30": -47.1, "2009-06-30": -7.6, "2009-03-31": -11, "2008-12-31": "-17.60000", "2008-09-30": -24.3, "2008-06-30": -10.3, "2008-03-31": -10, "2007-12-31": "-14.50000", "2007-09-30": -28.4, "2007-06-30": -7.8, "2007-03-31": -17.4, "2006-12-31": "-18.60000", "2006-09-30": -18.2, "2006-06-30": -27.3, "2006-03-31": -16.6, "2005-12-31": "-112.00000", "2005-09-30": -22.1, "2005-06-30": -7.8, "2005-03-31": -31}, "Net Long-Term Debt": {"2020-12-31": "", "2020-09-30": 0, "2020-06-30": 0, "2020-03-31": 0, "2019-12-31": "49.50000", "2019-09-30": 0, "2019-06-30": 0, "2019-03-31": 0, "2018-12-31": "-0.80000", "2018-09-30": -0.1, "2018-06-30": -5.8, "2018-03-31": 0, "2017-12-31": "-3.00000", "2017-09-30": 0, "2017-06-30": -15.5, "2017-03-31": -6.7, "2016-12-31": "243.50000", "2016-09-30": -0.5, "2016-06-30": 0, "2016-03-31": -1.5, "2015-12-31": "199.20000", "2015-09-30": -0.7, "2015-06-30": 0, "2015-03-31": -0.8, "2014-12-31": "", "2014-09-30": 0, "2014-06-30": 0, "2014-03-31": -200.8, "2013-12-31": "", "2013-09-30": 0, "2013-06-30": 0, "2013-03-31": -0.8, "2012-12-31": "", "2012-09-30": 0, "2012-06-30": 0, "2012-03-31": 0, "2011-12-31": "", "2011-09-30": -0.3, "2011-06-30": 0, "2011-03-31": 0, "2010-12-31": "200.00000", "2010-09-30": -0.4, "2010-06-30": -0.2, "2010-03-31": 198.5, "2009-12-31": "", "2009-09-30": -0.4, "2009-06-30": -0.2, "2009-03-31": -0.7, "2008-12-31": "-0.10000", "2008-09-30": -0.9, "2008-06-30": -0.4, "2008-03-31": -0.6, "2007-12-31": "-0.80000", "2007-09-30": -0.8, "2007-06-30": -0.7, "2007-03-31": -210.8, "2006-12-31": "", "2006-09-30": -211.7, "2006-06-30": 210.3, "2006-03-31": -2.6, "2005-12-31": "-0.50000", "2005-09-30": -397.1, "2005-06-30": -1.3, "2005-03-31": -7.5}, "Net Current Debt": {"2020-12-31": "", "2020-09-30": -206.8002, "2020-06-30": -604.5, "2020-03-31": 267.3001, "2019-12-31": "352.90000", "2019-09-30": -299.1, "2019-06-30": -473.9, "2019-03-31": 113.2, "2018-12-31": "270.50000", "2018-09-30": -274.1999, "2018-06-30": 19.1, "2018-03-31": 491.8, "2017-12-31": "437.40000", "2017-09-30": -326.5, "2017-06-30": -392.1, "2017-03-31": 372.9, "2016-12-31": "176.70000", "2016-09-30": -200.9998, "2016-06-30": -493.7, "2016-03-31": 440.3, "2015-12-31": "173.10000", "2015-09-30": 113.2001, "2015-06-30": -480.2001, "2015-03-31": 372.5, "2014-12-31": "372.50000", "2014-09-30": -50.6, "2014-06-30": -596.1, "2014-03-31": 743, "2013-12-31": "311.20000", "2013-09-30": -144.6999, "2013-06-30": -656.5, "2013-03-31": 394.3, "2012-12-31": "199.60000", "2012-09-30": 6.9, "2012-06-30": -690.7, "2012-03-31": 431.9, "2011-12-31": "241.30000", "2011-09-30": 18, "2011-06-30": -382.4, "2011-03-31": 318.2, "2010-12-31": "24.20000", "2010-09-30": -62.9999, "2010-06-30": -712.1001, "2010-03-31": 249.7, "2009-12-31": "155.40000", "2009-09-30": -297.4, "2009-06-30": -505.4, "2009-03-31": 464, "2008-12-31": "160.80000", "2008-09-30": -286.2, "2008-06-30": -405.2, "2008-03-31": 395.7, "2007-12-31": "195.80000", "2007-09-30": -160.3, "2007-06-30": -542.7, "2007-03-31": 1314.7, "2006-12-31": "197.00000", "2006-09-30": 55.2, "2006-06-30": -686.5, "2006-03-31": 383.2, "2005-12-31": "303.30000", "2005-09-30": 167.7, "2005-06-30": -353.1, "2005-03-31": 373.2}, "Debt Issuance/Retirement Net - Total": {"2020-12-31": "", "2020-09-30": -206.8002, "2020-06-30": -604.5, "2020-03-31": 267.3001, "2019-12-31": "402.40000", "2019-09-30": -299.1, "2019-06-30": -473.9, "2019-03-31": 113.2, "2018-12-31": "269.70000", "2018-09-30": -274.2999, "2018-06-30": 13.3, "2018-03-31": 491.8, "2017-12-31": "434.40000", "2017-09-30": -326.5, "2017-06-30": -407.6, "2017-03-31": 366.2, "2016-12-31": "420.20000", "2016-09-30": -201.4998, "2016-06-30": -493.7, "2016-03-31": 438.8, "2015-12-31": "372.30000", "2015-09-30": 112.5001, "2015-06-30": -480.2001, "2015-03-31": 371.7, "2014-12-31": "372.50000", "2014-09-30": -50.6, "2014-06-30": -596.1, "2014-03-31": 542.2, "2013-12-31": "311.20000", "2013-09-30": -144.6999, "2013-06-30": -656.5, "2013-03-31": 393.5, "2012-12-31": "199.60000", "2012-09-30": 6.9, "2012-06-30": -690.7, "2012-03-31": 431.9, "2011-12-31": "241.30000", "2011-09-30": 17.7, "2011-06-30": -382.4, "2011-03-31": 318.2, "2010-12-31": "224.20000", "2010-09-30": -63.3999, "2010-06-30": -712.3001, "2010-03-31": 448.2, "2009-12-31": "155.40000", "2009-09-30": -297.8, "2009-06-30": -505.6, "2009-03-31": 463.3, "2008-12-31": "160.70000", "2008-09-30": -287.1, "2008-06-30": -405.6, "2008-03-31": 395.1, "2007-12-31": "195.00000", "2007-09-30": -161.1, "2007-06-30": -543.4, "2007-03-31": 1103.9, "2006-12-31": "197.00000", "2006-09-30": -156.5, "2006-06-30": -476.2, "2006-03-31": 380.6, "2005-12-31": "302.80000", "2005-09-30": -229.4, "2005-06-30": -354.4, "2005-03-31": 365.7}, "Net Common Equity Issued/Repurchased": {"2020-12-31": "", "2020-09-30": -0.1, "2020-06-30": -2.7, "2020-03-31": -50.4, "2019-12-31": "", "2019-09-30": -0.1, "2019-06-30": 0, "2019-03-31": -2.5, "2018-12-31": "-0.50000", "2018-09-30": -14.1, "2018-06-30": -56.8, "2018-03-31": -160.6, "2017-12-31": "-96.20000", "2017-09-30": -72.2, "2017-06-30": -83.8, "2017-03-31": -55.6, "2016-12-31": "-43.60000", "2016-09-30": -56.2, "2016-06-30": -38.4, "2016-03-31": -42.8, "2015-12-31": "", "2015-09-30": 0, "2015-06-30": 0, "2015-03-31": 0, "2014-12-31": "-14.80000", "2014-09-30": -30.5, "2014-06-30": -29.9, "2014-03-31": -51.1, "2013-12-31": "-8.50000", "2013-09-30": 0, "2013-06-30": 0, "2013-03-31": 0, "2012-12-31": "", "2012-09-30": 0, "2012-06-30": 0, "2012-03-31": 0, "2011-12-31": "-17.50000", "2011-09-30": -140, "2011-06-30": -125, "2011-03-31": -68.7, "2010-12-31": "-25.00000", "2010-09-30": -25, "2010-06-30": 0, "2010-03-31": 0, "2009-12-31": "", "2009-09-30": 0, "2009-06-30": 0, "2009-03-31": 0, "2008-12-31": "", "2008-09-30": 0, "2008-06-30": 0, "2008-03-31": 0, "2007-12-31": "", "2007-09-30": -0.1, "2007-06-30": 0, "2007-03-31": -246.7, "2006-12-31": "", "2006-09-30": -14.6, "2006-06-30": -27.4, "2006-03-31": -44.7, "2005-12-31": "-1.20000", "2005-09-30": 0, "2005-06-30": 0, "2005-03-31": 0}, "Net Total Equity Issued/Repurchased": {"2020-12-31": "", "2020-09-30": -0.1, "2020-06-30": -2.7, "2020-03-31": -50.4, "2019-12-31": "", "2019-09-30": -0.1, "2019-06-30": 0, "2019-03-31": -2.5, "2018-12-31": "-0.50000", "2018-09-30": -14.1, "2018-06-30": -56.8, "2018-03-31": -160.6, "2017-12-31": "-96.20000", "2017-09-30": -72.2, "2017-06-30": -83.8, "2017-03-31": -55.6, "2016-12-31": "-43.60000", "2016-09-30": -56.2, "2016-06-30": -38.4, "2016-03-31": -42.8, "2015-12-31": "", "2015-09-30": 0, "2015-06-30": 0, "2015-03-31": 0, "2014-12-31": "-14.80000", "2014-09-30": -30.5, "2014-06-30": -29.9, "2014-03-31": -51.1, "2013-12-31": "-8.50000", "2013-09-30": 0, "2013-06-30": 0, "2013-03-31": 0, "2012-12-31": "", "2012-09-30": 0, "2012-06-30": 0, "2012-03-31": 0, "2011-12-31": "-17.50000", "2011-09-30": -140, "2011-06-30": -125, "2011-03-31": -68.7, "2010-12-31": "-25.00000", "2010-09-30": -25, "2010-06-30": 0, "2010-03-31": 0, "2009-12-31": "", "2009-09-30": 0, "2009-06-30": 0, "2009-03-31": 0, "2008-12-31": "", "2008-09-30": 0, "2008-06-30": 0, "2008-03-31": 0, "2007-12-31": "", "2007-09-30": -0.1, "2007-06-30": 0, "2007-03-31": -246.7, "2006-12-31": "", "2006-09-30": -14.6, "2006-06-30": -27.4, "2006-03-31": -44.7, "2005-12-31": "-1.20000", "2005-09-30": 0, "2005-06-30": 0, "2005-03-31": 0}, "Total Common And Preferred Stock Dividends Paid": {"2020-12-31": "", "2020-09-30": -313.4, "2020-06-30": -32.4, "2020-03-31": -33, "2019-12-31": "-32.40000", "2019-09-30": -32.4, "2019-06-30": -30.5, "2019-03-31": -31.2, "2018-12-31": "-30.40000", "2018-09-30": -30.4, "2018-06-30": -29.3, "2018-03-31": -29.8, "2017-12-31": "-30.50000", "2017-09-30": -30.9, "2017-06-30": -29.5, "2017-03-31": -29.9, "2016-12-31": "-30.00000", "2016-09-30": -30.2, "2016-06-30": -28.7, "2016-03-31": -28.8, "2015-12-31": "-28.90000", "2015-09-30": -28.9, "2015-06-30": -27.6, "2015-03-31": -27.4, "2014-12-31": "-27.40000", "2014-09-30": -149.5, "2014-06-30": -26.8, "2014-03-31": -27.2, "2013-12-31": "-27.30000", "2013-09-30": -27.1, "2013-06-30": -20.1, "2013-03-31": -20.7, "2012-12-31": "-19.90000", "2012-09-30": -19.9, "2012-06-30": -18.3, "2012-03-31": -18.3, "2011-12-31": "-18.90000", "2011-09-30": -18.5, "2011-06-30": -16.1, "2011-03-31": -16.5, "2010-12-31": "-16.80000", "2010-09-30": -16.7, "2010-06-30": -8.3, "2010-03-31": -8.3, "2009-12-31": "-9.30000", "2009-09-30": -8.2, "2009-06-30": -8.1, "2009-03-31": -8.2, "2008-12-31": "-8.90000", "2008-09-30": -8.1, "2008-06-30": -8, "2008-03-31": -8.1, "2007-12-31": "-8.30000", "2007-09-30": -7.3, "2007-06-30": -7.9, "2007-03-31": -519.9, "2006-12-31": "-8.50000", "2006-09-30": -8.3, "2006-06-30": -8.4, "2006-03-31": -8.3, "2005-12-31": "-8.50000", "2005-09-30": -8.6, "2005-06-30": 0, "2005-03-31": 0}, "Financial Activities - Other": {"2020-12-31": "", "2020-09-30": 0.6, "2020-06-30": 14.9, "2020-03-31": 1.1, "2019-12-31": "-17.70000", "2019-09-30": 18, "2019-06-30": 0.9, "2019-03-31": 1.2, "2018-12-31": "1.10000", "2018-09-30": -5.8, "2018-06-30": 7.9, "2018-03-31": 0.7, "2017-12-31": "-69.10000", "2017-09-30": 11, "2017-06-30": 1.7, "2017-03-31": -4.9, "2016-12-31": "-1.40000", "2016-09-30": 6.3, "2016-06-30": 0.1, "2016-03-31": 12.1, "2015-12-31": "-9.20000", "2015-09-30": 9.1, "2015-06-30": 0.4, "2015-03-31": 12.3, "2014-12-31": "6.70000", "2014-09-30": 6.2, "2014-06-30": 8, "2014-03-31": 3.8, "2013-12-31": "1.80000", "2013-09-30": 9, "2013-06-30": 2.9, "2013-03-31": 2.3, "2012-12-31": "1.10000", "2012-09-30": 2.6, "2012-06-30": 4.4, "2012-03-31": 7.8, "2011-12-31": "9.40000", "2011-09-30": 1.9, "2011-06-30": -5.8, "2011-03-31": 18.2, "2010-12-31": "3.90000", "2010-09-30": 10.2, "2010-06-30": 2.1, "2010-03-31": 2.6, "2009-12-31": "8.50000", "2009-09-30": 13, "2009-06-30": 0.8, "2009-03-31": 2.5, "2008-12-31": "2.50000", "2008-09-30": 2.8, "2008-06-30": 2.2, "2008-03-31": 4.8, "2007-12-31": "2.30000", "2007-09-30": 10.1, "2007-06-30": 3.1, "2007-03-31": -1.6, "2006-12-31": "23.60000", "2006-09-30": 2.6, "2006-06-30": 7, "2006-03-31": 6.7, "2005-12-31": "7.50000", "2005-09-30": 8.3, "2005-06-30": 8, "2005-03-31": 15.2}, "Cash Flow From Financial Activities": {"2020-12-31": "", "2020-09-30": -519.7, "2020-06-30": -624.7, "2020-03-31": 185, "2019-12-31": "352.30000", "2019-09-30": -313.6, "2019-06-30": -503.5, "2019-03-31": 80.7, "2018-12-31": "239.90000", "2018-09-30": -324.6, "2018-06-30": -64.9, "2018-03-31": 302.1, "2017-12-31": "238.60000", "2017-09-30": -418.6, "2017-06-30": -519.2, "2017-03-31": 275.8, "2016-12-31": "345.20000", "2016-09-30": -281.6, "2016-06-30": -560.7, "2016-03-31": 379.3, "2015-12-31": "334.20000", "2015-09-30": 92.7, "2015-06-30": -507.4, "2015-03-31": 356.6, "2014-12-31": "337.00000", "2014-09-30": -224.4, "2014-06-30": -644.8, "2014-03-31": 467.7, "2013-12-31": "277.20000", "2013-09-30": -162.8, "2013-06-30": -673.7, "2013-03-31": 375.1, "2012-12-31": "180.80000", "2012-09-30": -10.4, "2012-06-30": -704.6, "2012-03-31": 421.4, "2011-12-31": "214.30000", "2011-09-30": -138.9, "2011-06-30": -529.3, "2011-03-31": 251.2, "2010-12-31": "186.30000", "2010-09-30": -94.9, "2010-06-30": -718.5, "2010-03-31": 442.5, "2009-12-31": "154.60000", "2009-09-30": -293, "2009-06-30": -512.9, "2009-03-31": 457.6, "2008-12-31": "154.30000", "2008-09-30": -292.4, "2008-06-30": -411.4, "2008-03-31": 391.8, "2007-12-31": "189.00000", "2007-09-30": -158.4, "2007-06-30": -548.2, "2007-03-31": 335.7, "2006-12-31": "212.10000", "2006-09-30": -176.8, "2006-06-30": -505, "2006-03-31": 334.3, "2005-12-31": "300.60000", "2005-09-30": -229.7, "2005-06-30": -346.4, "2005-03-31": 380.9}, "Net Cash Flow": {"2020-12-31": "", "2020-09-30": -31.7, "2020-06-30": 17.5, "2020-03-31": 3.4, "2019-12-31": "8.60000", "2019-09-30": -17.6, "2019-06-30": -1.1, "2019-03-31": 14.9, "2018-12-31": "-11.30000", "2018-09-30": 4.3, "2018-06-30": -3.4, "2018-03-31": -21.5, "2017-12-31": "-66.00000", "2017-09-30": 1.4, "2017-06-30": 44.8, "2017-03-31": -14.4, "2016-12-31": "38.60000", "2016-09-30": -27.1, "2016-06-30": 19.9, "2016-03-31": 8.3, "2015-12-31": "-22.40000", "2015-09-30": -8.5, "2015-06-30": 25.1, "2015-03-31": -75.3, "2014-12-31": "40.80000", "2014-09-30": -57.9, "2014-06-30": -5.5, "2014-03-31": 28.1, "2013-12-31": "-5.20000", "2013-09-30": 24.4, "2013-06-30": 6.3, "2013-03-31": -16.5, "2012-12-31": "-16.30000", "2012-09-30": -0.4, "2012-06-30": 9.9, "2012-03-31": -5.4, "2011-12-31": "-3.10000", "2011-09-30": -33.4, "2011-06-30": 35.6, "2011-03-31": 49.9, "2010-12-31": "-9.30000", "2010-09-30": 10.4, "2010-06-30": 39.4, "2010-03-31": -13.2, "2009-12-31": "-19.10000", "2009-09-30": -77.6, "2009-06-30": 101.1, "2009-03-31": -0.3, "2008-12-31": "-36.30000", "2008-09-30": -81.3, "2008-06-30": 89.1, "2008-03-31": 12.4, "2007-12-31": "-3.40000", "2007-09-30": 1, "2007-06-30": 23.4, "2007-03-31": 7.4, "2006-12-31": "-12.00000", "2006-09-30": -15.8, "2006-06-30": 36.6, "2006-03-31": -10.5, "2005-12-31": "-42.40000", "2005-09-30": -96.6, "2005-06-30": 142.2, "2005-03-31": -81}, "Stock-Based Compensation": {"2020-12-31": "", "2020-09-30": 16.1, "2020-06-30": 22.8, "2020-03-31": 12, "2019-12-31": "7.00000", "2019-09-30": 10, "2019-06-30": 11.4, "2019-03-31": 10.4, "2018-12-31": "6.60000", "2018-09-30": 10.4, "2018-06-30": 14.3, "2018-03-31": 9.7, "2017-12-31": "6.00000", "2017-09-30": 4.7, "2017-06-30": 5.4, "2017-03-31": 12.8, "2016-12-31": "2.30000", "2016-09-30": 1.9, "2016-06-30": 2.4, "2016-03-31": 9.1, "2015-12-31": "2.20000", "2015-09-30": 1.8, "2015-06-30": 2.1, "2015-03-31": 7.2, "2014-12-31": "2.10000", "2014-09-30": 2.4, "2014-06-30": 2.3, "2014-03-31": 4.6, "2013-12-31": "1.80000", "2013-09-30": -0.1, "2013-06-30": 1.9, "2013-03-31": 6.6, "2012-12-31": "1.90000", "2012-09-30": 1.9, "2012-06-30": 1.7, "2012-03-31": 7.3, "2011-12-31": "1.60000", "2011-09-30": 1.7, "2011-06-30": 3.5, "2011-03-31": 6.5, "2010-12-31": "4.30000", "2010-09-30": 3.9, "2010-06-30": 4.3, "2010-03-31": 5.3, "2009-12-31": "2.90000", "2009-09-30": 2.4, "2009-06-30": 4, "2009-03-31": 4.4, "2008-12-31": "3.70000", "2008-09-30": 3.3, "2008-06-30": 2, "2008-03-31": 3.8, "2007-12-31": "3.40000", "2007-09-30": -0.3, "2007-06-30": 3.6, "2007-03-31": 5.8, "2006-12-31": "4.20000", "2006-09-30": 4, "2006-06-30": 3, "2006-03-31": 4.4, "2005-12-31": "4.30000", "2005-09-30": 3.3, "2005-06-30": 2.8, "2005-03-31": 4.6}, "Common Stock Dividends Paid": {"2020-12-31": "", "2020-09-30": -313.4, "2020-06-30": -32.4, "2020-03-31": -33, "2019-12-31": "-32.40000", "2019-09-30": -32.4, "2019-06-30": -30.5, "2019-03-31": -31.2, "2018-12-31": "-30.40000", "2018-09-30": -30.4, "2018-06-30": -29.3, "2018-03-31": -29.8, "2017-12-31": "-30.50000", "2017-09-30": -30.9, "2017-06-30": -29.5, "2017-03-31": -29.9, "2016-12-31": "-30.00000", "2016-09-30": -30.2, "2016-06-30": -28.7, "2016-03-31": -28.8, "2015-12-31": "-28.90000", "2015-09-30": -28.9, "2015-06-30": -27.6, "2015-03-31": -27.4, "2014-12-31": "-27.40000", "2014-09-30": -149.5, "2014-06-30": -26.8, "2014-03-31": -27.2, "2013-12-31": "-27.30000", "2013-09-30": -27.1, "2013-06-30": -20.1, "2013-03-31": -20.7, "2012-12-31": "-19.90000", "2012-09-30": -19.9, "2012-06-30": -18.3, "2012-03-31": -18.3, "2011-12-31": "-18.90000", "2011-09-30": -18.5, "2011-06-30": -16.1, "2011-03-31": -16.5, "2010-12-31": "-16.80000", "2010-09-30": -16.7, "2010-06-30": -8.3, "2010-03-31": -8.3, "2009-12-31": "-9.30000", "2009-09-30": -8.2, "2009-06-30": -8.1, "2009-03-31": -8.2, "2008-12-31": "-8.90000", "2008-09-30": -8.1, "2008-06-30": -8, "2008-03-31": -8.1, "2007-12-31": "-8.30000", "2007-09-30": -7.3, "2007-06-30": -7.9, "2007-03-31": -519.9, "2006-12-31": "-8.50000", "2006-09-30": -8.3, "2006-06-30": -8.4, "2006-03-31": -8.3, "2005-12-31": "-8.50000", "2005-09-30": -8.6, "2005-06-30": 0, "2005-03-31": 0}}, "financial ratios": {"Current Ratio": {"2020-09-30": "1.28010", "2019-09-30": "1.67880", "2018-09-30": "1.44560", "2017-09-30": "1.61930", "2016-09-30": "1.46080", "2015-09-30": "1.80920", "2014-09-30": "1.71650", "2013-09-30": "1.72810", "2012-09-30": "2.30630", "2011-09-30": "2.11800", "2010-09-30": "1.51750", "2009-09-30": "1.44150", "2008-09-30": "1.54090", "2007-09-30": "1.70350", "2006-09-30": "1.89840", "2005-09-30": "1.62030"}, "Long-term Debt / Capital": {"2020-09-30": "0.67430", "2019-09-30": "0.67810", "2018-09-30": "0.83970", "2017-09-30": "0.65530", "2016-09-30": "0.58400", "2015-09-30": "0.61820", "2014-09-30": "0.54970", "2013-09-30": "0.40220", "2012-09-30": "0.56480", "2011-09-30": "0.58580", "2010-09-30": "0.36360", "2009-09-30": "0.52640", "2008-09-30": "0.66050", "2007-09-30": "0.68270", "2006-09-30": "0.30520", "2005-09-30": "0.27150"}, "Debt/Equity Ratio": {"2020-09-30": "2.16460", "2019-09-30": "2.28370", "2018-09-30": "5.60730", "2017-09-30": "2.11740", "2016-09-30": "1.65590", "2015-09-30": "1.82850", "2014-09-30": "1.38280", "2013-09-30": "0.80300", "2012-09-30": "1.30020", "2011-09-30": "1.42020", "2010-09-30": "0.82630", "2009-09-30": "1.38600", "2008-09-30": "2.28880", "2007-09-30": "2.33220", "2006-09-30": "0.44490", "2005-09-30": "0.38350"}, "Gross Margin": {"2020-09-30": "32.60240", "2019-09-30": "32.30670", "2018-09-30": "32.46230", "2017-09-30": "36.81160", "2016-09-30": "35.92290", "2015-09-30": "34.19510", "2014-09-30": "34.52270", "2013-09-30": "35.26700", "2012-09-30": "34.52810", "2011-09-30": "36.04670", "2010-09-30": "37.78630", "2009-09-30": "35.59930", "2008-09-30": "32.29310", "2007-09-30": "34.97810", "2006-09-30": "35.44180", "2005-09-30": "36.31450"}, "Operating Margin": {"2020-09-30": "14.16400", "2019-09-30": "12.97850", "2018-09-30": "7.46790", "2017-09-30": "16.40360", "2016-09-30": "17.85970", "2015-09-30": "10.70390", "2014-09-30": "11.00340", "2013-09-30": "11.19440", "2012-09-30": "8.70600", "2011-09-30": "9.81530", "2010-09-30": "13.03170", "2009-09-30": "9.48510", "2008-09-30": "4.95180", "2007-09-30": "9.64900", "2006-09-30": "9.36190", "2005-09-30": "8.47930"}, "EBIT Margin": {"2020-09-30": "14.16400", "2019-09-30": "12.97850", "2018-09-30": "7.46790", "2017-09-30": "16.40360", "2016-09-30": "17.85970", "2015-09-30": "10.70390", "2014-09-30": "11.00340", "2013-09-30": "11.19440", "2012-09-30": "8.70600", "2011-09-30": "9.81530", "2010-09-30": "13.03170", "2009-09-30": "9.48510", "2008-09-30": "4.95180", "2007-09-30": "9.64900", "2006-09-30": "9.36190", "2005-09-30": "8.47930"}, "EBITDA Margin": {"2020-09-30": "16.45610", "2019-09-30": "15.80800", "2018-09-30": "10.59920", "2017-09-30": "19.43530", "2016-09-30": "20.79240", "2015-09-30": "13.61390", "2014-09-30": "13.50120", "2013-09-30": "13.57750", "2012-09-30": "10.95830", "2011-09-30": "12.01910", "2010-09-30": "15.09920", "2009-09-30": "11.68440", "2008-09-30": "7.44190", "2007-09-30": "11.99940", "2006-09-30": "11.84610", "2005-09-30": "11.31560"}, "Pre-Tax Profit Margin": {"2020-09-30": "12.35840", "2019-09-30": "18.42840", "2018-09-30": "4.34410", "2017-09-30": "11.91860", "2016-09-30": "15.31000", "2015-09-30": "8.64580", "2014-09-30": "8.75380", "2013-09-30": "9.06010", "2012-09-30": "6.47540", "2011-09-30": "7.95090", "2010-09-30": "11.52800", "2009-09-30": "7.57720", "2008-09-30": "2.04020", "2007-09-30": "6.54990", "2006-09-30": "7.89370", "2005-09-30": "6.67290"}, "Net Profit Margin": {"2020-09-30": "9.37650", "2019-09-30": "14.59760", "2018-09-30": "2.39170", "2017-09-30": "8.26240", "2016-09-30": "12.58080", "2015-09-30": "6.73950", "2014-09-30": "6.45770", "2013-09-30": "5.80810", "2012-09-30": "3.84410", "2011-09-30": "5.99710", "2010-09-30": "7.10410", "2009-09-30": "5.58190", "2008-09-30": "-0.38610", "2007-09-30": "3.94870", "2006-09-30": "4.92010", "2005-09-30": "4.24600"}, "Asset Turnover": {"2020-09-30": "1.22220", "2019-09-30": "1.04200", "2018-09-30": "0.87200", "2017-09-30": "0.96180", "2016-09-30": "0.90940", "2015-09-30": "0.93820", "2014-09-30": "1.25260", "2013-09-30": "1.43180", "2012-09-30": "1.33560", "2011-09-30": "1.36420", "2010-09-30": "1.32760", "2009-09-30": "1.23710", "2008-09-30": "1.30930", "2007-09-30": "1.26110", "2006-09-30": "1.21620", "2005-09-30": "1.17360"}, "Inventory Turnover Ratio": {"2020-09-30": "4.47760", "2019-09-30": "3.95410", "2018-09-30": "3.73660", "2017-09-30": "4.09690", "2016-09-30": "4.06870", "2015-09-30": "3.94210", "2014-09-30": "4.38380", "2013-09-30": "5.52630", "2012-09-30": "4.37190", "2011-09-30": "4.62660", "2010-09-30": "5.06490", "2009-09-30": "3.85420", "2008-09-30": "4.59610", "2007-09-30": "4.60040", "2006-09-30": "4.25510", "2005-09-30": "4.64420"}, "Receiveable Turnover": {"2020-09-30": "8.31140", "2019-09-30": "10.23350", "2018-09-30": "8.57780", "2017-09-30": "9.21880", "2016-09-30": "8.30690", "2015-09-30": "7.63390", "2014-09-30": "7.63490", "2013-09-30": "8.85320", "2012-09-30": "8.37260", "2011-09-30": "8.65440", "2010-09-30": "8.18750", "2009-09-30": "6.84380", "2008-09-30": "6.94690", "2007-09-30": "7.21920", "2006-09-30": "7.09020", "2005-09-30": "7.32850"}, "Days Sales In Receivables": {"2020-09-30": "43.91560", "2019-09-30": "35.66730", "2018-09-30": "42.55180", "2017-09-30": "39.59310", "2016-09-30": "43.93920", "2015-09-30": "47.81280", "2014-09-30": "47.80690", "2013-09-30": "41.22810", "2012-09-30": "43.59450", "2011-09-30": "42.17510", "2010-09-30": "44.58010", "2009-09-30": "53.33330", "2008-09-30": "52.54180", "2007-09-30": "50.55960", "2006-09-30": "51.47970", "2005-09-30": "49.80560"}, "ROE - Return On Equity": {"2020-09-30": "55.04340", "2019-09-30": "60.38440", "2018-09-30": "35.48390", "2017-09-30": "29.96830", "2016-09-30": "33.51490", "2015-09-30": "20.32850", "2014-09-30": "25.65230", "2013-09-30": "22.43490", "2012-09-30": "18.54130", "2011-09-30": "24.99110", "2010-09-30": "27.16810", "2009-09-30": "22.68610", "2008-09-30": "7.51090", "2007-09-30": "23.65950", "2006-09-30": "12.26770", "2005-09-30": "9.78370"}, "Return On Tangible Equity": {"2020-09-30": "-74.34660", "2019-09-30": "-83.49910", "2018-09-30": "-12.26100", "2017-09-30": "-37.50000", "2016-09-30": "-75.12210", "2015-09-30": "-42.08630", "2014-09-30": "-168.40300", "2013-09-30": "143.60360", "2012-09-30": "-764.37850", "2011-09-30": "-203.04760", "2010-09-30": "161.63420", "2009-09-30": "-85.60370", "2008-09-30": "-10.64240", "2007-09-30": "-28.18090", "2006-09-30": "66.71690", "2005-09-30": "65.27960"}, "ROA - Return On Assets": {"2020-09-30": "11.44510", "2019-09-30": "14.41870", "2018-09-30": "4.17740", "2017-09-30": "7.21880", "2016-09-30": "8.93030", "2015-09-30": "5.09260", "2014-09-30": "7.06890", "2013-09-30": "8.22840", "2012-09-30": "5.37990", "2011-09-30": "6.81710", "2010-09-30": "9.59800", "2009-09-30": "5.97270", "2008-09-30": "1.52110", "2007-09-30": "4.97980", "2006-09-30": "5.98390", "2005-09-30": "4.97300"}, "ROI - Return On Investment": {"2020-09-30": "17.92860", "2019-09-30": "19.43740", "2018-09-30": "5.68780", "2017-09-30": "10.32970", "2016-09-30": "13.94180", "2015-09-30": "7.76190", "2014-09-30": "11.55130", "2013-09-30": "13.41070", "2012-09-30": "8.06940", "2011-09-30": "10.35070", "2010-09-30": "17.29100", "2009-09-30": "10.74380", "2008-09-30": "2.55010", "2007-09-30": "7.50650", "2006-09-30": "8.52330", "2005-09-30": "7.12760"}, "Book Value Per Share": {"2020-09-30": "12.59680", "2019-09-30": "12.96060", "2018-09-30": "6.50270", "2017-09-30": "11.38900", "2016-09-30": "12.17750", "2015-09-30": "10.31110", "2014-09-30": "9.34430", "2013-09-30": "11.45970", "2012-09-30": "9.81890", "2011-09-30": "9.20720", "2010-09-30": "11.44460", "2009-09-30": "8.82930", "2008-09-30": "6.69790", "2007-09-30": "7.47740", "2006-09-30": "16.24170", "2005-09-30": "15.13570"}, "Operating Cash Flow Per Share": {"2020-09-30": 5.7783, "2019-09-30": -1.9698, "2018-09-30": -0.035, "2017-09-30": 2.0977, "2016-09-30": -0.034, "2015-09-30": 0.1274, "2014-09-30": -1.6212, "2013-09-30": 2.9931, "2012-09-30": 0.6258, "2011-09-30": -2.5328, "2010-09-30": 0.3742, "2009-09-30": 0.9311, "2008-09-30": -0.6087, "2007-09-30": 1.0524, "2006-09-30": -0.6765, "2005-09-30": 3.3047}, "Free Cash Flow Per Share": {"2020-09-30": 5.3992, "2019-09-30": -1.5806, "2018-09-30": -0.0786, "2017-09-30": 1.9379, "2016-09-30": -0.032, "2015-09-30": 0.5619, "2014-09-30": -2.0567, "2013-09-30": 3.1968, "2012-09-30": 0.6147, "2011-09-30": -2.7567, "2010-09-30": 0.571, "2009-09-30": 0.704, "2008-09-30": -0.6512, "2007-09-30": 1.0565, "2006-09-30": -0.8901, "2005-09-30": 2.7157}}, "financial ratios, quarterly": {"Current Ratio": {"2020-09-30": "1.28010", "2020-06-30": "1.60730", "2020-03-31": "2.08150", "2019-12-31": "2.18600", "2019-09-30": "1.67880", "2019-06-30": "1.45480", "2019-03-31": "1.58580", "2018-12-31": "1.81420", "2018-09-30": "1.44560", "2018-06-30": "1.59820", "2018-03-31": "1.80920", "2017-12-31": "2.08640", "2017-09-30": "1.61930", "2017-06-30": "1.75320", "2017-03-31": "2.63940", "2016-12-31": "2.53000", "2016-09-30": "1.46080", "2016-06-30": "1.49420", "2016-03-31": "2.24040", "2015-12-31": "2.92080", "2015-09-30": "1.80920", "2015-06-30": "1.19560", "2015-03-31": "2.05490", "2014-12-31": "2.66860", "2014-09-30": "1.71650", "2014-06-30": "1.55330", "2014-03-31": "1.90320", "2013-12-31": "1.56530", "2013-09-30": "1.72810", "2013-06-30": "1.54600", "2013-03-31": "2.06790", "2012-12-31": "2.80790", "2012-09-30": "2.30630", "2012-06-30": "1.66140", "2012-03-31": "2.00180", "2011-12-31": "2.47650", "2011-09-30": "2.11800", "2011-06-30": "1.91410", "2011-03-31": "1.21510", "2010-12-31": "1.79260", "2010-09-30": "1.51750", "2010-06-30": "1.48610", "2010-03-31": "1.96890", "2009-12-31": "1.67560", "2009-09-30": "1.44150", "2009-06-30": "1.68360", "2009-03-31": "1.66580", "2008-12-31": "1.76780", "2008-09-30": "1.54090", "2008-06-30": "1.54260", "2008-03-31": "1.77110", "2007-12-31": "2.18280", "2007-09-30": "1.70350", "2007-06-30": "1.43610", "2007-03-31": "2.42360", "2006-12-31": "2.34980", "2006-09-30": "1.89840", "2006-06-30": "1.86280", "2006-03-31": "2.45380", "2005-12-31": "2.09880", "2005-09-30": "1.62030", "2005-06-30": "1.85770", "2005-03-31": "2.20770"}, "Long-term Debt / Capital": {"2020-09-30": "0.67430", "2020-06-30": "0.60160", "2020-03-31": "0.72680", "2019-12-31": "0.75790", "2019-09-30": "0.67810", "2019-06-30": "0.66010", "2019-03-31": "0.76620", "2018-12-31": "0.89620", "2018-09-30": "0.83970", "2018-06-30": "0.78800", "2018-03-31": "0.79620", "2017-12-31": "0.76970", "2017-09-30": "0.65530", "2017-06-30": "0.65500", "2017-03-31": "0.74710", "2016-12-31": "0.73570", "2016-09-30": "0.58400", "2016-06-30": "0.57460", "2016-03-31": "0.71880", "2015-12-31": "0.73930", "2015-09-30": "0.61820", "2015-06-30": "0.51450", "2015-03-31": "0.67940", "2014-12-31": "0.71090", "2014-09-30": "0.54970", "2014-06-30": "0.45430", "2014-03-31": "0.62890", "2013-12-31": "0.51220", "2013-09-30": "0.40220", "2013-06-30": "0.42490", "2013-03-31": "0.65710", "2012-12-31": "0.65650", "2012-09-30": "0.56480", "2012-06-30": "0.50240", "2012-03-31": "0.67790", "2011-12-31": "0.68850", "2011-09-30": "0.58580", "2011-06-30": "0.50450", "2011-03-31": "0.34530", "2010-12-31": "0.50320", "2010-09-30": "0.36360", "2010-06-30": "0.37000", "2010-03-31": "0.63180", "2009-12-31": "0.59730", "2009-09-30": "0.52640", "2009-06-30": "0.61650", "2009-03-31": "0.72520", "2008-12-31": "0.73810", "2008-09-30": "0.66050", "2008-06-30": "0.67290", "2008-03-31": "0.75620", "2007-12-31": "0.75480", "2007-09-30": "0.68270", "2007-06-30": "0.67060", "2007-03-31": "0.82630", "2006-12-31": "0.39470", "2006-09-30": "0.30520", "2006-06-30": "0.35000", "2006-03-31": "0.50820", "2005-12-31": "0.41020", "2005-09-30": "0.27150", "2005-06-30": "0.37250", "2005-03-31": "0.51310"}, "Debt/Equity Ratio": {"2020-09-30": "2.16460", "2020-06-30": "1.71570", "2020-03-31": "2.92730", "2019-12-31": "3.27940", "2019-09-30": "2.28370", "2019-06-30": "2.39280", "2019-03-31": "3.85280", "2018-12-31": "9.00990", "2018-09-30": "5.60730", "2018-06-30": "4.31000", "2018-03-31": "4.58460", "2017-12-31": "3.51140", "2017-09-30": "2.11740", "2017-06-30": "2.28790", "2017-03-31": "3.00120", "2016-12-31": "2.85360", "2016-09-30": "1.65590", "2016-06-30": "1.81040", "2016-03-31": "2.85130", "2015-12-31": "2.88820", "2015-09-30": "1.82850", "2015-06-30": "1.51270", "2015-03-31": "2.67200", "2014-12-31": "2.53830", "2014-09-30": "1.38280", "2014-06-30": "1.09800", "2014-03-31": "2.10730", "2013-12-31": "1.41960", "2013-09-30": "0.80300", "2013-06-30": "0.96200", "2013-03-31": "2.25900", "2012-12-31": "1.91940", "2012-09-30": "1.30020", "2012-06-30": "1.14420", "2012-03-31": "2.49110", "2011-12-31": "2.22790", "2011-09-30": "1.42020", "2011-06-30": "1.02070", "2011-03-31": "1.49710", "2010-12-31": "1.26130", "2010-09-30": "0.82630", "2010-06-30": "0.82680", "2010-03-31": "2.07850", "2009-12-31": "1.79290", "2009-09-30": "1.38600", "2009-06-30": "1.86150", "2009-03-31": "3.51320", "2008-12-31": "3.08490", "2008-09-30": "2.28880", "2008-06-30": "2.64190", "2008-03-31": "3.70590", "2007-12-31": "3.14600", "2007-09-30": "2.33220", "2007-06-30": "2.50410", "2007-03-31": "4.82100", "2006-12-31": "0.66680", "2006-09-30": "0.44490", "2006-06-30": "0.54990", "2006-03-31": "1.04470", "2005-12-31": "0.70980", "2005-09-30": "0.38350", "2005-06-30": "0.61150", "2005-03-31": "1.08030"}, "Gross Margin": {"2020-09-30": "24.25030", "2020-06-30": "35.28510", "2020-03-31": "39.78880", "2019-12-31": "14.81680", "2019-09-30": "18.00280", "2019-06-30": "36.17880", "2019-03-31": "39.67560", "2018-12-31": "11.57330", "2018-09-30": "17.00460", "2018-06-30": "34.94870", "2018-03-31": "40.38290", "2017-12-31": "15.34990", "2017-09-30": "23.38730", "2017-06-30": "39.38770", "2017-03-31": "42.80840", "2016-12-31": "17.74350", "2016-09-30": "6.35370", "2016-06-30": "35.95210", "2016-03-31": "41.88890", "2015-12-31": "8.58610", "2015-09-30": "103.19150", "2015-06-30": "34.71610", "2015-03-31": "39.63430", "2014-12-31": "13.55230", "2014-09-30": "-0.47050", "2014-06-30": "37.91650", "2014-03-31": "40.12950", "2013-12-31": "17.87980", "2013-09-30": "30.64560", "2013-06-30": "38.72130", "2013-03-31": "37.42440", "2012-12-31": "15.11180", "2012-09-30": "29.02200", "2012-06-30": "34.97960", "2012-03-31": "39.44810", "2011-12-31": "12.82570", "2011-09-30": "25.52470", "2011-06-30": "37.79160", "2011-03-31": "40.96140", "2010-12-31": "21.32930", "2010-09-30": "34.23110", "2010-06-30": "41.08820", "2010-03-31": "39.49750", "2009-12-31": "20.91920", "2009-09-30": "23.73350", "2009-06-30": "38.63080", "2009-03-31": "37.87610", "2008-12-31": "27.01850", "2008-09-30": "24.32570", "2008-06-30": "36.19440", "2008-03-31": "33.69520", "2007-12-31": "23.09690", "2007-09-30": "31.06700", "2007-06-30": "38.48330", "2007-03-31": "37.08850", "2006-12-31": "20.39090", "2006-09-30": "30.48160", "2006-06-30": "38.74050", "2006-03-31": "38.17080", "2005-12-31": "21.44290", "2005-09-30": "33.78250", "2005-06-30": "37.03950", "2005-03-31": "40.27540"}, "Operating Margin": {"2020-09-30": "1.07830", "2020-06-30": "19.05940", "2020-03-31": "25.57850", "2019-12-31": "-17.11320", "2019-09-30": "-10.82980", "2019-06-30": "22.06270", "2019-03-31": "24.38860", "2018-12-31": "-28.48040", "2018-09-30": "-33.91710", "2018-06-30": "18.67080", "2018-03-31": "22.92510", "2017-12-31": "-32.46050", "2017-09-30": "-6.95500", "2017-06-30": "24.25520", "2017-03-31": "26.30460", "2016-12-31": "-29.79750", "2016-09-30": "-56.35340", "2016-06-30": "21.81870", "2016-03-31": "29.64990", "2015-12-31": "-50.23140", "2015-09-30": "224.11400", "2015-06-30": "17.22310", "2015-03-31": "21.60850", "2014-12-31": "-49.02870", "2014-09-30": "-23.31410", "2014-06-30": "17.99530", "2014-03-31": "20.08330", "2013-12-31": "-47.31010", "2013-09-30": "-4.37460", "2013-06-30": "21.89780", "2013-03-31": "17.05530", "2012-12-31": "-44.65500", "2012-09-30": "-13.62850", "2012-06-30": "16.13420", "2012-03-31": "18.54920", "2011-12-31": "-49.59920", "2011-09-30": "-18.02210", "2011-06-30": "18.17320", "2011-03-31": "21.74220", "2010-12-31": "-41.05130", "2010-09-30": "-8.40680", "2010-06-30": "23.88710", "2010-03-31": "18.72090", "2009-12-31": "-27.33760", "2009-09-30": "-24.28870", "2009-06-30": "20.30210", "2009-03-31": "15.56290", "2008-12-31": "-23.03390", "2008-09-30": "0.51860", "2008-06-30": "7.97680", "2008-03-31": "11.92070", "2007-12-31": "-22.61090", "2007-09-30": "-6.26840", "2007-06-30": "20.67550", "2007-03-31": "16.76230", "2006-12-31": "-31.19470", "2006-09-30": "-12.84290", "2006-06-30": "21.87980", "2006-03-31": "17.96140", "2005-12-31": "-30.70140", "2005-09-30": "-1.98430", "2005-06-30": "16.89970", "2005-03-31": "18.09690"}, "EBIT Margin": {"2020-09-30": "1.07830", "2020-06-30": "19.05940", "2020-03-31": "25.57850", "2019-12-31": "-17.11320", "2019-09-30": "-10.82980", "2019-06-30": "22.06270", "2019-03-31": "24.38860", "2018-12-31": "-28.48040", "2018-09-30": "-33.91710", "2018-06-30": "18.67080", "2018-03-31": "22.92510", "2017-12-31": "-32.46050", "2017-09-30": "-6.95500", "2017-06-30": "24.25520", "2017-03-31": "26.30460", "2016-12-31": "-29.79750", "2016-09-30": "-56.35340", "2016-06-30": "21.81870", "2016-03-31": "29.64990", "2015-12-31": "-50.23140", "2015-09-30": "224.11380", "2015-06-30": "17.22310", "2015-03-31": "21.60850", "2014-12-31": "-49.02870", "2014-09-30": "-23.31410", "2014-06-30": "17.99530", "2014-03-31": "20.08330", "2013-12-31": "-47.31010", "2013-09-30": "-4.37460", "2013-06-30": "21.89780", "2013-03-31": "17.05530", "2012-12-31": "-44.65500", "2012-09-30": "-13.62850", "2012-06-30": "16.13420", "2012-03-31": "18.54920", "2011-12-31": "-49.59920", "2011-09-30": "-18.02210", "2011-06-30": "18.17320", "2011-03-31": "21.74220", "2010-12-31": "-41.05130", "2010-09-30": "-8.40680", "2010-06-30": "23.88710", "2010-03-31": "18.72090", "2009-12-31": "-27.33760", "2009-09-30": "-24.28870", "2009-06-30": "20.30210", "2009-03-31": "15.56290", "2008-12-31": "-23.03390", "2008-09-30": "0.51860", "2008-06-30": "7.97680", "2008-03-31": "11.92070", "2007-12-31": "-22.61090", "2007-09-30": "-6.26840", "2007-06-30": "20.67550", "2007-03-31": "16.76230", "2006-12-31": "-31.19470", "2006-09-30": "-12.84290", "2006-06-30": "21.87980", "2006-03-31": "17.96140", "2005-12-31": "-30.70140", "2005-09-30": "-1.98430", "2005-06-30": "16.89970", "2005-03-31": "18.09690"}, "EBITDA Margin": {"2020-09-30": "", "2020-06-30": "", "2020-03-31": "", "2019-12-31": "", "2019-09-30": "", "2019-06-30": "", "2019-03-31": "", "2018-12-31": "", "2018-09-30": "", "2018-06-30": "", "2018-03-31": "", "2017-12-31": "", "2017-09-30": "", "2017-06-30": "", "2017-03-31": "", "2016-12-31": "", "2016-09-30": "", "2016-06-30": "", "2016-03-31": "", "2015-12-31": "", "2015-09-30": "", "2015-06-30": "", "2015-03-31": "", "2014-12-31": "", "2014-09-30": "", "2014-06-30": "", "2014-03-31": "", "2013-12-31": "", "2013-09-30": "", "2013-06-30": "", "2013-03-31": "", "2012-12-31": "", "2012-09-30": "", "2012-06-30": "", "2012-03-31": "", "2011-12-31": "", "2011-09-30": "", "2011-06-30": "", "2011-03-31": "", "2010-12-31": "", "2010-09-30": "", "2010-06-30": "", "2010-03-31": "", "2009-12-31": "", "2009-09-30": "", "2009-06-30": "", "2009-03-31": "", "2008-12-31": "", "2008-09-30": "", "2008-06-30": "", "2008-03-31": "", "2007-12-31": "", "2007-09-30": "", "2007-06-30": "", "2007-03-31": "", "2006-12-31": "", "2006-09-30": "", "2006-06-30": "", "2006-03-31": "", "2005-12-31": "", "2005-09-30": "", "2005-06-30": "", "2005-03-31": ""}, "Pre-Tax Profit Margin": {"2020-09-30": "0.65150", "2020-06-30": "17.82680", "2020-03-31": "24.13940", "2019-12-31": "-25.99780", "2019-09-30": "-14.72780", "2019-06-30": "20.28540", "2019-03-31": "43.98690", "2018-12-31": "-35.52500", "2018-09-30": "-38.22580", "2018-06-30": "16.71020", "2018-03-31": "19.93490", "2017-12-31": "-39.09710", "2017-09-30": "-14.86590", "2017-06-30": "22.75530", "2017-03-31": "22.10030", "2016-12-31": "-43.53910", "2016-09-30": "-55.38670", "2016-06-30": "19.76660", "2016-03-31": "28.11600", "2015-12-31": "-63.13630", "2015-09-30": "258.86530", "2015-06-30": "15.93630", "2015-03-31": "20.20900", "2014-12-31": "-53.51530", "2014-09-30": "-27.80970", "2014-06-30": "16.84880", "2014-03-31": "17.98340", "2013-12-31": "-54.64140", "2013-09-30": "-7.04660", "2013-06-30": "20.42040", "2013-03-31": "15.27930", "2012-12-31": "-51.06900", "2012-09-30": "-17.10070", "2012-06-30": "14.56060", "2012-03-31": "17.01980", "2011-12-31": "-57.26450", "2011-09-30": "-21.61600", "2011-06-30": "16.73750", "2011-03-31": "20.52050", "2010-12-31": "-45.17810", "2010-09-30": "-10.47070", "2010-06-30": "22.93200", "2010-03-31": "17.37890", "2009-12-31": "-31.18070", "2009-09-30": "-26.54410", "2009-06-30": "19.18950", "2009-03-31": "13.87270", "2008-12-31": "-28.73120", "2008-09-30": "-4.04560", "2008-06-30": "6.08930", "2008-03-31": "9.46760", "2007-12-31": "-28.76580", "2007-09-30": "-9.88410", "2007-06-30": "18.29020", "2007-03-31": "13.11790", "2006-12-31": "-34.21830", "2006-09-30": "-14.22480", "2006-06-30": "20.62020", "2006-03-31": "16.58400", "2005-12-31": "-33.54710", "2005-09-30": "-3.91960", "2005-06-30": "15.61250", "2005-03-31": "16.51090"}, "Net Profit Margin": {"2020-09-30": "0.42680", "2020-06-30": "13.58610", "2020-03-31": "18.23840", "2019-12-31": "-19.51890", "2019-09-30": "-11.63350", "2019-06-30": "17.23490", "2019-03-31": "33.32210", "2018-12-31": "-26.70250", "2018-09-30": "-33.84790", "2018-06-30": "8.33500", "2018-03-31": "14.69460", "2017-12-31": "-9.57110", "2017-09-30": "-8.86650", "2017-06-30": "15.60510", "2017-03-31": "15.22220", "2016-12-31": "-31.48510", "2016-09-30": "-36.74040", "2016-06-30": "21.43650", "2016-03-31": "16.87280", "2015-12-31": "-41.79950", "2015-09-30": "83.68790", "2015-06-30": "12.00400", "2015-03-31": "11.62530", "2014-12-31": "-34.50510", "2014-09-30": "-7.99790", "2014-06-30": "10.90110", "2014-03-31": "11.62810", "2013-12-31": "-34.59920", "2013-09-30": "-4.58740", "2013-06-30": "13.03320", "2013-03-31": "9.92160", "2012-12-31": "-32.89600", "2012-09-30": "-11.60300", "2012-06-30": "8.84440", "2012-03-31": "10.86810", "2011-12-31": "-37.02410", "2011-09-30": "-14.00840", "2011-06-30": "10.54120", "2011-03-31": "15.72240", "2010-12-31": "-29.49610", "2010-09-30": "-8.20540", "2010-06-30": "15.00090", "2010-03-31": "11.27820", "2009-12-31": "-22.86050", "2009-09-30": "-5.17000", "2009-06-30": "12.00260", "2009-03-31": "8.22790", "2008-12-31": "-19.92310", "2008-09-30": "-8.99900", "2008-06-30": "1.93010", "2008-03-31": "6.05430", "2007-12-31": "-18.39970", "2007-09-30": "-7.91900", "2007-06-30": "11.80810", "2007-03-31": "8.39630", "2006-12-31": "-21.90270", "2006-09-30": "-8.67710", "2006-06-30": "12.71950", "2006-03-31": "10.44630", "2005-12-31": "-21.12230", "2005-09-30": "-2.05780", "2005-06-30": "9.82020", "2005-03-31": "10.22870"}, "Asset Turnover": {"2020-09-30": "0.26340", "2020-06-30": "0.38500", "2020-03-31": "0.33440", "2019-12-31": "0.10580", "2019-09-30": "0.16430", "2019-06-30": "0.33750", "2019-03-31": "0.30070", "2018-12-31": "0.09240", "2018-09-30": "0.14210", "2018-06-30": "0.27910", "2018-03-31": "0.28340", "2017-12-31": "0.07610", "2017-09-30": "0.13710", "2017-06-30": "0.29480", "2017-03-31": "0.28600", "2016-12-31": "0.06890", "2016-09-30": "0.02630", "2016-06-30": "0.30550", "2016-03-31": "0.33840", "2015-12-31": "0.07150", "2015-09-30": "-0.01120", "2015-06-30": "0.36820", "2015-03-31": "0.35610", "2014-12-31": "0.09540", "2014-09-30": "0.09290", "2014-06-30": "0.44540", "2014-03-31": "0.35200", "2013-12-31": "0.08780", "2013-09-30": "0.21830", "2013-06-30": "0.48140", "2013-03-31": "0.34790", "2012-12-31": "0.09670", "2012-09-30": "0.16660", "2012-06-30": "0.44250", "2012-03-31": "0.38130", "2011-12-31": "0.09220", "2011-09-30": "0.18580", "2011-06-30": "0.41890", "2011-03-31": "0.36740", "2010-12-31": "0.10210", "2010-09-30": "0.18360", "2010-06-30": "0.46470", "2010-03-31": "0.34430", "2009-12-31": "0.11040", "2009-09-30": "0.12980", "2009-06-30": "0.45450", "2009-03-31": "0.31700", "2008-12-31": "0.12640", "2008-09-30": "0.17880", "2008-06-30": "0.42830", "2008-03-31": "0.30210", "2007-12-31": "0.12810", "2007-09-30": "0.22350", "2007-06-30": "0.41940", "2007-03-31": "0.32640", "2006-12-31": "0.11650", "2006-09-30": "0.22190", "2006-06-30": "0.41150", "2006-03-31": "0.31740", "2005-12-31": "0.11260", "2005-09-30": "0.20220", "2005-06-30": "0.38200", "2005-03-31": "0.30730"}, "Inventory Turnover Ratio": {"2020-09-30": "1.08440", "2020-06-30": "1.95900", "2020-03-31": "1.12010", "2019-12-31": "0.35980", "2019-09-30": "0.75530", "2019-06-30": "1.39950", "2019-03-31": "1.06290", "2018-12-31": "0.35360", "2018-09-30": "0.74820", "2018-06-30": "1.29270", "2018-03-31": "1.01210", "2017-12-31": "0.26940", "2017-09-30": "0.70820", "2017-06-30": "1.42790", "2017-03-31": "1.03990", "2016-12-31": "0.24870", "2016-09-30": "0.17180", "2016-06-30": "1.35500", "2016-03-31": "1.16790", "2015-12-31": "0.23720", "2015-09-30": "0.00230", "2015-06-30": "1.81470", "2015-03-31": "1.10770", "2014-12-31": "0.27370", "2014-09-30": "0.49910", "2014-06-30": "1.78730", "2014-03-31": "1.18490", "2013-12-31": "0.25710", "2013-09-30": "0.90270", "2013-06-30": "1.80610", "2013-03-31": "1.02890", "2012-12-31": "0.27010", "2012-09-30": "0.59120", "2012-06-30": "1.46150", "2012-03-31": "1.17800", "2011-12-31": "0.26570", "2011-09-30": "0.73360", "2011-06-30": "1.48940", "2011-03-31": "1.19920", "2010-12-31": "0.31940", "2010-09-30": "0.74040", "2010-06-30": "1.70190", "2010-03-31": "1.19580", "2009-12-31": "0.33970", "2009-09-30": "0.47900", "2009-06-30": "1.38050", "2009-03-31": "0.87540", "2008-12-31": "0.32450", "2008-09-30": "0.70160", "2008-06-30": "1.57320", "2008-03-31": "1.01620", "2007-12-31": "0.35760", "2007-09-30": "0.86430", "2007-06-30": "1.56270", "2007-03-31": "1.09270", "2006-12-31": "0.34320", "2006-09-30": "0.83600", "2006-06-30": "1.48410", "2006-03-31": "1.04310", "2005-12-31": "0.35080", "2005-09-30": "0.83190", "2005-06-30": "1.59470", "2005-03-31": "0.99940"}, "Receiveable Turnover": {"2020-09-30": "1.79100", "2020-06-30": "1.30040", "2020-03-31": "1.17940", "2019-12-31": "1.55000", "2019-09-30": "1.61380", "2019-06-30": "1.56690", "2019-03-31": "1.15200", "2018-12-31": "1.43180", "2018-09-30": "1.39770", "2018-06-30": "1.41180", "2018-03-31": "1.08800", "2017-12-31": "1.29840", "2017-09-30": "1.31440", "2017-06-30": "1.49780", "2017-03-31": "1.10870", "2016-12-31": "1.18040", "2016-09-30": "0.24000", "2016-06-30": "1.25080", "2016-03-31": "1.07060", "2015-12-31": "1.00830", "2015-09-30": "-0.09080", "2015-06-30": "1.41910", "2015-03-31": "1.02540", "2014-12-31": "1.16610", "2014-09-30": "0.56650", "2014-06-30": "1.48830", "2014-03-31": "0.99280", "2013-12-31": "1.13190", "2013-09-30": "1.34980", "2013-06-30": "1.66660", "2013-03-31": "1.04270", "2012-12-31": "1.22210", "2012-09-30": "1.04440", "2012-06-30": "1.71840", "2012-03-31": "1.03280", "2011-12-31": "1.10400", "2011-09-30": "1.17840", "2011-06-30": "1.52570", "2011-03-31": "0.98890", "2010-12-31": "1.07970", "2010-09-30": "1.13220", "2010-06-30": "1.87170", "2010-03-31": "1.05420", "2009-12-31": "1.17610", "2009-09-30": "0.71820", "2009-06-30": "1.58070", "2009-03-31": "0.93290", "2008-12-31": "0.88000", "2008-09-30": "0.94880", "2008-06-30": "1.47060", "2008-03-31": "0.92550", "2007-12-31": "1.10290", "2007-09-30": "1.27930", "2007-06-30": "1.54460", "2007-03-31": "0.99230", "2006-12-31": "1.02530", "2006-09-30": "1.29360", "2006-06-30": "1.58280", "2006-03-31": "0.99090", "2005-12-31": "0.99480", "2005-09-30": "1.26260", "2005-06-30": "1.65330", "2005-03-31": "1.01900"}, "Days Sales In Receivables": {"2020-09-30": "50.25160", "2020-06-30": "69.21080", "2020-03-31": "76.31260", "2019-12-31": "58.06450", "2019-09-30": "55.76850", "2019-06-30": "57.43910", "2019-03-31": "78.12510", "2018-12-31": "62.85810", "2018-09-30": "64.38940", "2018-06-30": "63.74930", "2018-03-31": "82.71690", "2017-12-31": "69.31830", "2017-09-30": "68.47360", "2017-06-30": "60.08940", "2017-03-31": "81.17920", "2016-12-31": "76.24400", "2016-09-30": "375.04130", "2016-06-30": "71.95660", "2016-03-31": "84.06600", "2015-12-31": "89.25960", "2015-09-30": "-991.27660", "2015-06-30": "63.42030", "2015-03-31": "87.77480", "2014-12-31": "77.17850", "2014-09-30": "158.87610", "2014-06-30": "60.47030", "2014-03-31": "90.64940", "2013-12-31": "79.50950", "2013-09-30": "66.67530", "2013-06-30": "54.00320", "2013-03-31": "86.31210", "2012-12-31": "73.64430", "2012-09-30": "86.17190", "2012-06-30": "52.37560", "2012-03-31": "87.13940", "2011-12-31": "81.52300", "2011-09-30": "76.37720", "2011-06-30": "58.98840", "2011-03-31": "91.01190", "2010-12-31": "83.35360", "2010-09-30": "79.48900", "2010-06-30": "48.08550", "2010-03-31": "85.37450", "2009-12-31": "76.52140", "2009-09-30": "125.31930", "2009-06-30": "56.93520", "2009-03-31": "96.47710", "2008-12-31": "102.26840", "2008-09-30": "94.85480", "2008-06-30": "61.19910", "2008-03-31": "97.24320", "2007-12-31": "81.60350", "2007-09-30": "70.35170", "2007-06-30": "58.26570", "2007-03-31": "90.69770", "2006-12-31": "87.77650", "2006-09-30": "69.57120", "2006-06-30": "56.85970", "2006-03-31": "90.82310", "2005-12-31": "90.46890", "2005-09-30": "71.28120", "2005-06-30": "54.43740", "2005-03-31": "88.31820"}, "ROE - Return On Equity": {"2020-09-30": "0.58330", "2020-06-30": "20.35060", "2020-03-31": "31.43720", "2019-12-31": "-11.33010", "2019-09-30": "-7.68810", "2019-06-30": "22.10630", "2019-03-31": "63.80000", "2018-12-31": "-32.62240", "2018-09-30": "-36.31810", "2018-06-30": "23.62130", "2018-03-31": "30.79250", "2017-12-31": "-3.93860", "2017-09-30": "-6.39260", "2017-06-30": "19.46160", "2017-03-31": "22.28810", "2016-12-31": "-9.81090", "2016-09-30": "-3.73140", "2016-06-30": "15.26080", "2016-03-31": "32.82450", "2015-12-31": "-15.05600", "2015-09-30": "-8.05560", "2015-06-30": "16.59940", "2015-03-31": "24.32010", "2014-12-31": "-16.05560", "2014-09-30": "-6.20590", "2014-06-30": "15.98250", "2014-03-31": "18.60290", "2013-12-31": "-10.57460", "2013-09-30": "-2.68820", "2013-06-30": "19.91100", "2013-03-31": "16.32890", "2012-12-31": "-13.29310", "2012-09-30": "-6.34660", "2012-06-30": "14.30270", "2012-03-31": "21.45160", "2011-12-31": "-15.74750", "2011-09-30": "-9.59270", "2011-06-30": "14.53860", "2011-03-31": "18.84350", "2010-12-31": "-9.82910", "2010-09-30": "-3.38780", "2010-06-30": "20.30430", "2010-03-31": "16.95120", "2009-12-31": "-9.30360", "2009-09-30": "-8.43460", "2009-06-30": "25.03320", "2009-03-31": "18.55690", "2008-12-31": "-14.34770", "2008-09-30": "2.06090", "2008-06-30": "4.52180", "2008-03-31": "12.44100", "2007-12-31": "-13.59180", "2007-09-30": "-8.40810", "2007-06-30": "25.62730", "2007-03-31": "22.25190", "2006-12-31": "-5.70280", "2006-09-30": "-3.94750", "2006-06-30": "11.70630", "2006-03-31": "9.20840", "2005-12-31": "-5.39790", "2005-09-30": "-0.82830", "2005-06-30": "8.66440", "2005-03-31": "9.06910"}, "Return On Tangible Equity": {"2020-09-30": "-0.78790", "2020-06-30": "-92.27650", "2020-03-31": "-57.33300", "2019-12-31": "11.62560", "2019-09-30": "10.63100", "2019-06-30": "-31.34910", "2019-03-31": "-52.54170", "2018-12-31": "7.28840", "2018-09-30": "12.54930", "2018-06-30": "-12.94480", "2018-03-31": "-20.40080", "2017-12-31": "2.70120", "2017-09-30": "7.99920", "2017-06-30": "-35.16540", "2017-03-31": "-35.34400", "2016-12-31": "10.77520", "2016-09-30": "8.36390", "2016-06-30": "-48.03330", "2016-03-31": "-92.61700", "2015-12-31": "19.45540", "2015-09-30": "16.67760", "2015-06-30": "-45.98490", "2015-03-31": "286.95550", "2014-12-31": "34.85630", "2014-09-30": "40.74080", "2014-06-30": "85.84640", "2014-03-31": "525.94230", "2013-12-31": "194.95500", "2013-09-30": "-17.20720", "2013-06-30": "114.49610", "2013-03-31": "-1457.32900", "2012-12-31": "65.73640", "2012-09-30": "261.64210", "2012-06-30": "171.53000", "2012-03-31": "-405.44780", "2011-12-31": "45.37560", "2011-09-30": "77.93900", "2011-06-30": "94.18220", "2011-03-31": "107.60310", "2010-12-31": "-144.68550", "2010-09-30": "-20.15560", "2010-06-30": "93.18310", "2010-03-31": "793.04410", "2009-12-31": "39.41780", "2009-09-30": "31.82700", "2009-06-30": "-109.52040", "2009-03-31": "-30.43790", "2008-12-31": "14.33990", "2008-09-30": "-2.92020", "2008-06-30": "-8.56060", "2008-03-31": "-13.84250", "2007-12-31": "12.29440", "2007-09-30": "10.01490", "2007-06-30": "-33.23080", "2007-03-31": "-15.98010", "2006-12-31": "-40.90910", "2006-09-30": "-21.46810", "2006-06-30": "69.24680", "2006-03-31": "92.75940", "2005-12-31": "-98.50480", "2005-09-30": "-5.52670", "2005-06-30": "59.04820", "2005-03-31": "272.22240"}, "ROA - Return On Assets": {"2020-09-30": "0.12130", "2020-06-30": "5.26980", "2020-03-31": "6.04010", "2019-12-31": "-2.06310", "2019-09-30": "-1.83580", "2019-06-30": "5.13350", "2019-03-31": "10.03160", "2018-12-31": "-2.56110", "2018-09-30": "-4.27570", "2018-06-30": "3.52140", "2018-03-31": "4.27070", "2017-12-31": "-0.68710", "2017-09-30": "-1.53990", "2017-06-30": "4.37900", "2017-03-31": "4.06380", "2016-12-31": "-1.92880", "2016-09-30": "-0.99430", "2016-06-30": "3.90350", "2016-03-31": "6.13700", "2015-12-31": "-2.91450", "2015-09-30": "-2.01800", "2015-06-30": "3.81370", "2015-03-31": "4.60500", "2014-12-31": "-3.26680", "2014-09-30": "-1.71010", "2014-06-30": "4.81570", "2014-03-31": "4.09290", "2013-12-31": "-3.04250", "2013-09-30": "-0.98600", "2013-06-30": "6.25240", "2013-03-31": "3.42090", "2012-12-31": "-3.20940", "2012-09-30": "-1.84150", "2012-06-30": "4.04350", "2012-03-31": "4.12090", "2011-12-31": "-3.37750", "2011-09-30": "-2.61670", "2011-06-30": "4.41990", "2011-03-31": "4.83310", "2010-12-31": "-2.95760", "2010-09-30": "-1.19690", "2010-06-30": "6.71770", "2010-03-31": "3.74230", "2009-12-31": "-2.19160", "2009-09-30": "-2.22060", "2009-06-30": "5.56250", "2009-03-31": "2.83370", "2008-12-31": "-2.33770", "2008-09-30": "0.41740", "2008-06-30": "0.82670", "2008-03-31": "1.82910", "2007-12-31": "-2.35780", "2007-09-30": "-1.76970", "2007-06-30": "4.95250", "2007-03-31": "2.74090", "2006-12-31": "-2.55150", "2006-09-30": "-1.92550", "2006-06-30": "5.23460", "2006-03-31": "3.31540", "2005-12-31": "-2.37830", "2005-09-30": "-0.42100", "2005-06-30": "3.73420", "2005-03-31": "3.14730"}, "ROI - Return On Investment": {"2020-09-30": "0.19000", "2020-06-30": "8.10750", "2020-03-31": "8.58890", "2019-12-31": "-2.74320", "2019-09-30": "-2.47470", "2019-06-30": "7.51470", "2019-03-31": "14.91430", "2018-12-31": "-3.38610", "2018-09-30": "-5.82150", "2018-06-30": "5.00660", "2018-03-31": "6.27470", "2017-12-31": "-0.90710", "2017-09-30": "-2.20350", "2017-06-30": "6.71370", "2017-03-31": "5.63580", "2016-12-31": "-2.59340", "2016-09-30": "-1.55220", "2016-06-30": "6.49180", "2016-03-31": "9.22990", "2015-12-31": "-3.92500", "2015-09-30": "-3.07580", "2015-06-30": "8.05850", "2015-03-31": "7.79790", "2014-12-31": "-4.64180", "2014-09-30": "-2.79450", "2014-06-30": "8.72170", "2014-03-31": "6.90280", "2013-12-31": "-5.15860", "2013-09-30": "-1.60690", "2013-06-30": "11.45050", "2013-03-31": "5.59920", "2012-12-31": "-4.56640", "2012-09-30": "-2.76210", "2012-06-30": "7.11750", "2012-03-31": "6.90920", "2011-12-31": "-4.90510", "2011-09-30": "-3.97310", "2011-06-30": "7.20460", "2011-03-31": "12.33610", "2010-12-31": "-4.88290", "2010-09-30": "-2.15620", "2010-06-30": "12.79250", "2010-03-31": "6.24150", "2009-12-31": "-3.74640", "2009-09-30": "-3.99450", "2009-06-30": "9.60060", "2009-03-31": "5.09880", "2008-12-31": "-3.75710", "2008-09-30": "0.69970", "2008-06-30": "1.47900", "2008-03-31": "3.03330", "2007-12-31": "-3.33240", "2007-09-30": "-2.66760", "2007-06-30": "8.44290", "2007-03-31": "3.86470", "2006-12-31": "-3.45170", "2006-09-30": "-2.74260", "2006-06-30": "7.60890", "2006-03-31": "4.52830", "2005-12-31": "-3.18350", "2005-09-30": "-0.60340", "2005-06-30": "5.43660", "2005-03-31": "4.41610"}, "Book Value Per Share": {"2020-09-30": "12.59680", "2020-06-30": "17.99100", "2020-03-31": "14.31710", "2019-12-31": "11.27780", "2019-09-30": "12.96060", "2019-06-30": "14.53430", "2019-03-31": "11.22920", "2018-12-31": "4.57870", "2018-09-30": "6.50270", "2018-06-30": "9.59030", "2018-03-31": "8.91910", "2017-12-31": "8.87760", "2017-09-30": "11.38900", "2017-06-30": "12.67920", "2017-03-31": "11.60070", "2016-12-31": "9.88650", "2016-09-30": "12.17750", "2016-06-30": "13.68750", "2016-03-31": "11.24020", "2015-12-31": "8.56420", "2015-09-30": "10.31110", "2015-06-30": "11.31160", "2015-03-31": "9.32730", "2014-12-31": "7.59310", "2014-09-30": "9.34430", "2014-06-30": "12.33990", "2014-03-31": "10.98700", "2013-12-31": "9.98870", "2013-09-30": "11.45970", "2013-06-30": "12.00320", "2013-03-31": "9.83630", "2012-12-31": "9.37590", "2012-09-30": "9.81890", "2012-06-30": "11.01310", "2012-03-31": "9.65140", "2011-12-31": "7.63490", "2011-09-30": "9.20720", "2011-06-30": "12.06120", "2011-03-31": "12.00300", "2010-12-31": "10.20450", "2010-09-30": "11.44460", "2010-06-30": "12.47830", "2010-03-31": "10.07030", "2009-12-31": "8.08560", "2009-09-30": "8.82930", "2009-06-30": "9.16290", "2009-03-31": "6.90850", "2008-12-31": "5.62900", "2008-09-30": "6.69790", "2008-06-30": "7.73680", "2008-03-31": "7.22790", "2007-12-31": "6.50930", "2007-09-30": "7.47740", "2007-06-30": "7.94510", "2007-03-31": "5.90240", "2006-12-31": "15.27270", "2006-09-30": "16.24170", "2006-06-30": "17.02090", "2006-03-31": "15.41170", "2005-12-31": "14.34260", "2005-09-30": "15.13570", "2005-06-30": "14.99710", "2005-03-31": "13.79130"}, "Operating Cash Flow Per Share": {"2020-09-30": 9.0624, "2020-06-30": 11.5085, "2020-03-31": -5.0617, "2019-12-31": "-5.70250", "2019-09-30": 5.4012, "2019-06-30": 8.3964, "2019-03-31": -5.5486, "2018-12-31": "-4.22060", "2018-09-30": 6.0586, "2018-06-30": 8.3507, "2018-03-31": -4.7566, "2017-12-31": "-3.65450", "2017-09-30": 4.5065, "2017-06-30": 9.596, "2017-03-31": -4.5785, "2016-12-31": "-3.49080", "2016-09-30": 4.4024, "2016-06-30": 9.6264, "2016-03-31": -4.5876, "2015-12-31": "-5.50570", "2015-09-30": 3.5811, "2015-06-30": 10.8345, "2015-03-31": -6.0547, "2014-12-31": "-4.39140", "2014-09-30": 3.2924, "2014-06-30": 10.3208, "2014-03-31": -6.8693, "2013-12-31": "-2.90180", "2013-09-30": 3.1774, "2013-06-30": 11.0247, "2013-03-31": -5.9929, "2012-12-31": "-2.74590", "2012-09-30": 0.6197, "2012-06-30": 11.857, "2012-03-31": -6.7044, "2011-12-31": "-3.30210", "2011-09-30": 2.0483, "2011-06-30": 8.731, "2011-03-31": -6.3753, "2010-12-31": "-2.55960", "2010-09-30": 2.0768, "2010-06-30": 11.3716, "2010-03-31": -6.3899, "2009-12-31": "-2.68130", "2009-09-30": 3.95, "2009-06-30": 9.4588, "2009-03-31": -6.7427, "2008-12-31": "-2.66310", "2008-09-30": 3.6768, "2008-06-30": 7.8661, "2008-03-31": -5.6673, "2007-12-31": "-2.80370", "2007-09-30": 2.7295, "2007-06-30": 8.6163, "2007-03-31": -4.628, "2006-12-31": "-3.03720", "2006-09-30": 2.5691, "2006-06-30": 8.0864, "2006-03-31": -4.5861, "2005-12-31": "-3.44120", "2005-09-30": 2.3251, "2005-06-30": 7.0793, "2005-03-31": -6.0997}, "Free Cash Flow Per Share": {"2020-09-30": 8.6943, "2020-06-30": 11.2994, "2020-03-31": -5.1869, "2019-12-31": "-6.09500", "2019-09-30": 5.1907, "2019-06-30": 8.2632, "2019-03-31": -5.691, "2018-12-31": "-4.45030", "2018-09-30": 5.6552, "2018-06-30": 8.2223, "2018-03-31": -4.993, "2017-12-31": "-3.99130", "2017-09-30": 4.0618, "2017-06-30": 9.4414, "2017-03-31": -4.7743, "2016-12-31": "-3.75710", "2016-09-30": 4.0387, "2016-06-30": 9.4775, "2016-03-31": -4.7164, "2015-12-31": "-5.76590", "2015-09-30": 3.2537, "2015-06-30": 10.6254, "2015-03-31": -6.1833, "2014-12-31": "-4.62990", "2014-09-30": 3.0489, "2014-06-30": 10.0688, "2014-03-31": -7.0131, "2013-12-31": "-3.60060", "2013-09-30": 2.901, "2013-06-30": 10.9514, "2013-03-31": -6.1402, "2012-12-31": "-3.15150", "2012-09-30": 0.1324, "2012-06-30": 11.6444, "2012-03-31": -6.8415, "2011-12-31": "-3.57140", "2011-09-30": 1.7552, "2011-06-30": 8.5842, "2011-03-31": -6.6068, "2010-12-31": "-2.98340", "2010-09-30": 1.5486, "2010-06-30": 11.2407, "2010-03-31": -6.6658, "2009-12-31": "-2.61760", "2009-09-30": 3.2738, "2009-06-30": 9.345, "2009-03-31": -6.8987, "2008-12-31": "-2.78520", "2008-09-30": 3.3687, "2008-06-30": 7.7067, "2008-03-31": -5.8149, "2007-12-31": "-3.02960", "2007-09-30": 2.5014, "2007-06-30": 8.4839, "2007-03-31": -4.8294, "2006-12-31": "-3.27380", "2006-09-30": 2.2939, "2006-06-30": 7.9412, "2006-03-31": -4.758, "2005-12-31": "-3.65150", "2005-09-30": 2.0174, "2005-06-30": 6.9681, "2005-03-31": -6.2698}}, "revenue": {"Scotts Miracle-Gro Annual Revenue (Millions of US $)": {"2020": "$4,132", "2019": "$3,156", "2018": "$2,663", "2017": "$2,642", "2016": "$2,506", "2015": "$2,371", "2014": "$2,578", "2013": "$2,774", "2012": "$2,771", "2011": "$2,800", "2010": "$2,873", "2009": "$2,746", "2008": "$2,823", "2007": "$2,872", "2006": "$2,697", "2005": "$2,369"}, "Scotts Miracle-Gro Quarterly Revenue (Millions of US $)": {"2020-12-31": "$749", "2020-09-30": "$890", "2020-06-30": "$1,493", "2020-03-31": "$1,383", "2019-12-31": "$366", "2019-09-30": "$498", "2019-06-30": "$1,170", "2019-03-31": "$1,190", "2018-12-31": "$298", "2018-09-30": "$434", "2018-06-30": "$995", "2018-03-31": "$1,013", "2017-12-31": "$222", "2017-09-30": "$377", "2017-06-30": "$973", "2017-03-31": "$1,085", "2016-12-31": "$207", "2016-09-30": "$72", "2016-06-30": "$994", "2016-03-31": "$1,245", "2015-12-31": "$195", "2015-09-30": "$-28", "2015-06-30": "$1,111", "2015-03-31": "$1,072", "2014-12-31": "$216", "2014-09-30": "$191", "2014-06-30": "$1,116", "2014-03-31": "$1,081", "2013-12-31": "$190", "2013-09-30": "$423", "2013-06-30": "$1,137", "2013-03-31": "$1,008", "2012-12-31": "$206", "2012-09-30": "$346", "2012-06-30": "$1,055", "2012-03-31": "$1,170", "2011-12-31": "$200", "2011-09-30": "$381", "2011-06-30": "$1,059", "2011-03-31": "$1,130", "2010-12-31": "$230", "2010-09-30": "$397", "2010-06-30": "$1,173", "2010-03-31": "$1,051", "2009-12-31": "$252", "2009-09-30": "$288", "2009-06-30": "$1,231", "2009-03-31": "$941", "2008-12-31": "$286", "2008-09-30": "$386", "2008-06-30": "$1,171", "2008-03-31": "$958", "2007-12-31": "$309", "2007-09-30": "$509", "2007-06-30": "$1,098", "2007-03-31": "$993", "2006-12-31": "$271", "2006-09-30": "$492", "2006-06-30": "$1,048", "2006-03-31": "$908", "2005-12-31": "$250", "2005-09-30": "$408", "2005-06-30": "$901", "2005-03-31": "$813"}}, "gross-profit": {"Scotts Miracle-Gro Annual Gross Profit (Millions of US $)": {"2020": "$1,347", "2019": "$1,020", "2018": "$865", "2017": "$973", "2016": "$900", "2015": "$811", "2014": "$890", "2013": "$978", "2012": "$957", "2011": "$1,009", "2010": "$1,086", "2009": "$978", "2008": "$912", "2007": "$1,005", "2006": "$956", "2005": "$860"}, "Scotts Miracle-Gro Quarterly Gross Profit (Millions of US $)": {"2020-12-31": "$191", "2020-09-30": "$216", "2020-06-30": "$527", "2020-03-31": "$550", "2019-12-31": "$54", "2019-09-30": "$90", "2019-06-30": "$423", "2019-03-31": "$472", "2018-12-31": "$35", "2018-09-30": "$74", "2018-06-30": "$348", "2018-03-31": "$409", "2017-12-31": "$34", "2017-09-30": "$88", "2017-06-30": "$383", "2017-03-31": "$464", "2016-12-31": "$37", "2016-09-30": "$5", "2016-06-30": "$357", "2016-03-31": "$522", "2015-12-31": "$17", "2015-09-30": "$-29", "2015-06-30": "$386", "2015-03-31": "$425", "2014-12-31": "$29", "2014-09-30": "$-1", "2014-06-30": "$423", "2014-03-31": "$434", "2013-12-31": "$34", "2013-09-30": "$130", "2013-06-30": "$440", "2013-03-31": "$377", "2012-12-31": "$31", "2012-09-30": "$100", "2012-06-30": "$369", "2012-03-31": "$462", "2011-12-31": "$26", "2011-09-30": "$97", "2011-06-30": "$400", "2011-03-31": "$463", "2010-12-31": "$49", "2010-09-30": "$136", "2010-06-30": "$482", "2010-03-31": "$415", "2009-12-31": "$53", "2009-09-30": "$68", "2009-06-30": "$476", "2009-03-31": "$356", "2008-12-31": "$77", "2008-09-30": "$94", "2008-06-30": "$424", "2008-03-31": "$323", "2007-12-31": "$71", "2007-09-30": "$158", "2007-06-30": "$423", "2007-03-31": "$368", "2006-12-31": "$55", "2006-09-30": "$150", "2006-06-30": "$406", "2006-03-31": "$346", "2005-12-31": "$54", "2005-09-30": "$138", "2005-06-30": "$334", "2005-03-31": "$328"}}, "operating-income": {"Scotts Miracle-Gro Annual Operating Income (Millions of US $)": {"2020": "$585", "2019": "$410", "2018": "$199", "2017": "$433", "2016": "$448", "2015": "$254", "2014": "$284", "2013": "$311", "2012": "$241", "2011": "$275", "2010": "$374", "2009": "$261", "2008": "$140", "2007": "$277", "2006": "$253", "2005": "$201"}, "Scotts Miracle-Gro Quarterly Operating Income (Millions of US $)": {"2020-12-31": "$34", "2020-09-30": "$10", "2020-06-30": "$285", "2020-03-31": "$354", "2019-12-31": "$-63", "2019-09-30": "$-54", "2019-06-30": "$258", "2019-03-31": "$290", "2018-12-31": "$-85", "2018-09-30": "$-147", "2018-06-30": "$186", "2018-03-31": "$232", "2017-12-31": "$-72", "2017-09-30": "$-26", "2017-06-30": "$236", "2017-03-31": "$285", "2016-12-31": "$-62", "2016-09-30": "$-41", "2016-06-30": "$217", "2016-03-31": "$369", "2015-12-31": "$-98", "2015-09-30": "$-63", "2015-06-30": "$191", "2015-03-31": "$232", "2014-12-31": "$-106", "2014-09-30": "$-45", "2014-06-30": "$201", "2014-03-31": "$217", "2013-12-31": "$-90", "2013-09-30": "$-19", "2013-06-30": "$249", "2013-03-31": "$172", "2012-12-31": "$-92", "2012-09-30": "$-47", "2012-06-30": "$170", "2012-03-31": "$217", "2011-12-31": "$-99", "2011-09-30": "$-69", "2011-06-30": "$192", "2011-03-31": "$246", "2010-12-31": "$-95", "2010-09-30": "$-33", "2010-06-30": "$280", "2010-03-31": "$197", "2009-12-31": "$-69", "2009-09-30": "$-70", "2009-06-30": "$250", "2009-03-31": "$146", "2008-12-31": "$-66", "2008-09-30": "$2", "2008-06-30": "$93", "2008-03-31": "$114", "2007-12-31": "$-70", "2007-09-30": "$-32", "2007-06-30": "$227", "2007-03-31": "$167", "2006-12-31": "$-85", "2006-09-30": "$-63", "2006-06-30": "$229", "2006-03-31": "$163", "2005-12-31": "$-77", "2005-09-30": "$-8", "2005-06-30": "$152", "2005-03-31": "$147"}}, "ebitda": {"Scotts Miracle-Gro Annual EBITDA (Millions of US $)": {"2020": "$680", "2019": "$499", "2018": "$282", "2017": "$514", "2016": "$521", "2015": "$323", "2014": "$348", "2013": "$377", "2012": "$304", "2011": "$337", "2010": "$434", "2009": "$321", "2008": "$210", "2007": "$345", "2006": "$320", "2005": "$268"}, "Scotts Miracle-Gro Quarterly EBITDA (Millions of US $)": {"2020-09-30": "$35", "2020-06-30": "$308", "2020-03-31": "$377", "2019-12-31": "$-40", "2019-09-30": "$-32", "2019-06-30": "$281", "2019-03-31": "$313", "2018-12-31": "$-63", "2018-09-30": "$-125", "2018-06-30": "$207", "2018-03-31": "$252", "2017-12-31": "$-52", "2017-09-30": "$-6", "2017-06-30": "$256", "2017-03-31": "$305", "2016-12-31": "$-42", "2016-09-30": "$-22", "2016-06-30": "$234", "2016-03-31": "$388", "2015-12-31": "$-80", "2015-09-30": "$-45", "2015-06-30": "$210", "2015-03-31": "$247", "2014-12-31": "$-90", "2014-09-30": "$-28", "2014-06-30": "$217", "2014-03-31": "$233", "2013-12-31": "$-74", "2013-09-30": "$-2", "2013-06-30": "$265", "2013-03-31": "$188", "2012-12-31": "$-76", "2012-09-30": "$-32", "2012-06-30": "$187", "2012-03-31": "$232", "2011-12-31": "$-83", "2011-09-30": "$-53", "2011-06-30": "$208", "2011-03-31": "$261", "2010-12-31": "$-80", "2010-09-30": "$-19", "2010-06-30": "$295", "2010-03-31": "$211", "2009-12-31": "$-54", "2009-09-30": "$-54", "2009-06-30": "$265", "2009-03-31": "$161", "2008-12-31": "$-51", "2008-09-30": "$19", "2008-06-30": "$112", "2008-03-31": "$132", "2007-12-31": "$-53", "2007-09-30": "$-16", "2007-06-30": "$244", "2007-03-31": "$184", "2006-12-31": "$-68", "2006-09-30": "$-47", "2006-06-30": "$248", "2006-03-31": "$180", "2005-12-31": "$-61", "2005-09-30": "$11", "2005-06-30": "$169", "2005-03-31": "$163"}}, "net-income": {"Scotts Miracle-Gro Annual Net Income (Millions of US $)": {"2020": "$387", "2019": "$461", "2018": "$64", "2017": "$218", "2016": "$315", "2015": "$160", "2014": "$167", "2013": "$161", "2012": "$107", "2011": "$168", "2010": "$204", "2009": "$153", "2008": "$-11", "2007": "$113", "2006": "$133", "2005": "$101"}, "Scotts Miracle-Gro Quarterly Net Income (Millions of US $)": {"2020-12-31": "$24", "2020-09-30": "$4", "2020-06-30": "$203", "2020-03-31": "$252", "2019-12-31": "$-71", "2019-09-30": "$-58", "2019-06-30": "$202", "2019-03-31": "$397", "2018-12-31": "$-80", "2018-09-30": "$-147", "2018-06-30": "$83", "2018-03-31": "$149", "2017-12-31": "$-21", "2017-09-30": "$-33", "2017-06-30": "$152", "2017-03-31": "$165", "2016-12-31": "$-65", "2016-09-30": "$-27", "2016-06-30": "$213", "2016-03-31": "$210", "2015-12-31": "$-81", "2015-09-30": "$-24", "2015-06-30": "$133", "2015-03-31": "$125", "2014-12-31": "$-75", "2014-09-30": "$-15", "2014-06-30": "$122", "2014-03-31": "$126", "2013-12-31": "$-66", "2013-09-30": "$-19", "2013-06-30": "$148", "2013-03-31": "$100", "2012-12-31": "$-68", "2012-09-30": "$-40", "2012-06-30": "$93", "2012-03-31": "$127", "2011-12-31": "$-74", "2011-09-30": "$-53", "2011-06-30": "$112", "2011-03-31": "$178", "2010-12-31": "$-68", "2010-09-30": "$-33", "2010-06-30": "$176", "2010-03-31": "$119", "2009-12-31": "$-58", "2009-09-30": "$-15", "2009-06-30": "$148", "2009-03-31": "$77", "2008-12-31": "$-57", "2008-09-30": "$-35", "2008-06-30": "$23", "2008-03-31": "$58", "2007-12-31": "$-57", "2007-09-30": "$-40", "2007-06-30": "$130", "2007-03-31": "$83", "2006-12-31": "$-59", "2006-09-30": "$-43", "2006-06-30": "$133", "2006-03-31": "$95", "2005-12-31": "$-53", "2005-09-30": "$-8", "2005-06-30": "$89", "2005-03-31": "$83"}}, "eps-earnings-per-share-diluted": {"Scotts Miracle-Gro Annual EPS": {"2020": "$6.81", "2019": "$8.18", "2018": "$1.12", "2017": "$3.63", "2016": "$5.09", "2015": "$2.57", "2014": "$2.65", "2013": "$2.57", "2012": "$1.71", "2011": "$2.54", "2010": "$3.02", "2009": "$2.32", "2008": "$-0.17", "2007": "$1.69", "2006": "$1.91", "2005": "$1.47"}, "Scotts Miracle-Gro Quarterly EPS": {"2020-12-31": "$0.43", "2020-09-30": "$0.07", "2020-06-30": "$3.55", "2020-03-31": "$4.47", "2019-12-31": "$-1.28", "2019-09-30": "$-1.03", "2019-06-30": "$3.56", "2019-03-31": "$7.09", "2018-12-31": "$-1.44", "2018-09-30": "$-2.57", "2018-06-30": "$1.47", "2018-03-31": "$2.59", "2017-12-31": "$-0.37", "2017-09-30": "$-0.54", "2017-06-30": "$2.53", "2017-03-31": "$2.73", "2016-12-31": "$-1.09", "2016-09-30": "$-0.41", "2016-06-30": "$3.44", "2016-03-31": "$3.38", "2015-12-31": "$-1.32", "2015-09-30": "$-0.35", "2015-06-30": "$2.14", "2015-03-31": "$2.01", "2014-12-31": "$-1.23", "2014-09-30": "$-0.24", "2014-06-30": "$1.95", "2014-03-31": "$2.00", "2013-12-31": "$-1.06", "2013-09-30": "$-0.30", "2013-06-30": "$2.37", "2013-03-31": "$1.60", "2012-12-31": "$-1.10", "2012-09-30": "$-0.63", "2012-06-30": "$1.50", "2012-03-31": "$2.05", "2011-12-31": "$-1.21", "2011-09-30": "$-0.76", "2011-06-30": "$1.69", "2011-03-31": "$2.63", "2010-12-31": "$-1.02", "2010-09-30": "$-0.45", "2010-06-30": "$2.59", "2010-03-31": "$1.76", "2009-12-31": "$-0.88", "2009-09-30": "$-0.22", "2009-06-30": "$2.24", "2009-03-31": "$1.18", "2008-12-31": "$-0.88", "2008-09-30": "$-0.51", "2008-06-30": "$0.35", "2008-03-31": "$0.88", "2007-12-31": "$-0.89", "2007-09-30": "$-0.64", "2007-06-30": "$1.98", "2007-03-31": "$1.23", "2006-12-31": "$-0.88", "2006-09-30": "$-0.59", "2006-06-30": "$1.92", "2006-03-31": "$1.36", "2005-12-31": "$-0.78", "2005-09-30": "$-0.09", "2005-06-30": "$1.29", "2005-03-31": "$1.22"}}, "shares-outstanding": {"Scotts Miracle-Gro Annual Shares Outstanding (Millions of Shares)": {"2020": "57", "2019": "56", "2018": "57", "2017": "60", "2016": "62", "2015": "62", "2014": "63", "2013": "63", "2012": "62", "2011": "66", "2010": "68", "2009": "66", "2008": "65", "2007": "67", "2006": "69", "2005": "69"}, "Scotts Miracle-Gro Quarterly Shares Outstanding (Millions of Shares)": {"2020-12-31": "57", "2020-09-30": "57", "2020-06-30": "57", "2020-03-31": "56", "2019-12-31": "56", "2019-09-30": "56", "2019-06-30": "57", "2019-03-31": "56", "2018-12-31": "55", "2018-09-30": "57", "2018-06-30": "56", "2018-03-31": "57", "2017-12-31": "58", "2017-09-30": "60", "2017-06-30": "60", "2017-03-31": "61", "2016-12-31": "60", "2016-09-30": "62", "2016-06-30": "62", "2016-03-31": "62", "2015-12-31": "62", "2015-09-30": "62", "2015-06-30": "62", "2015-03-31": "62", "2014-12-31": "61", "2014-09-30": "63", "2014-06-30": "62", "2014-03-31": "63", "2013-12-31": "62", "2013-09-30": "63", "2013-06-30": "63", "2013-03-31": "62", "2012-12-31": "61", "2012-09-30": "62", "2012-06-30": "62", "2012-03-31": "62", "2011-12-31": "61", "2011-09-30": "66", "2011-06-30": "66", "2011-03-31": "68", "2010-12-31": "66", "2010-09-30": "68", "2010-06-30": "68", "2010-03-31": "67", "2009-12-31": "66", "2009-09-30": "66", "2009-06-30": "66", "2009-03-31": "66", "2008-12-31": "65", "2008-09-30": "65", "2008-06-30": "65", "2008-03-31": "66", "2007-12-31": "64", "2007-09-30": "67", "2007-06-30": "65", "2007-03-31": "68", "2006-12-31": "67", "2006-09-30": "69", "2006-06-30": "69", "2006-03-31": "70", "2005-12-31": "68", "2005-09-30": "69", "2005-06-30": "69", "2005-03-31": "68"}}, "total-assets": {"Scotts Miracle-Gro Annual Total Assets (Millions of US $)": {"2020": "$3,381", "2019": "$3,029", "2018": "$3,055", "2017": "$2,747", "2016": "$2,756", "2015": "$2,527", "2014": "$2,058", "2013": "$1,937", "2012": "$2,074", "2011": "$2,052", "2010": "$2,164", "2009": "$2,220", "2008": "$2,156", "2007": "$2,277", "2006": "$2,218", "2005": "$2,019"}, "Scotts Miracle-Gro Quarterly Total Assets (Millions of US $)": {"2020-09-30": "$3,381", "2020-06-30": "$3,877", "2020-03-31": "$4,136", "2019-12-31": "$3,456", "2019-09-30": "$3,029", "2019-06-30": "$3,467", "2019-03-31": "$3,957", "2018-12-31": "$3,225", "2018-09-30": "$3,055", "2018-06-30": "$3,564", "2018-03-31": "$3,576", "2017-12-31": "$2,911", "2017-09-30": "$2,747", "2017-06-30": "$3,302", "2017-03-31": "$3,792", "2016-12-31": "$3,012", "2016-09-30": "$2,756", "2016-06-30": "$3,254", "2016-03-31": "$3,679", "2015-12-31": "$2,721", "2015-09-30": "$2,527", "2015-06-30": "$3,018", "2015-03-31": "$3,010", "2014-12-31": "$2,265", "2014-09-30": "$2,058", "2014-06-30": "$2,506", "2014-03-31": "$3,071", "2013-12-31": "$2,159", "2013-09-30": "$1,937", "2013-06-30": "$2,362", "2013-03-31": "$2,897", "2012-12-31": "$2,128", "2012-09-30": "$2,074", "2012-06-30": "$2,384", "2012-03-31": "$3,070", "2011-12-31": "$2,164", "2011-09-30": "$2,052", "2011-06-30": "$2,527", "2011-03-31": "$3,075", "2010-12-31": "$2,255", "2010-09-30": "$2,164", "2010-06-30": "$2,523", "2010-03-31": "$3,052", "2009-12-31": "$2,286", "2009-09-30": "$2,220", "2009-06-30": "$2,709", "2009-03-31": "$2,968", "2008-12-31": "$2,263", "2008-09-30": "$2,156", "2008-06-30": "$2,734", "2008-03-31": "$3,171", "2007-12-31": "$2,409", "2007-09-30": "$2,277", "2007-06-30": "$2,619", "2007-03-31": "$3,043", "2006-12-31": "$2,328", "2006-09-30": "$2,218", "2006-06-30": "$2,547", "2006-03-31": "$2,859", "2005-12-31": "$2,216", "2005-09-30": "$2,019", "2005-06-30": "$2,359", "2005-03-31": "$2,647"}}, "cash-on-hand": {"Scotts Miracle-Gro Annual Cash on Hand (Millions of US $)": {"2020": "$17", "2019": "$19", "2018": "$34", "2017": "$121", "2016": "$29", "2015": "$71", "2014": "$89", "2013": "$130", "2012": "$132", "2011": "$131", "2010": "$88", "2009": "$72", "2008": "$85", "2007": "$68", "2006": "$48", "2005": "$80"}, "Scotts Miracle-Gro Quarterly Cash on Hand (Millions of US $)": {"2020-09-30": "$17", "2020-06-30": "$48", "2020-03-31": "$31", "2019-12-31": "$27", "2019-09-30": "$19", "2019-06-30": "$36", "2019-03-31": "$38", "2018-12-31": "$23", "2018-09-30": "$34", "2018-06-30": "$30", "2018-03-31": "$33", "2017-12-31": "$55", "2017-09-30": "$121", "2017-06-30": "$88", "2017-03-31": "$55", "2016-12-31": "$73", "2016-09-30": "$29", "2016-06-30": "$77", "2016-03-31": "$57", "2015-12-31": "$49", "2015-09-30": "$71", "2015-06-30": "$80", "2015-03-31": "$55", "2014-12-31": "$130", "2014-09-30": "$89", "2014-06-30": "$147", "2014-03-31": "$153", "2013-12-31": "$125", "2013-09-30": "$130", "2013-06-30": "$105", "2013-03-31": "$99", "2012-12-31": "$116", "2012-09-30": "$132", "2012-06-30": "$132", "2012-03-31": "$122", "2011-12-31": "$128", "2011-09-30": "$131", "2011-06-30": "$164", "2011-03-31": "$129", "2010-12-31": "$79", "2010-09-30": "$88", "2010-06-30": "$78", "2010-03-31": "$38", "2009-12-31": "$52", "2009-09-30": "$72", "2009-06-30": "$149", "2009-03-31": "$48", "2008-12-31": "$48", "2008-09-30": "$85", "2008-06-30": "$166", "2008-03-31": "$77", "2007-12-31": "$65", "2007-09-30": "$68", "2007-06-30": "$67", "2007-03-31": "$44", "2006-12-31": "$36", "2006-09-30": "$48", "2006-06-30": "$64", "2006-03-31": "$27", "2005-12-31": "$38", "2005-09-30": "$80", "2005-06-30": "$177", "2005-03-31": "$35"}}, "long-term-debt": {"Scotts Miracle-Gro Annual Long Term Debt (Millions of US $)": {"2020": "$1,455", "2019": "$1,524", "2018": "$1,884", "2017": "$1,258", "2016": "$1,031", "2015": "$1,025", "2014": "$692", "2013": "$478", "2012": "$781", "2011": "$792", "2010": "$437", "2009": "$650", "2008": "$850", "2007": "$1,031", "2006": "$475", "2005": "$382"}, "Scotts Miracle-Gro Quarterly Long Term Debt (Millions of US $)": {"2020-09-30": "$1,455", "2020-06-30": "$1,516", "2020-03-31": "$2,114", "2019-12-31": "$1,970", "2019-09-30": "$1,524", "2019-06-30": "$1,564", "2019-03-31": "$2,039", "2018-12-31": "$2,186", "2018-09-30": "$1,884", "2018-06-30": "$1,975", "2018-03-31": "$1,938", "2017-12-31": "$1,697", "2017-09-30": "$1,258", "2017-06-30": "$1,411", "2017-03-31": "$2,043", "2016-12-31": "$1,648", "2016-09-30": "$1,031", "2016-06-30": "$1,124", "2016-03-31": "$1,759", "2015-12-31": "$1,494", "2015-09-30": "$1,025", "2015-06-30": "$735", "2015-03-31": "$1,208", "2014-12-31": "$1,133", "2014-09-30": "$692", "2014-06-30": "$629", "2014-03-31": "$1,145", "2013-12-31": "$652", "2013-09-30": "$478", "2013-06-30": "$548", "2013-03-31": "$1,163", "2012-12-31": "$982", "2012-09-30": "$781", "2012-06-30": "$680", "2012-03-31": "$1,241", "2011-12-31": "$1,026", "2011-09-30": "$792", "2011-06-30": "$782", "2011-03-31": "$416", "2010-12-31": "$687", "2010-09-30": "$437", "2010-06-30": "$490", "2010-03-31": "$1,156", "2009-12-31": "$799", "2009-09-30": "$650", "2009-06-30": "$968", "2009-03-31": "$1,196", "2008-12-31": "$1,039", "2008-09-30": "$850", "2008-06-30": "$1,028", "2008-03-31": "$1,446", "2007-12-31": "$1,287", "2007-09-30": "$1,031", "2007-06-30": "$1,030", "2007-03-31": "$1,783", "2006-12-31": "$679", "2006-09-30": "$475", "2006-06-30": "$613", "2006-03-31": "$1,064", "2005-12-31": "$679", "2005-09-30": "$382", "2005-06-30": "$604", "2005-03-31": "$968"}}, "total-liabilities": {"Scotts Miracle-Gro Annual Total Liabilities (Millions of US $)": {"2020": "$2,678", "2019": "$2,306", "2018": "$2,695", "2017": "$2,085", "2016": "$2,022", "2015": "$1,894", "2014": "$1,491", "2013": "$1,227", "2012": "$1,473", "2011": "$1,492", "2010": "$1,400", "2009": "$1,636", "2008": "$1,720", "2007": "$1,798", "2006": "$1,136", "2005": "$993"}, "Scotts Miracle-Gro Quarterly Total Liabilities (Millions of US $)": {"2020-09-30": "$2,678", "2020-06-30": "$2,873", "2020-03-31": "$3,341", "2019-12-31": "$2,827", "2019-09-30": "$2,306", "2019-06-30": "$2,662", "2019-03-31": "$3,334", "2018-12-31": "$2,972", "2018-09-30": "$2,695", "2018-06-30": "$3,033", "2018-03-31": "$3,080", "2017-12-31": "$2,403", "2017-09-30": "$2,085", "2017-06-30": "$2,559", "2017-03-31": "$3,101", "2016-12-31": "$2,420", "2016-09-30": "$2,022", "2016-06-30": "$2,421", "2016-03-31": "$2,991", "2015-12-31": "$2,194", "2015-09-30": "$1,894", "2015-06-30": "$2,325", "2015-03-31": "$2,440", "2014-12-31": "$1,804", "2014-09-30": "$1,491", "2014-06-30": "$1,751", "2014-03-31": "$2,396", "2013-12-31": "$1,538", "2013-09-30": "$1,227", "2013-06-30": "$1,621", "2013-03-31": "$2,290", "2012-12-31": "$1,614", "2012-09-30": "$1,473", "2012-06-30": "$1,710", "2012-03-31": "$2,480", "2011-12-31": "$1,700", "2011-09-30": "$1,492", "2011-06-30": "$1,759", "2011-03-31": "$2,286", "2010-12-31": "$1,577", "2010-09-30": "$1,400", "2010-06-30": "$1,688", "2010-03-31": "$2,378", "2009-12-31": "$1,748", "2009-09-30": "$1,636", "2009-06-30": "$2,107", "2009-03-31": "$2,515", "2008-12-31": "$1,894", "2008-09-30": "$1,720", "2008-06-30": "$2,234", "2008-03-31": "$2,705", "2007-12-31": "$1,991", "2007-09-30": "$1,798", "2007-06-30": "$2,113", "2007-03-31": "$2,668", "2006-12-31": "$1,286", "2006-09-30": "$1,136", "2006-06-30": "$1,408", "2006-03-31": "$1,830", "2005-12-31": "$1,240", "2005-09-30": "$993", "2005-06-30": "$1,343", "2005-03-31": "$1,728"}}, "total-share-holder-equity": {"Scotts Miracle-Gro Annual Share Holder Equity (Millions of US $)": {"2020": "$703", "2019": "$723", "2018": "$360", "2017": "$662", "2016": "$734", "2015": "$633", "2014": "$567", "2013": "$711", "2012": "$602", "2011": "$560", "2010": "$765", "2009": "$585", "2008": "$437", "2007": "$479", "2006": "$1,082", "2005": "$1,026"}, "Scotts Miracle-Gro Quarterly Share Holder Equity (Millions of US $)": {"2020-09-30": "$703", "2020-06-30": "$1,004", "2020-03-31": "$795", "2019-12-31": "$629", "2019-09-30": "$723", "2019-06-30": "$805", "2019-03-31": "$622", "2018-12-31": "$253", "2018-09-30": "$360", "2018-06-30": "$531", "2018-03-31": "$496", "2017-12-31": "$508", "2017-09-30": "$662", "2017-06-30": "$743", "2017-03-31": "$691", "2016-12-31": "$592", "2016-09-30": "$734", "2016-06-30": "$832", "2016-03-31": "$688", "2015-12-31": "$527", "2015-09-30": "$633", "2015-06-30": "$693", "2015-03-31": "$570", "2014-12-31": "$461", "2014-09-30": "$567", "2014-06-30": "$755", "2014-03-31": "$676", "2013-12-31": "$621", "2013-09-30": "$711", "2013-06-30": "$742", "2013-03-31": "$607", "2012-12-31": "$514", "2012-09-30": "$602", "2012-06-30": "$674", "2012-03-31": "$590", "2011-12-31": "$464", "2011-09-30": "$560", "2011-06-30": "$768", "2011-03-31": "$789", "2010-12-31": "$679", "2010-09-30": "$765", "2010-06-30": "$835", "2010-03-31": "$674", "2009-12-31": "$539", "2009-09-30": "$585", "2009-06-30": "$602", "2009-03-31": "$453", "2008-12-31": "$369", "2008-09-30": "$437", "2008-06-30": "$500", "2008-03-31": "$466", "2007-12-31": "$418", "2007-09-30": "$479", "2007-06-30": "$506", "2007-03-31": "$375", "2006-12-31": "$1,042", "2006-09-30": "$1,082", "2006-06-30": "$1,139", "2006-03-31": "$1,030", "2005-12-31": "$976", "2005-09-30": "$1,026", "2005-06-30": "$1,017", "2005-03-31": "$919"}}, "profit-margins": {"current": "10.71%"}, "gross margin": {"2020-12-31": "32.87%", "2020-09-30": "32.60%", "2020-06-30": "32.65%", "2020-03-31": "32.69%", "2019-12-31": "32.23%", "2019-09-30": "32.32%", "2019-06-30": "32.47%", "2019-03-31": "31.85%", "2018-12-31": "31.61%", "2018-09-30": "32.47%", "2018-06-30": "33.72%", "2018-03-31": "35.36%", "2017-12-31": "36.47%", "2017-09-30": "36.79%", "2017-06-30": "38.04%", "2017-03-31": "36.60%", "2016-12-31": "36.58%", "2016-09-30": "35.95%", "2016-06-30": "36.03%", "2016-03-31": "35.51%", "2015-12-31": "34.00%", "2015-09-30": "34.20%", "2015-06-30": "32.39%", "2015-03-31": "33.76%", "2014-12-31": "33.99%", "2014-09-30": "34.52%", "2014-06-30": "36.33%", "2014-03-31": "36.67%", "2013-12-31": "35.57%", "2013-09-30": "35.26%", "2013-06-30": "35.15%", "2013-03-31": "33.54%", "2012-12-31": "34.64%", "2012-09-30": "34.54%", "2012-06-30": "34.00%", "2012-03-31": "35.05%", "2011-12-31": "35.60%", "2011-09-30": "36.04%", "2011-06-30": "37.22%", "2011-03-31": "38.57%", "2010-12-31": "37.95%", "2010-09-30": "37.80%", "2010-06-30": "36.83%", "2010-03-31": "35.86%", "2009-12-31": "35.14%", "2009-09-30": "35.58%", "2009-06-30": "35.27%", "2009-03-31": "34.16%", "2008-12-31": "32.77%", "2008-09-30": "32.29%", "2008-06-30": "33.12%", "2008-03-31": "33.92%", "2007-12-31": "35.06%", "2007-09-30": "34.97%", "2007-06-30": "34.90%", "2007-03-31": "34.91%", "2006-12-31": "35.20%", "2006-09-30": "35.43%", "2006-06-30": "36.11%", "2006-03-31": "35.35%", "2005-12-31": "36.00%"}, "operating margin": {"2020-12-31": "15.13%", "2020-09-30": "14.18%", "2020-06-30": "13.96%", "2020-03-31": "14.49%", "2019-12-31": "13.37%", "2019-09-30": "12.96%", "2019-06-30": "10.22%", "2019-03-31": "8.36%", "2018-12-31": "6.79%", "2018-09-30": "7.47%", "2018-06-30": "12.27%", "2018-03-31": "14.31%", "2017-12-31": "15.92%", "2017-09-30": "16.39%", "2017-06-30": "17.89%", "2017-03-31": "16.92%", "2016-12-31": "19.18%", "2016-09-30": "17.84%", "2016-06-30": "17.66%", "2016-03-31": "15.81%", "2015-12-31": "11.15%", "2015-09-30": "10.71%", "2015-06-30": "10.50%", "2015-03-31": "10.87%", "2014-12-31": "10.25%", "2014-09-30": "10.98%", "2014-06-30": "11.00%", "2014-03-31": "12.61%", "2013-12-31": "11.31%", "2013-09-30": "11.18%", "2013-06-30": "10.46%", "2013-03-31": "7.76%", "2012-12-31": "8.93%", "2012-09-30": "8.70%", "2012-06-30": "7.80%", "2012-03-31": "8.58%", "2011-12-31": "9.75%", "2011-09-30": "9.79%", "2011-06-30": "11.01%", "2011-03-31": "13.58%", "2010-12-31": "12.24%", "2010-09-30": "13.05%", "2010-06-30": "12.23%", "2010-03-31": "10.91%", "2009-12-31": "9.48%", "2009-09-30": "9.47%", "2009-06-30": "11.67%", "2009-03-31": "6.29%", "2008-12-31": "5.11%", "2008-09-30": "4.92%", "2008-06-30": "3.56%", "2008-03-31": "8.32%", "2007-12-31": "10.00%", "2007-09-30": "9.61%", "2007-06-30": "8.58%", "2007-03-31": "8.81%", "2006-12-31": "8.97%", "2006-09-30": "9.34%", "2006-06-30": "11.74%", "2006-03-31": "9.32%", "2005-12-31": "9.02%"}, "ebitda margin": {"2020-09-30": "16.46%", "2020-06-30": "16.39%", "2020-03-31": "17.15%", "2019-12-31": "16.19%", "2019-09-30": "15.81%", "2019-06-30": "13.13%", "2019-03-31": "11.38%", "2018-12-31": "9.89%", "2018-09-30": "10.59%", "2018-06-30": "15.38%", "2018-03-31": "17.41%", "2017-12-31": "18.93%", "2017-09-30": "19.42%", "2017-06-30": "21.27%", "2017-03-31": "20.14%", "2016-12-31": "22.16%", "2016-09-30": "20.75%", "2016-06-30": "20.66%", "2016-03-31": "18.75%", "2015-12-31": "14.13%", "2015-09-30": "13.58%", "2015-06-30": "13.09%", "2015-03-31": "13.33%", "2014-12-31": "12.75%", "2014-09-30": "13.50%", "2014-06-30": "13.31%", "2014-03-31": "14.91%", "2013-12-31": "13.67%", "2013-09-30": "13.52%", "2013-06-30": "12.79%", "2013-03-31": "10.21%", "2012-12-31": "11.20%", "2012-09-30": "10.97%", "2012-06-30": "10.09%", "2012-03-31": "10.82%", "2011-12-31": "12.02%", "2011-09-30": "12.00%", "2011-06-30": "13.14%", "2011-03-31": "15.60%", "2010-12-31": "14.28%", "2010-09-30": "15.07%", "2010-06-30": "14.40%", "2010-03-31": "13.04%", "2009-12-31": "11.73%", "2009-09-30": "11.69%", "2009-06-30": "13.85%", "2009-03-31": "8.66%", "2008-12-31": "7.57%", "2008-09-30": "7.44%", "2008-06-30": "5.94%", "2008-03-31": "10.68%", "2007-12-31": "12.34%", "2007-09-30": "11.98%", "2007-06-30": "10.97%", "2007-03-31": "11.31%", "2006-12-31": "11.51%", "2006-09-30": "11.86%", "2006-06-30": "14.46%", "2006-03-31": "12.12%", "2005-12-31": "11.89%"}, "pre tax profit margin": {"2020-12-31": "14.15%", "2020-09-30": "12.37%", "2020-06-30": "11.55%", "2020-03-31": "11.79%", "2019-12-31": "18.36%", "2019-09-30": "18.41%", "2019-06-30": "15.78%", "2019-03-31": "14.30%", "2018-12-31": "3.50%", "2018-09-30": "4.32%", "2018-06-30": "8.63%", "2018-03-31": "10.87%", "2017-12-31": "12.01%", "2017-09-30": "11.96%", "2017-06-30": "14.21%", "2017-03-31": "13.02%", "2016-12-31": "16.56%", "2016-09-30": "15.32%", "2016-06-30": "14.59%", "2016-03-31": "13.12%", "2015-12-31": "8.43%", "2015-09-30": "8.65%", "2015-06-30": "8.69%", "2015-03-31": "9.09%", "2014-12-31": "8.18%", "2014-09-30": "8.73%", "2014-06-30": "8.83%", "2014-03-31": "10.31%", "2013-12-31": "9.14%", "2013-09-30": "9.05%", "2013-06-30": "8.23%", "2013-03-31": "5.51%", "2012-12-31": "6.81%", "2012-09-30": "6.50%", "2012-06-30": "5.60%", "2012-03-31": "6.41%", "2011-12-31": "7.69%", "2011-09-30": "7.96%", "2011-06-30": "9.34%", "2011-03-31": "12.12%", "2010-12-31": "10.73%", "2010-09-30": "11.52%", "2010-06-30": "10.71%", "2010-03-31": "9.32%", "2009-12-31": "7.78%", "2009-09-30": "7.57%", "2009-06-30": "9.46%", "2009-03-31": "3.74%", "2008-12-31": "2.28%", "2008-09-30": "2.02%", "2008-06-30": "0.78%", "2008-03-31": "5.32%", "2007-12-31": "6.60%", "2007-09-30": "6.55%", "2007-06-30": "5.89%", "2007-03-31": "6.53%", "2006-12-31": "7.50%", "2006-09-30": "7.89%", "2006-06-30": "10.21%", "2006-03-31": "7.78%", "2005-12-31": "7.38%"}, "net profit margin": {"2020-12-31": "10.70%", "2020-09-30": "9.39%", "2020-06-30": "8.72%", "2020-03-31": "9.51%", "2019-12-31": "14.58%", "2019-09-30": "14.61%", "2019-06-30": "12.03%", "2019-03-31": "8.67%", "2018-12-31": "0.18%", "2018-09-30": "2.40%", "2018-06-30": "6.83%", "2018-03-31": "9.56%", "2017-12-31": "9.90%", "2017-09-30": "8.29%", "2017-06-30": "9.63%", "2017-03-31": "12.13%", "2016-12-31": "13.15%", "2016-09-30": "12.57%", "2016-06-30": "13.22%", "2016-03-31": "9.43%", "2015-12-31": "6.51%", "2015-09-30": "6.71%", "2015-06-30": "6.49%", "2015-03-31": "6.05%", "2014-12-31": "6.07%", "2014-09-30": "6.48%", "2014-06-30": "5.80%", "2014-03-31": "6.68%", "2013-12-31": "5.91%", "2013-09-30": "5.80%", "2013-06-30": "5.19%", "2013-03-31": "3.25%", "2012-12-31": "4.03%", "2012-09-30": "3.83%", "2012-06-30": "3.31%", "2012-03-31": "3.99%", "2011-12-31": "5.88%", "2011-09-30": "6.04%", "2011-06-30": "6.71%", "2011-03-31": "8.63%", "2010-12-31": "6.80%", "2010-09-30": "7.10%", "2010-06-30": "8.03%", "2010-03-31": "6.87%", "2009-12-31": "5.60%", "2009-09-30": "5.57%", "2009-06-30": "4.68%", "2009-03-31": "0.29%", "2008-12-31": "-0.39%", "2008-09-30": "-0.39%", "2008-06-30": "-0.54%", "2008-03-31": "3.17%", "2007-12-31": "3.99%", "2007-09-30": "3.97%", "2007-06-30": "3.89%", "2007-03-31": "4.07%", "2006-12-31": "4.63%", "2006-09-30": "4.89%", "2006-06-30": "6.39%", "2006-03-31": "4.99%", "2005-12-31": "4.68%"}, "pe ratio": {"current": "27.03", "2021-02-05": "29.24", "2020-12-31": "24.62", "2020-09-30": "22.37", "2020-06-30": "22.72", "2020-03-31": "17.20", "2019-12-31": "12.17", "2019-09-30": "11.83", "2019-06-30": "14.17", "2019-03-31": "16.49", "2018-12-31": "0.00", "2018-09-30": "70.00", "2018-06-30": "24.47", "2018-03-31": "18.71", "2017-12-31": "22.46", "2017-09-30": "24.39", "2017-06-30": "21.06", "2017-03-31": "17.65", "2016-12-31": "15.78", "2016-09-30": "14.29", "2016-06-30": "11.97", "2016-03-31": "16.59", "2015-12-31": "22.77", "2015-09-30": "20.56", "2015-06-30": "18.83", "2015-03-31": "22.83", "2014-12-31": "21.12", "2014-09-30": "17.31", "2014-06-30": "17.64", "2014-03-31": "16.23", "2013-12-31": "18.87", "2013-09-30": "16.82", "2013-06-30": "16.97", "2013-03-31": "24.71", "2012-12-31": "18.71", "2012-09-30": "19.51", "2012-06-30": "20.79", "2012-03-31": "24.10", "2011-12-31": "15.33", "2011-09-30": "13.40", "2011-06-30": "13.31", "2011-03-31": "11.31", "2010-12-31": "12.91", "2010-09-30": "12.47", "2010-06-30": "9.80", "2010-03-31": "11.47", "2009-12-31": "12.14", "2009-09-30": "13.22", "2009-06-30": "12.43", "2009-03-31": "221.85", "2008-12-31": "0.00", "2008-09-30": "0.00", "2008-06-30": "0.00", "2008-03-31": "16.22", "2007-12-31": "14.89", "2007-09-30": "16.85", "2007-06-30": "16.87", "2007-03-31": "17.87", "2006-12-31": "16.62"}, "price sales": {"2021-02-05": "2.98", "2020-12-31": "2.51", "2020-09-30": "2.09", "2020-06-30": "1.96", "2020-03-31": "1.62", "2019-12-31": "1.77", "2019-09-30": "1.72", "2019-06-30": "1.69", "2019-03-31": "1.42", "2018-12-31": "1.19", "2018-09-30": "1.56", "2018-06-30": "1.68", "2018-03-31": "1.78", "2017-12-31": "2.19", "2017-09-30": "2.00", "2017-06-30": "2.07", "2017-03-31": "2.16", "2016-12-31": "2.08", "2016-09-30": "1.82", "2016-06-30": "1.58", "2016-03-31": "1.56", "2015-12-31": "1.48", "2015-09-30": "1.37", "2015-06-30": "1.21", "2015-03-31": "1.36", "2014-12-31": "1.26", "2014-09-30": "1.11", "2014-06-30": "1.01", "2014-03-31": "1.08", "2013-12-31": "1.11", "2013-09-30": "0.97", "2013-06-30": "0.87", "2013-03-31": "0.79", "2012-12-31": "0.75", "2012-09-30": "0.73", "2012-06-30": "0.69", "2012-03-31": "0.92", "2011-12-31": "0.83", "2011-09-30": "0.78", "2011-06-30": "0.89", "2011-03-31": "0.97", "2010-12-31": "0.87", "2010-09-30": "0.87", "2010-06-30": "0.77", "2010-03-31": "0.78", "2009-12-31": "0.68", "2009-09-30": "0.73", "2009-06-30": "0.57", "2009-03-31": "0.57", "2008-12-31": "0.49", "2008-09-30": "0.38", "2008-06-30": "0.27", "2008-03-31": "0.51", "2007-12-31": "0.59", "2007-09-30": "0.68", "2007-06-30": "0.69", "2007-03-31": "0.73", "2006-12-31": "0.77"}, "price book": {"current": "19.40", "2021-02-05": "18.78", "2020-09-30": "12.10", "2020-06-30": "7.20", "2020-03-31": "6.86", "2019-12-31": "8.99", "2019-09-30": "7.45", "2019-06-30": "6.40", "2019-03-31": "6.56", "2018-12-31": "12.50", "2018-09-30": "11.20", "2018-06-30": "7.96", "2018-03-31": "8.77", "2017-12-31": "10.93", "2017-09-30": "7.71", "2017-06-30": "6.33", "2017-03-31": "7.18", "2016-12-31": "8.57", "2016-09-30": "6.03", "2016-06-30": "4.48", "2016-03-31": "5.64", "2015-12-31": "6.51", "2015-09-30": "5.07", "2015-06-30": "4.46", "2015-03-31": "6.09", "2014-12-31": "6.90", "2014-09-30": "4.91", "2014-06-30": "3.69", "2014-03-31": "4.43", "2013-12-31": "4.91", "2013-09-30": "3.76", "2013-06-30": "3.12", "2013-03-31": "3.37", "2012-12-31": "3.57", "2012-09-30": "3.34", "2012-06-30": "2.79", "2012-03-31": "4.17", "2011-12-31": "4.52", "2011-09-30": "3.55", "2011-06-30": "3.10", "2011-03-31": "3.50", "2010-12-31": "3.59", "2010-09-30": "3.25", "2010-06-30": "2.54", "2010-03-31": "3.28", "2009-12-31": "3.45", "2009-09-30": "3.44", "2009-06-30": "2.70", "2009-03-31": "3.53", "2008-12-31": "3.70", "2008-09-30": "2.46", "2008-06-30": "1.58", "2008-03-31": "3.10", "2007-12-31": "3.96", "2007-09-30": "3.92", "2007-06-30": "3.70", "2007-03-31": "5.09", "2006-12-31": "1.97", "2006-09-30": "1.59", "2006-06-30": "1.44", "2006-03-31": "1.71"}, "price fcf": {"2021-02-05": "", "2020-09-30": "$8.71", "2020-06-30": "$5.21", "2020-03-31": "$2.17", "2019-12-31": "$1.67", "2019-09-30": "$3.31", "2019-06-30": "$3.78", "2019-03-31": "$3.74", "2018-12-31": "$4.43", "2018-09-30": "$4.89", "2018-06-30": "$3.30", "2018-03-31": "$4.52", "2017-12-31": "$4.74", "2017-09-30": "$4.97", "2017-06-30": "$4.95", "2017-03-31": "$4.98", "2016-12-31": "$5.04", "2016-09-30": "$3.03", "2016-06-30": "$2.25", "2016-03-31": "$3.40", "2015-12-31": "$1.93", "2015-09-30": "$3.07", "2015-06-30": "$2.86", "2015-03-31": "$2.30", "2014-12-31": "$1.47", "2014-09-30": "$2.50", "2014-06-30": "$2.36", "2014-03-31": "$3.24", "2013-12-31": "$4.11", "2013-09-30": "$4.56", "2013-06-30": "$1.79", "2013-03-31": "$2.49", "2012-12-31": "$1.78", "2012-09-30": "$1.36", "2012-06-30": "$2.99", "2012-03-31": "$-0.07", "2011-12-31": "$0.16", "2011-09-30": "$0.75", "2011-06-30": "$0.54", "2011-03-31": "$3.20", "2010-12-31": "$3.14", "2010-09-30": "$3.51", "2010-06-30": "$5.23", "2010-03-31": "$3.34", "2009-12-31": "$3.10", "2009-09-30": "$2.93", "2009-06-30": "$3.03", "2009-03-31": "$1.39", "2008-12-31": "$2.48", "2008-09-30": "$2.23", "2008-06-30": "$1.36", "2008-03-31": "$2.14", "2007-12-31": "$3.13", "2007-09-30": "$2.88", "2007-06-30": "$2.67", "2007-03-31": "$2.13", "2006-12-31": "$-1.45"}, "net worth": {"value": "$13.17B"}, "current ratio": {"2020-12-31": "1.59", "2020-09-30": "1.28", "2020-06-30": "1.61", "2020-03-31": "2.08", "2019-12-31": "2.19", "2019-09-30": "1.68", "2019-06-30": "1.46", "2019-03-31": "1.59", "2018-12-31": "1.81", "2018-09-30": "1.45", "2018-06-30": "1.60", "2018-03-31": "1.81", "2017-12-31": "2.09", "2017-09-30": "1.62", "2017-06-30": "1.75", "2017-03-31": "2.64", "2016-12-31": "2.53", "2016-09-30": "1.46", "2016-06-30": "1.49", "2016-03-31": "2.24", "2015-12-31": "2.92", "2015-09-30": "1.81", "2015-06-30": "1.20", "2015-03-31": "2.06", "2014-12-31": "2.67", "2014-09-30": "1.72", "2014-06-30": "1.55", "2014-03-31": "1.90", "2013-12-31": "1.57", "2013-09-30": "1.73", "2013-06-30": "1.55", "2013-03-31": "2.07", "2012-12-31": "2.81", "2012-09-30": "2.31", "2012-06-30": "1.66", "2012-03-31": "2.00", "2011-12-31": "2.48", "2011-09-30": "2.12", "2011-06-30": "1.91", "2011-03-31": "1.22", "2010-12-31": "1.79", "2010-09-30": "1.52", "2010-06-30": "1.49", "2010-03-31": "1.97", "2009-12-31": "1.68", "2009-09-30": "1.44", "2009-06-30": "1.68", "2009-03-31": "1.67", "2008-12-31": "1.77", "2008-09-30": "1.54", "2008-06-30": "1.54", "2008-03-31": "1.77", "2007-12-31": "2.18", "2007-09-30": "1.70", "2007-06-30": "1.44", "2007-03-31": "2.42", "2006-12-31": "2.35", "2006-09-30": "1.90", "2006-06-30": "1.86", "2006-03-31": "2.45", "2005-12-31": "2.10", "2005-09-30": "1.62", "2005-06-30": "1.86", "2005-03-31": "2.21"}, "quick ratio": {"2020-12-31": "0.58", "2020-09-30": "0.63", "2020-06-30": "1.16", "2020-03-31": "1.32", "2019-12-31": "0.77", "2019-09-30": "0.81", "2019-06-30": "0.90", "2019-03-31": "1.00", "2018-12-31": "0.56", "2018-09-30": "0.66", "2018-06-30": "0.99", "2018-03-31": "1.15", "2017-12-31": "0.61", "2017-09-30": "0.87", "2017-06-30": "1.28", "2017-03-31": "1.87", "2016-12-31": "1.13", "2016-09-30": "0.90", "2016-06-30": "1.02", "2016-03-31": "1.61", "2015-12-31": "1.26", "2015-09-30": "1.17", "2015-06-30": "0.90", "2015-03-31": "1.47", "2014-12-31": "1.05", "2014-09-30": "1.01", "2014-06-30": "1.13", "2014-03-31": "1.37", "2013-12-31": "0.63", "2013-09-30": "1.09", "2013-06-30": "1.09", "2013-03-31": "1.38", "2012-12-31": "1.09", "2012-09-30": "1.35", "2012-06-30": "1.08", "2012-03-31": "1.41", "2011-12-31": "1.02", "2011-09-30": "1.29", "2011-06-30": "1.33", "2011-03-31": "0.88", "2010-12-31": "0.94", "2010-09-30": "1.04", "2010-06-30": "1.08", "2010-03-31": "1.45", "2009-12-31": "0.88", "2009-09-30": "0.84", "2009-06-30": "1.11", "2009-03-31": "1.08", "2008-12-31": "0.79", "2008-09-30": "0.93", "2008-06-30": "1.08", "2008-03-31": "1.19", "2007-12-31": "0.91", "2007-09-30": "1.01", "2007-06-30": "0.97", "2007-03-31": "1.63", "2006-12-31": "0.92", "2006-09-30": "1.07", "2006-06-30": "1.20", "2006-03-31": "1.60", "2005-12-31": "0.81", "2005-09-30": "0.95", "2005-06-30": "1.28", "2005-03-31": "1.44"}, "debt equity ratio": {"current": "2.92", "2020-12-31": "4.89", "2020-09-30": "3.81", "2020-06-30": "2.86", "2020-03-31": "4.21", "2019-12-31": "4.49", "2019-09-30": "3.19", "2019-06-30": "3.31", "2019-03-31": "5.36", "2018-12-31": "11.74", "2018-09-30": "7.49", "2018-06-30": "5.71", "2018-03-31": "6.21", "2017-12-31": "4.73", "2017-09-30": "3.15", "2017-06-30": "3.44", "2017-03-31": "4.49", "2016-12-31": "4.09", "2016-09-30": "2.75", "2016-06-30": "2.91", "2016-03-31": "4.35", "2015-12-31": "4.17", "2015-09-30": "2.99", "2015-06-30": "3.35", "2015-03-31": "4.28", "2014-12-31": "3.92", "2014-09-30": "2.63", "2014-06-30": "2.32", "2014-03-31": "3.55", "2013-12-31": "2.48", "2013-09-30": "1.73", "2013-06-30": "2.19", "2013-03-31": "3.77", "2012-12-31": "3.14", "2012-09-30": "2.45", "2012-06-30": "2.54", "2012-03-31": "4.21", "2011-12-31": "3.66", "2011-09-30": "2.67", "2011-06-30": "2.29", "2011-03-31": "2.90", "2010-12-31": "2.32", "2010-09-30": "1.83", "2010-06-30": "2.02", "2010-03-31": "3.53", "2009-12-31": "3.25", "2009-09-30": "2.80", "2009-06-30": "3.50", "2009-03-31": "5.55", "2008-12-31": "5.14", "2008-09-30": "3.94", "2008-06-30": "4.47", "2008-03-31": "5.80", "2007-12-31": "4.77", "2007-09-30": "3.75", "2007-06-30": "4.18", "2007-03-31": "7.12", "2006-12-31": "1.24", "2006-09-30": "1.05", "2006-06-30": "1.24", "2006-03-31": "1.78", "2005-12-31": "1.27", "2005-09-30": "0.97", "2005-06-30": "1.32", "2005-03-31": "1.88"}, "return on equity": {"2020-12-31": "60.74%", "2020-09-30": "49.57%", "2020-06-30": "41.38%", "2020-03-31": "44.04%", "2019-12-31": "67.65%", "2019-09-30": "76.74%", "2019-06-30": "72.94%", "2019-03-31": "57.30%", "2018-12-31": "1.22%", "2018-09-30": "13.51%", "2018-06-30": "32.41%", "2018-03-31": "41.01%", "2017-12-31": "40.40%", "2017-09-30": "32.59%", "2017-06-30": "32.61%", "2017-03-31": "40.15%", "2016-12-31": "46.52%", "2016-09-30": "45.31%", "2016-06-30": "47.46%", "2016-03-31": "37.47%", "2015-12-31": "25.26%", "2015-09-30": "26.98%", "2015-06-30": "29.33%", "2015-03-31": "26.69%", "2014-12-31": "25.70%", "2014-09-30": "25.51%", "2014-06-30": "23.60%", "2014-03-31": "27.49%", "2013-12-31": "24.32%", "2013-09-30": "25.02%", "2013-06-30": "22.72%", "2013-03-31": "14.18%", "2012-12-31": "18.82%", "2012-09-30": "18.20%", "2012-06-30": "16.26%", "2012-03-31": "18.81%", "2011-12-31": "25.26%", "2011-09-30": "24.18%", "2011-06-30": "25.19%", "2011-03-31": "32.99%", "2010-12-31": "26.28%", "2010-09-30": "29.01%", "2010-06-30": "33.73%", "2010-03-31": "32.33%", "2009-12-31": "27.90%", "2009-09-30": "30.46%", "2009-06-30": "28.59%", "2009-03-31": "1.82%", "2008-12-31": "-2.48%", "2008-09-30": "-2.42%", "2008-06-30": "-3.44%", "2008-03-31": "19.48%", "2007-12-31": "26.10%", "2007-09-30": "18.98%", "2007-06-30": "14.78%", "2007-03-31": "12.53%", "2006-12-31": "11.74%", "2006-09-30": "12.49%", "2006-06-30": "16.02%", "2006-03-31": "12.15%", "2005-12-31": "11.27%"}, "return on assets": {"2020-12-31": "12.55%", "2020-09-30": "10.45%", "2020-06-30": "8.99%", "2020-03-31": "9.23%", "2019-12-31": "13.52%", "2019-09-30": "13.48%", "2019-06-30": "10.86%", "2019-03-31": "7.33%", "2018-12-31": "0.15%", "2018-09-30": "1.95%", "2018-06-30": "5.56%", "2018-03-31": "7.88%", "2017-12-31": "8.25%", "2017-09-30": "6.82%", "2017-06-30": "7.00%", "2017-03-31": "8.93%", "2016-12-31": "10.42%", "2016-09-30": "10.15%", "2016-06-30": "10.44%", "2016-03-31": "7.97%", "2015-12-31": "5.43%", "2015-09-30": "5.88%", "2015-06-30": "6.49%", "2015-03-31": "6.38%", "2014-12-31": "6.38%", "2014-09-30": "6.82%", "2014-06-30": "6.74%", "2014-03-31": "7.93%", "2013-12-31": "6.97%", "2013-09-30": "6.91%", "2013-06-30": "5.92%", "2013-03-31": "3.59%", "2012-12-31": "4.64%", "2012-09-30": "4.37%", "2012-06-30": "3.85%", "2012-03-31": "4.57%", "2011-12-31": "6.64%", "2011-09-30": "6.82%", "2011-06-30": "7.54%", "2011-03-31": "10.10%", "2010-12-31": "7.76%", "2010-09-30": "8.14%", "2010-06-30": "8.81%", "2010-03-31": "7.56%", "2009-12-31": "5.97%", "2009-09-30": "6.02%", "2009-06-30": "5.27%", "2009-03-31": "0.32%", "2008-12-31": "-0.43%", "2008-09-30": "-0.42%", "2008-06-30": "-0.60%", "2008-03-31": "3.47%", "2007-12-31": "4.48%", "2007-09-30": "4.44%", "2007-06-30": "4.35%", "2007-03-31": "4.50%", "2006-12-31": "5.06%", "2006-09-30": "5.37%", "2006-06-30": "6.93%", "2006-03-31": "5.20%", "2005-12-31": "4.80%"}, "return on investments": {"2020-12-31": "26.67%", "2020-09-30": "23.01%", "2020-06-30": "20.32%", "2020-03-31": "19.56%", "2019-12-31": "17.46%", "2019-09-30": "16.84%", "2019-06-30": "13.01%", "2019-03-31": "9.91%", "2018-12-31": "7.73%", "2018-09-30": "8.48%", "2018-06-30": "14.12%", "2018-03-31": "16.99%", "2017-12-31": "18.77%", "2017-09-30": "19.14%", "2017-06-30": "18.80%", "2017-03-31": "18.36%", "2016-12-31": "22.98%", "2016-09-30": "21.84%", "2016-06-30": "21.04%", "2016-03-31": "21.13%", "2015-12-31": "15.23%", "2015-09-30": "15.73%", "2015-06-30": "17.96%", "2015-03-31": "18.75%", "2014-12-31": "17.63%", "2014-09-30": "19.72%", "2014-06-30": "21.81%", "2014-03-31": "25.62%", "2013-12-31": "22.60%", "2013-09-30": "21.58%", "2013-06-30": "18.99%", "2013-03-31": "13.53%", "2012-12-31": "16.36%", "2012-09-30": "15.91%", "2012-06-30": "14.53%", "2012-03-31": "15.49%", "2011-12-31": "19.30%", "2011-09-30": "20.03%", "2011-06-30": "23.30%", "2011-03-31": "31.23%", "2010-12-31": "24.40%", "2010-09-30": "26.35%", "2010-06-30": "23.61%", "2010-03-31": "20.63%", "2009-12-31": "17.75%", "2009-09-30": "17.74%", "2009-06-30": "22.46%", "2009-03-31": "11.92%", "2008-12-31": "9.33%", "2008-09-30": "8.65%", "2008-06-30": "6.31%", "2008-03-31": "14.35%", "2007-12-31": "16.85%", "2007-09-30": "15.94%", "2007-06-30": "14.06%", "2007-03-31": "13.75%", "2006-12-31": "13.70%", "2006-09-30": "14.28%", "2006-06-30": "17.77%", "2006-03-31": "13.57%", "2005-12-31": "13.03%"}, "return on tangible equity": {"2020-09-30": "-86.70%", "2020-06-30": "-72.73%", "2020-03-31": "-60.75%", "2019-12-31": "-76.45%", "2019-09-30": "-61.90%", "2019-06-30": "-42.55%", "2019-03-31": "-25.96%", "2018-12-31": "-0.51%", "2018-09-30": "-7.31%", "2018-06-30": "-23.83%", "2018-03-31": "-40.68%", "2017-12-31": "-49.72%", "2017-09-30": "-45.74%", "2017-06-30": "-52.51%", "2017-03-31": "-73.01%", "2016-12-31": "-96.29%", "2016-09-30": "-101.29%", "2016-06-30": "-104.09%", "2016-03-31": "-78.81%", "2015-12-31": "-66.81%", "2015-09-30": "-88.33%", "2015-06-30": "-134.40%", "2015-03-31": "-576.15%", "2014-12-31": "-475.19%", "2014-09-30": "1484.44%", "2014-06-30": "269.42%", "2014-03-31": "328.70%", "2013-12-31": "327.64%", "2013-09-30": "499.22%", "2013-06-30": "18666.67%", "2013-03-31": "-485.71%", "2012-12-31": "-476.60%", "2012-09-30": "-280.79%", "2012-06-30": "-181.46%", "2012-03-31": "-315.49%", "2011-12-31": "2414.81%", "2011-09-30": "288.89%", "2011-06-30": "175.00%", "2011-03-31": "204.44%", "2010-12-31": "209.16%", "2010-09-30": "412.12%", "2010-06-30": "-1032.56%", "2010-03-31": "-191.13%", "2009-12-31": "-87.36%", "2009-09-30": "-65.25%", "2009-06-30": "-48.76%", "2009-03-31": "-2.63%", "2008-12-31": "3.24%", "2008-09-30": "3.03%", "2008-06-30": "4.14%", "2008-03-31": "-21.76%", "2007-12-31": "-26.13%", "2007-09-30": "-39.01%", "2007-06-30": "-78.17%", "2007-03-31": "3040.00%", "2006-12-31": "78.87%", "2006-09-30": "96.53%", "2006-06-30": "133.07%", "2006-03-31": "107.42%", "2005-12-31": "114.73%"}, "dividend yield history": {"last payout": "$2.48", "last yield": "1.05%"}}