{"ticker": "SEB", "price": {"title": "Seaboard Historical Annual Stock Price Data", "value": 3210.0, "historical": {"2021": {"Average Stock Price": "3184.6908", "Year Open": "3119.5500", "Year High": "3322.0200", "Year Low": "3119.5500", "Year Close": "3210.0000", "Annual % Change": "5.91%"}, "2020": {"Average Stock Price": "3181.6124", "Year Open": "4230.0000", "Year High": "4235.0000", "Year Low": "2656.6400", "Year Close": "3031.0000", "Annual % Change": "-28.69%"}, "2019": {"Average Stock Price": "4104.1744", "Year Open": "3501.3700", "Year High": "4699.0000", "Year Low": "3501.3700", "Year Close": "4250.5500", "Annual % Change": "20.14%"}, "2018": {"Average Stock Price": "3903.4015", "Year Open": "4371.9000", "Year High": "4389.3900", "Year Low": "3500.0000", "Year Close": "3538.0100", "Annual % Change": "-19.77%"}, "2017": {"Average Stock Price": "4135.0027", "Year Open": "4012.0100", "Year High": "4654.0800", "Year Low": "3632.4500", "Year Close": "4410.0000", "Annual % Change": "11.59%"}, "2016": {"Average Stock Price": "3158.1965", "Year Open": "2810.0000", "Year High": "4444.1400", "Year Low": "2483.0000", "Year Close": "3951.9900", "Annual % Change": "36.52%"}, "2015": {"Average Stock Price": "3503.0033", "Year Open": "4098.2600", "Year High": "4640.0000", "Year Low": "2892.0000", "Year Close": "2894.7400", "Annual % Change": "-31.04%"}, "2014": {"Average Stock Price": "2880.7905", "Year Open": "2762.1000", "Year High": "4197.9500", "Year Low": "2356.0000", "Year Close": "4197.9500", "Annual % Change": "50.20%"}, "2013": {"Average Stock Price": "2750.0445", "Year Open": "2642.6400", "Year High": "2945.0000", "Year Low": "2504.0000", "Year Close": "2794.9700", "Annual % Change": "10.48%"}, "2012": {"Average Stock Price": "2119.2950", "Year Open": "2139.9600", "Year High": "2637.1100", "Year Low": "1828.6500", "Year Close": "2529.8800", "Annual % Change": "24.26%"}, "2011": {"Average Stock Price": "2201.9684", "Year Open": "2002.9500", "Year High": "2704.0000", "Year Low": "1684.0000", "Year Close": "2036.0000", "Annual % Change": "2.26%"}, "2010": {"Average Stock Price": "1567.7539", "Year Open": "1394.0000", "Year High": "2006.0000", "Year Low": "1195.0000", "Year Close": "1991.0000", "Annual % Change": "47.59%"}, "2009": {"Average Stock Price": "1158.2361", "Year Open": "1215.0000", "Year High": "1549.0000", "Year Low": "805.0000", "Year Close": "1349.0000", "Annual % Change": "12.98%"}, "2008": {"Average Stock Price": "1404.3232", "Year Open": "1477.0000", "Year High": "1854.0000", "Year Low": "795.0000", "Year Close": "1194.0000", "Annual % Change": "-18.78%"}, "2007": {"Average Stock Price": "2045.2174", "Year Open": "1760.0000", "Year High": "2675.0000", "Year Low": "1400.0000", "Year Close": "1470.0000", "Annual % Change": "-16.71%"}, "2006": {"Average Stock Price": "1459.5441", "Year Open": "1485.0000", "Year High": "1798.0000", "Year Low": "1140.0000", "Year Close": "1765.0000", "Annual % Change": "16.81%"}, "2005": {"Average Stock Price": "1330.3006", "Year Open": "999.9000", "Year High": "1809.0000", "Year Low": "855.0000", "Year Close": "1511.0000", "Annual % Change": "51.40%"}, "2004": {"Average Stock Price": "496.2359", "Year Open": "281.0200", "Year High": "1030.2500", "Year Low": "280.0000", "Year Close": "998.0000", "Annual % Change": "253.90%"}, "2003": {"Average Stock Price": "224.9925", "Year Open": "242.0000", "Year High": "282.0500", "Year Low": "200.0000", "Year Close": "282.0000", "Annual % Change": "16.53%"}, "2002": {"Average Stock Price": "262.4173", "Year Open": "330.0000", "Year High": "333.0000", "Year Low": "201.0000", "Year Close": "242.0000", "Annual % Change": "-20.92%"}, "2001": {"Average Stock Price": "212.7039", "Year Open": "151.0000", "Year High": "325.0000", "Year Low": "149.0000", "Year Close": "306.0000", "Annual % Change": "96.15%"}, "2000": {"Average Stock Price": "179.8783", "Year Open": "200.0000", "Year High": "206.0000", "Year Low": "150.0000", "Year Close": "156.0000", "Annual % Change": "-19.71%"}, "1999": {"Average Stock Price": "285.6369", "Year Open": "445.0000", "Year High": "457.0000", "Year Low": "185.3000", "Year Close": "194.3000", "Annual % Change": "-53.96%"}, "1998": {"Average Stock Price": "341.7422", "Year Open": "415.0000", "Year High": "445.0000", "Year Low": "256.0000", "Year Close": "422.0000", "Annual % Change": "-4.09%"}, "1997": {"Average Stock Price": "291.5401", "Year Open": "224.0000", "Year High": "453.0000", "Year Low": "224.0000", "Year Close": "440.0000", "Annual % Change": "65.41%"}, "1996": {"Average Stock Price": "224.2087", "Year Open": "268.7500", "Year High": "270.0000", "Year Low": "196.0000", "Year Close": "266.0000", "Annual % Change": "-1.02%"}, "1995": {"Average Stock Price": "241.6222", "Year Open": "161.0000", "Year High": "304.0000", "Year Low": "159.0000", "Year Close": "268.7500", "Annual % Change": "66.93%"}, "1994": {"Average Stock Price": "181.0051", "Year Open": "188.0000", "Year High": "203.5000", "Year Low": "160.0000", "Year Close": "161.0000", "Annual % Change": "-13.44%"}, "1993": {"Average Stock Price": "208.9127", "Year Open": "188.0000", "Year High": "255.0000", "Year Low": "175.0000", "Year Close": "186.0000", "Annual % Change": "0.54%"}, "1992": {"Average Stock Price": "155.5621", "Year Open": "118.0000", "Year High": "187.0000", "Year Low": "114.0000", "Year Close": "185.0000", "Annual % Change": "56.78%"}, "1991": {"Average Stock Price": "138.0362", "Year Open": "121.0000", "Year High": "168.0000", "Year Low": "108.2500", "Year Close": "118.0000", "Annual % Change": "-2.48%"}, "1990": {"Average Stock Price": "119.5999", "Year Open": "116.0000", "Year High": "138.0000", "Year Low": "100.0000", "Year Close": "121.0000", "Annual % Change": "4.31%"}, "1989": {"Average Stock Price": "137.8928", "Year Open": "115.0000", "Year High": "181.0000", "Year Low": "113.5000", "Year Close": "116.0000", "Annual % Change": "0.87%"}, "1988": {"Average Stock Price": "98.9108", "Year Open": "77.5000", "Year High": "121.5000", "Year Low": "76.0000", "Year Close": "115.0000", "Annual % Change": "50.82%"}, "1987": {"Average Stock Price": "125.7313", "Year Open": "146.2500", "Year High": "193.0000", "Year Low": "58.0000", "Year Close": "76.2500", "Annual % Change": "-47.77%"}, "1986": {"Average Stock Price": "123.5983", "Year Open": "86.0000", "Year High": "154.8800", "Year Low": "83.0000", "Year Close": "146.0000", "Annual % Change": "68.79%"}, "1985": {"Average Stock Price": "59.7817", "Year Open": "45.5000", "Year High": "88.0000", "Year Low": "45.2500", "Year Close": "86.5000", "Annual % Change": "87.55%"}, "1984": {"Average Stock Price": "38.3916", "Year Open": "37.0000", "Year High": "46.1200", "Year Low": "34.0000", "Year Close": "46.1200", "Annual % Change": "23.81%"}, "1983": {"Average Stock Price": "34.1520", "Year Open": "25.3800", "Year High": "39.5000", "Year Low": "25.3800", "Year Close": "37.2500", "Annual % Change": "46.08%"}, "1982": {"Average Stock Price": "25.6017", "Year Open": "25.2500", "Year High": "27.8800", "Year Low": "23.5000", "Year Close": "25.5000", "Annual % Change": "0.99%"}, "1981": {"Average Stock Price": "22.9998", "Year Open": "20.5000", "Year High": "32.2500", "Year Low": "19.7500", "Year Close": "25.2500", "Annual % Change": "23.17%"}}}, "market cap": {"value": "$3.73B"}, "income statement": {"Revenue": {"2019-12-31": "6840.00000", "2018-12-31": "6583.00000", "2017-12-31": "5809.00000", "2016-12-31": "5379.00000", "2015-12-31": "5594.00000", "2014-12-31": "6473.00000", "2013-12-31": "6670.00000", "2012-12-31": "6189.13300", "2011-12-31": "5746.90200", "2010-12-31": "4385.70200", "2009-12-31": "3601.30800", "2008-12-31": "4267.80400", "2007-12-31": "3213.30100", "2006-12-31": "2707.39700", "2005-12-31": "2688.89400"}, "Cost Of Goods Sold": {"2019-12-31": "6400.00000", "2018-12-31": "6060.00000", "2017-12-31": "5260.00000", "2016-12-31": "4882.00000", "2015-12-31": "5198.00000", "2014-12-31": "5795.00000", "2013-12-31": "6202.00000", "2012-12-31": "5628.07500", "2011-12-31": "5119.01900", "2010-12-31": "3859.70800", "2009-12-31": "3383.69500", "2008-12-31": "3970.13300", "2007-12-31": "2871.32700", "2006-12-31": "2253.15800", "2005-12-31": "2229.57700"}, "Gross Profit": {"2019-12-31": "440.00000", "2018-12-31": "523.00000", "2017-12-31": "549.00000", "2016-12-31": "497.00000", "2015-12-31": "396.00000", "2014-12-31": "678.00000", "2013-12-31": "468.00000", "2012-12-31": "561.05760", "2011-12-31": "627.88280", "2010-12-31": "525.99410", "2009-12-31": "217.61330", "2008-12-31": "297.67110", "2007-12-31": "341.97390", "2006-12-31": "454.23880", "2005-12-31": "459.31710"}, "Research And Development Expenses": {"2019-12-31": "", "2018-12-31": "", "2017-12-31": "", "2016-12-31": "", "2015-12-31": "", "2014-12-31": "", "2013-12-31": "", "2012-12-31": "", "2011-12-31": "", "2010-12-31": "", "2009-12-31": "", "2008-12-31": "", "2007-12-31": "", "2006-12-31": "", "2005-12-31": ""}, "SG&A Expenses": {"2019-12-31": "336.00000", "2018-12-31": "314.00000", "2017-12-31": "309.00000", "2016-12-31": "267.00000", "2015-12-31": "270.00000", "2014-12-31": "254.00000", "2013-12-31": "264.00000", "2012-12-31": "251.39700", "2011-12-31": "220.67900", "2010-12-31": "204.92800", "2009-12-31": "193.89000", "2008-12-31": "175.86200", "2007-12-31": "172.05900", "2006-12-31": "157.24400", "2005-12-31": "139.27200"}, "Other Operating Income Or Expenses": {"2019-12-31": "", "2018-12-31": "", "2017-12-31": "", "2016-12-31": "", "2015-12-31": "", "2014-12-31": "", "2013-12-31": "", "2012-12-31": "", "2011-12-31": "", "2010-12-31": "", "2009-12-31": "", "2008-12-31": "", "2007-12-31": "", "2006-12-31": "", "2005-12-31": ""}, "Operating Expenses": {"2019-12-31": "6736.00000", "2018-12-31": "6374.00000", "2017-12-31": "5569.00000", "2016-12-31": "5149.00000", "2015-12-31": "5468.00000", "2014-12-31": "6049.00000", "2013-12-31": "6466.00000", "2012-12-31": "5879.47200", "2011-12-31": "5339.69800", "2010-12-31": "4064.63600", "2009-12-31": "3577.58500", "2008-12-31": "4145.99500", "2007-12-31": "3043.38600", "2006-12-31": "2410.40200", "2005-12-31": "2368.84900"}, "Operating Income": {"2019-12-31": "104.00000", "2018-12-31": "209.00000", "2017-12-31": "240.00000", "2016-12-31": "230.00000", "2015-12-31": "126.00000", "2014-12-31": "424.00000", "2013-12-31": "204.00000", "2012-12-31": "309.66060", "2011-12-31": "407.20360", "2010-12-31": "321.06620", "2009-12-31": "23.72340", "2008-12-31": "121.80910", "2007-12-31": "169.91480", "2006-12-31": "296.99490", "2005-12-31": "320.04520"}, "Total Non-Operating Income/Expense": {"2019-12-31": "180.00000", "2018-12-31": "-225.00000", "2017-12-31": "187.00000", "2016-12-31": "154.00000", "2015-12-31": "115.00000", "2014-12-31": "112.00000", "2013-12-31": "42.00000", "2012-12-31": "57.11700", "2011-12-31": "35.40400", "2010-12-31": "42.97900", "2009-12-31": "65.51800", "2008-12-31": "3.01700", "2007-12-31": "21.53000", "2006-12-31": "19.42900", "2005-12-31": "-7.23300"}, "Pre-Tax Income": {"2019-12-31": "284.00000", "2018-12-31": "-16.00000", "2017-12-31": "427.00000", "2016-12-31": "384.00000", "2015-12-31": "241.00000", "2014-12-31": "536.00000", "2013-12-31": "246.00000", "2012-12-31": "366.77800", "2011-12-31": "442.60800", "2010-12-31": "364.04500", "2009-12-31": "89.24100", "2008-12-31": "124.82600", "2007-12-31": "191.44500", "2006-12-31": "316.42400", "2005-12-31": "312.81200"}, "Income Taxes": {"2019-12-31": "1.00000", "2018-12-31": "1.00000", "2017-12-31": "181.00000", "2016-12-31": "70.00000", "2015-12-31": "69.00000", "2014-12-31": "168.00000", "2013-12-31": "32.00000", "2012-12-31": "84.19000", "2011-12-31": "99.05100", "2010-12-31": "81.03300", "2009-12-31": "-2.27600", "2008-12-31": "-22.68900", "2007-12-31": "10.17700", "2006-12-31": "57.73500", "2005-12-31": "46.15000"}, "Income After Taxes": {"2019-12-31": "283.00000", "2018-12-31": "-17.00000", "2017-12-31": "246.00000", "2016-12-31": "314.00000", "2015-12-31": "172.00000", "2014-12-31": "368.00000", "2013-12-31": "214.00000", "2012-12-31": "282.58800", "2011-12-31": "343.55700", "2010-12-31": "283.01200", "2009-12-31": "91.51700", "2008-12-31": "147.51500", "2007-12-31": "181.26800", "2006-12-31": "258.68900", "2005-12-31": "266.66200"}, "Other Income": {"2019-12-31": "", "2018-12-31": "", "2017-12-31": "", "2016-12-31": "", "2015-12-31": "", "2014-12-31": "", "2013-12-31": "", "2012-12-31": "", "2011-12-31": "", "2010-12-31": "", "2009-12-31": "", "2008-12-31": "", "2007-12-31": "", "2006-12-31": "", "2005-12-31": ""}, "Income From Continuous Operations": {"2019-12-31": "283.00000", "2018-12-31": "-17.00000", "2017-12-31": "246.00000", "2016-12-31": "314.00000", "2015-12-31": "172.00000", "2014-12-31": "368.00000", "2013-12-31": "214.00000", "2012-12-31": "282.58800", "2011-12-31": "343.55700", "2010-12-31": "283.01200", "2009-12-31": "91.51700", "2008-12-31": "147.51500", "2007-12-31": "181.26800", "2006-12-31": "258.68900", "2005-12-31": "266.66200"}, "Income From Discontinued Operations": {"2019-12-31": "", "2018-12-31": "", "2017-12-31": "", "2016-12-31": "", "2015-12-31": "", "2014-12-31": "", "2013-12-31": "", "2012-12-31": "", "2011-12-31": "", "2010-12-31": "", "2009-12-31": "", "2008-12-31": "", "2007-12-31": "", "2006-12-31": "", "2005-12-31": ""}, "Net Income": {"2019-12-31": "283.00000", "2018-12-31": "-17.00000", "2017-12-31": "247.00000", "2016-12-31": "312.00000", "2015-12-31": "171.00000", "2014-12-31": "367.00000", "2013-12-31": "212.00000", "2012-12-31": "282.31100", "2011-12-31": "345.84700", "2010-12-31": "283.61100", "2009-12-31": "92.48200", "2008-12-31": "146.91900", "2007-12-31": "181.33200", "2006-12-31": "258.68900", "2005-12-31": "266.66200"}, "EBITDA": {"2019-12-31": "242.00000", "2018-12-31": "343.00000", "2017-12-31": "358.00000", "2016-12-31": "332.00000", "2015-12-31": "217.00000", "2014-12-31": "516.00000", "2013-12-31": "297.00000", "2012-12-31": "399.87660", "2011-12-31": "488.42660", "2010-12-31": "407.86820", "2009-12-31": "115.56440", "2008-12-31": "219.19010", "2007-12-31": "249.13580", "2006-12-31": "368.25290", "2005-12-31": "385.15120"}, "EBIT": {"2019-12-31": "104.00000", "2018-12-31": "209.00000", "2017-12-31": "240.00000", "2016-12-31": "230.00000", "2015-12-31": "126.00000", "2014-12-31": "424.00000", "2013-12-31": "204.00000", "2012-12-31": "309.66060", "2011-12-31": "407.20360", "2010-12-31": "321.06620", "2009-12-31": "23.72340", "2008-12-31": "121.80910", "2007-12-31": "169.91480", "2006-12-31": "296.99490", "2005-12-31": "320.04520"}, "Basic Shares Outstanding": {"2019-12-31": "1.16600", "2018-12-31": "1.17100", "2017-12-31": "1.17100", "2016-12-31": "1.17100", "2015-12-31": "1.17100", "2014-12-31": "1.17800", "2013-12-31": "1.19400", "2012-12-31": "1.20400", "2011-12-31": "1.21500", "2010-12-31": "1.22400", "2009-12-31": "1.23700", "2008-12-31": "1.24300", "2007-12-31": "1.25800", "2006-12-31": "1.26100", "2005-12-31": "1.25700"}, "Shares Outstanding": {"2019-12-31": "1.16600", "2018-12-31": "1.17100", "2017-12-31": "1.17100", "2016-12-31": "1.17100", "2015-12-31": "1.17100", "2014-12-31": "1.17800", "2013-12-31": "1.19400", "2012-12-31": "1.20400", "2011-12-31": "1.21500", "2010-12-31": "1.22400", "2009-12-31": "1.23700", "2008-12-31": "1.24300", "2007-12-31": "1.25800", "2006-12-31": "1.26100", "2005-12-31": "1.25800"}, "Basic EPS": {"2019-12-31": "242.78000", "2018-12-31": "-14.61000", "2017-12-31": "211.01000", "2016-12-31": "266.50000", "2015-12-31": "146.44000", "2014-12-31": "311.44000", "2013-12-31": "177.53000", "2012-12-31": "234.54000", "2011-12-31": "284.66000", "2010-12-31": "231.69000", "2009-12-31": "74.74000", "2008-12-31": "118.19000", "2007-12-31": "144.15000", "2006-12-31": "205.09000", "2005-12-31": "212.20000"}, "EPS - Earnings Per Share": {"2019-12-31": "242.78000", "2018-12-31": "-14.61000", "2017-12-31": "211.01000", "2016-12-31": "266.50000", "2015-12-31": "146.44000", "2014-12-31": "311.44000", "2013-12-31": "177.53000", "2012-12-31": "234.54000", "2011-12-31": "284.66000", "2010-12-31": "231.69000", "2009-12-31": "74.74000", "2008-12-31": "118.19000", "2007-12-31": "144.15000", "2006-12-31": "205.09000", "2005-12-31": "211.94000"}}, "income statement, quarterly": {"Revenue": {"2020-09-30": "1645.00000", "2020-06-30": "1808.00000", "2020-03-31": "1683.00000", "2019-12-31": "1812.00000", "2019-09-30": "1663.00000", "2019-06-30": "1822.00000", "2019-03-31": "1543.00000", "2018-12-31": "1662.00000", "2018-09-30": "1651.00000", "2018-06-30": "1691.00000", "2018-03-31": "1579.00000", "2017-12-31": "1586.00000", "2017-09-30": "1402.00000", "2017-06-30": "1422.00000", "2017-03-31": "1399.00000", "2016-12-31": "1373.00000", "2016-09-30": "1330.00000", "2016-06-30": "1357.00000", "2016-03-31": "1319.00000", "2015-12-31": "1303.00000", "2015-09-30": "1411.00000", "2015-06-30": "1428.00000", "2015-03-31": "1452.00000", "2014-12-31": "1676.13200", "2014-09-30": "1622.64100", "2014-06-30": "1694.59100", "2014-03-31": "1479.63600", "2013-12-31": "1755.56000", "2013-09-30": "1648.10500", "2013-06-30": "1684.03900", "2013-03-31": "1582.29600", "2012-12-31": "1728.01100", "2012-09-30": "1479.41600", "2012-06-30": "1510.59300", "2012-03-31": "1471.11300", "2011-12-31": "1403.41800", "2011-09-30": "1476.71800", "2011-06-30": "1398.58700", "2011-03-31": "1468.17900", "2010-12-31": "1205.15000", "2010-09-30": "1111.81300", "2010-06-30": "1048.46300", "2010-03-31": "1020.27600", "2009-12-31": "959.28500", "2009-09-30": "854.62500", "2009-06-30": "869.83000", "2009-03-31": "917.56800", "2008-12-31": "1142.49400", "2008-09-30": "1131.69100", "2008-06-30": "999.95100", "2008-03-31": "993.66800", "2007-12-31": "940.60610", "2007-09-30": "801.32800", "2007-06-30": "742.21900", "2007-03-31": "729.14800", "2006-12-31": "704.50490", "2006-09-30": "678.38200", "2006-06-30": "688.93700", "2006-03-31": "635.57300", "2005-12-31": "601.82600", "2005-09-30": "636.77900", "2005-06-30": "736.96200", "2005-03-31": "713.32700"}, "Cost Of Goods Sold": {"2020-09-30": "1527.00000", "2020-06-30": "1717.00000", "2020-03-31": "1548.00000", "2019-12-31": "1632.00000", "2019-09-30": "1589.00000", "2019-06-30": "1686.00000", "2019-03-31": "1493.00000", "2018-12-31": "1549.00000", "2018-09-30": "1529.00000", "2018-06-30": "1575.00000", "2018-03-31": "1407.00000", "2017-12-31": "1452.00000", "2017-09-30": "1254.00000", "2017-06-30": "1293.00000", "2017-03-31": "1261.00000", "2016-12-31": "1235.00000", "2016-09-30": "1222.00000", "2016-06-30": "1206.00000", "2016-03-31": "1219.00000", "2015-12-31": "1190.00000", "2015-09-30": "1321.00000", "2015-06-30": "1328.00000", "2015-03-31": "1359.00000", "2014-12-31": "1482.09000", "2014-09-30": "1461.69800", "2014-06-30": "1497.16400", "2014-03-31": "1354.04800", "2013-12-31": "1630.82900", "2013-09-30": "1547.15200", "2013-06-30": "1568.62900", "2013-03-31": "1455.39000", "2012-12-31": "1586.57600", "2012-09-30": "1334.95300", "2012-06-30": "1390.02700", "2012-03-31": "1316.51900", "2011-12-31": "1267.53000", "2011-09-30": "1360.25300", "2011-06-30": "1208.16300", "2011-03-31": "1283.07300", "2010-12-31": "1036.21100", "2010-09-30": "1017.83900", "2010-06-30": "901.39800", "2010-03-31": "904.26000", "2009-12-31": "902.83480", "2009-09-30": "808.14500", "2009-06-30": "818.62100", "2009-03-31": "854.09410", "2008-12-31": "1070.79700", "2008-09-30": "1055.09700", "2008-06-30": "951.72100", "2008-03-31": "892.51810", "2007-12-31": "867.44400", "2007-09-30": "708.99600", "2007-06-30": "666.80900", "2007-03-31": "628.07800", "2006-12-31": "578.10510", "2006-09-30": "563.60500", "2006-06-30": "573.84000", "2006-03-31": "537.60800", "2005-12-31": "486.97600", "2005-09-30": "535.37300", "2005-06-30": "622.46200", "2005-03-31": "584.76600"}, "Gross Profit": {"2020-09-30": "118.00000", "2020-06-30": "91.00000", "2020-03-31": "135.00000", "2019-12-31": "180.00000", "2019-09-30": "74.00000", "2019-06-30": "136.00000", "2019-03-31": "50.00000", "2018-12-31": "113.00000", "2018-09-30": "122.00000", "2018-06-30": "116.00000", "2018-03-31": "172.00000", "2017-12-31": "134.00000", "2017-09-30": "148.00000", "2017-06-30": "129.00000", "2017-03-31": "138.00000", "2016-12-31": "138.00000", "2016-09-30": "108.00000", "2016-06-30": "151.00000", "2016-03-31": "100.00000", "2015-12-31": "113.00000", "2015-09-30": "90.00000", "2015-06-30": "100.00000", "2015-03-31": "93.00000", "2014-12-31": "194.04240", "2014-09-30": "160.94300", "2014-06-30": "197.42690", "2014-03-31": "125.58800", "2013-12-31": "124.73070", "2013-09-30": "100.95310", "2013-06-30": "115.40990", "2013-03-31": "126.90600", "2012-12-31": "141.43440", "2012-09-30": "144.46300", "2012-06-30": "120.56600", "2012-03-31": "154.59410", "2011-12-31": "135.88770", "2011-09-30": "116.46500", "2011-06-30": "190.42400", "2011-03-31": "185.10600", "2010-12-31": "168.93910", "2010-09-30": "93.97400", "2010-06-30": "147.06500", "2010-03-31": "116.01600", "2009-12-31": "56.45030", "2009-09-30": "46.48000", "2009-06-30": "51.20910", "2009-03-31": "63.47390", "2008-12-31": "71.69730", "2008-09-30": "76.59410", "2008-06-30": "48.23000", "2008-03-31": "101.15000", "2007-12-31": "73.16220", "2007-09-30": "92.33200", "2007-06-30": "75.41000", "2007-03-31": "101.07000", "2006-12-31": "126.39980", "2006-09-30": "114.77700", "2006-06-30": "115.09700", "2006-03-31": "97.96500", "2005-12-31": "114.85010", "2005-09-30": "101.40600", "2005-06-30": "114.50000", "2005-03-31": "128.56100"}, "Research And Development Expenses": {"2020-09-30": "", "2020-06-30": "", "2020-03-31": "", "2019-12-31": "", "2019-09-30": "", "2019-06-30": "", "2019-03-31": "", "2018-12-31": "", "2018-09-30": "", "2018-06-30": "", "2018-03-31": "", "2017-12-31": "", "2017-09-30": "", "2017-06-30": "", "2017-03-31": "", "2016-12-31": "", "2016-09-30": "", "2016-06-30": "", "2016-03-31": "", "2015-12-31": "", "2015-09-30": "", "2015-06-30": "", "2015-03-31": "", "2014-12-31": "", "2014-09-30": "", "2014-06-30": "", "2014-03-31": "", "2013-12-31": "", "2013-09-30": "", "2013-06-30": "", "2013-03-31": "", "2012-12-31": "", "2012-09-30": "", "2012-06-30": "", "2012-03-31": "", "2011-12-31": "", "2011-09-30": "", "2011-06-30": "", "2011-03-31": "", "2010-12-31": "", "2010-09-30": "", "2010-06-30": "", "2010-03-31": "", "2009-12-31": "", "2009-09-30": "", "2009-06-30": "", "2009-03-31": "", "2008-12-31": "", "2008-09-30": "", "2008-06-30": "", "2008-03-31": "", "2007-12-31": "", "2007-09-30": "", "2007-06-30": "", "2007-03-31": "", "2006-12-31": "", "2006-09-30": "", "2006-06-30": "", "2006-03-31": "", "2005-12-31": "", "2005-09-30": "", "2005-06-30": "", "2005-03-31": ""}, "SG&A Expenses": {"2020-09-30": "89.00000", "2020-06-30": "80.00000", "2020-03-31": "72.00000", "2019-12-31": "89.00000", "2019-09-30": "80.00000", "2019-06-30": "83.00000", "2019-03-31": "84.00000", "2018-12-31": "70.00000", "2018-09-30": "85.00000", "2018-06-30": "84.00000", "2018-03-31": "75.00000", "2017-12-31": "90.00000", "2017-09-30": "75.00000", "2017-06-30": "74.00000", "2017-03-31": "70.00000", "2016-12-31": "62.00000", "2016-09-30": "66.00000", "2016-06-30": "75.00000", "2016-03-31": "64.00000", "2015-12-31": "70.00000", "2015-09-30": "67.00000", "2015-06-30": "68.00000", "2015-03-31": "65.00000", "2014-12-31": "65.67000", "2014-09-30": "64.85700", "2014-06-30": "63.08800", "2014-03-31": "60.38500", "2013-12-31": "71.50800", "2013-09-30": "67.18300", "2013-06-30": "61.86100", "2013-03-31": "63.44800", "2012-12-31": "70.91000", "2012-09-30": "59.40600", "2012-06-30": "59.84300", "2012-03-31": "61.23800", "2011-12-31": "62.91400", "2011-09-30": "49.47600", "2011-06-30": "53.45900", "2011-03-31": "54.83000", "2010-12-31": "58.22800", "2010-09-30": "52.33200", "2010-06-30": "45.81800", "2010-03-31": "48.55000", "2009-12-31": "48.85900", "2009-09-30": "49.15900", "2009-06-30": "48.44000", "2009-03-31": "47.43200", "2008-12-31": "44.08000", "2008-09-30": "44.88000", "2008-06-30": "45.13400", "2008-03-31": "41.76800", "2007-12-31": "44.12800", "2007-09-30": "42.73100", "2007-06-30": "40.94800", "2007-03-31": "44.25200", "2006-12-31": "43.99800", "2006-09-30": "39.10900", "2006-06-30": "37.02900", "2006-03-31": "37.10800", "2005-12-31": "39.41600", "2005-09-30": "36.02300", "2005-06-30": "32.35200", "2005-03-31": "31.48100"}, "Other Operating Income Or Expenses": {"2020-09-30": "", "2020-06-30": "", "2020-03-31": "", "2019-12-31": "", "2019-09-30": "", "2019-06-30": "", "2019-03-31": "", "2018-12-31": "", "2018-09-30": "", "2018-06-30": "", "2018-03-31": "", "2017-12-31": "", "2017-09-30": "", "2017-06-30": "", "2017-03-31": "", "2016-12-31": "", "2016-09-30": "", "2016-06-30": "", "2016-03-31": "", "2015-12-31": "", "2015-09-30": "", "2015-06-30": "", "2015-03-31": "", "2014-12-31": "", "2014-09-30": "", "2014-06-30": "", "2014-03-31": "", "2013-12-31": "", "2013-09-30": "", "2013-06-30": "", "2013-03-31": "", "2012-12-31": "", "2012-09-30": "", "2012-06-30": "", "2012-03-31": "", "2011-12-31": "", "2011-09-30": "", "2011-06-30": "", "2011-03-31": "", "2010-12-31": "", "2010-09-30": "", "2010-06-30": "", "2010-03-31": "", "2009-12-31": "", "2009-09-30": "", "2009-06-30": "", "2009-03-31": "", "2008-12-31": "", "2008-09-30": "", "2008-06-30": "", "2008-03-31": "", "2007-12-31": "", "2007-09-30": "", "2007-06-30": "", "2007-03-31": "", "2006-12-31": "", "2006-09-30": "", "2006-06-30": "", "2006-03-31": "", "2005-12-31": "", "2005-09-30": "", "2005-06-30": "", "2005-03-31": ""}, "Operating Expenses": {"2020-09-30": "1616.00000", "2020-06-30": "1797.00000", "2020-03-31": "1620.00000", "2019-12-31": "1721.00000", "2019-09-30": "1669.00000", "2019-06-30": "1769.00000", "2019-03-31": "1577.00000", "2018-12-31": "1619.00000", "2018-09-30": "1614.00000", "2018-06-30": "1659.00000", "2018-03-31": "1482.00000", "2017-12-31": "1542.00000", "2017-09-30": "1329.00000", "2017-06-30": "1367.00000", "2017-03-31": "1331.00000", "2016-12-31": "1297.00000", "2016-09-30": "1288.00000", "2016-06-30": "1281.00000", "2016-03-31": "1283.00000", "2015-12-31": "1260.00000", "2015-09-30": "1388.00000", "2015-06-30": "1396.00000", "2015-03-31": "1424.00000", "2014-12-31": "1547.76000", "2014-09-30": "1526.55500", "2014-06-30": "1560.25200", "2014-03-31": "1414.43300", "2013-12-31": "1702.33700", "2013-09-30": "1614.33500", "2013-06-30": "1630.49000", "2013-03-31": "1518.83800", "2012-12-31": "1657.48600", "2012-09-30": "1394.35900", "2012-06-30": "1449.87000", "2012-03-31": "1377.75700", "2011-12-31": "1330.44400", "2011-09-30": "1409.72900", "2011-06-30": "1261.62200", "2011-03-31": "1337.90300", "2010-12-31": "1094.43900", "2010-09-30": "1070.17100", "2010-06-30": "947.21600", "2010-03-31": "952.81000", "2009-12-31": "951.69370", "2009-09-30": "857.30400", "2009-06-30": "867.06100", "2009-03-31": "901.52610", "2008-12-31": "1114.87700", "2008-09-30": "1099.97700", "2008-06-30": "996.85500", "2008-03-31": "934.28610", "2007-12-31": "911.57210", "2007-09-30": "751.72700", "2007-06-30": "707.75700", "2007-03-31": "672.33000", "2006-12-31": "622.10300", "2006-09-30": "602.71400", "2006-06-30": "610.86900", "2006-03-31": "574.71610", "2005-12-31": "526.39190", "2005-09-30": "571.39600", "2005-06-30": "654.81400", "2005-03-31": "616.24700"}, "Operating Income": {"2020-09-30": "29.00000", "2020-06-30": "11.00000", "2020-03-31": "63.00000", "2019-12-31": "91.00000", "2019-09-30": "-6.00000", "2019-06-30": "53.00000", "2019-03-31": "-34.00000", "2018-12-31": "43.00000", "2018-09-30": "37.00000", "2018-06-30": "32.00000", "2018-03-31": "97.00000", "2017-12-31": "44.00000", "2017-09-30": "73.00000", "2017-06-30": "55.00000", "2017-03-31": "68.00000", "2016-12-31": "76.00000", "2016-09-30": "42.00000", "2016-06-30": "76.00000", "2016-03-31": "36.00000", "2015-12-31": "43.00000", "2015-09-30": "23.00000", "2015-06-30": "32.00000", "2015-03-31": "28.00000", "2014-12-31": "128.37220", "2014-09-30": "96.08590", "2014-06-30": "134.33890", "2014-03-31": "65.20300", "2013-12-31": "53.22290", "2013-09-30": "33.77010", "2013-06-30": "53.54900", "2013-03-31": "63.45800", "2012-12-31": "70.52450", "2012-09-30": "85.05700", "2012-06-30": "60.72300", "2012-03-31": "93.35610", "2011-12-31": "72.97350", "2011-09-30": "66.98900", "2011-06-30": "136.96500", "2011-03-31": "130.27600", "2010-12-31": "110.71150", "2010-09-30": "41.64200", "2010-06-30": "101.24700", "2010-03-31": "67.46600", "2009-12-31": "7.59140", "2009-09-30": "-2.67900", "2009-06-30": "2.76900", "2009-03-31": "16.04190", "2008-12-31": "27.61740", "2008-09-30": "31.71410", "2008-06-30": "3.09600", "2008-03-31": "59.38200", "2007-12-31": "29.03410", "2007-09-30": "49.60100", "2007-06-30": "34.46200", "2007-03-31": "56.81800", "2006-12-31": "82.40190", "2006-09-30": "75.66800", "2006-06-30": "78.06800", "2006-03-31": "60.85690", "2005-12-31": "75.43410", "2005-09-30": "65.38300", "2005-06-30": "82.14800", "2005-03-31": "97.08000"}, "Total Non-Operating Income/Expense": {"2020-09-30": "46.00000", "2020-06-30": "105.00000", "2020-03-31": "-237.00000", "2019-12-31": "77.00000", "2019-09-30": "-12.00000", "2019-06-30": "16.00000", "2019-03-31": "99.00000", "2018-12-31": "-184.00000", "2018-09-30": "23.00000", "2018-06-30": "-21.00000", "2018-03-31": "-43.00000", "2017-12-31": "63.00000", "2017-09-30": "51.00000", "2017-06-30": "29.00000", "2017-03-31": "44.00000", "2016-12-31": "43.00000", "2016-09-30": "58.00000", "2016-06-30": "20.00000", "2016-03-31": "33.00000", "2015-12-31": "86.00000", "2015-09-30": "-10.00000", "2015-06-30": "19.00000", "2015-03-31": "20.00000", "2014-12-31": "19.32200", "2014-09-30": "72.13000", "2014-06-30": "10.26800", "2014-03-31": "10.28000", "2013-12-31": "27.62100", "2013-09-30": "2.98900", "2013-06-30": "4.52500", "2013-03-31": "6.86500", "2012-12-31": "18.56300", "2012-09-30": "9.44500", "2012-06-30": "5.83900", "2012-03-31": "23.27000", "2011-12-31": "23.14700", "2011-09-30": "-16.04600", "2011-06-30": "9.63500", "2011-03-31": "18.66800", "2010-12-31": "17.24000", "2010-09-30": "15.59300", "2010-06-30": "0.84200", "2010-03-31": "9.30400", "2009-12-31": "14.94400", "2009-09-30": "29.16900", "2009-06-30": "17.36600", "2009-03-31": "4.03900", "2008-12-31": "-16.83300", "2008-09-30": "1.27200", "2008-06-30": "11.47100", "2008-03-31": "7.10700", "2007-12-31": "10.25100", "2007-09-30": "2.02900", "2007-06-30": "9.53000", "2007-03-31": "-0.28000", "2006-12-31": "11.93100", "2006-09-30": "-1.19000", "2006-06-30": "1.75600", "2006-03-31": "6.93200", "2005-12-31": "1.12600", "2005-09-30": "0.61300", "2005-06-30": "-9.21900", "2005-03-31": "0.24700"}, "Pre-Tax Income": {"2020-09-30": "75.00000", "2020-06-30": "116.00000", "2020-03-31": "-174.00000", "2019-12-31": "168.00000", "2019-09-30": "-18.00000", "2019-06-30": "69.00000", "2019-03-31": "65.00000", "2018-12-31": "-141.00000", "2018-09-30": "60.00000", "2018-06-30": "11.00000", "2018-03-31": "54.00000", "2017-12-31": "107.00000", "2017-09-30": "124.00000", "2017-06-30": "84.00000", "2017-03-31": "112.00000", "2016-12-31": "119.00000", "2016-09-30": "100.00000", "2016-06-30": "96.00000", "2016-03-31": "69.00000", "2015-12-31": "129.00000", "2015-09-30": "13.00000", "2015-06-30": "51.00000", "2015-03-31": "48.00000", "2014-12-31": "147.69400", "2014-09-30": "168.21600", "2014-06-30": "144.60700", "2014-03-31": "75.48300", "2013-12-31": "80.84400", "2013-09-30": "36.75900", "2013-06-30": "58.07400", "2013-03-31": "70.32300", "2012-12-31": "89.08800", "2012-09-30": "94.50200", "2012-06-30": "66.56200", "2012-03-31": "116.62600", "2011-12-31": "96.12100", "2011-09-30": "50.94300", "2011-06-30": "146.60000", "2011-03-31": "148.94400", "2010-12-31": "127.95100", "2010-09-30": "57.23500", "2010-06-30": "102.08900", "2010-03-31": "76.77000", "2009-12-31": "22.53500", "2009-09-30": "26.49000", "2009-06-30": "20.13500", "2009-03-31": "20.08100", "2008-12-31": "10.78400", "2008-09-30": "32.98600", "2008-06-30": "14.56700", "2008-03-31": "66.48900", "2007-12-31": "39.28500", "2007-09-30": "51.63000", "2007-06-30": "43.99200", "2007-03-31": "56.53800", "2006-12-31": "94.33300", "2006-09-30": "74.47800", "2006-06-30": "79.82400", "2006-03-31": "67.78900", "2005-12-31": "76.56000", "2005-09-30": "65.99600", "2005-06-30": "72.92900", "2005-03-31": "97.32700"}, "Income Taxes": {"2020-09-30": "-72.00000", "2020-06-30": "142.00000", "2020-03-31": "-71.00000", "2019-12-31": "-7.00000", "2019-09-30": "-11.00000", "2019-06-30": "11.00000", "2019-03-31": "8.00000", "2018-12-31": "-51.00000", "2018-09-30": "26.00000", "2018-06-30": "4.00000", "2018-03-31": "22.00000", "2017-12-31": "85.00000", "2017-09-30": "43.00000", "2017-06-30": "25.00000", "2017-03-31": "28.00000", "2016-12-31": "15.00000", "2016-09-30": "25.00000", "2016-06-30": "16.00000", "2016-03-31": "14.00000", "2015-12-31": "25.00000", "2015-09-30": "10.00000", "2015-06-30": "19.00000", "2015-03-31": "15.00000", "2014-12-31": "27.57900", "2014-09-30": "63.53600", "2014-06-30": "49.85100", "2014-03-31": "27.03400", "2013-12-31": "-4.00800", "2013-09-30": "5.39400", "2013-06-30": "18.04800", "2013-03-31": "12.56600", "2012-12-31": "12.82500", "2012-09-30": "19.86900", "2012-06-30": "16.87000", "2012-03-31": "34.62600", "2011-12-31": "17.71000", "2011-09-30": "15.85400", "2011-06-30": "33.23600", "2011-03-31": "32.25100", "2010-12-31": "24.44200", "2010-09-30": "17.75200", "2010-06-30": "24.73200", "2010-03-31": "14.10700", "2009-12-31": "9.97200", "2009-09-30": "-9.75800", "2009-06-30": "-6.42500", "2009-03-31": "3.93500", "2008-12-31": "-12.41700", "2008-09-30": "-0.10200", "2008-06-30": "-6.60600", "2008-03-31": "-3.56400", "2007-12-31": "2.60100", "2007-09-30": "-0.94200", "2007-06-30": "1.33500", "2007-03-31": "7.18300", "2006-12-31": "17.56300", "2006-09-30": "13.28900", "2006-06-30": "10.63400", "2006-03-31": "16.24900", "2005-12-31": "-6.25100", "2005-09-30": "13.40600", "2005-06-30": "10.34500", "2005-03-31": "28.65000"}, "Income After Taxes": {"2020-09-30": "147.00000", "2020-06-30": "-26.00000", "2020-03-31": "-103.00000", "2019-12-31": "175.00000", "2019-09-30": "-7.00000", "2019-06-30": "58.00000", "2019-03-31": "57.00000", "2018-12-31": "-90.00000", "2018-09-30": "34.00000", "2018-06-30": "7.00000", "2018-03-31": "32.00000", "2017-12-31": "22.00000", "2017-09-30": "81.00000", "2017-06-30": "59.00000", "2017-03-31": "84.00000", "2016-12-31": "104.00000", "2016-09-30": "75.00000", "2016-06-30": "80.00000", "2016-03-31": "55.00000", "2015-12-31": "104.00000", "2015-09-30": "3.00000", "2015-06-30": "32.00000", "2015-03-31": "33.00000", "2014-12-31": "120.11500", "2014-09-30": "104.68000", "2014-06-30": "94.75600", "2014-03-31": "48.44900", "2013-12-31": "84.85200", "2013-09-30": "31.36500", "2013-06-30": "40.02600", "2013-03-31": "57.75700", "2012-12-31": "76.26300", "2012-09-30": "74.63300", "2012-06-30": "49.69200", "2012-03-31": "82.00000", "2011-12-31": "78.41100", "2011-09-30": "35.08900", "2011-06-30": "113.36400", "2011-03-31": "116.69300", "2010-12-31": "103.50900", "2010-09-30": "39.48300", "2010-06-30": "77.35700", "2010-03-31": "62.66300", "2009-12-31": "12.56300", "2009-09-30": "36.24800", "2009-06-30": "26.56000", "2009-03-31": "16.14600", "2008-12-31": "23.20100", "2008-09-30": "33.08800", "2008-06-30": "21.17300", "2008-03-31": "70.05300", "2007-12-31": "36.68400", "2007-09-30": "52.57200", "2007-06-30": "42.65700", "2007-03-31": "49.35500", "2006-12-31": "76.77000", "2006-09-30": "61.18900", "2006-06-30": "69.19000", "2006-03-31": "51.54000", "2005-12-31": "82.81100", "2005-09-30": "52.59000", "2005-06-30": "62.58400", "2005-03-31": "68.67700"}, "Other Income": {"2020-09-30": "", "2020-06-30": "", "2020-03-31": "", "2019-12-31": "", "2019-09-30": "", "2019-06-30": "", "2019-03-31": "", "2018-12-31": "", "2018-09-30": "", "2018-06-30": "", "2018-03-31": "", "2017-12-31": "", "2017-09-30": "", "2017-06-30": "", "2017-03-31": "", "2016-12-31": "", "2016-09-30": "", "2016-06-30": "", "2016-03-31": "", "2015-12-31": "", "2015-09-30": "", "2015-06-30": "", "2015-03-31": "", "2014-12-31": "", "2014-09-30": "", "2014-06-30": "", "2014-03-31": "", "2013-12-31": "", "2013-09-30": "", "2013-06-30": "", "2013-03-31": "", "2012-12-31": "", "2012-09-30": "", "2012-06-30": "", "2012-03-31": "", "2011-12-31": "", "2011-09-30": "", "2011-06-30": "", "2011-03-31": "", "2010-12-31": "", "2010-09-30": "", "2010-06-30": "", "2010-03-31": "", "2009-12-31": "", "2009-09-30": "", "2009-06-30": "", "2009-03-31": "", "2008-12-31": "", "2008-09-30": "", "2008-06-30": "", "2008-03-31": "", "2007-12-31": "", "2007-09-30": "", "2007-06-30": "", "2007-03-31": "", "2006-12-31": "", "2006-09-30": "", "2006-06-30": "", "2006-03-31": "", "2005-12-31": "", "2005-09-30": "", "2005-06-30": "", "2005-03-31": ""}, "Income From Continuous Operations": {"2020-09-30": "147.00000", "2020-06-30": "-26.00000", "2020-03-31": "-103.00000", "2019-12-31": "175.00000", "2019-09-30": "-7.00000", "2019-06-30": "58.00000", "2019-03-31": "57.00000", "2018-12-31": "-90.00000", "2018-09-30": "34.00000", "2018-06-30": "7.00000", "2018-03-31": "32.00000", "2017-12-31": "22.00000", "2017-09-30": "81.00000", "2017-06-30": "59.00000", "2017-03-31": "84.00000", "2016-12-31": "104.00000", "2016-09-30": "75.00000", "2016-06-30": "80.00000", "2016-03-31": "55.00000", "2015-12-31": "104.00000", "2015-09-30": "3.00000", "2015-06-30": "32.00000", "2015-03-31": "33.00000", "2014-12-31": "120.11500", "2014-09-30": "104.68000", "2014-06-30": "94.75600", "2014-03-31": "48.44900", "2013-12-31": "84.85200", "2013-09-30": "31.36500", "2013-06-30": "40.02600", "2013-03-31": "57.75700", "2012-12-31": "76.26300", "2012-09-30": "74.63300", "2012-06-30": "49.69200", "2012-03-31": "82.00000", "2011-12-31": "78.41100", "2011-09-30": "35.08900", "2011-06-30": "113.36400", "2011-03-31": "116.69300", "2010-12-31": "103.50900", "2010-09-30": "39.48300", "2010-06-30": "77.35700", "2010-03-31": "62.66300", "2009-12-31": "12.56300", "2009-09-30": "36.24800", "2009-06-30": "26.56000", "2009-03-31": "16.14600", "2008-12-31": "23.20100", "2008-09-30": "33.08800", "2008-06-30": "21.17300", "2008-03-31": "70.05300", "2007-12-31": "36.68400", "2007-09-30": "52.57200", "2007-06-30": "42.65700", "2007-03-31": "49.35500", "2006-12-31": "76.77000", "2006-09-30": "61.18900", "2006-06-30": "69.19000", "2006-03-31": "51.54000", "2005-12-31": "82.81100", "2005-09-30": "52.59000", "2005-06-30": "62.58400", "2005-03-31": "68.67700"}, "Income From Discontinued Operations": {"2020-09-30": "", "2020-06-30": "", "2020-03-31": "", "2019-12-31": "", "2019-09-30": "", "2019-06-30": "", "2019-03-31": "", "2018-12-31": "", "2018-09-30": "", "2018-06-30": "", "2018-03-31": "", "2017-12-31": "", "2017-09-30": "", "2017-06-30": "", "2017-03-31": "", "2016-12-31": "", "2016-09-30": "", "2016-06-30": "", "2016-03-31": "", "2015-12-31": "", "2015-09-30": "", "2015-06-30": "", "2015-03-31": "", "2014-12-31": "", "2014-09-30": "", "2014-06-30": "", "2014-03-31": "", "2013-12-31": "", "2013-09-30": "", "2013-06-30": "", "2013-03-31": "", "2012-12-31": "", "2012-09-30": "", "2012-06-30": "", "2012-03-31": "", "2011-12-31": "", "2011-09-30": "", "2011-06-30": "", "2011-03-31": "", "2010-12-31": "", "2010-09-30": "", "2010-06-30": "", "2010-03-31": "", "2009-12-31": "", "2009-09-30": "", "2009-06-30": "", "2009-03-31": "", "2008-12-31": "", "2008-09-30": "", "2008-06-30": "", "2008-03-31": "", "2007-12-31": "", "2007-09-30": "", "2007-06-30": "", "2007-03-31": "", "2006-12-31": "", "2006-09-30": "", "2006-06-30": "", "2006-03-31": "", "2005-12-31": "", "2005-09-30": "", "2005-06-30": "", "2005-03-31": ""}, "Net Income": {"2020-09-30": "147.00000", "2020-06-30": "-26.00000", "2020-03-31": "-103.00000", "2019-12-31": "175.00000", "2019-09-30": "-7.00000", "2019-06-30": "58.00000", "2019-03-31": "57.00000", "2018-12-31": "-91.00000", "2018-09-30": "35.00000", "2018-06-30": "7.00000", "2018-03-31": "32.00000", "2017-12-31": "23.00000", "2017-09-30": "81.00000", "2017-06-30": "58.00000", "2017-03-31": "85.00000", "2016-12-31": "103.00000", "2016-09-30": "75.00000", "2016-06-30": "80.00000", "2016-03-31": "54.00000", "2015-12-31": "103.00000", "2015-09-30": "3.00000", "2015-06-30": "32.00000", "2015-03-31": "33.00000", "2014-12-31": "119.69100", "2014-09-30": "105.14900", "2014-06-30": "93.99400", "2014-03-31": "48.16600", "2013-12-31": "84.03000", "2013-09-30": "30.96900", "2013-06-30": "39.54700", "2013-03-31": "57.45400", "2012-12-31": "75.58300", "2012-09-30": "74.42200", "2012-06-30": "50.09700", "2012-03-31": "82.20900", "2011-12-31": "78.93700", "2011-09-30": "36.56000", "2011-06-30": "113.48600", "2011-03-31": "116.86400", "2010-12-31": "103.36000", "2010-09-30": "39.86900", "2010-06-30": "77.60400", "2010-03-31": "62.77800", "2009-12-31": "12.70200", "2009-09-30": "36.71500", "2009-06-30": "26.91900", "2009-03-31": "16.14600", "2008-12-31": "23.02400", "2008-09-30": "32.90500", "2008-06-30": "20.96300", "2008-03-31": "70.02700", "2007-12-31": "36.74800", "2007-09-30": "52.57200", "2007-06-30": "42.65700", "2007-03-31": "49.35500", "2006-12-31": "76.77000", "2006-09-30": "61.18900", "2006-06-30": "69.19000", "2006-03-31": "51.54000", "2005-12-31": "82.81100", "2005-09-30": "52.59000", "2005-06-30": "62.58400", "2005-03-31": "68.67700"}, "EBITDA": {"2020-09-30": "66.00000", "2020-06-30": "47.00000", "2020-03-31": "99.00000", "2019-12-31": "126.00000", "2019-09-30": "29.00000", "2019-06-30": "87.00000", "2019-03-31": "", "2018-12-31": "76.00000", "2018-09-30": "71.00000", "2018-06-30": "67.00000", "2018-03-31": "129.00000", "2017-12-31": "74.00000", "2017-09-30": "105.00000", "2017-06-30": "84.00000", "2017-03-31": "95.00000", "2016-12-31": "104.00000", "2016-09-30": "67.00000", "2016-06-30": "102.00000", "2016-03-31": "59.00000", "2015-12-31": "65.00000", "2015-09-30": "46.00000", "2015-06-30": "54.00000", "2015-03-31": "52.00000", "2014-12-31": "151.05020", "2014-09-30": "119.35090", "2014-06-30": "157.43290", "2014-03-31": "88.16600", "2013-12-31": "76.04090", "2013-09-30": "57.43910", "2013-06-30": "76.99100", "2013-03-31": "86.52900", "2012-12-31": "93.22250", "2012-09-30": "108.24200", "2012-06-30": "83.92000", "2012-03-31": "114.49210", "2011-12-31": "94.08550", "2011-09-30": "86.68300", "2011-06-30": "157.10800", "2011-03-31": "150.55000", "2010-12-31": "131.86550", "2010-09-30": "63.35200", "2010-06-30": "123.33200", "2010-03-31": "89.31900", "2009-12-31": "30.32140", "2009-09-30": "20.20910", "2009-06-30": "25.86600", "2009-03-31": "39.16790", "2008-12-31": "57.81740", "2008-09-30": "55.46510", "2008-06-30": "25.24300", "2008-03-31": "80.66500", "2007-12-31": "49.37610", "2007-09-30": "69.73300", "2007-06-30": "54.42600", "2007-03-31": "75.60100", "2006-12-31": "100.90690", "2006-09-30": "93.53400", "2006-06-30": "95.56100", "2006-03-31": "78.25090", "2005-12-31": "92.68110", "2005-09-30": "82.29900", "2005-06-30": "97.67700", "2005-03-31": "112.49400"}, "EBIT": {"2020-09-30": "29.00000", "2020-06-30": "11.00000", "2020-03-31": "63.00000", "2019-12-31": "91.00000", "2019-09-30": "-6.00000", "2019-06-30": "53.00000", "2019-03-31": "-34.00000", "2018-12-31": "43.00000", "2018-09-30": "37.00000", "2018-06-30": "32.00000", "2018-03-31": "97.00000", "2017-12-31": "44.00000", "2017-09-30": "73.00000", "2017-06-30": "55.00000", "2017-03-31": "68.00000", "2016-12-31": "76.00000", "2016-09-30": "42.00000", "2016-06-30": "76.00000", "2016-03-31": "36.00000", "2015-12-31": "43.00000", "2015-09-30": "23.00000", "2015-06-30": "32.00000", "2015-03-31": "28.00000", "2014-12-31": "128.37220", "2014-09-30": "96.08590", "2014-06-30": "134.33890", "2014-03-31": "65.20300", "2013-12-31": "53.22290", "2013-09-30": "33.77010", "2013-06-30": "53.54900", "2013-03-31": "63.45800", "2012-12-31": "70.52450", "2012-09-30": "85.05700", "2012-06-30": "60.72300", "2012-03-31": "93.35610", "2011-12-31": "72.97360", "2011-09-30": "66.98900", "2011-06-30": "136.96500", "2011-03-31": "130.27600", "2010-12-31": "110.71120", "2010-09-30": "41.64200", "2010-06-30": "101.24700", "2010-03-31": "67.46600", "2009-12-31": "7.59140", "2009-09-30": "-2.67900", "2009-06-30": "2.76900", "2009-03-31": "16.04190", "2008-12-31": "27.61700", "2008-09-30": "31.71410", "2008-06-30": "3.09600", "2008-03-31": "59.38200", "2007-12-31": "29.03380", "2007-09-30": "49.60100", "2007-06-30": "34.46200", "2007-03-31": "56.81800", "2006-12-31": "82.40190", "2006-09-30": "75.66800", "2006-06-30": "78.06800", "2006-03-31": "60.85690", "2005-12-31": "75.43410", "2005-09-30": "65.38300", "2005-06-30": "82.14800", "2005-03-31": "97.08000"}, "Basic Shares Outstanding": {"2020-09-30": "1.16100", "2020-06-30": "1.16100", "2020-03-31": "1.16400", "2019-12-31": "1.16600", "2019-09-30": "1.16500", "2019-06-30": "1.16600", "2019-03-31": "1.16700", "2018-12-31": "1.17100", "2018-09-30": "1.17100", "2018-06-30": "1.17100", "2018-03-31": "1.17000", "2017-12-31": "1.17100", "2017-09-30": "1.17000", "2017-06-30": "1.17100", "2017-03-31": "1.17000", "2016-12-31": "1.17100", "2016-09-30": "1.17100", "2016-06-30": "1.17000", "2016-03-31": "1.17100", "2015-12-31": "1.17100", "2015-09-30": "1.17100", "2015-06-30": "1.17100", "2015-03-31": "1.17100", "2014-12-31": "1.17800", "2014-09-30": "1.17100", "2014-06-30": "1.18600", "2014-03-31": "1.18800", "2013-12-31": "1.19400", "2013-09-30": "1.19200", "2013-06-30": "1.19600", "2013-03-31": "1.19800", "2012-12-31": "1.20400", "2012-09-30": "1.20200", "2012-06-30": "1.20500", "2012-03-31": "1.20900", "2011-12-31": "1.21500", "2011-09-30": "1.21600", "2011-06-30": "1.21600", "2011-03-31": "1.21600", "2010-12-31": "1.22400", "2010-09-30": "1.21800", "2010-06-30": "1.22800", "2010-03-31": "1.23500", "2009-12-31": "1.23700", "2009-09-30": "1.23700", "2009-06-30": "1.23700", "2009-03-31": "1.23900", "2008-12-31": "1.24300", "2008-09-30": "1.24300", "2008-06-30": "1.24400", "2008-03-31": "1.24400", "2007-12-31": "1.25800", "2007-09-30": "1.25900", "2007-06-30": "1.26100", "2007-03-31": "1.26100", "2006-12-31": "1.26100", "2006-09-30": "1.26100", "2006-06-30": "1.26100", "2006-03-31": "1.26100", "2005-12-31": "1.25700", "2005-09-30": "1.25500", "2005-06-30": "1.25500", "2005-03-31": "1.25500"}, "Shares Outstanding": {"2020-09-30": "1.16100", "2020-06-30": "1.16100", "2020-03-31": "1.16400", "2019-12-31": "1.16600", "2019-09-30": "1.16500", "2019-06-30": "1.16600", "2019-03-31": "1.16700", "2018-12-31": "1.17100", "2018-09-30": "1.17100", "2018-06-30": "1.17100", "2018-03-31": "1.17000", "2017-12-31": "1.17100", "2017-09-30": "1.17000", "2017-06-30": "1.17100", "2017-03-31": "1.17000", "2016-12-31": "1.17100", "2016-09-30": "1.17100", "2016-06-30": "1.17000", "2016-03-31": "1.17100", "2015-12-31": "1.17100", "2015-09-30": "1.17100", "2015-06-30": "1.17100", "2015-03-31": "1.17100", "2014-12-31": "1.17800", "2014-09-30": "1.17100", "2014-06-30": "1.18600", "2014-03-31": "1.18800", "2013-12-31": "1.19400", "2013-09-30": "1.19200", "2013-06-30": "1.19600", "2013-03-31": "1.19800", "2012-12-31": "1.20400", "2012-09-30": "1.20200", "2012-06-30": "1.20500", "2012-03-31": "1.20900", "2011-12-31": "1.21500", "2011-09-30": "1.21600", "2011-06-30": "1.21600", "2011-03-31": "1.21600", "2010-12-31": "1.22400", "2010-09-30": "1.21800", "2010-06-30": "1.22800", "2010-03-31": "1.23500", "2009-12-31": "1.23700", "2009-09-30": "1.23700", "2009-06-30": "1.23700", "2009-03-31": "1.23900", "2008-12-31": "1.24300", "2008-09-30": "1.24300", "2008-06-30": "1.24400", "2008-03-31": "1.24400", "2007-12-31": "1.25800", "2007-09-30": "1.25900", "2007-06-30": "1.26100", "2007-03-31": "1.26100", "2006-12-31": "1.26100", "2006-09-30": "1.26100", "2006-06-30": "1.26100", "2006-03-31": "1.26100", "2005-12-31": "1.25800", "2005-09-30": "1.25500", "2005-06-30": "1.25500", "2005-03-31": "1.25500"}, "Basic EPS": {"2020-09-30": "126.17000", "2020-06-30": "-22.35000", "2020-03-31": "-88.43000", "2019-12-31": "149.86000", "2019-09-30": "-6.00000", "2019-06-30": "50.13000", "2019-03-31": "48.79000", "2018-12-31": "-77.57000", "2018-09-30": "29.93000", "2018-06-30": "6.28000", "2018-03-31": "26.75000", "2017-12-31": "19.38000", "2017-09-30": "69.28000", "2017-06-30": "50.51000", "2017-03-31": "71.84000", "2016-12-31": "87.83000", "2016-09-30": "64.42000", "2016-06-30": "68.34000", "2016-03-31": "45.91000", "2015-12-31": "88.70000", "2015-09-30": "2.59000", "2015-06-30": "27.04000", "2015-03-31": "28.11000", "2014-12-31": "101.78000", "2014-09-30": "89.83000", "2014-06-30": "79.28000", "2014-03-31": "40.55000", "2013-12-31": "70.49000", "2013-09-30": "25.99000", "2013-06-30": "33.07000", "2013-03-31": "47.98000", "2012-12-31": "63.04000", "2012-09-30": "61.92000", "2012-06-30": "41.58000", "2012-03-31": "68.00000", "2011-12-31": "65.14000", "2011-09-30": "30.07000", "2011-06-30": "93.34000", "2011-03-31": "96.11000", "2010-12-31": "84.90000", "2010-09-30": "32.74000", "2010-06-30": "63.21000", "2010-03-31": "50.84000", "2009-12-31": "10.40000", "2009-09-30": "29.69000", "2009-06-30": "21.76000", "2009-03-31": "12.89000", "2008-12-31": "18.59000", "2008-09-30": "26.47000", "2008-06-30": "16.85000", "2008-03-31": "56.28000", "2007-12-31": "29.45000", "2007-09-30": "41.75000", "2007-06-30": "33.82000", "2007-03-31": "39.13000", "2006-12-31": "60.87000", "2006-09-30": "48.51000", "2006-06-30": "54.85000", "2006-03-31": "40.86000", "2005-12-31": "65.71000", "2005-09-30": "41.90000", "2005-06-30": "49.87000", "2005-03-31": "54.72000"}, "EPS - Earnings Per Share": {"2020-09-30": "126.17000", "2020-06-30": "-22.35000", "2020-03-31": "-88.43000", "2019-12-31": "149.86000", "2019-09-30": "-6.00000", "2019-06-30": "50.13000", "2019-03-31": "48.79000", "2018-12-31": "-77.57000", "2018-09-30": "29.93000", "2018-06-30": "6.28000", "2018-03-31": "26.75000", "2017-12-31": "19.38000", "2017-09-30": "69.28000", "2017-06-30": "50.51000", "2017-03-31": "71.84000", "2016-12-31": "87.83000", "2016-09-30": "64.42000", "2016-06-30": "68.34000", "2016-03-31": "45.91000", "2015-12-31": "88.70000", "2015-09-30": "2.59000", "2015-06-30": "27.04000", "2015-03-31": "28.11000", "2014-12-31": "101.78000", "2014-09-30": "89.83000", "2014-06-30": "79.28000", "2014-03-31": "40.55000", "2013-12-31": "70.49000", "2013-09-30": "25.99000", "2013-06-30": "33.07000", "2013-03-31": "47.98000", "2012-12-31": "63.04000", "2012-09-30": "61.92000", "2012-06-30": "41.58000", "2012-03-31": "68.00000", "2011-12-31": "65.14000", "2011-09-30": "30.07000", "2011-06-30": "93.34000", "2011-03-31": "96.11000", "2010-12-31": "84.90000", "2010-09-30": "32.74000", "2010-06-30": "63.21000", "2010-03-31": "50.84000", "2009-12-31": "10.40000", "2009-09-30": "29.69000", "2009-06-30": "21.76000", "2009-03-31": "12.89000", "2008-12-31": "18.59000", "2008-09-30": "26.47000", "2008-06-30": "16.85000", "2008-03-31": "56.28000", "2007-12-31": "29.45000", "2007-09-30": "41.75000", "2007-06-30": "33.82000", "2007-03-31": "39.13000", "2006-12-31": "60.87000", "2006-09-30": "48.51000", "2006-06-30": "54.85000", "2006-03-31": "40.86000", "2005-12-31": "65.66000", "2005-09-30": "41.69000", "2005-06-30": "49.87000", "2005-03-31": "54.72000"}}, "balance sheet": {"Cash On Hand": {"2019-12-31": "1559.00000", "2018-12-31": "1530.00000", "2017-12-31": "1692.00000", "2016-12-31": "1354.00000", "2015-12-31": "1304.00000", "2014-12-31": "527.00000", "2013-12-31": "345.70400", "2012-12-31": "361.03000", "2011-12-31": "394.76600", "2010-12-31": "373.32900", "2009-12-31": "469.20800", "2008-12-31": "373.27400", "2007-12-31": "334.00600", "2006-12-31": "510.22800", "2005-12-31": "412.49600"}, "Receivables": {"2019-12-31": "646.00000", "2018-12-31": "551.00000", "2017-12-31": "482.00000", "2016-12-31": "627.00000", "2015-12-31": "510.00000", "2014-12-31": "634.00000", "2013-12-31": "651.40400", "2012-12-31": "521.89200", "2011-12-31": "477.20900", "2010-12-31": "359.94400", "2009-12-31": "270.64700", "2008-12-31": "360.67700", "2007-12-31": "359.31300", "2006-12-31": "277.04800", "2005-12-31": "223.02400"}, "Inventory": {"2019-12-31": "1022.00000", "2018-12-31": "815.00000", "2017-12-31": "780.00000", "2016-12-31": "762.00000", "2015-12-31": "739.00000", "2014-12-31": "736.00000", "2013-12-31": "698.99800", "2012-12-31": "756.86400", "2011-12-31": "644.93000", "2010-12-31": "533.76100", "2009-12-31": "498.58700", "2008-12-31": "508.99500", "2007-12-31": "392.94600", "2006-12-31": "341.36600", "2005-12-31": "331.13300"}, "Pre-Paid Expenses": {"2019-12-31": "48.00000", "2018-12-31": "55.00000", "2017-12-31": "94.00000", "2016-12-31": "44.00000", "2015-12-31": "", "2014-12-31": "", "2013-12-31": "", "2012-12-31": "", "2011-12-31": "", "2010-12-31": "", "2009-12-31": "", "2008-12-31": "", "2007-12-31": "", "2006-12-31": "", "2005-12-31": ""}, "Other Current Assets": {"2019-12-31": "75.00000", "2018-12-31": "76.00000", "2017-12-31": "80.00000", "2016-12-31": "61.00000", "2015-12-31": "111.00000", "2014-12-31": "110.00000", "2013-12-31": "134.39400", "2012-12-31": "118.39100", "2011-12-31": "91.93400", "2010-12-31": "115.84400", "2009-12-31": "80.58200", "2008-12-31": "94.16700", "2007-12-31": "77.71000", "2006-12-31": "55.03300", "2005-12-31": "70.81400"}, "Total Current Assets": {"2019-12-31": "3350.00000", "2018-12-31": "3027.00000", "2017-12-31": "3128.00000", "2016-12-31": "2848.00000", "2015-12-31": "2664.00000", "2014-12-31": "2053.00000", "2013-12-31": "1853.94900", "2012-12-31": "1782.76300", "2011-12-31": "1632.04200", "2010-12-31": "1485.41200", "2009-12-31": "1425.30200", "2008-12-31": "1371.85400", "2007-12-31": "1183.53300", "2006-12-31": "1196.56900", "2005-12-31": "1047.21000"}, "Property, Plant, And Equipment": {"2019-12-31": "1431.00000", "2018-12-31": "1160.00000", "2017-12-31": "1077.00000", "2016-12-31": "1006.00000", "2015-12-31": "831.00000", "2014-12-31": "847.00000", "2013-12-31": "863.57300", "2012-12-31": "843.87900", "2011-12-31": "796.82200", "2010-12-31": "701.13100", "2009-12-31": "691.34300", "2008-12-31": "763.67500", "2007-12-31": "730.39500", "2006-12-31": "637.81300", "2005-12-31": "626.58000"}, "Long-Term Investments": {"2019-12-31": "735.00000", "2018-12-31": "804.00000", "2017-12-31": "851.00000", "2016-12-31": "773.00000", "2015-12-31": "671.00000", "2014-12-31": "543.00000", "2013-12-31": "406.90000", "2012-12-31": "410.54200", "2011-12-31": "364.84000", "2010-12-31": "331.32200", "2009-12-31": "82.23200", "2008-12-31": "68.09100", "2007-12-31": "60.70600", "2006-12-31": "42.45700", "2005-12-31": "39.99200"}, "Goodwill And Intangible Assets": {"2019-12-31": "222.00000", "2018-12-31": "236.00000", "2017-12-31": "24.00000", "2016-12-31": "19.00000", "2015-12-31": "15.00000", "2014-12-31": "19.00000", "2013-12-31": "62.21500", "2012-12-31": "63.06100", "2011-12-31": "60.12400", "2010-12-31": "60.37400", "2009-12-31": "61.30400", "2008-12-31": "62.91300", "2007-12-31": "71.52300", "2006-12-31": "57.13200", "2005-12-31": "58.49200"}, "Other Long-Term Assets": {"2019-12-31": "101.00000", "2018-12-31": "80.00000", "2017-12-31": "81.00000", "2016-12-31": "109.00000", "2015-12-31": "50.00000", "2014-12-31": "33.00000", "2013-12-31": "51.02500", "2012-12-31": "44.60500", "2011-12-31": "41.99700", "2010-12-31": "65.73800", "2009-12-31": "76.95200", "2008-12-31": "64.82800", "2007-12-31": "47.54200", "2006-12-31": "27.46200", "2005-12-31": "44.04700"}, "Total Long-Term Assets": {"2019-12-31": "2935.00000", "2018-12-31": "2280.00000", "2017-12-31": "2033.00000", "2016-12-31": "1907.00000", "2015-12-31": "1767.00000", "2014-12-31": "1639.00000", "2013-12-31": "1564.09900", "2012-12-31": "1565.01800", "2011-12-31": "1374.68600", "2010-12-31": "1248.67400", "2009-12-31": "911.83110", "2008-12-31": "959.50700", "2007-12-31": "910.16600", "2006-12-31": "764.86400", "2005-12-31": "769.11100"}, "Total Assets": {"2019-12-31": "6285.00000", "2018-12-31": "5307.00000", "2017-12-31": "5161.00000", "2016-12-31": "4755.00000", "2015-12-31": "4431.00000", "2014-12-31": "3692.00000", "2013-12-31": "3418.04800", "2012-12-31": "3347.78100", "2011-12-31": "3006.72800", "2010-12-31": "2734.08600", "2009-12-31": "2337.13300", "2008-12-31": "2331.36100", "2007-12-31": "2093.69900", "2006-12-31": "1961.43300", "2005-12-31": "1816.32100"}, "Total Current Liabilities": {"2019-12-31": "1189.00000", "2018-12-31": "784.00000", "2017-12-31": "818.00000", "2016-12-31": "785.00000", "2015-12-31": "766.00000", "2014-12-31": "635.00000", "2013-12-31": "615.32700", "2012-12-31": "676.57500", "2011-12-31": "561.40900", "2010-12-31": "638.19500", "2009-12-31": "518.04000", "2008-12-31": "592.09100", "2007-12-31": "422.92800", "2006-12-31": "389.24200", "2005-12-31": "419.38900"}, "Long Term Debt": {"2019-12-31": "730.00000", "2018-12-31": "739.00000", "2017-12-31": "482.00000", "2016-12-31": "499.00000", "2015-12-31": "518.00000", "2014-12-31": "", "2013-12-31": "80.48000", "2012-12-31": "120.82500", "2011-12-31": "116.36700", "2010-12-31": "91.40700", "2009-12-31": "76.53200", "2008-12-31": "78.56000", "2007-12-31": "125.53200", "2006-12-31": "137.81700", "2005-12-31": "201.06300"}, "Other Non-Current Liabilities": {"2019-12-31": "198.00000", "2018-12-31": "192.00000", "2017-12-31": "213.00000", "2016-12-31": "98.00000", "2015-12-31": "92.00000", "2014-12-31": "90.00000", "2013-12-31": "88.01700", "2012-12-31": "80.42600", "2011-12-31": "76.51200", "2010-12-31": "71.72300", "2009-12-31": "73.43500", "2008-12-31": "45.00700", "2007-12-31": "33.84500", "2006-12-31": "27.82400", "2005-12-31": "28.08200"}, "Total Long Term Liabilities": {"2019-12-31": "1542.00000", "2018-12-31": "1194.00000", "2017-12-31": "935.00000", "2016-12-31": "795.00000", "2015-12-31": "783.00000", "2014-12-31": "322.00000", "2013-12-31": "322.75100", "2012-12-31": "363.01700", "2011-12-31": "365.85200", "2010-12-31": "317.64200", "2009-12-31": "273.67400", "2008-12-31": "275.69200", "2007-12-31": "316.54300", "2006-12-31": "368.88400", "2005-12-31": "419.06200"}, "Total Liabilities": {"2019-12-31": "2731.00000", "2018-12-31": "1978.00000", "2017-12-31": "1753.00000", "2016-12-31": "1580.00000", "2015-12-31": "1549.00000", "2014-12-31": "957.00000", "2013-12-31": "938.07800", "2012-12-31": "1039.59200", "2011-12-31": "927.26100", "2010-12-31": "955.83700", "2009-12-31": "791.71400", "2008-12-31": "867.78300", "2007-12-31": "739.47100", "2006-12-31": "758.12600", "2005-12-31": "838.45100"}, "Common Stock Net": {"2019-12-31": "1.00000", "2018-12-31": "1.00000", "2017-12-31": "1.00000", "2016-12-31": "1.00000", "2015-12-31": "1.00000", "2014-12-31": "1.00000", "2013-12-31": "1.18900", "2012-12-31": "1.19800", "2011-12-31": "1.21100", "2010-12-31": "1.21600", "2009-12-31": "1.23700", "2008-12-31": "1.24000", "2007-12-31": "1.24400", "2006-12-31": "1.26100", "2005-12-31": "1.26100"}, "Retained Earnings (Accumulated Deficit)": {"2019-12-31": "3983.00000", "2018-12-31": "3727.00000", "2017-12-31": "3750.00000", "2016-12-31": "3465.00000", "2015-12-31": "3153.00000", "2014-12-31": "2982.00000", "2013-12-31": "2655.85700", "2012-12-31": "2474.89600", "2011-12-31": "2233.77800", "2010-12-31": "1897.89700", "2009-12-31": "1655.22200", "2008-12-31": "1569.81800", "2007-12-31": "1431.63500", "2006-12-31": "1262.96500", "2005-12-31": "1008.06000"}, "Comprehensive Income": {"2019-12-31": "-440.00000", "2018-12-31": "-410.00000", "2017-12-31": "-354.00000", "2016-12-31": "-304.00000", "2015-12-31": "-278.00000", "2014-12-31": "-253.00000", "2013-12-31": "-181.79700", "2012-12-31": "-171.54400", "2011-12-31": "-156.06500", "2010-12-31": "-123.90700", "2009-12-31": "-114.78600", "2008-12-31": "-111.70300", "2007-12-31": "-78.65100", "2006-12-31": "-82.49300", "2005-12-31": "-53.02500"}, "Other Share Holders Equity": {"2019-12-31": "", "2018-12-31": "", "2017-12-31": "", "2016-12-31": "", "2015-12-31": "", "2014-12-31": "", "2013-12-31": "", "2012-12-31": "", "2011-12-31": "", "2010-12-31": "", "2009-12-31": "", "2008-12-31": "", "2007-12-31": "", "2006-12-31": "", "2005-12-31": ""}, "Share Holder Equity": {"2019-12-31": "3554.00000", "2018-12-31": "3329.00000", "2017-12-31": "3408.00000", "2016-12-31": "3175.00000", "2015-12-31": "2882.00000", "2014-12-31": "2735.00000", "2013-12-31": "2479.97000", "2012-12-31": "2308.18900", "2011-12-31": "2079.46700", "2010-12-31": "1778.24900", "2009-12-31": "1545.41900", "2008-12-31": "1463.57800", "2007-12-31": "1354.22800", "2006-12-31": "1203.30700", "2005-12-31": "977.87000"}, "Total Liabilities And Share Holders Equity": {"2019-12-31": "6285.00000", "2018-12-31": "5307.00000", "2017-12-31": "5161.00000", "2016-12-31": "4755.00000", "2015-12-31": "4431.00000", "2014-12-31": "3692.00000", "2013-12-31": "3418.04800", "2012-12-31": "3347.78100", "2011-12-31": "3006.72800", "2010-12-31": "2734.08600", "2009-12-31": "2337.13300", "2008-12-31": "2331.36100", "2007-12-31": "2093.69900", "2006-12-31": "1961.43300", "2005-12-31": "1816.32100"}}, "balance sheet, quarterly": {"Cash On Hand": {"2020-09-30": "1337.00000", "2020-06-30": "1257.00000", "2020-03-31": "1226.00000", "2019-12-31": "1559.00000", "2019-09-30": "1539.00000", "2019-06-30": "1550.00000", "2019-03-31": "1547.00000", "2018-12-31": "1530.00000", "2018-09-30": "1668.00000", "2018-06-30": "1343.00000", "2018-03-31": "1364.00000", "2017-12-31": "1692.00000", "2017-09-30": "1419.00000", "2017-06-30": "1461.00000", "2017-03-31": "1329.00000", "2016-12-31": "1354.00000", "2016-09-30": "1293.00000", "2016-06-30": "1294.00000", "2016-03-31": "1238.00000", "2015-12-31": "1304.00000", "2015-09-30": "738.65100", "2015-06-30": "706.63000", "2015-03-31": "645.53500", "2014-12-31": "527.00000", "2014-09-30": "418.99800", "2014-06-30": "398.78800", "2014-03-31": "431.09900", "2013-12-31": "345.70400", "2013-09-30": "276.74800", "2013-06-30": "397.51700", "2013-03-31": "394.08700", "2012-12-31": "361.03000", "2012-09-30": "431.71200", "2012-06-30": "488.16300", "2012-03-31": "412.88700", "2011-12-31": "394.76600", "2011-09-30": "351.14000", "2011-06-30": "384.74500", "2011-03-31": "334.67300", "2010-12-31": "373.32900", "2010-09-30": "593.55900", "2010-06-30": "600.27700", "2010-03-31": "500.49700", "2009-12-31": "469.20800", "2009-09-30": "424.61100", "2009-06-30": "445.07300", "2009-03-31": "330.25200", "2008-12-31": "373.27400", "2008-09-30": "300.60600", "2008-06-30": "314.85200", "2008-03-31": "333.73500", "2007-12-31": "334.00600", "2007-09-30": "370.60400", "2007-06-30": "495.81500", "2007-03-31": "492.00300", "2006-12-31": "510.22800", "2006-09-30": "438.66400", "2006-06-30": "405.30800", "2006-03-31": "371.06000", "2005-12-31": "412.49600", "2005-09-30": "297.27300", "2005-06-30": "285.12100", "2005-03-31": "220.97900"}, "Receivables": {"2020-09-30": "525.00000", "2020-06-30": "551.00000", "2020-03-31": "691.00000", "2019-12-31": "646.00000", "2019-09-30": "529.00000", "2019-06-30": "546.00000", "2019-03-31": "504.00000", "2018-12-31": "551.00000", "2018-09-30": "506.00000", "2018-06-30": "521.00000", "2018-03-31": "608.00000", "2017-12-31": "482.00000", "2017-09-30": "622.00000", "2017-06-30": "605.00000", "2017-03-31": "606.00000", "2016-12-31": "627.00000", "2016-09-30": "451.00000", "2016-06-30": "414.00000", "2016-03-31": "451.00000", "2015-12-31": "510.00000", "2015-09-30": "456.10000", "2015-06-30": "488.98600", "2015-03-31": "526.36500", "2014-12-31": "634.00000", "2014-09-30": "535.01300", "2014-06-30": "582.52000", "2014-03-31": "548.30600", "2013-12-31": "651.40400", "2013-09-30": "574.30100", "2013-06-30": "538.24900", "2013-03-31": "500.51700", "2012-12-31": "521.89200", "2012-09-30": "523.16900", "2012-06-30": "472.77400", "2012-03-31": "494.16700", "2011-12-31": "477.20900", "2011-09-30": "480.95700", "2011-06-30": "437.64200", "2011-03-31": "456.05200", "2010-12-31": "359.94400", "2010-09-30": "326.59400", "2010-06-30": "299.38600", "2010-03-31": "319.93600", "2009-12-31": "270.64700", "2009-09-30": "304.43800", "2009-06-30": "307.57600", "2009-03-31": "342.31300", "2008-12-31": "360.67700", "2008-09-30": "417.96800", "2008-06-30": "379.74700", "2008-03-31": "392.77200", "2007-12-31": "359.31300", "2007-09-30": "286.21700", "2007-06-30": "248.53500", "2007-03-31": "241.10500", "2006-12-31": "277.04800", "2006-09-30": "246.77300", "2006-06-30": "222.87800", "2006-03-31": "212.56000", "2005-12-31": "223.02400", "2005-09-30": "222.77500", "2005-06-30": "241.68400", "2005-03-31": "259.46200"}, "Inventory": {"2020-09-30": "1062.00000", "2020-06-30": "989.00000", "2020-03-31": "1122.00000", "2019-12-31": "1022.00000", "2019-09-30": "916.00000", "2019-06-30": "871.00000", "2019-03-31": "988.00000", "2018-12-31": "815.00000", "2018-09-30": "874.00000", "2018-06-30": "874.00000", "2018-03-31": "797.00000", "2017-12-31": "780.00000", "2017-09-30": "828.00000", "2017-06-30": "722.00000", "2017-03-31": "842.00000", "2016-12-31": "762.00000", "2016-09-30": "779.00000", "2016-06-30": "659.00000", "2016-03-31": "694.00000", "2015-12-31": "739.00000", "2015-09-30": "694.24900", "2015-06-30": "664.97000", "2015-03-31": "716.08400", "2014-12-31": "736.00000", "2014-09-30": "733.64000", "2014-06-30": "724.63600", "2014-03-31": "650.44000", "2013-12-31": "698.99800", "2013-09-30": "781.84800", "2013-06-30": "752.10100", "2013-03-31": "842.46400", "2012-12-31": "756.86400", "2012-09-30": "806.52000", "2012-06-30": "606.21400", "2012-03-31": "694.69400", "2011-12-31": "644.93000", "2011-09-30": "658.05100", "2011-06-30": "622.01300", "2011-03-31": "547.42000", "2010-12-31": "533.76100", "2010-09-30": "468.24800", "2010-06-30": "464.64800", "2010-03-31": "428.89200", "2009-12-31": "498.58700", "2009-09-30": "482.15200", "2009-06-30": "470.34200", "2009-03-31": "445.97700", "2008-12-31": "508.99500", "2008-09-30": "649.54300", "2008-06-30": "456.59200", "2008-03-31": "437.19500", "2007-12-31": "392.94600", "2007-09-30": "445.54300", "2007-06-30": "352.22100", "2007-03-31": "355.76100", "2006-12-31": "341.36600", "2006-09-30": "305.75100", "2006-06-30": "307.52500", "2006-03-31": "325.25600", "2005-12-31": "331.13300", "2005-09-30": "313.68800", "2005-06-30": "264.49100", "2005-03-31": "296.82600"}, "Pre-Paid Expenses": {"2020-09-30": "", "2020-06-30": "", "2020-03-31": "", "2019-12-31": "", "2019-09-30": "", "2019-06-30": "", "2019-03-31": "", "2018-12-31": "55.00000", "2018-09-30": "", "2018-06-30": "", "2018-03-31": "", "2017-12-31": "94.00000", "2017-09-30": "", "2017-06-30": "", "2017-03-31": "", "2016-12-31": "44.00000", "2016-09-30": "", "2016-06-30": "", "2016-03-31": "", "2015-12-31": "", "2015-09-30": "", "2015-06-30": "", "2015-03-31": "", "2014-12-31": "", "2014-09-30": "", "2014-06-30": "", "2014-03-31": "", "2013-12-31": "", "2013-09-30": "", "2013-06-30": "", "2013-03-31": "", "2012-12-31": "", "2012-09-30": "", "2012-06-30": "", "2012-03-31": "", "2011-12-31": "", "2011-09-30": "", "2011-06-30": "", "2011-03-31": "", "2010-12-31": "", "2010-09-30": "", "2010-06-30": "", "2010-03-31": "", "2009-12-31": "", "2009-09-30": "", "2009-06-30": "", "2009-03-31": "", "2008-12-31": "", "2008-09-30": "", "2008-06-30": "", "2008-03-31": "", "2007-12-31": "", "2007-09-30": "", "2007-06-30": "", "2007-03-31": "", "2006-12-31": "", "2006-09-30": "", "2006-06-30": "", "2006-03-31": "", "2005-12-31": "", "2005-09-30": "", "2005-06-30": "", "2005-03-31": ""}, "Other Current Assets": {"2020-09-30": "91.00000", "2020-06-30": "117.00000", "2020-03-31": "115.00000", "2019-12-31": "123.00000", "2019-09-30": "112.00000", "2019-06-30": "107.00000", "2019-03-31": "143.00000", "2018-12-31": "76.00000", "2018-09-30": "124.00000", "2018-06-30": "128.00000", "2018-03-31": "134.00000", "2017-12-31": "80.00000", "2017-09-30": "120.00000", "2017-06-30": "119.00000", "2017-03-31": "109.00000", "2016-12-31": "61.00000", "2016-09-30": "104.00000", "2016-06-30": "118.00000", "2016-03-31": "99.00000", "2015-12-31": "111.00000", "2015-09-30": "115.89400", "2015-06-30": "124.68400", "2015-03-31": "121.27000", "2014-12-31": "110.00000", "2014-09-30": "128.65100", "2014-06-30": "125.94700", "2014-03-31": "124.82300", "2013-12-31": "134.39400", "2013-09-30": "132.74200", "2013-06-30": "126.93700", "2013-03-31": "117.48100", "2012-12-31": "118.39100", "2012-09-30": "133.30100", "2012-06-30": "99.57600", "2012-03-31": "95.76100", "2011-12-31": "91.93400", "2011-09-30": "114.69300", "2011-06-30": "115.84000", "2011-03-31": "142.92700", "2010-12-31": "115.84400", "2010-09-30": "130.94100", "2010-06-30": "106.39400", "2010-03-31": "107.14400", "2009-12-31": "80.58200", "2009-09-30": "172.92800", "2009-06-30": "166.76100", "2009-03-31": "121.60000", "2008-12-31": "94.16700", "2008-09-30": "124.82300", "2008-06-30": "104.39700", "2008-03-31": "87.04600", "2007-12-31": "77.71000", "2007-09-30": "76.02300", "2007-06-30": "71.74000", "2007-03-31": "60.42400", "2006-12-31": "55.03300", "2006-09-30": "62.69700", "2006-06-30": "56.81600", "2006-03-31": "94.79800", "2005-12-31": "70.81400", "2005-09-30": "48.88400", "2005-06-30": "46.50600", "2005-03-31": "46.97100"}, "Total Current Assets": {"2020-09-30": "3015.00000", "2020-06-30": "2914.00000", "2020-03-31": "3154.00000", "2019-12-31": "3350.00000", "2019-09-30": "3096.00000", "2019-06-30": "3074.00000", "2019-03-31": "3182.00000", "2018-12-31": "3027.00000", "2018-09-30": "3172.00000", "2018-06-30": "2866.00000", "2018-03-31": "2903.00000", "2017-12-31": "3128.00000", "2017-09-30": "2989.00000", "2017-06-30": "2907.00000", "2017-03-31": "2886.00000", "2016-12-31": "2848.00000", "2016-09-30": "2627.00000", "2016-06-30": "2485.00000", "2016-03-31": "2482.00000", "2015-12-31": "2664.00000", "2015-09-30": "2060.93600", "2015-06-30": "2031.70500", "2015-03-31": "2054.50100", "2014-12-31": "2053.00000", "2014-09-30": "1843.94400", "2014-06-30": "1857.06100", "2014-03-31": "1778.41800", "2013-12-31": "1853.94900", "2013-09-30": "1788.39200", "2013-06-30": "1837.02200", "2013-03-31": "1879.13500", "2012-12-31": "1782.76300", "2012-09-30": "1917.75900", "2012-06-30": "1690.07100", "2012-03-31": "1720.58700", "2011-12-31": "1632.04200", "2011-09-30": "1627.23900", "2011-06-30": "1580.58100", "2011-03-31": "1499.56900", "2010-12-31": "1485.41200", "2010-09-30": "1620.22700", "2010-06-30": "1557.84300", "2010-03-31": "1480.70700", "2009-12-31": "1425.30200", "2009-09-30": "1399.74300", "2009-06-30": "1403.56000", "2009-03-31": "1254.26600", "2008-12-31": "1371.85400", "2008-09-30": "1514.28500", "2008-06-30": "1275.59500", "2008-03-31": "1270.66800", "2007-12-31": "1183.53300", "2007-09-30": "1190.57100", "2007-06-30": "1180.44500", "2007-03-31": "1161.28800", "2006-12-31": "1196.56900", "2006-09-30": "1065.76900", "2006-06-30": "1004.04000", "2006-03-31": "1015.05100", "2005-12-31": "1047.21000", "2005-09-30": "898.75700", "2005-06-30": "853.18400", "2005-03-31": "839.77800"}, "Property, Plant, And Equipment": {"2020-09-30": "1514.00000", "2020-06-30": "1479.00000", "2020-03-31": "1463.00000", "2019-12-31": "1431.00000", "2019-09-30": "1358.00000", "2019-06-30": "1288.00000", "2019-03-31": "1232.00000", "2018-12-31": "1160.00000", "2018-09-30": "1098.00000", "2018-06-30": "1104.00000", "2018-03-31": "1126.00000", "2017-12-31": "1077.00000", "2017-09-30": "1064.00000", "2017-06-30": "1034.00000", "2017-03-31": "1024.00000", "2016-12-31": "1006.00000", "2016-09-30": "978.00000", "2016-06-30": "930.00000", "2016-03-31": "907.00000", "2015-12-31": "831.00000", "2015-09-30": "842.11300", "2015-06-30": "839.66100", "2015-03-31": "849.18500", "2014-12-31": "847.00000", "2014-09-30": "846.17800", "2014-06-30": "862.67300", "2014-03-31": "858.01000", "2013-12-31": "863.57300", "2013-09-30": "857.84800", "2013-06-30": "866.31500", "2013-03-31": "848.87900", "2012-12-31": "843.87900", "2012-09-30": "828.13700", "2012-06-30": "812.50100", "2012-03-31": "801.60000", "2011-12-31": "796.82200", "2011-09-30": "777.56800", "2011-06-30": "733.39900", "2011-03-31": "718.54600", "2010-12-31": "701.13100", "2010-09-30": "701.90000", "2010-06-30": "680.11200", "2010-03-31": "682.48100", "2009-12-31": "691.34300", "2009-09-30": "718.97200", "2009-06-30": "734.13100", "2009-03-31": "750.59200", "2008-12-31": "763.67500", "2008-09-30": "765.63200", "2008-06-30": "762.64900", "2008-03-31": "755.09300", "2007-12-31": "730.39500", "2007-09-30": "707.51000", "2007-06-30": "686.11900", "2007-03-31": "657.01400", "2006-12-31": "637.81300", "2006-09-30": "623.20700", "2006-06-30": "622.89900", "2006-03-31": "624.39400", "2005-12-31": "626.58000", "2005-09-30": "625.68400", "2005-06-30": "605.13200", "2005-03-31": "602.10000"}, "Long-Term Investments": {"2020-09-30": "698.00000", "2020-06-30": "706.00000", "2020-03-31": "731.00000", "2019-12-31": "735.00000", "2019-09-30": "734.00000", "2019-06-30": "783.00000", "2019-03-31": "789.00000", "2018-12-31": "804.00000", "2018-09-30": "823.00000", "2018-06-30": "849.00000", "2018-03-31": "866.00000", "2017-12-31": "851.00000", "2017-09-30": "846.00000", "2017-06-30": "824.00000", "2017-03-31": "786.00000", "2016-12-31": "773.00000", "2016-09-30": "756.00000", "2016-06-30": "742.00000", "2016-03-31": "722.00000", "2015-12-31": "671.00000", "2015-09-30": "635.94900", "2015-06-30": "605.01400", "2015-03-31": "539.00400", "2014-12-31": "543.00000", "2014-09-30": "522.07100", "2014-06-30": "417.65200", "2014-03-31": "408.64300", "2013-12-31": "406.90000", "2013-09-30": "396.55900", "2013-06-30": "403.96900", "2013-03-31": "404.32200", "2012-12-31": "410.54200", "2012-09-30": "388.00300", "2012-06-30": "384.07100", "2012-03-31": "371.12900", "2011-12-31": "364.84000", "2011-09-30": "353.16700", "2011-06-30": "348.64600", "2011-03-31": "341.02000", "2010-12-31": "331.32200", "2010-09-30": "117.49400", "2010-06-30": "102.24400", "2010-03-31": "95.93100", "2009-12-31": "82.23200", "2009-09-30": "79.99400", "2009-06-30": "72.94600", "2009-03-31": "69.20200", "2008-12-31": "68.09100", "2008-09-30": "71.85100", "2008-06-30": "68.15000", "2008-03-31": "65.25600", "2007-12-31": "60.70600", "2007-09-30": "52.66500", "2007-06-30": "43.87200", "2007-03-31": "41.82900", "2006-12-31": "42.45700", "2006-09-30": "41.25600", "2006-06-30": "41.43800", "2006-03-31": "41.03500", "2005-12-31": "39.99200", "2005-09-30": "37.03500", "2005-06-30": "36.00400", "2005-03-31": "37.55100"}, "Goodwill And Intangible Assets": {"2020-09-30": "164.00000", "2020-06-30": "163.00000", "2020-03-31": "164.00000", "2019-12-31": "164.00000", "2019-09-30": "165.00000", "2019-06-30": "165.00000", "2019-03-31": "166.00000", "2018-12-31": "236.00000", "2018-09-30": "", "2018-06-30": "", "2018-03-31": "", "2017-12-31": "24.00000", "2017-09-30": "", "2017-06-30": "", "2017-03-31": "", "2016-12-31": "19.00000", "2016-09-30": "", "2016-06-30": "", "2016-03-31": "", "2015-12-31": "15.00000", "2015-09-30": "", "2015-06-30": "", "2015-03-31": "", "2014-12-31": "19.00000", "2014-09-30": "18.90600", "2014-06-30": "62.09000", "2014-03-31": "62.15300", "2013-12-31": "62.21500", "2013-09-30": "62.29200", "2013-06-30": "62.43700", "2013-03-31": "62.58200", "2012-12-31": "63.06100", "2012-09-30": "62.90000", "2012-06-30": "63.04400", "2012-03-31": "63.19000", "2011-12-31": "60.12400", "2011-09-30": "60.18700", "2011-06-30": "60.24900", "2011-03-31": "60.31200", "2010-12-31": "60.37400", "2010-09-30": "60.55500", "2010-06-30": "60.49900", "2010-03-31": "60.90100", "2009-12-31": "61.30400", "2009-09-30": "61.70600", "2009-06-30": "62.10900", "2009-03-31": "62.51100", "2008-12-31": "62.91300", "2008-09-30": "70.31600", "2008-06-30": "70.71800", "2008-03-31": "71.12100", "2007-12-31": "71.52300", "2007-09-30": "71.27500", "2007-06-30": "71.70000", "2007-03-31": "56.79200", "2006-12-31": "57.13200", "2006-09-30": "57.47200", "2006-06-30": "57.81200", "2006-03-31": "58.15200", "2005-12-31": "58.49200", "2005-09-30": "58.72100", "2005-06-30": "", "2005-03-31": ""}, "Other Long-Term Assets": {"2020-09-30": "181.00000", "2020-06-30": "182.00000", "2020-03-31": "187.00000", "2019-12-31": "159.00000", "2019-09-30": "150.00000", "2019-06-30": "138.00000", "2019-03-31": "143.00000", "2018-12-31": "80.00000", "2018-09-30": "342.00000", "2018-06-30": "357.00000", "2018-03-31": "360.00000", "2017-12-31": "81.00000", "2017-09-30": "77.00000", "2017-06-30": "78.00000", "2017-03-31": "93.00000", "2016-12-31": "109.00000", "2016-09-30": "90.00000", "2016-06-30": "73.00000", "2016-03-31": "72.00000", "2015-12-31": "50.00000", "2015-09-30": "69.14800", "2015-06-30": "70.18800", "2015-03-31": "70.41900", "2014-12-31": "33.00000", "2014-09-30": "44.72600", "2014-06-30": "46.55100", "2014-03-31": "47.85500", "2013-12-31": "51.02500", "2013-09-30": "49.79300", "2013-06-30": "47.92500", "2013-03-31": "48.60500", "2012-12-31": "44.60500", "2012-09-30": "43.60400", "2012-06-30": "44.38400", "2012-03-31": "42.48200", "2011-12-31": "41.99700", "2011-09-30": "41.66200", "2011-06-30": "64.49300", "2011-03-31": "67.70100", "2010-12-31": "65.73800", "2010-09-30": "59.67600", "2010-06-30": "63.89200", "2010-03-31": "59.34500", "2009-12-31": "76.95200", "2009-09-30": "51.65700", "2009-06-30": "48.28200", "2009-03-31": "66.12700", "2008-12-31": "64.82800", "2008-09-30": "59.48400", "2008-06-30": "53.14400", "2008-03-31": "51.23900", "2007-12-31": "47.54200", "2007-09-30": "36.67500", "2007-06-30": "36.36900", "2007-03-31": "29.84400", "2006-12-31": "27.46200", "2006-09-30": "50.77600", "2006-06-30": "49.39400", "2006-03-31": "47.74900", "2005-12-31": "44.04700", "2005-09-30": "38.71100", "2005-06-30": "42.96800", "2005-03-31": "45.74100"}, "Total Long-Term Assets": {"2020-09-30": "2961.00000", "2020-06-30": "2959.00000", "2020-03-31": "3001.00000", "2019-12-31": "2935.00000", "2019-09-30": "2850.00000", "2019-06-30": "2827.00000", "2019-03-31": "2794.00000", "2018-12-31": "2280.00000", "2018-09-30": "2263.00000", "2018-06-30": "2310.00000", "2018-03-31": "2352.00000", "2017-12-31": "2033.00000", "2017-09-30": "2004.00000", "2017-06-30": "1955.00000", "2017-03-31": "1922.00000", "2016-12-31": "1907.00000", "2016-09-30": "2016.00000", "2016-06-30": "1942.00000", "2016-03-31": "1914.00000", "2015-12-31": "1767.00000", "2015-09-30": "1743.29700", "2015-06-30": "1706.64100", "2015-03-31": "1660.16300", "2014-12-31": "1639.00000", "2014-09-30": "1626.12500", "2014-06-30": "1578.82200", "2014-03-31": "1561.39600", "2013-12-31": "1564.09900", "2013-09-30": "1541.49300", "2013-06-30": "1508.73600", "2013-03-31": "1489.19900", "2012-12-31": "1565.01800", "2012-09-30": "1441.15400", "2012-06-30": "1420.09600", "2012-03-31": "1391.55700", "2011-12-31": "1374.68600", "2011-09-30": "1343.32000", "2011-06-30": "1302.03800", "2011-03-31": "1280.21000", "2010-12-31": "1248.67400", "2010-09-30": "939.62510", "2010-06-30": "906.74710", "2010-03-31": "898.65800", "2009-12-31": "911.83110", "2009-09-30": "912.32900", "2009-06-30": "917.46800", "2009-03-31": "948.43200", "2008-12-31": "959.50700", "2008-09-30": "967.28300", "2008-06-30": "954.66100", "2008-03-31": "942.70900", "2007-12-31": "910.16600", "2007-09-30": "868.12500", "2007-06-30": "838.06010", "2007-03-31": "785.47890", "2006-12-31": "764.86400", "2006-09-30": "772.71090", "2006-06-30": "771.54300", "2006-03-31": "771.33000", "2005-12-31": "769.11100", "2005-09-30": "760.15100", "2005-06-30": "684.10410", "2005-03-31": "685.39200"}, "Total Assets": {"2020-09-30": "5976.00000", "2020-06-30": "5873.00000", "2020-03-31": "6155.00000", "2019-12-31": "6285.00000", "2019-09-30": "5946.00000", "2019-06-30": "5901.00000", "2019-03-31": "5976.00000", "2018-12-31": "5307.00000", "2018-09-30": "5435.00000", "2018-06-30": "5176.00000", "2018-03-31": "5255.00000", "2017-12-31": "5161.00000", "2017-09-30": "4993.00000", "2017-06-30": "4862.00000", "2017-03-31": "4808.00000", "2016-12-31": "4755.00000", "2016-09-30": "4643.00000", "2016-06-30": "4427.00000", "2016-03-31": "4396.00000", "2015-12-31": "4431.00000", "2015-09-30": "3804.23300", "2015-06-30": "3738.34600", "2015-03-31": "3714.66400", "2014-12-31": "3692.00000", "2014-09-30": "3470.06900", "2014-06-30": "3435.88300", "2014-03-31": "3339.81400", "2013-12-31": "3418.04800", "2013-09-30": "3329.88500", "2013-06-30": "3345.75800", "2013-03-31": "3368.33400", "2012-12-31": "3347.78100", "2012-09-30": "3358.91300", "2012-06-30": "3110.16700", "2012-03-31": "3112.14400", "2011-12-31": "3006.72800", "2011-09-30": "2970.55900", "2011-06-30": "2882.61900", "2011-03-31": "2779.77900", "2010-12-31": "2734.08600", "2010-09-30": "2559.85200", "2010-06-30": "2464.59000", "2010-03-31": "2379.36500", "2009-12-31": "2337.13300", "2009-09-30": "2312.07200", "2009-06-30": "2321.02800", "2009-03-31": "2202.69800", "2008-12-31": "2331.36100", "2008-09-30": "2481.56800", "2008-06-30": "2230.25600", "2008-03-31": "2213.37700", "2007-12-31": "2093.69900", "2007-09-30": "2058.69600", "2007-06-30": "2018.50500", "2007-03-31": "1946.76700", "2006-12-31": "1961.43300", "2006-09-30": "1838.48000", "2006-06-30": "1775.58300", "2006-03-31": "1786.38100", "2005-12-31": "1816.32100", "2005-09-30": "1658.90800", "2005-06-30": "1537.28800", "2005-03-31": "1525.17000"}, "Total Current Liabilities": {"2020-09-30": "1010.00000", "2020-06-30": "1022.00000", "2020-03-31": "1274.00000", "2019-12-31": "1189.00000", "2019-09-30": "959.00000", "2019-06-30": "905.00000", "2019-03-31": "1036.00000", "2018-12-31": "784.00000", "2018-09-30": "769.00000", "2018-06-30": "742.00000", "2018-03-31": "787.00000", "2017-12-31": "818.00000", "2017-09-30": "775.00000", "2017-06-30": "741.00000", "2017-03-31": "754.00000", "2016-12-31": "785.00000", "2016-09-30": "793.00000", "2016-06-30": "652.00000", "2016-03-31": "719.00000", "2015-12-31": "766.00000", "2015-09-30": "713.52600", "2015-06-30": "640.31000", "2015-03-31": "650.69400", "2014-12-31": "635.00000", "2014-09-30": "568.22200", "2014-06-30": "641.64600", "2014-03-31": "522.41300", "2013-12-31": "615.32700", "2013-09-30": "586.28300", "2013-06-30": "625.44900", "2013-03-31": "657.96000", "2012-12-31": "676.57500", "2012-09-30": "706.25600", "2012-06-30": "532.99900", "2012-03-31": "577.60100", "2011-12-31": "561.40900", "2011-09-30": "598.01100", "2011-06-30": "549.40500", "2011-03-31": "555.18800", "2010-12-31": "638.19500", "2010-09-30": "595.75700", "2010-06-30": "529.87900", "2010-03-31": "519.58900", "2009-12-31": "518.04000", "2009-09-30": "509.70900", "2009-06-30": "546.01900", "2009-03-31": "448.22400", "2008-12-31": "592.09100", "2008-09-30": "741.45900", "2008-06-30": "474.99300", "2008-03-31": "476.23600", "2007-12-31": "422.92800", "2007-09-30": "416.39100", "2007-06-30": "392.16400", "2007-03-31": "360.82100", "2006-12-31": "389.24200", "2006-09-30": "327.58500", "2006-06-30": "296.16800", "2006-03-31": "342.44600", "2005-12-31": "419.38900", "2005-09-30": "321.86100", "2005-06-30": "305.45900", "2005-03-31": "329.47300"}, "Long Term Debt": {"2020-09-30": "683.00000", "2020-06-30": "687.00000", "2020-03-31": "686.00000", "2019-12-31": "730.00000", "2019-09-30": "733.00000", "2019-06-30": "734.00000", "2019-03-31": "735.00000", "2018-12-31": "739.00000", "2018-09-30": "741.00000", "2018-06-30": "508.00000", "2018-03-31": "522.00000", "2017-12-31": "482.00000", "2017-09-30": "490.00000", "2017-06-30": "495.00000", "2017-03-31": "499.00000", "2016-12-31": "499.00000", "2016-09-30": "503.00000", "2016-06-30": "507.00000", "2016-03-31": "506.00000", "2015-12-31": "518.00000", "2015-09-30": "", "2015-06-30": "", "2015-03-31": "", "2014-12-31": "", "2014-09-30": "", "2014-06-30": "0.62800", "2014-03-31": "80.48400", "2013-12-31": "80.48000", "2013-09-30": "104.17200", "2013-06-30": "104.17200", "2013-03-31": "109.89800", "2012-12-31": "120.82500", "2012-09-30": "139.67200", "2012-06-30": "139.81400", "2012-03-31": "121.16500", "2011-12-31": "116.36700", "2011-09-30": "118.37800", "2011-06-30": "105.61400", "2011-03-31": "106.64000", "2010-12-31": "91.40700", "2010-09-30": "75.16200", "2010-06-30": "76.33700", "2010-03-31": "76.43600", "2009-12-31": "76.53200", "2009-09-30": "76.62300", "2009-06-30": "77.78200", "2009-03-31": "77.86700", "2008-12-31": "78.56000", "2008-09-30": "79.00100", "2008-06-30": "124.72800", "2008-03-31": "125.40000", "2007-12-31": "125.53200", "2007-09-30": "125.60000", "2007-06-30": "134.19200", "2007-03-31": "136.01600", "2006-12-31": "137.81700", "2006-09-30": "139.20000", "2006-06-30": "171.95900", "2006-03-31": "198.69300", "2005-12-31": "201.06300", "2005-09-30": "223.96300", "2005-06-30": "232.20500", "2005-03-31": "259.57000"}, "Other Non-Current Liabilities": {"2020-09-30": "383.00000", "2020-06-30": "391.00000", "2020-03-31": "366.00000", "2019-12-31": "357.00000", "2019-09-30": "335.00000", "2019-06-30": "309.00000", "2019-03-31": "293.00000", "2018-12-31": "192.00000", "2018-09-30": "356.00000", "2018-06-30": "362.00000", "2018-03-31": "363.00000", "2017-12-31": "213.00000", "2017-09-30": "210.00000", "2017-06-30": "212.00000", "2017-03-31": "209.00000", "2016-12-31": "98.00000", "2016-09-30": "203.00000", "2016-06-30": "227.00000", "2016-03-31": "228.00000", "2015-12-31": "92.00000", "2015-09-30": "234.49200", "2015-06-30": "234.10800", "2015-03-31": "227.26200", "2014-12-31": "90.00000", "2014-09-30": "177.99200", "2014-06-30": "173.47300", "2014-03-31": "170.84500", "2013-12-31": "88.01700", "2013-09-30": "204.63600", "2013-06-30": "206.34000", "2013-03-31": "209.42100", "2012-12-31": "80.42600", "2012-09-30": "192.25600", "2012-06-30": "187.62200", "2012-03-31": "184.90400", "2011-12-31": "76.51200", "2011-09-30": "158.35800", "2011-06-30": "157.38800", "2011-03-31": "154.60400", "2010-12-31": "71.72300", "2010-09-30": "134.05500", "2010-06-30": "130.11100", "2010-03-31": "126.27800", "2009-12-31": "73.43500", "2009-09-30": "130.13800", "2009-06-30": "140.17500", "2009-03-31": "135.52700", "2008-12-31": "45.00700", "2008-09-30": "91.45300", "2008-06-30": "88.50400", "2008-03-31": "86.12300", "2007-12-31": "33.84500", "2007-09-30": "76.87800", "2007-06-30": "74.74300", "2007-03-31": "74.90800", "2006-12-31": "27.82400", "2006-09-30": "52.99800", "2006-06-30": "52.84300", "2006-03-31": "58.86900", "2005-12-31": "28.08200", "2005-09-30": "55.27200", "2005-06-30": "47.69800", "2005-03-31": "46.52500"}, "Total Long Term Liabilities": {"2020-09-30": "1421.00000", "2020-06-30": "1461.00000", "2020-03-31": "1444.00000", "2019-12-31": "1542.00000", "2019-09-30": "1577.00000", "2019-06-30": "1577.00000", "2019-03-31": "1570.00000", "2018-12-31": "1194.00000", "2018-09-30": "1240.00000", "2018-06-30": "1016.00000", "2018-03-31": "1035.00000", "2017-12-31": "935.00000", "2017-09-30": "822.00000", "2017-06-30": "803.00000", "2017-03-31": "797.00000", "2016-12-31": "795.00000", "2016-09-30": "772.00000", "2016-06-30": "767.00000", "2016-03-31": "764.00000", "2015-12-31": "783.00000", "2015-09-30": "306.41200", "2015-06-30": "310.13700", "2015-03-31": "314.26900", "2014-12-31": "322.00000", "2014-09-30": "259.26800", "2014-06-30": "252.99400", "2014-03-31": "318.95800", "2013-12-31": "322.75100", "2013-09-30": "347.05200", "2013-06-30": "338.81200", "2013-03-31": "349.31100", "2012-12-31": "363.01700", "2012-09-30": "381.41300", "2012-06-30": "375.02900", "2012-03-31": "370.78600", "2011-12-31": "365.85200", "2011-09-30": "336.13100", "2011-06-30": "324.67900", "2011-03-31": "329.84900", "2010-12-31": "317.64200", "2010-09-30": "275.12800", "2010-06-30": "270.35600", "2010-03-31": "261.88500", "2009-12-31": "273.67400", "2009-09-30": "272.54600", "2009-06-30": "282.31600", "2009-03-31": "282.14800", "2008-12-31": "275.69200", "2008-09-30": "264.31400", "2008-06-30": "311.42300", "2008-03-31": "313.39900", "2007-12-31": "316.54300", "2007-09-30": "313.16900", "2007-06-30": "330.49100", "2007-03-31": "331.58400", "2006-12-31": "368.88400", "2006-09-30": "355.24800", "2006-06-30": "383.56800", "2006-03-31": "417.03800", "2005-12-31": "419.06200", "2005-09-30": "453.46600", "2005-06-30": "407.23300", "2005-03-31": "433.27700"}, "Total Liabilities": {"2020-09-30": "2431.00000", "2020-06-30": "2483.00000", "2020-03-31": "2718.00000", "2019-12-31": "2731.00000", "2019-09-30": "2536.00000", "2019-06-30": "2482.00000", "2019-03-31": "2606.00000", "2018-12-31": "1978.00000", "2018-09-30": "2009.00000", "2018-06-30": "1758.00000", "2018-03-31": "1822.00000", "2017-12-31": "1753.00000", "2017-09-30": "1597.00000", "2017-06-30": "1544.00000", "2017-03-31": "1551.00000", "2016-12-31": "1580.00000", "2016-09-30": "1565.00000", "2016-06-30": "1419.00000", "2016-03-31": "1483.00000", "2015-12-31": "1549.00000", "2015-09-30": "1019.93800", "2015-06-30": "950.44700", "2015-03-31": "964.96300", "2014-12-31": "957.00000", "2014-09-30": "827.49000", "2014-06-30": "894.64000", "2014-03-31": "841.37100", "2013-12-31": "938.07800", "2013-09-30": "933.33500", "2013-06-30": "964.26100", "2013-03-31": "1007.27100", "2012-12-31": "1039.59200", "2012-09-30": "1087.66900", "2012-06-30": "908.02800", "2012-03-31": "948.38700", "2011-12-31": "927.26100", "2011-09-30": "934.14200", "2011-06-30": "874.08400", "2011-03-31": "885.03700", "2010-12-31": "955.83700", "2010-09-30": "870.88500", "2010-06-30": "800.23500", "2010-03-31": "781.47400", "2009-12-31": "791.71400", "2009-09-30": "782.25500", "2009-06-30": "828.33500", "2009-03-31": "730.37200", "2008-12-31": "867.78300", "2008-09-30": "1005.77300", "2008-06-30": "786.41600", "2008-03-31": "789.63500", "2007-12-31": "739.47100", "2007-09-30": "729.56000", "2007-06-30": "722.65500", "2007-03-31": "692.40500", "2006-12-31": "758.12600", "2006-09-30": "682.83300", "2006-06-30": "679.73600", "2006-03-31": "759.48400", "2005-12-31": "838.45100", "2005-09-30": "775.32700", "2005-06-30": "712.69200", "2005-03-31": "762.75000"}, "Common Stock Net": {"2020-09-30": "1.00000", "2020-06-30": "1.00000", "2020-03-31": "1.00000", "2019-12-31": "1.00000", "2019-09-30": "1.00000", "2019-06-30": "1.00000", "2019-03-31": "1.00000", "2018-12-31": "1.00000", "2018-09-30": "1.00000", "2018-06-30": "1.00000", "2018-03-31": "1.00000", "2017-12-31": "1.00000", "2017-09-30": "1.00000", "2017-06-30": "1.00000", "2017-03-31": "1.00000", "2016-12-31": "1.00000", "2016-09-30": "1.00000", "2016-06-30": "1.00000", "2016-03-31": "1.00000", "2015-12-31": "1.00000", "2015-09-30": "1.17100", "2015-06-30": "1.17100", "2015-03-31": "1.17100", "2014-12-31": "1.00000", "2014-09-30": "1.17100", "2014-06-30": "1.17100", "2014-03-31": "1.18700", "2013-12-31": "1.18900", "2013-09-30": "1.19100", "2013-06-30": "1.19300", "2013-03-31": "1.19800", "2012-12-31": "1.19800", "2012-09-30": "1.20100", "2012-06-30": "1.20200", "2012-03-31": "1.20700", "2011-12-31": "1.21100", "2011-09-30": "1.21500", "2011-06-30": "1.21600", "2011-03-31": "1.21600", "2010-12-31": "1.21600", "2010-09-30": "1.21600", "2010-06-30": "1.22500", "2010-03-31": "1.23700", "2009-12-31": "1.23700", "2009-09-30": "1.23700", "2009-06-30": "1.23700", "2009-03-31": "1.23700", "2008-12-31": "1.24000", "2008-09-30": "1.24200", "2008-06-30": "1.24400", "2008-03-31": "1.24400", "2007-12-31": "1.24400", "2007-09-30": "1.25300", "2007-06-30": "1.26100", "2007-03-31": "1.26100", "2006-12-31": "1.26100", "2006-09-30": "1.26100", "2006-06-30": "1.26100", "2006-03-31": "1.26100", "2005-12-31": "1.26100", "2005-09-30": "1.25500", "2005-06-30": "1.25500", "2005-03-31": "1.25500"}, "Retained Earnings (Accumulated Deficit)": {"2020-09-30": "3978.00000", "2020-06-30": "3833.00000", "2020-03-31": "3861.00000", "2019-12-31": "3983.00000", "2019-09-30": "3811.00000", "2019-06-30": "3823.00000", "2019-03-31": "3768.00000", "2018-12-31": "3727.00000", "2018-09-30": "3825.00000", "2018-06-30": "3792.00000", "2018-03-31": "3787.00000", "2017-12-31": "3750.00000", "2017-09-30": "3683.00000", "2017-06-30": "3604.00000", "2017-03-31": "3548.00000", "2016-12-31": "3465.00000", "2016-09-30": "3363.00000", "2016-06-30": "3287.00000", "2016-03-31": "3207.00000", "2015-12-31": "3153.00000", "2015-09-30": "3049.38200", "2015-06-30": "3046.35500", "2015-03-31": "3000.71400", "2014-12-31": "2982.00000", "2014-09-30": "2848.68600", "2014-06-30": "2743.93700", "2014-03-31": "2699.62100", "2013-12-31": "2655.85700", "2013-09-30": "2585.52300", "2013-06-30": "2558.20900", "2013-03-31": "2531.98300", "2012-12-31": "2474.89600", "2012-09-30": "2422.32200", "2012-06-30": "2350.14300", "2012-03-31": "2309.65400", "2011-12-31": "2233.77800", "2011-09-30": "2163.65000", "2011-06-30": "2128.24700", "2011-03-31": "2014.76100", "2010-12-31": "1897.89700", "2010-09-30": "1802.74600", "2010-06-30": "1777.13900", "2010-03-31": "1709.93300", "2009-12-31": "1655.22200", "2009-09-30": "1643.27500", "2009-06-30": "1607.48800", "2009-03-31": "1581.92800", "2008-12-31": "1569.81800", "2008-09-30": "1548.74700", "2008-06-30": "1520.22300", "2008-03-31": "1500.19300", "2007-12-31": "1431.63500", "2007-09-30": "1404.71700", "2007-06-30": "1353.08500", "2007-03-31": "1311.37400", "2006-12-31": "1262.96500", "2006-09-30": "1187.14100", "2006-06-30": "1126.89800", "2006-03-31": "1058.65400", "2005-12-31": "1008.06000", "2005-09-30": "926.19500", "2005-06-30": "874.54600", "2005-03-31": "812.90400"}, "Comprehensive Income": {"2020-09-30": "-444.00000", "2020-06-30": "-454.00000", "2020-03-31": "-435.00000", "2019-12-31": "-440.00000", "2019-09-30": "-412.00000", "2019-06-30": "-415.00000", "2019-03-31": "-409.00000", "2018-12-31": "-410.00000", "2018-09-30": "-414.00000", "2018-06-30": "-390.00000", "2018-03-31": "-370.00000", "2017-12-31": "-354.00000", "2017-09-30": "-301.00000", "2017-06-30": "-300.00000", "2017-03-31": "-304.00000", "2016-12-31": "-304.00000", "2016-09-30": "-298.00000", "2016-06-30": "-292.00000", "2016-03-31": "-303.00000", "2015-12-31": "-278.00000", "2015-09-30": "-270.93500", "2015-06-30": "-264.53000", "2015-03-31": "-256.63600", "2014-12-31": "-253.00000", "2014-09-30": "-212.36800", "2014-06-30": "-209.61200", "2014-03-31": "-207.36500", "2013-12-31": "-181.79700", "2013-09-30": "-194.98400", "2013-06-30": "-182.33600", "2013-03-31": "-176.04500", "2012-12-31": "-171.54400", "2012-09-30": "-158.09000", "2012-06-30": "-154.80600", "2012-03-31": "-153.13500", "2011-12-31": "-156.06500", "2011-09-30": "-129.45200", "2011-06-30": "-123.62400", "2011-03-31": "-124.06000", "2010-12-31": "-123.90700", "2010-09-30": "-117.88800", "2010-06-30": "-117.04400", "2010-03-31": "-116.56500", "2009-12-31": "-114.78600", "2009-09-30": "-118.76100", "2009-06-30": "-120.61700", "2009-03-31": "-115.81200", "2008-12-31": "-111.70300", "2008-09-30": "-74.19400", "2008-06-30": "-77.62700", "2008-03-31": "-77.69500", "2007-12-31": "-78.65100", "2007-09-30": "-80.57600", "2007-06-30": "-80.07000", "2007-03-31": "-79.84700", "2006-12-31": "-82.49300", "2006-09-30": "-54.32900", "2006-06-30": "-53.88600", "2006-03-31": "-54.59200", "2005-12-31": "-53.02500", "2005-09-30": "-52.18600", "2005-06-30": "-51.20500", "2005-03-31": "-51.73900"}, "Other Share Holders Equity": {"2020-09-30": "", "2020-06-30": "", "2020-03-31": "", "2019-12-31": "", "2019-09-30": "", "2019-06-30": "", "2019-03-31": "", "2018-12-31": "", "2018-09-30": "", "2018-06-30": "", "2018-03-31": "", "2017-12-31": "", "2017-09-30": "", "2017-06-30": "", "2017-03-31": "", "2016-12-31": "", "2016-09-30": "", "2016-06-30": "", "2016-03-31": "", "2015-12-31": "", "2015-09-30": "", "2015-06-30": "", "2015-03-31": "", "2014-12-31": "", "2014-09-30": "", "2014-06-30": "", "2014-03-31": "", "2013-12-31": "", "2013-09-30": "", "2013-06-30": "", "2013-03-31": "", "2012-12-31": "", "2012-09-30": "", "2012-06-30": "", "2012-03-31": "", "2011-12-31": "", "2011-09-30": "", "2011-06-30": "", "2011-03-31": "", "2010-12-31": "", "2010-09-30": "", "2010-06-30": "", "2010-03-31": "", "2009-12-31": "", "2009-09-30": "", "2009-06-30": "", "2009-03-31": "", "2008-12-31": "", "2008-09-30": "", "2008-06-30": "", "2008-03-31": "", "2007-12-31": "", "2007-09-30": "", "2007-06-30": "", "2007-03-31": "", "2006-12-31": "", "2006-09-30": "", "2006-06-30": "", "2006-03-31": "", "2005-12-31": "", "2005-09-30": "", "2005-06-30": "", "2005-03-31": ""}, "Share Holder Equity": {"2020-09-30": "3545.00000", "2020-06-30": "3390.00000", "2020-03-31": "3437.00000", "2019-12-31": "3554.00000", "2019-09-30": "3410.00000", "2019-06-30": "3419.00000", "2019-03-31": "3370.00000", "2018-12-31": "3329.00000", "2018-09-30": "3426.00000", "2018-06-30": "3418.00000", "2018-03-31": "3433.00000", "2017-12-31": "3408.00000", "2017-09-30": "3396.00000", "2017-06-30": "3318.00000", "2017-03-31": "3257.00000", "2016-12-31": "3175.00000", "2016-09-30": "3078.00000", "2016-06-30": "3008.00000", "2016-03-31": "2913.00000", "2015-12-31": "2882.00000", "2015-09-30": "2784.29500", "2015-06-30": "2787.89900", "2015-03-31": "2749.70100", "2014-12-31": "2735.00000", "2014-09-30": "2642.57900", "2014-06-30": "2541.24300", "2014-03-31": "2498.44300", "2013-12-31": "2479.97000", "2013-09-30": "2396.55000", "2013-06-30": "2381.49700", "2013-03-31": "2361.06300", "2012-12-31": "2308.18900", "2012-09-30": "2271.24400", "2012-06-30": "2202.13900", "2012-03-31": "2163.75700", "2011-12-31": "2079.46700", "2011-09-30": "2036.41700", "2011-06-30": "2008.53500", "2011-03-31": "1894.74200", "2010-12-31": "1778.24900", "2010-09-30": "1688.96700", "2010-06-30": "1664.35500", "2010-03-31": "1597.89100", "2009-12-31": "1545.41900", "2009-09-30": "1529.81700", "2009-06-30": "1492.69300", "2009-03-31": "1472.32600", "2008-12-31": "1463.57800", "2008-09-30": "1475.79500", "2008-06-30": "1443.84000", "2008-03-31": "1423.74200", "2007-12-31": "1354.22800", "2007-09-30": "1329.13600", "2007-06-30": "1295.85000", "2007-03-31": "1254.36200", "2006-12-31": "1203.30700", "2006-09-30": "1155.64700", "2006-06-30": "1095.84700", "2006-03-31": "1026.89700", "2005-12-31": "977.87000", "2005-09-30": "883.58100", "2005-06-30": "824.59600", "2005-03-31": "762.42000"}, "Total Liabilities And Share Holders Equity": {"2020-09-30": "5976.00000", "2020-06-30": "5873.00000", "2020-03-31": "6155.00000", "2019-12-31": "6285.00000", "2019-09-30": "5946.00000", "2019-06-30": "5901.00000", "2019-03-31": "5976.00000", "2018-12-31": "5307.00000", "2018-09-30": "5435.00000", "2018-06-30": "5176.00000", "2018-03-31": "5255.00000", "2017-12-31": "5161.00000", "2017-09-30": "4993.00000", "2017-06-30": "4862.00000", "2017-03-31": "4808.00000", "2016-12-31": "4755.00000", "2016-09-30": "4643.00000", "2016-06-30": "4427.00000", "2016-03-31": "4396.00000", "2015-12-31": "4431.00000", "2015-09-30": "3804.23300", "2015-06-30": "3738.34600", "2015-03-31": "3714.66400", "2014-12-31": "3692.00000", "2014-09-30": "3470.06900", "2014-06-30": "3435.88300", "2014-03-31": "3339.81400", "2013-12-31": "3418.04800", "2013-09-30": "3329.88500", "2013-06-30": "3345.75800", "2013-03-31": "3368.33400", "2012-12-31": "3347.78100", "2012-09-30": "3358.91300", "2012-06-30": "3110.16700", "2012-03-31": "3112.14400", "2011-12-31": "3006.72800", "2011-09-30": "2970.55900", "2011-06-30": "2882.61900", "2011-03-31": "2779.77900", "2010-12-31": "2734.08600", "2010-09-30": "2559.85200", "2010-06-30": "2464.59000", "2010-03-31": "2379.36500", "2009-12-31": "2337.13300", "2009-09-30": "2312.07200", "2009-06-30": "2321.02800", "2009-03-31": "2202.69800", "2008-12-31": "2331.36100", "2008-09-30": "2481.56800", "2008-06-30": "2230.25600", "2008-03-31": "2213.37700", "2007-12-31": "2093.69900", "2007-09-30": "2058.69600", "2007-06-30": "2018.50500", "2007-03-31": "1946.76700", "2006-12-31": "1961.43300", "2006-09-30": "1838.48000", "2006-06-30": "1775.58300", "2006-03-31": "1786.38100", "2005-12-31": "1816.32100", "2005-09-30": "1658.90800", "2005-06-30": "1537.28800", "2005-03-31": "1525.17000"}}, "cash flow statement": {"Net Income/Loss": {"2019-12-31": "283.00000", "2018-12-31": "-17.00000", "2017-12-31": "246.00000", "2016-12-31": "314.00000", "2015-12-31": "172.00000", "2014-12-31": "368.00000", "2013-12-31": "214.00000", "2012-12-31": "282.58800", "2011-12-31": "343.55700", "2010-12-31": "283.01200", "2009-12-31": "91.51700", "2008-12-31": "147.51500", "2007-12-31": "181.26800", "2006-12-31": "258.68900", "2005-12-31": "266.66200"}, "Total Depreciation And Amortization - Cash Flow": {"2019-12-31": "138.00000", "2018-12-31": "134.00000", "2017-12-31": "118.00000", "2016-12-31": "102.00000", "2015-12-31": "91.00000", "2014-12-31": "92.00000", "2013-12-31": "93.00000", "2012-12-31": "90.21600", "2011-12-31": "81.22300", "2010-12-31": "86.80200", "2009-12-31": "91.84100", "2008-12-31": "97.38100", "2007-12-31": "79.22100", "2006-12-31": "71.25800", "2005-12-31": "65.10600"}, "Other Non-Cash Items": {"2019-12-31": "-233.00000", "2018-12-31": "218.00000", "2017-12-31": "-4.00000", "2016-12-31": "-25.00000", "2015-12-31": "-1.00000", "2014-12-31": "-73.00000", "2013-12-31": "33.00000", "2012-12-31": "-71.89700", "2011-12-31": "-75.84000", "2010-12-31": "-23.45600", "2009-12-31": "-52.72900", "2008-12-31": "-7.23000", "2007-12-31": "-31.51400", "2006-12-31": "-1.22900", "2005-12-31": "5.91000"}, "Total Non-Cash Items": {"2019-12-31": "-95.00000", "2018-12-31": "352.00000", "2017-12-31": "114.00000", "2016-12-31": "77.00000", "2015-12-31": "90.00000", "2014-12-31": "19.00000", "2013-12-31": "126.00000", "2012-12-31": "18.31900", "2011-12-31": "5.38300", "2010-12-31": "63.34600", "2009-12-31": "39.11200", "2008-12-31": "90.15100", "2007-12-31": "47.70700", "2006-12-31": "70.02900", "2005-12-31": "71.01600"}, "Change In Accounts Receivable": {"2019-12-31": "-84.00000", "2018-12-31": "-58.00000", "2017-12-31": "-12.00000", "2016-12-31": "18.00000", "2015-12-31": "119.00000", "2014-12-31": "-7.00000", "2013-12-31": "-154.00000", "2012-12-31": "-66.58300", "2011-12-31": "-88.43400", "2010-12-31": "-86.20500", "2009-12-31": "93.86100", "2008-12-31": "-14.51800", "2007-12-31": "-80.36000", "2006-12-31": "-49.61300", "2005-12-31": "37.24700"}, "Change In Inventories": {"2019-12-31": "-152.00000", "2018-12-31": "-34.00000", "2017-12-31": "-21.00000", "2016-12-31": "6.00000", "2015-12-31": "-35.00000", "2014-12-31": "-81.00000", "2013-12-31": "36.00000", "2012-12-31": "-64.94300", "2011-12-31": "-118.73100", "2010-12-31": "-40.05300", "2009-12-31": "1.55200", "2008-12-31": "-119.85900", "2007-12-31": "-52.69900", "2006-12-31": "-11.34900", "2005-12-31": "-46.28300"}, "Change In Accounts Payable": {"2019-12-31": "", "2018-12-31": "", "2017-12-31": "", "2016-12-31": "", "2015-12-31": "", "2014-12-31": "", "2013-12-31": "", "2012-12-31": "", "2011-12-31": "", "2010-12-31": "", "2009-12-31": "", "2008-12-31": "", "2007-12-31": "", "2006-12-31": "", "2005-12-31": ""}, "Change In Assets/Liabilities": {"2019-12-31": "219.00000", "2018-12-31": "-5.00000", "2017-12-31": "-82.00000", "2016-12-31": "12.00000", "2015-12-31": "70.00000", "2014-12-31": "75.00000", "2013-12-31": "-98.00000", "2012-12-31": "66.75700", "2011-12-31": "39.22600", "2010-12-31": "118.70700", "2009-12-31": "10.91500", "2008-12-31": "-1.08000", "2007-12-31": "42.28700", "2006-12-31": "16.10000", "2005-12-31": "-9.73900"}, "Total Change In Assets/Liabilities": {"2019-12-31": "-17.00000", "2018-12-31": "-97.00000", "2017-12-31": "-115.00000", "2016-12-31": "36.00000", "2015-12-31": "154.00000", "2014-12-31": "-13.00000", "2013-12-31": "-216.00000", "2012-12-31": "-64.76900", "2011-12-31": "-167.93900", "2010-12-31": "-7.55100", "2009-12-31": "106.32800", "2008-12-31": "-135.45700", "2007-12-31": "-90.77200", "2006-12-31": "-44.86200", "2005-12-31": "-18.77500"}, "Cash Flow From Operating Activities": {"2019-12-31": "171.00000", "2018-12-31": "238.00000", "2017-12-31": "245.00000", "2016-12-31": "427.00000", "2015-12-31": "416.00000", "2014-12-31": "374.00000", "2013-12-31": "125.00000", "2012-12-31": "261.70300", "2011-12-31": "219.99600", "2010-12-31": "339.81200", "2009-12-31": "246.35700", "2008-12-31": "111.26600", "2007-12-31": "145.83300", "2006-12-31": "283.75700", "2005-12-31": "331.13200"}, "Net Change In Property, Plant, And Equipment": {"2019-12-31": "-349.00000", "2018-12-31": "-162.00000", "2017-12-31": "-173.00000", "2016-12-31": "-111.00000", "2015-12-31": "-91.00000", "2014-12-31": "-105.00000", "2013-12-31": "-135.00000", "2012-12-31": "-142.84900", "2011-12-31": "-119.26300", "2010-12-31": "-95.68100", "2009-12-31": "-36.02100", "2008-12-31": "-130.22200", "2007-12-31": "-160.02500", "2006-12-31": "-82.38800", "2005-12-31": "-32.83700"}, "Net Change In Intangible Assets": {"2019-12-31": "", "2018-12-31": "", "2017-12-31": "", "2016-12-31": "", "2015-12-31": "", "2014-12-31": "", "2013-12-31": "", "2012-12-31": "", "2011-12-31": "", "2010-12-31": "", "2009-12-31": "", "2008-12-31": "", "2007-12-31": "", "2006-12-31": "", "2005-12-31": ""}, "Net Acquisitions/Divestitures": {"2019-12-31": "17.00000", "2018-12-31": "-264.00000", "2017-12-31": "-54.00000", "2016-12-31": "-219.00000", "2015-12-31": "", "2014-12-31": "", "2013-12-31": "", "2012-12-31": "", "2011-12-31": "", "2010-12-31": "-5.57800", "2009-12-31": "", "2008-12-31": "", "2007-12-31": "", "2006-12-31": "", "2005-12-31": "-47.99300"}, "Net Change In Short-term Investments": {"2019-12-31": "132.00000", "2018-12-31": "114.00000", "2017-12-31": "-102.00000", "2016-12-31": "53.00000", "2015-12-31": "-765.00000", "2014-12-31": "-203.00000", "2013-12-31": "19.00000", "2012-12-31": "18.72300", "2011-12-31": "6.64700", "2010-12-31": "77.58300", "2009-12-31": "-68.27700", "2008-12-31": "-21.24200", "2007-12-31": "192.58200", "2006-12-31": "-97.71900", "2005-12-31": "-258.35200"}, "Net Change In Long-Term Investments": {"2019-12-31": "-59.00000", "2018-12-31": "-47.00000", "2017-12-31": "-99.00000", "2016-12-31": "-102.00000", "2015-12-31": "-147.00000", "2014-12-31": "40.00000", "2013-12-31": "-43.00000", "2012-12-31": "-34.71600", "2011-12-31": "-23.22900", "2010-12-31": "-217.02600", "2009-12-31": "13.75000", "2008-12-31": "-0.71000", "2007-12-31": "-17.19200", "2006-12-31": "-3.44100", "2005-12-31": "-0.39900"}, "Net Change In Investments - Total": {"2019-12-31": "73.00000", "2018-12-31": "67.00000", "2017-12-31": "-201.00000", "2016-12-31": "-49.00000", "2015-12-31": "-912.00000", "2014-12-31": "-163.00000", "2013-12-31": "-24.00000", "2012-12-31": "-15.99300", "2011-12-31": "-16.58200", "2010-12-31": "-139.44300", "2009-12-31": "-54.52700", "2008-12-31": "-21.95200", "2007-12-31": "175.39000", "2006-12-31": "-101.16000", "2005-12-31": "-258.75100"}, "Investing Activities - Other": {"2019-12-31": "6.00000", "2018-12-31": "10.00000", "2017-12-31": "162.00000", "2016-12-31": "5.00000", "2015-12-31": "-1.00000", "2014-12-31": "3.00000", "2013-12-31": "81.00000", "2012-12-31": "-82.42900", "2011-12-31": "-47.40500", "2010-12-31": "-92.33500", "2009-12-31": "0.04600", "2008-12-31": "-0.44200", "2007-12-31": "-66.01400", "2006-12-31": "-2.95400", "2005-12-31": "3.98800"}, "Cash Flow From Investing Activities": {"2019-12-31": "-253.00000", "2018-12-31": "-349.00000", "2017-12-31": "-266.00000", "2016-12-31": "-374.00000", "2015-12-31": "-1004.00000", "2014-12-31": "-265.00000", "2013-12-31": "-78.00000", "2012-12-31": "-241.27100", "2011-12-31": "-183.25000", "2010-12-31": "-333.03700", "2009-12-31": "-90.50200", "2008-12-31": "-152.61600", "2007-12-31": "-50.64900", "2006-12-31": "-186.50200", "2005-12-31": "-335.59300"}, "Net Long-Term Debt": {"2019-12-31": "8.00000", "2018-12-31": "205.00000", "2017-12-31": "21.00000", "2016-12-31": "-2.00000", "2015-12-31": "522.00000", "2014-12-31": "-91.00000", "2013-12-31": "-54.00000", "2012-12-31": "-11.26500", "2011-12-31": "63.49100", "2010-12-31": "14.17300", "2009-12-31": "-46.91400", "2008-12-31": "-11.67900", "2007-12-31": "-63.53600", "2006-12-31": "-61.27000", "2005-12-31": "-60.58000"}, "Net Current Debt": {"2019-12-31": "34.00000", "2018-12-31": "", "2017-12-31": "45.00000", "2016-12-31": "-25.00000", "2015-12-31": "83.00000", "2014-12-31": "17.00000", "2013-12-31": "41.00000", "2012-12-31": "12.59200", "2011-12-31": "-62.51000", "2010-12-31": "-2.53500", "2009-12-31": "-95.07200", "2008-12-31": "79.35400", "2007-12-31": "19.11100", "2006-12-31": "-29.96300", "2005-12-31": "91.14900"}, "Debt Issuance/Retirement Net - Total": {"2019-12-31": "42.00000", "2018-12-31": "205.00000", "2017-12-31": "66.00000", "2016-12-31": "-27.00000", "2015-12-31": "605.00000", "2014-12-31": "-74.00000", "2013-12-31": "-13.00000", "2012-12-31": "1.32700", "2011-12-31": "0.98100", "2010-12-31": "11.63800", "2009-12-31": "-141.98600", "2008-12-31": "67.67500", "2007-12-31": "-44.42500", "2006-12-31": "-91.23300", "2005-12-31": "30.56900"}, "Net Common Equity Issued/Repurchased": {"2019-12-31": "-17.00000", "2018-12-31": "-5.00000", "2017-12-31": "", "2016-12-31": "", "2015-12-31": "", "2014-12-31": "-53.00000", "2013-12-31": "-24.00000", "2012-12-31": "-26.83000", "2011-12-31": "-9.97100", "2010-12-31": "-29.99400", "2009-12-31": "-3.37000", "2008-12-31": "-5.01200", "2007-12-31": "-30.48800", "2006-12-31": "", "2005-12-31": ""}, "Net Total Equity Issued/Repurchased": {"2019-12-31": "-17.00000", "2018-12-31": "-5.00000", "2017-12-31": "", "2016-12-31": "", "2015-12-31": "", "2014-12-31": "-53.00000", "2013-12-31": "-24.00000", "2012-12-31": "-26.83000", "2011-12-31": "-9.97100", "2010-12-31": "-29.99400", "2009-12-31": "-3.37000", "2008-12-31": "-5.01200", "2007-12-31": "-30.48800", "2006-12-31": "", "2005-12-31": ""}, "Total Common And Preferred Stock Dividends Paid": {"2019-12-31": "-10.00000", "2018-12-31": "-7.00000", "2017-12-31": "-7.00000", "2016-12-31": "", "2015-12-31": "", "2014-12-31": "", "2013-12-31": "", "2012-12-31": "-14.37600", "2011-12-31": "-0.14800", "2010-12-31": "-10.99900", "2009-12-31": "-3.82300", "2008-12-31": "-3.83200", "2007-12-31": "-3.90100", "2006-12-31": "-6.52500", "2005-12-31": "-5.84300"}, "Financial Activities - Other": {"2019-12-31": "-4.00000", "2018-12-31": "-3.00000", "2017-12-31": "-1.00000", "2016-12-31": "", "2015-12-31": "", "2014-12-31": "-2.00000", "2013-12-31": "-1.00000", "2012-12-31": "-2.58900", "2011-12-31": "0.45200", "2010-12-31": "0.37000", "2009-12-31": "-0.29100", "2008-12-31": "-1.08100", "2007-12-31": "", "2006-12-31": "-2.41900", "2005-12-31": "-0.76200"}, "Cash Flow From Financial Activities": {"2019-12-31": "11.00000", "2018-12-31": "190.00000", "2017-12-31": "58.00000", "2016-12-31": "-27.00000", "2015-12-31": "605.00000", "2014-12-31": "-129.00000", "2013-12-31": "-38.00000", "2012-12-31": "-42.46800", "2011-12-31": "-8.68600", "2010-12-31": "-28.98500", "2009-12-31": "-149.47000", "2008-12-31": "57.75000", "2007-12-31": "-78.81400", "2006-12-31": "-100.17700", "2005-12-31": "23.96400"}, "Net Cash Flow": {"2019-12-31": "-69.00000", "2018-12-31": "78.00000", "2017-12-31": "39.00000", "2016-12-31": "27.00000", "2015-12-31": "14.00000", "2014-12-31": "-19.00000", "2013-12-31": "7.00000", "2012-12-31": "-23.85900", "2011-12-31": "30.38600", "2010-12-31": "-20.73300", "2009-12-31": "1.26300", "2008-12-31": "13.24800", "2007-12-31": "15.97700", "2006-12-31": "-3.25300", "2005-12-31": "20.00200"}, "Stock-Based Compensation": {"2019-12-31": "", "2018-12-31": "", "2017-12-31": "", "2016-12-31": "", "2015-12-31": "", "2014-12-31": "", "2013-12-31": "", "2012-12-31": "", "2011-12-31": "", "2010-12-31": "", "2009-12-31": "", "2008-12-31": "", "2007-12-31": "", "2006-12-31": "", "2005-12-31": ""}, "Common Stock Dividends Paid": {"2019-12-31": "-10.00000", "2018-12-31": "-7.00000", "2017-12-31": "-7.00000", "2016-12-31": "0.00000", "2015-12-31": "0.00000", "2014-12-31": "", "2013-12-31": "", "2012-12-31": "-14.37600", "2011-12-31": "-0.14800", "2010-12-31": "-10.99900", "2009-12-31": "-3.82300", "2008-12-31": "-3.83200", "2007-12-31": "-3.90100", "2006-12-31": "-6.52500", "2005-12-31": "-5.84300"}}, "cash flow statement, quarterly": {"Net Income/Loss": {"2020-09-30": 147, "2020-06-30": -26, "2020-03-31": "-103.00000", "2019-12-31": 175, "2019-09-30": -7, "2019-06-30": 58, "2019-03-31": "57.00000", "2018-12-31": -90, "2018-09-30": 34, "2018-06-30": 7, "2018-03-31": "32.00000", "2017-12-31": 22, "2017-09-30": 81, "2017-06-30": 59, "2017-03-31": "84.00000", "2016-12-31": 104, "2016-09-30": 75, "2016-06-30": 80, "2016-03-31": "55.00000", "2015-12-31": 104, "2015-09-30": 3, "2015-06-30": 32, "2015-03-31": "33.00000", "2014-12-31": 119.478, "2014-09-30": 104.68, "2014-06-30": 95.393, "2014-03-31": "48.44900", "2013-12-31": 84.852, "2013-09-30": 31.365, "2013-06-30": 40.026, "2013-03-31": "57.75700", "2012-12-31": 76.263, "2012-09-30": 74.633, "2012-06-30": 49.692, "2012-03-31": "82.00000", "2011-12-31": 78.411, "2011-09-30": 35.089, "2011-06-30": 113.364, "2011-03-31": "116.69300", "2010-12-31": 103.509, "2010-09-30": 39.483, "2010-06-30": 77.357, "2010-03-31": "62.66300", "2009-12-31": 12.563, "2009-09-30": 36.248, "2009-06-30": 26.56, "2009-03-31": "16.14600", "2008-12-31": 23.201, "2008-09-30": 33.088, "2008-06-30": 21.199, "2008-03-31": "70.02700", "2007-12-31": 36.684, "2007-09-30": 52.572, "2007-06-30": 42.657, "2007-03-31": "49.35500", "2006-12-31": 76.77, "2006-09-30": 61.189, "2006-06-30": 69.19, "2006-03-31": "51.54000", "2005-12-31": 82.811, "2005-09-30": 52.59, "2005-06-30": 62.584, "2005-03-31": "68.67700"}, "Total Depreciation And Amortization - Cash Flow": {"2020-09-30": 37, "2020-06-30": 36, "2020-03-31": "36.00000", "2019-12-31": 35, "2019-09-30": 35, "2019-06-30": 34, "2019-03-31": "34.00000", "2018-12-31": 33, "2018-09-30": 34, "2018-06-30": 35, "2018-03-31": "32.00000", "2017-12-31": 30, "2017-09-30": 32, "2017-06-30": 29, "2017-03-31": "27.00000", "2016-12-31": 28, "2016-09-30": 25, "2016-06-30": 26, "2016-03-31": "23.00000", "2015-12-31": 22, "2015-09-30": 23, "2015-06-30": 22, "2015-03-31": "24.00000", "2014-12-31": 22.678, "2014-09-30": 23.265, "2014-06-30": 23.094, "2014-03-31": "22.96300", "2013-12-31": 22.818, "2013-09-30": 23.669, "2013-06-30": 23.442, "2013-03-31": "23.07100", "2012-12-31": 22.698, "2012-09-30": 23.185, "2012-06-30": 23.197, "2012-03-31": "21.13600", "2011-12-31": 21.112, "2011-09-30": 19.694, "2011-06-30": 20.143, "2011-03-31": "20.27400", "2010-12-31": 21.154, "2010-09-30": 21.71, "2010-06-30": 22.085, "2010-03-31": "21.85300", "2009-12-31": 22.73, "2009-09-30": 22.888, "2009-06-30": 23.097, "2009-03-31": "23.12600", "2008-12-31": 30.2, "2008-09-30": 23.751, "2008-06-30": 22.147, "2008-03-31": "21.28300", "2007-12-31": 20.342, "2007-09-30": 20.132, "2007-06-30": 19.964, "2007-03-31": "18.78300", "2006-12-31": 18.505, "2006-09-30": 17.866, "2006-06-30": 17.493, "2006-03-31": "17.39400", "2005-12-31": 17.247, "2005-09-30": 16.916, "2005-06-30": 15.529, "2005-03-31": "15.41400"}, "Other Non-Cash Items": {"2020-09-30": -50, "2020-06-30": -75, "2020-03-31": "175.00000", "2019-12-31": -135, "2019-09-30": 2, "2019-06-30": -14, "2019-03-31": "-86.00000", "2018-12-31": 155, "2018-09-30": 8, "2018-06-30": 4, "2018-03-31": "51.00000", "2017-12-31": 47, "2017-09-30": -21, "2017-06-30": -12, "2017-03-31": "-18.00000", "2016-12-31": -7, "2016-09-30": 20, "2016-06-30": -11, "2016-03-31": "-27.00000", "2015-12-31": 11, "2015-09-30": 17, "2015-06-30": -14, "2015-03-31": "-15.00000", "2014-12-31": 7.126, "2014-09-30": -74.663, "2014-06-30": -0.814, "2014-03-31": "-4.64900", "2013-12-31": -0.087, "2013-09-30": 18.93, "2013-06-30": 8.392, "2013-03-31": "5.76500", "2012-12-31": -24.022, "2012-09-30": -5.956, "2012-06-30": -26.046, "2012-03-31": "-15.87300", "2011-12-31": -5.435, "2011-09-30": 11.238, "2011-06-30": -66.244, "2011-03-31": "-15.39900", "2010-12-31": 5.244, "2010-09-30": -20.495, "2010-06-30": -0.751, "2010-03-31": "-7.45400", "2009-12-31": -5.863, "2009-09-30": -23.523, "2009-06-30": -6.985, "2009-03-31": "-16.35800", "2008-12-31": 27.188, "2008-09-30": -10.761, "2008-06-30": -20.365, "2008-03-31": "-3.29200", "2007-12-31": -17.026, "2007-09-30": -11.975, "2007-06-30": 0.583, "2007-03-31": "-3.09600", "2006-12-31": 0.469, "2006-09-30": -0.8, "2006-06-30": 0.39, "2006-03-31": "-1.28800", "2005-12-31": 4.795, "2005-09-30": 0.281, "2005-06-30": 1.367, "2005-03-31": "-0.53300"}, "Total Non-Cash Items": {"2020-09-30": -13, "2020-06-30": -39, "2020-03-31": "211.00000", "2019-12-31": -100, "2019-09-30": 37, "2019-06-30": 20, "2019-03-31": "-52.00000", "2018-12-31": 188, "2018-09-30": 42, "2018-06-30": 39, "2018-03-31": "83.00000", "2017-12-31": 77, "2017-09-30": 11, "2017-06-30": 17, "2017-03-31": "9.00000", "2016-12-31": 21, "2016-09-30": 45, "2016-06-30": 15, "2016-03-31": "-4.00000", "2015-12-31": 33, "2015-09-30": 40, "2015-06-30": 8, "2015-03-31": "9.00000", "2014-12-31": 29.804, "2014-09-30": -51.398, "2014-06-30": 22.28, "2014-03-31": "18.31400", "2013-12-31": 22.731, "2013-09-30": 42.599, "2013-06-30": 31.834, "2013-03-31": "28.83600", "2012-12-31": -1.324, "2012-09-30": 17.229, "2012-06-30": -2.849, "2012-03-31": "5.26300", "2011-12-31": 15.677, "2011-09-30": 30.932, "2011-06-30": -46.101, "2011-03-31": "4.87500", "2010-12-31": 26.398, "2010-09-30": 1.215, "2010-06-30": 21.334, "2010-03-31": "14.39900", "2009-12-31": 16.867, "2009-09-30": -0.635, "2009-06-30": 16.112, "2009-03-31": "6.76800", "2008-12-31": 57.388, "2008-09-30": 12.99, "2008-06-30": 1.782, "2008-03-31": "17.99100", "2007-12-31": 3.316, "2007-09-30": 8.157, "2007-06-30": 20.547, "2007-03-31": "15.68700", "2006-12-31": 18.974, "2006-09-30": 17.066, "2006-06-30": 17.883, "2006-03-31": "16.10600", "2005-12-31": 22.042, "2005-09-30": 17.197, "2005-06-30": 16.896, "2005-03-31": "14.88100"}, "Change In Accounts Receivable": {"2020-09-30": 26, "2020-06-30": 134, "2020-03-31": "-48.00000", "2019-12-31": -99, "2019-09-30": 18, "2019-06-30": -40, "2019-03-31": "37.00000", "2018-12-31": -50, "2018-09-30": 2, "2018-06-30": 78, "2018-03-31": "-88.00000", "2017-12-31": -26, "2017-09-30": -14, "2017-06-30": -1, "2017-03-31": "29.00000", "2016-12-31": -24, "2016-09-30": -39, "2016-06-30": 40, "2016-03-31": "41.00000", "2015-12-31": -58, "2015-09-30": 32, "2015-06-30": 39, "2015-03-31": "106.00000", "2014-12-31": -96.718, "2014-09-30": 20.421, "2014-06-30": -35.873, "2014-03-31": "105.17000", "2013-12-31": -83.331, "2013-09-30": -44.24, "2013-06-30": -43.45, "2013-03-31": "17.02100", "2012-12-31": 0.2, "2012-09-30": -51.193, "2012-06-30": 20.425, "2012-03-31": "-36.01500", "2011-12-31": -5.488, "2011-09-30": -8.257, "2011-06-30": 21.863, "2011-03-31": "-96.55200", "2010-12-31": -33.023, "2010-09-30": -25.469, "2010-06-30": 19.879, "2010-03-31": "-47.59200", "2009-12-31": 34.957, "2009-09-30": 4.552, "2009-06-30": 35.415, "2009-03-31": "18.93700", "2008-12-31": 37.156, "2008-09-30": -35.572, "2008-06-30": 16.05, "2008-03-31": "-32.15200", "2007-12-31": -71.194, "2007-09-30": -38.032, "2007-06-30": -7.752, "2007-03-31": "36.61800", "2006-12-31": -23.193, "2006-09-30": -23.147, "2006-06-30": -12.684, "2006-03-31": "9.41100", "2005-12-31": 0.001, "2005-09-30": 29.721, "2005-06-30": 17.226, "2005-03-31": "-9.70100"}, "Change In Inventories": {"2020-09-30": -72, "2020-06-30": 124, "2020-03-31": "-102.00000", "2019-12-31": -56, "2019-09-30": -42, "2019-06-30": 116, "2019-03-31": "-170.00000", "2018-12-31": 72, "2018-09-30": -17, "2018-06-30": -91, "2018-03-31": "2.00000", "2017-12-31": 46, "2017-09-30": -108, "2017-06-30": 119, "2017-03-31": "-78.00000", "2016-12-31": 20, "2016-09-30": -108, "2016-06-30": 46, "2016-03-31": "48.00000", "2015-12-31": -65, "2015-09-30": -34, "2015-06-30": 46, "2015-03-31": "18.00000", "2014-12-31": -6.029, "2014-09-30": -23.606, "2014-06-30": -78.887, "2014-03-31": "27.52200", "2013-12-31": 76.739, "2013-09-30": -37.553, "2013-06-30": 86.365, "2013-03-31": "-89.55100", "2012-12-31": 54.928, "2012-09-30": -203.563, "2012-06-30": 86.399, "2012-03-31": "-2.70700", "2011-12-31": 11.288, "2011-09-30": -38.703, "2011-06-30": -77.055, "2011-03-31": "-14.26100", "2010-12-31": -66.205, "2010-09-30": -3.426, "2010-06-30": -36.826, "2010-03-31": "66.40400", "2009-12-31": -15.748, "2009-09-30": -13.738, "2009-06-30": -28.027, "2009-03-31": "59.06500", "2008-12-31": 134.814, "2008-09-30": -191.75, "2008-06-30": -18.419, "2008-03-31": "-44.50400", "2007-12-31": 52.728, "2007-09-30": -94.464, "2007-06-30": 3.797, "2007-03-31": "-14.76000", "2006-12-31": -35.214, "2006-09-30": 1.491, "2006-06-30": 17.658, "2006-03-31": "4.71600", "2005-12-31": -18.099, "2005-09-30": -44.604, "2005-06-30": 12.134, "2005-03-31": "4.28600"}, "Change In Accounts Payable": {"2020-09-30": -146, "2020-06-30": 0, "2020-03-31": "", "2019-12-31": 20, "2019-09-30": -20, "2019-06-30": 0, "2019-03-31": "", "2018-12-31": 0, "2018-09-30": 0, "2018-06-30": 0, "2018-03-31": "", "2017-12-31": 0, "2017-09-30": 0, "2017-06-30": 0, "2017-03-31": "", "2016-12-31": 0, "2016-09-30": 0, "2016-06-30": 0, "2016-03-31": "", "2015-12-31": 0, "2015-09-30": 0, "2015-06-30": 0, "2015-03-31": "", "2014-12-31": 0, "2014-09-30": 0, "2014-06-30": 0, "2014-03-31": "", "2013-12-31": 0, "2013-09-30": 0, "2013-06-30": 0, "2013-03-31": "", "2012-12-31": 0, "2012-09-30": 0, "2012-06-30": 0, "2012-03-31": "", "2011-12-31": 0, "2011-09-30": 0, "2011-06-30": 0, "2011-03-31": "", "2010-12-31": 0, "2010-09-30": 0, "2010-06-30": 0, "2010-03-31": "", "2009-12-31": 0, "2009-09-30": 0, "2009-06-30": 0, "2009-03-31": "", "2008-12-31": 0, "2008-09-30": 0, "2008-06-30": 0, "2008-03-31": "", "2007-12-31": 0, "2007-09-30": 0, "2007-06-30": 0, "2007-03-31": "", "2006-12-31": 0, "2006-09-30": 0, "2006-06-30": 0, "2006-03-31": "", "2005-12-31": 0, "2005-09-30": 0, "2005-06-30": 0, "2005-03-31": ""}, "Change In Assets/Liabilities": {"2020-09-30": 92, "2020-06-30": -87, "2020-03-31": "-64.00000", "2019-12-31": 161, "2019-09-30": 45, "2019-06-30": -8, "2019-03-31": "21.00000", "2018-12-31": -48, "2018-09-30": 41, "2018-06-30": 27, "2018-03-31": "-25.00000", "2017-12-31": -67, "2017-09-30": 53, "2017-06-30": -13, "2017-03-31": "-55.00000", "2016-12-31": -21, "2016-09-30": 119, "2016-06-30": -63, "2016-03-31": "-23.00000", "2015-12-31": 36, "2015-09-30": 63, "2015-06-30": 16, "2015-03-31": "-45.00000", "2014-12-31": 43.464, "2014-09-30": 38.131, "2014-06-30": 48.876, "2014-03-31": "-55.47100", "2013-12-31": 18.783, "2013-09-30": -31.24, "2013-06-30": -50.479, "2013-03-31": "-35.06400", "2012-12-31": -9.418, "2012-09-30": 145.653, "2012-06-30": -46.959, "2012-03-31": "-22.51900", "2011-12-31": 51.227, "2011-09-30": 9.028, "2011-06-30": 44.836, "2011-03-31": "-65.86500", "2010-12-31": 57.415, "2010-09-30": 32.639, "2010-06-30": 50.444, "2010-03-31": "-21.79100", "2009-12-31": 5.019, "2009-09-30": -2.307, "2009-06-30": 54.576, "2009-03-31": "-46.37300", "2008-12-31": -82.535, "2008-09-30": 95.5, "2008-06-30": 16.35, "2008-03-31": "-30.39500", "2007-12-31": 6.611, "2007-09-30": 54.348, "2007-06-30": 25.463, "2007-03-31": "-44.13500", "2006-12-31": 23.654, "2006-09-30": 15.735, "2006-06-30": 10.315, "2006-03-31": "-33.60400", "2005-12-31": -25.95, "2005-09-30": 18.472, "2005-06-30": -23.694, "2005-03-31": "21.43300"}, "Total Change In Assets/Liabilities": {"2020-09-30": -100, "2020-06-30": 171, "2020-03-31": "-214.00000", "2019-12-31": 26, "2019-09-30": 1, "2019-06-30": 68, "2019-03-31": "-112.00000", "2018-12-31": -26, "2018-09-30": 26, "2018-06-30": 14, "2018-03-31": "-111.00000", "2017-12-31": -47, "2017-09-30": -69, "2017-06-30": 105, "2017-03-31": "-104.00000", "2016-12-31": -25, "2016-09-30": -28, "2016-06-30": 23, "2016-03-31": "66.00000", "2015-12-31": -87, "2015-09-30": 61, "2015-06-30": 101, "2015-03-31": "79.00000", "2014-12-31": -59.283, "2014-09-30": 34.946, "2014-06-30": -65.884, "2014-03-31": "77.22100", "2013-12-31": 12.191, "2013-09-30": -113.033, "2013-06-30": -7.564, "2013-03-31": "-107.59400", "2012-12-31": 45.71, "2012-09-30": -109.103, "2012-06-30": 59.865, "2012-03-31": "-61.24100", "2011-12-31": 57.027, "2011-09-30": -37.932, "2011-06-30": -10.356, "2011-03-31": "-176.67800", "2010-12-31": -41.813, "2010-09-30": 3.744, "2010-06-30": 33.497, "2010-03-31": "-2.97900", "2009-12-31": 24.228, "2009-09-30": -11.493, "2009-06-30": 61.964, "2009-03-31": "31.62900", "2008-12-31": 89.435, "2008-09-30": -131.822, "2008-06-30": 13.981, "2008-03-31": "-107.05100", "2007-12-31": -11.855, "2007-09-30": -78.148, "2007-06-30": 21.508, "2007-03-31": "-22.27700", "2006-12-31": -34.753, "2006-09-30": -5.921, "2006-06-30": 15.289, "2006-03-31": "-19.47700", "2005-12-31": -44.048, "2005-09-30": 3.589, "2005-06-30": 5.666, "2005-03-31": "16.01800"}, "Cash Flow From Operating Activities": {"2020-09-30": 34, "2020-06-30": 106, "2020-03-31": "-106.00000", "2019-12-31": 101, "2019-09-30": 31, "2019-06-30": 146, "2019-03-31": "-107.00000", "2018-12-31": 72, "2018-09-30": 102, "2018-06-30": 56, "2018-03-31": "8.00000", "2017-12-31": 47, "2017-09-30": 21, "2017-06-30": 183, "2017-03-31": "-6.00000", "2016-12-31": 128, "2016-09-30": 53, "2016-06-30": 129, "2016-03-31": "117.00000", "2015-12-31": 50, "2015-09-30": 102, "2015-06-30": 141, "2015-03-31": "123.00000", "2014-12-31": 90.734, "2014-09-30": 80.353, "2014-06-30": 58.943, "2014-03-31": "143.97000", "2013-12-31": 119.968, "2013-09-30": -41.382, "2013-06-30": 67.473, "2013-03-31": "-21.05900", "2012-12-31": 128.743, "2012-09-30": -10.293, "2012-06-30": 116.391, "2012-03-31": "26.86200", "2011-12-31": 188.261, "2011-09-30": 28.276, "2011-06-30": 58.344, "2011-03-31": "-54.88500", "2010-12-31": 87.827, "2010-09-30": 42.989, "2010-06-30": 131.455, "2010-03-31": "77.54100", "2009-12-31": 60.306, "2009-09-30": 15.649, "2009-06-30": 110.343, "2009-03-31": "60.05900", "2008-12-31": 177.796, "2008-09-30": -91.788, "2008-06-30": 40.484, "2008-03-31": "-15.22600", "2007-12-31": 33.173, "2007-09-30": -14.419, "2007-06-30": 76.858, "2007-03-31": "50.22100", "2006-12-31": 66.494, "2006-09-30": 75.305, "2006-06-30": 95.226, "2006-03-31": "46.73200", "2005-12-31": 67.147, "2005-09-30": 76.545, "2005-06-30": 87.802, "2005-03-31": "99.63800"}, "Net Change In Property, Plant, And Equipment": {"2020-09-30": -52, "2020-06-30": -53, "2020-03-31": "-55.00000", "2019-12-31": -88, "2019-09-30": -105, "2019-06-30": -73, "2019-03-31": "-83.00000", "2018-12-31": -67, "2018-09-30": -37, "2018-06-30": -22, "2018-03-31": "-36.00000", "2017-12-31": -55, "2017-09-30": -40, "2017-06-30": -42, "2017-03-31": "-36.00000", "2016-12-31": -29, "2016-09-30": -31, "2016-06-30": -32, "2016-03-31": "-19.00000", "2015-12-31": -19, "2015-09-30": -28, "2015-06-30": -16, "2015-03-31": "-28.00000", "2014-12-31": -20.689, "2014-09-30": -18.35, "2014-06-30": -29.607, "2014-03-31": "-36.35400", "2013-12-31": -34.609, "2013-09-30": -28.145, "2013-06-30": -43.622, "2013-03-31": "-28.62400", "2012-12-31": -41.23, "2012-09-30": -39.402, "2012-06-30": -35.917, "2012-03-31": "-26.30000", "2011-12-31": -30.906, "2011-09-30": -70.924, "2011-06-30": 21.596, "2011-03-31": "-39.02900", "2010-12-31": -22.596, "2010-09-30": -34.037, "2010-06-30": -22.706, "2010-03-31": "-16.34200", "2009-12-31": 0.188, "2009-09-30": -9.522, "2009-06-30": -11.983, "2009-03-31": "-14.70400", "2008-12-31": -30.267, "2008-09-30": -24.489, "2008-06-30": -28.53, "2008-03-31": "-46.93600", "2007-12-31": -38.122, "2007-09-30": -42.942, "2007-06-30": -40.581, "2007-03-31": "-38.38000", "2006-12-31": -32.769, "2006-09-30": -18.241, "2006-06-30": -16.134, "2006-03-31": "-15.24400", "2005-12-31": 7.795, "2005-09-30": -8.958, "2005-06-30": -18.149, "2005-03-31": "-13.52500"}, "Net Change In Intangible Assets": {"2020-09-30": 0, "2020-06-30": 0, "2020-03-31": "", "2019-12-31": 0, "2019-09-30": 0, "2019-06-30": 0, "2019-03-31": "", "2018-12-31": 0, "2018-09-30": 0, "2018-06-30": 0, "2018-03-31": "", "2017-12-31": 0, "2017-09-30": 0, "2017-06-30": 0, "2017-03-31": "", "2016-12-31": 0, "2016-09-30": 0, "2016-06-30": 0, "2016-03-31": "", "2015-12-31": 0, "2015-09-30": 0, "2015-06-30": 0, "2015-03-31": "", "2014-12-31": 0, "2014-09-30": 0, "2014-06-30": 0, "2014-03-31": "", "2013-12-31": 0, "2013-09-30": 0, "2013-06-30": 0, "2013-03-31": "", "2012-12-31": 0, "2012-09-30": 0, "2012-06-30": 0, "2012-03-31": "", "2011-12-31": 0, "2011-09-30": 0, "2011-06-30": 0, "2011-03-31": "", "2010-12-31": 0, "2010-09-30": 0, "2010-06-30": 0, "2010-03-31": "", "2009-12-31": 0, "2009-09-30": 0, "2009-06-30": 0, "2009-03-31": "", "2008-12-31": 0, "2008-09-30": 0, "2008-06-30": 0, "2008-03-31": "", "2007-12-31": 0, "2007-09-30": 0, "2007-06-30": 0, "2007-03-31": "", "2006-12-31": 0, "2006-09-30": 0, "2006-06-30": 0, "2006-03-31": "", "2005-12-31": 0, "2005-09-30": 0, "2005-06-30": 0, "2005-03-31": ""}, "Net Acquisitions/Divestitures": {"2020-09-30": 0, "2020-06-30": 0, "2020-03-31": "", "2019-12-31": -7, "2019-09-30": 24, "2019-06-30": 0, "2019-03-31": "", "2018-12-31": 6, "2018-09-30": 0, "2018-06-30": 0, "2018-03-31": "-270.00000", "2017-12-31": 0, "2017-09-30": -40, "2017-06-30": 0, "2017-03-31": "-14.00000", "2016-12-31": -5, "2016-09-30": -66, "2016-06-30": 0, "2016-03-31": "-148.00000", "2015-12-31": 0, "2015-09-30": 0, "2015-06-30": 0, "2015-03-31": "", "2014-12-31": 0, "2014-09-30": 0, "2014-06-30": 0, "2014-03-31": "", "2013-12-31": 0, "2013-09-30": 0, "2013-06-30": 0, "2013-03-31": "", "2012-12-31": 2.825, "2012-09-30": 0, "2012-06-30": 0, "2012-03-31": "-2.82500", "2011-12-31": 0, "2011-09-30": 0, "2011-06-30": 0, "2011-03-31": "", "2010-12-31": 0, "2010-09-30": -5.578, "2010-06-30": 0, "2010-03-31": "", "2009-12-31": 0, "2009-09-30": 0, "2009-06-30": 0, "2009-03-31": "", "2008-12-31": 0, "2008-09-30": 0, "2008-06-30": 0, "2008-03-31": "", "2007-12-31": -1677.746, "2007-09-30": 356.498, "2007-06-30": 583.753, "2007-03-31": "737.49500", "2006-12-31": 0, "2006-09-30": 0, "2006-06-30": 0, "2006-03-31": "", "2005-12-31": -26.274, "2005-09-30": -45.352, "2005-06-30": 23.633, "2005-03-31": ""}, "Net Change In Short-term Investments": {"2020-09-30": 21, "2020-06-30": 72, "2020-03-31": "101.00000", "2019-12-31": 59, "2019-09-30": 25, "2019-06-30": 90, "2019-03-31": "-42.00000", "2018-12-31": 100, "2018-09-30": -286, "2018-06-30": 8, "2018-03-31": "292.00000", "2017-12-31": -152, "2017-09-30": 91, "2017-06-30": -73, "2017-03-31": "32.00000", "2016-12-31": -74, "2016-09-30": -6, "2016-06-30": 52, "2016-03-31": "81.00000", "2015-12-31": -548, "2015-09-30": -86, "2015-06-30": -29, "2015-03-31": "-102.00000", "2014-12-31": -128.186, "2014-09-30": -41.597, "2014-06-30": 67.93, "2014-03-31": "-101.14700", "2013-12-31": -45.641, "2013-09-30": 113.936, "2013-06-30": -12.026, "2013-03-31": "-37.26900", "2012-12-31": 65.313, "2012-09-30": 67.396, "2012-06-30": -80.208, "2012-03-31": "-33.77800", "2011-12-31": -22.204, "2011-09-30": 15.554, "2011-06-30": -19.024, "2011-03-31": "32.32100", "2010-12-31": 203.046, "2010-09-30": 13.245, "2010-06-30": -105.021, "2010-03-31": "-33.68700", "2009-12-31": -38.78, "2009-09-30": -0.111, "2009-06-30": -56.226, "2009-03-31": "26.84000", "2008-12-31": -64.469, "2008-09-30": 13.703, "2008-06-30": 37.827, "2008-03-31": "-8.30300", "2007-12-31": 1775.648, "2007-09-30": -248.169, "2007-06-30": -585.198, "2007-03-31": "-749.69900", "2006-12-31": -73.0039, "2006-09-30": -34.8671, "2006-06-30": -17.091, "2006-03-31": "27.24300", "2005-12-31": -130.422, "2005-09-30": -8.627, "2005-06-30": -45.801, "2005-03-31": "-73.50200"}, "Net Change In Long-Term Investments": {"2020-09-30": -6, "2020-06-30": -3, "2020-03-31": "-40.00000", "2019-12-31": -34, "2019-09-30": -5, "2019-06-30": -14, "2019-03-31": "-6.00000", "2018-12-31": -4, "2018-09-30": -18, "2018-06-30": -5, "2018-03-31": "-20.00000", "2017-12-31": -3, "2017-09-30": -26, "2017-06-30": -43, "2017-03-31": "-27.00000", "2016-12-31": -28, "2016-09-30": -24, "2016-06-30": -17, "2016-03-31": "-33.00000", "2015-12-31": -43, "2015-09-30": -32, "2015-06-30": -51, "2015-03-31": "-21.00000", "2014-12-31": -8.084, "2014-09-30": 52.203, "2014-06-30": -1.788, "2014-03-31": "-2.33100", "2013-12-31": -1.217, "2013-09-30": -26.791, "2013-06-30": -4.549, "2013-03-31": "-10.44300", "2012-12-31": -18.766, "2012-09-30": -2.634, "2012-06-30": -7.639, "2012-03-31": "-5.67700", "2011-12-31": -4.481, "2011-09-30": -12.089, "2011-06-30": -3.022, "2011-03-31": "-3.63700", "2010-12-31": -198.017, "2010-09-30": -10.947, "2010-06-30": -0.41, "2010-03-31": "-7.65200", "2009-12-31": 13.674, "2009-09-30": -0.003, "2009-06-30": 0.02, "2009-03-31": "0.05900", "2008-12-31": -1.3, "2008-09-30": 1.048, "2008-06-30": -0.5, "2008-03-31": "0.04200", "2007-12-31": -9.288, "2007-09-30": -7.95, "2007-06-30": -1.932, "2007-03-31": "1.97800", "2006-12-31": -5.445, "2006-09-30": -0.011, "2006-06-30": 2.015, "2006-03-31": "", "2005-12-31": -0.644, "2005-09-30": -1.345, "2005-06-30": 0.033, "2005-03-31": "1.55700"}, "Net Change In Investments - Total": {"2020-09-30": 15, "2020-06-30": 69, "2020-03-31": "61.00000", "2019-12-31": 25, "2019-09-30": 20, "2019-06-30": 76, "2019-03-31": "-48.00000", "2018-12-31": 96, "2018-09-30": -304, "2018-06-30": 3, "2018-03-31": "272.00000", "2017-12-31": -155, "2017-09-30": 65, "2017-06-30": -116, "2017-03-31": "5.00000", "2016-12-31": -102, "2016-09-30": -30, "2016-06-30": 35, "2016-03-31": "48.00000", "2015-12-31": -591, "2015-09-30": -118, "2015-06-30": -80, "2015-03-31": "-123.00000", "2014-12-31": -136.27, "2014-09-30": 10.606, "2014-06-30": 66.142, "2014-03-31": "-103.47800", "2013-12-31": -46.858, "2013-09-30": 87.145, "2013-06-30": -16.575, "2013-03-31": "-47.71200", "2012-12-31": 46.547, "2012-09-30": 64.762, "2012-06-30": -87.847, "2012-03-31": "-39.45500", "2011-12-31": -26.685, "2011-09-30": 3.465, "2011-06-30": -22.046, "2011-03-31": "28.68400", "2010-12-31": 5.029, "2010-09-30": 2.298, "2010-06-30": -105.431, "2010-03-31": "-41.33900", "2009-12-31": -25.106, "2009-09-30": -0.114, "2009-06-30": -56.206, "2009-03-31": "26.89900", "2008-12-31": -65.769, "2008-09-30": 14.751, "2008-06-30": 37.327, "2008-03-31": "-8.26100", "2007-12-31": 1766.36, "2007-09-30": -256.119, "2007-06-30": -587.1301, "2007-03-31": "-747.72090", "2006-12-31": -78.4489, "2006-09-30": -34.8781, "2006-06-30": -15.076, "2006-03-31": "27.24300", "2005-12-31": -131.066, "2005-09-30": -9.972, "2005-06-30": -45.768, "2005-03-31": "-71.94500"}, "Investing Activities - Other": {"2020-09-30": 1, "2020-06-30": 1, "2020-03-31": "", "2019-12-31": 12, "2019-09-30": -8, "2019-06-30": -2, "2019-03-31": "4.00000", "2018-12-31": 2, "2018-09-30": 1, "2018-06-30": 2, "2018-03-31": "5.00000", "2017-12-31": 160, "2017-09-30": 0, "2017-06-30": 2, "2017-03-31": "", "2016-12-31": -3, "2016-09-30": 6, "2016-06-30": 14, "2016-03-31": "-12.00000", "2015-12-31": -8, "2015-09-30": 11, "2015-06-30": 5, "2015-03-31": "-9.00000", "2014-12-31": 0.243, "2014-09-30": 2.827, "2014-06-30": -0.394, "2014-03-31": "0.32400", "2013-12-31": 2.843, "2013-09-30": -10.497, "2013-06-30": 4.545, "2013-03-31": "84.10900", "2012-12-31": -84.31, "2012-09-30": 0.772, "2012-06-30": 0.369, "2012-03-31": "0.74000", "2011-12-31": -15.272, "2011-09-30": -32.297, "2011-06-30": 0.065, "2011-03-31": "0.09900", "2010-12-31": -94.494, "2010-09-30": -2.482, "2010-06-30": 3.496, "2010-03-31": "1.14500", "2009-12-31": -28.217, "2009-09-30": 13.852, "2009-06-30": -0.039, "2009-03-31": "14.45000", "2008-12-31": -1.01, "2008-09-30": 2.707, "2008-06-30": -0.954, "2008-03-31": "-1.18500", "2007-12-31": -63.666, "2007-09-30": -0.898, "2007-06-30": -0.231, "2007-03-31": "-1.21900", "2006-12-31": -1.287, "2006-09-30": -0.689, "2006-06-30": -0.715, "2006-03-31": "-0.26300", "2005-12-31": 0.576, "2005-09-30": 0.474, "2005-06-30": 0.721, "2005-03-31": "2.21700"}, "Cash Flow From Investing Activities": {"2020-09-30": -36, "2020-06-30": 17, "2020-03-31": "6.00000", "2019-12-31": -58, "2019-09-30": -69, "2019-06-30": 1, "2019-03-31": "-127.00000", "2018-12-31": 37, "2018-09-30": -340, "2018-06-30": -17, "2018-03-31": "-29.00000", "2017-12-31": -50, "2017-09-30": -15, "2017-06-30": -156, "2017-03-31": "-45.00000", "2016-12-31": -139, "2016-09-30": -121, "2016-06-30": 17, "2016-03-31": "-131.00000", "2015-12-31": -618, "2015-09-30": -135, "2015-06-30": -91, "2015-03-31": "-160.00000", "2014-12-31": -156.716, "2014-09-30": -4.917, "2014-06-30": 36.141, "2014-03-31": "-139.50800", "2013-12-31": -78.624, "2013-09-30": 48.503, "2013-06-30": -55.652, "2013-03-31": "7.77300", "2012-12-31": -76.168, "2012-09-30": 26.132, "2012-06-30": -123.395, "2012-03-31": "-67.84000", "2011-12-31": -72.863, "2011-09-30": -99.756, "2011-06-30": -0.385, "2011-03-31": "-10.24600", "2010-12-31": -112.061, "2010-09-30": -39.799, "2010-06-30": -124.641, "2010-03-31": "-56.53600", "2009-12-31": -53.135, "2009-09-30": 4.216, "2009-06-30": -68.228, "2009-03-31": "26.64500", "2008-12-31": -97.046, "2008-09-30": -7.031, "2008-06-30": 7.843, "2008-03-31": "-56.38200", "2007-12-31": -13.174, "2007-09-30": 56.539, "2007-06-30": -44.189, "2007-03-31": "-49.82500", "2006-12-31": -112.505, "2006-09-30": -53.808, "2006-06-30": -31.925, "2006-03-31": "11.73600", "2005-12-31": -148.969, "2005-09-30": -63.808, "2005-06-30": -39.563, "2005-03-31": "-83.25300"}, "Net Long-Term Debt": {"2020-09-30": -32, "2020-06-30": -22, "2020-03-31": "-2.00000", "2019-12-31": -8, "2019-09-30": 5, "2019-06-30": -1, "2019-03-31": "12.00000", "2018-12-31": 26, "2018-09-30": 222, "2018-06-30": -11, "2018-03-31": "-32.00000", "2017-12-31": -4, "2017-09-30": 29, "2017-06-30": -4, "2017-03-31": "", "2016-12-31": -3, "2016-09-30": 1, "2016-06-30": 0, "2016-03-31": "", "2015-12-31": 522, "2015-09-30": 0, "2015-06-30": 0, "2015-03-31": "", "2014-12-31": 0.403, "2014-09-30": -85.5, "2014-06-30": -5.903, "2014-03-31": "", "2013-12-31": -24.091, "2013-09-30": -0.142, "2013-06-30": -16.636, "2013-03-31": "-13.13100", "2012-12-31": -37.897, "2012-09-30": -0.122, "2012-06-30": 21.39, "2012-03-31": "5.36400", "2011-12-31": 1.482, "2011-09-30": 46.148, "2011-06-30": 0.612, "2011-03-31": "15.24900", "2010-12-31": 16.261, "2010-09-30": -1.16, "2010-06-30": -0.085, "2010-03-31": "-0.84300", "2009-12-31": -0.245, "2009-09-30": -45.68, "2009-06-30": -0.091, "2009-03-31": "-0.89800", "2008-12-31": -7.623, "2008-09-30": -1.093, "2008-06-30": -1.974, "2008-03-31": "-0.98900", "2007-12-31": -9.38, "2007-09-30": -25.367, "2007-06-30": -26.799, "2007-03-31": "-1.99000", "2006-12-31": -10.088, "2006-09-30": -21.76, "2006-06-30": -27.089, "2006-03-31": "-2.33300", "2005-12-31": -22.643, "2005-09-30": -7.853, "2005-06-30": -27.316, "2005-03-31": "-2.76800"}, "Net Current Debt": {"2020-09-30": 52, "2020-06-30": -118, "2020-03-31": "96.00000", "2019-12-31": -29, "2019-09-30": 50, "2019-06-30": -91, "2019-03-31": "104.00000", "2018-12-31": -13, "2018-09-30": 21, "2018-06-30": -47, "2018-03-31": "39.00000", "2017-12-31": 65, "2017-09-30": -43, "2017-06-30": 2, "2017-03-31": "21.00000", "2016-12-31": -23, "2016-09-30": 29, "2016-06-30": -49, "2016-03-31": "18.00000", "2015-12-31": 50, "2015-09-30": 2, "2015-06-30": -18, "2015-03-31": "49.00000", "2014-12-31": 48.815, "2014-09-30": -7.872, "2014-06-30": -8.02, "2014-03-31": "-15.92300", "2013-12-31": 13.98, "2013-09-30": -9.8, "2013-06-30": 13.909, "2013-03-31": "22.91100", "2012-12-31": 4.904, "2012-09-30": -6.447, "2012-06-30": -9.229, "2012-03-31": "23.36400", "2011-12-31": -87.781, "2011-09-30": 12.02, "2011-06-30": -28.981, "2011-03-31": "42.23200", "2010-12-31": -0.679, "2010-09-30": 15.038, "2010-06-30": -2.593, "2010-03-31": "-14.30100", "2009-12-31": 2.55, "2009-09-30": 2.778, "2009-06-30": -1.691, "2009-03-31": "-98.70900", "2008-12-31": -62.55, "2008-09-30": 103.402, "2008-06-30": -28.532, "2008-03-31": "67.03400", "2007-12-31": 3.602, "2007-09-30": 14.775, "2007-06-30": -0.119, "2007-03-31": "0.85300", "2006-12-31": 55.445, "2006-09-30": -0.569, "2006-06-30": -18.297, "2006-03-31": "-66.54200", "2005-12-31": 90.955, "2005-09-30": 0.598, "2005-06-30": -1.656, "2005-03-31": "1.25200"}, "Debt Issuance/Retirement Net - Total": {"2020-09-30": 20, "2020-06-30": -140, "2020-03-31": "94.00000", "2019-12-31": -37, "2019-09-30": 55, "2019-06-30": -92, "2019-03-31": "116.00000", "2018-12-31": 13, "2018-09-30": 243, "2018-06-30": -58, "2018-03-31": "7.00000", "2017-12-31": 61, "2017-09-30": -14, "2017-06-30": -2, "2017-03-31": "21.00000", "2016-12-31": -26, "2016-09-30": 30, "2016-06-30": -49, "2016-03-31": "18.00000", "2015-12-31": 572, "2015-09-30": 2, "2015-06-30": -18, "2015-03-31": "49.00000", "2014-12-31": 49.218, "2014-09-30": -93.372, "2014-06-30": -13.923, "2014-03-31": "-15.92300", "2013-12-31": -10.111, "2013-09-30": -9.942, "2013-06-30": -2.727, "2013-03-31": "9.78000", "2012-12-31": -32.993, "2012-09-30": -6.569, "2012-06-30": 12.161, "2012-03-31": "28.72800", "2011-12-31": -86.299, "2011-09-30": 58.168, "2011-06-30": -28.369, "2011-03-31": "57.48100", "2010-12-31": 15.582, "2010-09-30": 13.878, "2010-06-30": -2.678, "2010-03-31": "-15.14400", "2009-12-31": 2.305, "2009-09-30": -42.902, "2009-06-30": -1.782, "2009-03-31": "-99.60700", "2008-12-31": -70.173, "2008-09-30": 102.309, "2008-06-30": -30.506, "2008-03-31": "66.04500", "2007-12-31": -5.778, "2007-09-30": -10.592, "2007-06-30": -26.918, "2007-03-31": "-1.13700", "2006-12-31": 45.357, "2006-09-30": -22.329, "2006-06-30": -45.386, "2006-03-31": "-68.87500", "2005-12-31": 68.312, "2005-09-30": -7.255, "2005-06-30": -28.972, "2005-03-31": "-1.51600"}, "Net Common Equity Issued/Repurchased": {"2020-09-30": 0, "2020-06-30": 0, "2020-03-31": "-13.00000", "2019-12-31": 0, "2019-09-30": -3, "2019-06-30": -1, "2019-03-31": "-13.00000", "2018-12-31": -5, "2018-09-30": 0, "2018-06-30": 0, "2018-03-31": "", "2017-12-31": 0, "2017-09-30": 0, "2017-06-30": 0, "2017-03-31": "", "2016-12-31": 0, "2016-09-30": 0, "2016-06-30": 0, "2016-03-31": "", "2015-12-31": 0, "2015-09-30": 0, "2015-06-30": 0, "2015-03-31": "", "2014-12-31": 0.781, "2014-09-30": 0, "2014-06-30": -49.377, "2014-03-31": "-4.40400", "2013-12-31": -6.651, "2013-09-30": -3.656, "2013-06-30": -13.326, "2013-03-31": "-0.36700", "2012-12-31": -8.637, "2012-09-30": -2.244, "2012-06-30": -9.614, "2012-03-31": "-6.33500", "2011-12-31": -8.813, "2011-09-30": -1.158, "2011-06-30": 0, "2011-03-31": "", "2010-12-31": 0, "2010-09-30": -13.359, "2010-06-30": -9.486, "2010-03-31": "-7.14900", "2009-12-31": 0, "2009-09-30": 0, "2009-06-30": -0.432, "2009-03-31": "-2.93800", "2008-12-31": -1.024, "2008-09-30": -3.452, "2008-06-30": 0, "2008-03-31": "-0.53600", "2007-12-31": -30.488, "2007-09-30": 0, "2007-06-30": 0, "2007-03-31": "", "2006-12-31": 0, "2006-09-30": 0, "2006-06-30": 0, "2006-03-31": "", "2005-12-31": 0, "2005-09-30": 0, "2005-06-30": 0, "2005-03-31": ""}, "Net Total Equity Issued/Repurchased": {"2020-09-30": 0, "2020-06-30": 0, "2020-03-31": "-13.00000", "2019-12-31": 0, "2019-09-30": -3, "2019-06-30": -1, "2019-03-31": "-13.00000", "2018-12-31": -5, "2018-09-30": 0, "2018-06-30": 0, "2018-03-31": "", "2017-12-31": 0, "2017-09-30": 0, "2017-06-30": 0, "2017-03-31": "", "2016-12-31": 0, "2016-09-30": 0, "2016-06-30": 0, "2016-03-31": "", "2015-12-31": 0, "2015-09-30": 0, "2015-06-30": 0, "2015-03-31": "", "2014-12-31": 0.781, "2014-09-30": 0, "2014-06-30": -49.377, "2014-03-31": "-4.40400", "2013-12-31": -6.651, "2013-09-30": -3.656, "2013-06-30": -13.326, "2013-03-31": "-0.36700", "2012-12-31": -8.637, "2012-09-30": -2.244, "2012-06-30": -9.614, "2012-03-31": "-6.33500", "2011-12-31": -8.813, "2011-09-30": -1.158, "2011-06-30": 0, "2011-03-31": "", "2010-12-31": 0, "2010-09-30": -13.359, "2010-06-30": -9.486, "2010-03-31": "-7.14900", "2009-12-31": 0, "2009-09-30": 0, "2009-06-30": -0.432, "2009-03-31": "-2.93800", "2008-12-31": -1.024, "2008-09-30": -3.452, "2008-06-30": 0, "2008-03-31": "-0.53600", "2007-12-31": -30.488, "2007-09-30": 0, "2007-06-30": 0, "2007-03-31": "", "2006-12-31": 0, "2006-09-30": 0, "2006-06-30": 0, "2006-03-31": "", "2005-12-31": 0, "2005-09-30": 0, "2005-06-30": 0, "2005-03-31": ""}, "Total Common And Preferred Stock Dividends Paid": {"2020-09-30": -2, "2020-06-30": -2, "2020-03-31": "-3.00000", "2019-12-31": -3, "2019-09-30": -2, "2019-06-30": -2, "2019-03-31": "-3.00000", "2018-12-31": -1, "2018-09-30": -2, "2018-06-30": -2, "2018-03-31": "-2.00000", "2017-12-31": -1, "2017-09-30": -2, "2017-06-30": -2, "2017-03-31": "-2.00000", "2016-12-31": 0, "2016-09-30": 0, "2016-06-30": 0, "2016-03-31": "", "2015-12-31": 0, "2015-09-30": 0, "2015-06-30": 0, "2015-03-31": "", "2014-12-31": 0, "2014-09-30": 0, "2014-06-30": 0, "2014-03-31": "", "2013-12-31": 0, "2013-09-30": 0, "2013-06-30": 0, "2013-03-31": "", "2012-12-31": -14.376, "2012-09-30": 0, "2012-06-30": 0, "2012-03-31": "", "2011-12-31": -0.148, "2011-09-30": 0, "2011-06-30": 0, "2011-03-31": "", "2010-12-31": -8.243, "2010-09-30": -0.912, "2010-06-30": -0.919, "2010-03-31": "-0.92500", "2009-12-31": -1.04, "2009-09-30": -0.928, "2009-06-30": -0.927, "2009-03-31": "-0.92800", "2008-12-31": -1.035, "2008-09-30": -0.931, "2008-06-30": -0.933, "2008-03-31": "-0.93300", "2007-12-31": -1.069, "2007-09-30": -0.94, "2007-06-30": -0.946, "2007-03-31": "-0.94600", "2006-12-31": -3.687, "2006-09-30": -0.946, "2006-06-30": -0.946, "2006-03-31": "-0.94600", "2005-12-31": -3.019, "2005-09-30": -0.941, "2005-06-30": -0.942, "2005-03-31": "-0.94100"}, "Financial Activities - Other": {"2020-09-30": -3, "2020-06-30": -3, "2020-03-31": "-1.00000", "2019-12-31": -1, "2019-09-30": -1, "2019-06-30": -1, "2019-03-31": "-1.00000", "2018-12-31": -2, "2018-09-30": -1, "2018-06-30": 0, "2018-03-31": "", "2017-12-31": -1, "2017-09-30": 0, "2017-06-30": 0, "2017-03-31": "", "2016-12-31": 0, "2016-09-30": 0, "2016-06-30": 0, "2016-03-31": "", "2015-12-31": 0, "2015-09-30": 0, "2015-06-30": 0, "2015-03-31": "", "2014-12-31": -1.952, "2014-09-30": -0.03, "2014-06-30": 0.109, "2014-03-31": "-0.12700", "2013-12-31": 0.096, "2013-09-30": -0.452, "2013-06-30": 0.104, "2013-03-31": "-0.74800", "2012-12-31": -2.971, "2012-09-30": 0.174, "2012-06-30": 0.104, "2012-03-31": "0.10400", "2011-12-31": 0.191, "2011-09-30": 0.104, "2011-06-30": 0.104, "2011-03-31": "0.05300", "2010-12-31": 0.132, "2010-09-30": 0.079, "2010-06-30": 0.079, "2010-03-31": "0.08000", "2009-12-31": -0.503, "2009-09-30": 0.053, "2009-06-30": 0.08, "2009-03-31": "0.07900", "2008-12-31": -2.406, "2008-09-30": 0.329, "2008-06-30": 1.022, "2008-03-31": "-0.02600", "2007-12-31": 17.95, "2007-09-30": -17.868, "2007-06-30": -0.042, "2007-03-31": "-0.04000", "2006-12-31": 1.976, "2006-09-30": -0.843, "2006-06-30": -1.099, "2006-03-31": "-2.45300", "2005-12-31": 0.91, "2005-09-30": -1.236, "2005-06-30": -0.035, "2005-03-31": "-0.40100"}, "Cash Flow From Financial Activities": {"2020-09-30": 15, "2020-06-30": -145, "2020-03-31": "77.00000", "2019-12-31": -41, "2019-09-30": 49, "2019-06-30": -96, "2019-03-31": "99.00000", "2018-12-31": 5, "2018-09-30": 240, "2018-06-30": -60, "2018-03-31": "5.00000", "2017-12-31": 59, "2017-09-30": -16, "2017-06-30": -4, "2017-03-31": "19.00000", "2016-12-31": -26, "2016-09-30": 30, "2016-06-30": -49, "2016-03-31": "18.00000", "2015-12-31": 572, "2015-09-30": 2, "2015-06-30": -18, "2015-03-31": "49.00000", "2014-12-31": 48.047, "2014-09-30": -93.402, "2014-06-30": -63.191, "2014-03-31": "-20.45400", "2013-12-31": -16.666, "2013-09-30": -14.05, "2013-06-30": -15.949, "2013-03-31": "8.66500", "2012-12-31": -58.977, "2012-09-30": -8.639, "2012-06-30": 2.651, "2012-03-31": "22.49700", "2011-12-31": -95.069, "2011-09-30": 57.114, "2011-06-30": -28.265, "2011-03-31": "57.53400", "2010-12-31": 7.471, "2010-09-30": -0.314, "2010-06-30": -13.004, "2010-03-31": "-23.13800", "2009-12-31": 0.762, "2009-09-30": -43.777, "2009-06-30": -3.061, "2009-03-31": "-103.39400", "2008-12-31": -74.638, "2008-09-30": 98.255, "2008-06-30": -30.417, "2008-03-31": "64.55000", "2007-12-31": -19.385, "2007-09-30": -29.4, "2007-06-30": -27.906, "2007-03-31": "-2.12300", "2006-12-31": 43.646, "2006-09-30": -24.118, "2006-06-30": -47.431, "2006-03-31": "-72.27400", "2005-12-31": 66.203, "2005-09-30": -9.432, "2005-06-30": -29.949, "2005-03-31": "-2.85800"}, "Net Cash Flow": {"2020-09-30": 13, "2020-06-30": -22, "2020-03-31": "-24.00000", "2019-12-31": 4, "2019-09-30": 11, "2019-06-30": 51, "2019-03-31": "-135.00000", "2018-12-31": 116, "2018-09-30": -1, "2018-06-30": -21, "2018-03-31": "-16.00000", "2017-12-31": 55, "2017-09-30": -9, "2017-06-30": 27, "2017-03-31": "-34.00000", "2016-12-31": -36, "2016-09-30": -38, "2016-06-30": 98, "2016-03-31": "3.00000", "2015-12-31": 1, "2015-09-30": -31, "2015-06-30": 32, "2015-03-31": "12.00000", "2014-12-31": -19.978, "2014-09-30": -17.621, "2014-06-30": 34.777, "2014-03-31": "-16.17800", "2013-12-31": 22.898, "2013-09-30": -7.258, "2013-06-30": -4.274, "2013-03-31": "-4.36600", "2012-12-31": -6.854, "2012-09-30": 6.379, "2012-06-30": -4.927, "2012-03-31": "-18.45700", "2011-12-31": 20.573, "2011-09-30": -13.591, "2011-06-30": 30.065, "2011-03-31": "-6.66100", "2010-12-31": -16.298, "2010-09-30": 3.279, "2010-06-30": -5.472, "2010-03-31": "-2.24200", "2009-12-31": 5.68, "2009-09-30": -24.015, "2009-06-30": 38.233, "2009-03-31": "-18.63500", "2008-12-31": 2.222, "2008-09-30": -0.248, "2008-06-30": 18.359, "2008-03-31": "-7.08500", "2007-12-31": -0.526, "2007-09-30": 13.314, "2007-06-30": 4.526, "2007-03-31": "-1.33700", "2006-12-31": -2.571, "2006-09-30": -2.683, "2006-06-30": 15.899, "2006-03-31": "-13.89800", "2005-12-31": -15.462, "2005-09-30": 3.525, "2005-06-30": 18.341, "2005-03-31": "13.59800"}, "Stock-Based Compensation": {"2020-09-30": 0, "2020-06-30": 0, "2020-03-31": "", "2019-12-31": 0, "2019-09-30": 0, "2019-06-30": 0, "2019-03-31": "", "2018-12-31": 0, "2018-09-30": 0, "2018-06-30": 0, "2018-03-31": "", "2017-12-31": 0, "2017-09-30": 0, "2017-06-30": 0, "2017-03-31": "", "2016-12-31": 0, "2016-09-30": 0, "2016-06-30": 0, "2016-03-31": "", "2015-12-31": 0, "2015-09-30": 0, "2015-06-30": 0, "2015-03-31": "", "2014-12-31": 0, "2014-09-30": 0, "2014-06-30": 0, "2014-03-31": "", "2013-12-31": 0, "2013-09-30": 0, "2013-06-30": 0, "2013-03-31": "", "2012-12-31": 0, "2012-09-30": 0, "2012-06-30": 0, "2012-03-31": "", "2011-12-31": 0, "2011-09-30": 0, "2011-06-30": 0, "2011-03-31": "", "2010-12-31": 0, "2010-09-30": 0, "2010-06-30": 0, "2010-03-31": "", "2009-12-31": 0, "2009-09-30": 0, "2009-06-30": 0, "2009-03-31": "", "2008-12-31": 0, "2008-09-30": 0, "2008-06-30": 0, "2008-03-31": "", "2007-12-31": 0, "2007-09-30": 0, "2007-06-30": 0, "2007-03-31": "", "2006-12-31": 0, "2006-09-30": 0, "2006-06-30": 0, "2006-03-31": "", "2005-12-31": 0, "2005-09-30": 0, "2005-06-30": 0, "2005-03-31": ""}, "Common Stock Dividends Paid": {"2020-09-30": -2, "2020-06-30": -2, "2020-03-31": "-3.00000", "2019-12-31": -3, "2019-09-30": -2, "2019-06-30": -2, "2019-03-31": "-3.00000", "2018-12-31": -1, "2018-09-30": -2, "2018-06-30": -2, "2018-03-31": "-2.00000", "2017-12-31": -1, "2017-09-30": -2, "2017-06-30": -2, "2017-03-31": "-2.00000", "2016-12-31": 0, "2016-09-30": 0, "2016-06-30": 0, "2016-03-31": "0.00000", "2015-12-31": 0, "2015-09-30": 0, "2015-06-30": 0, "2015-03-31": "", "2014-12-31": 0, "2014-09-30": 0, "2014-06-30": 0, "2014-03-31": "", "2013-12-31": 0, "2013-09-30": 0, "2013-06-30": 0, "2013-03-31": "", "2012-12-31": -14.376, "2012-09-30": 0, "2012-06-30": 0, "2012-03-31": "", "2011-12-31": -0.148, "2011-09-30": 0, "2011-06-30": 0, "2011-03-31": "", "2010-12-31": -8.243, "2010-09-30": -0.912, "2010-06-30": -0.919, "2010-03-31": "-0.92500", "2009-12-31": -1.04, "2009-09-30": -0.928, "2009-06-30": -0.927, "2009-03-31": "-0.92800", "2008-12-31": -1.035, "2008-09-30": -0.931, "2008-06-30": -0.933, "2008-03-31": "-0.93300", "2007-12-31": -1.069, "2007-09-30": -0.94, "2007-06-30": -0.946, "2007-03-31": "-0.94600", "2006-12-31": -3.687, "2006-09-30": -0.946, "2006-06-30": -0.946, "2006-03-31": "-0.94600", "2005-12-31": -3.019, "2005-09-30": -0.941, "2005-06-30": -0.942, "2005-03-31": "-0.94100"}}, "financial ratios": {"Current Ratio": {"2019-12-31": "2.81750", "2018-12-31": "3.86100", "2017-12-31": "3.82400", "2016-12-31": "3.62800", "2015-12-31": "3.47780", "2014-12-31": "3.23310", "2013-12-31": "3.01290", "2012-12-31": "2.63500", "2011-12-31": "2.90700", "2010-12-31": "2.32750", "2009-12-31": "2.75130", "2008-12-31": "2.31700", "2007-12-31": "2.79840", "2006-12-31": "3.07410", "2005-12-31": "2.49700"}, "Long-term Debt / Capital": {"2019-12-31": "0.17040", "2018-12-31": "0.18170", "2017-12-31": "0.12390", "2016-12-31": "0.13580", "2015-12-31": "0.15240", "2014-12-31": "", "2013-12-31": "0.03140", "2012-12-31": "0.04970", "2011-12-31": "0.05300", "2010-12-31": "0.04890", "2009-12-31": "0.04720", "2008-12-31": "0.05090", "2007-12-31": "0.08480", "2006-12-31": "0.10280", "2005-12-31": "0.17050"}, "Debt/Equity Ratio": {"2019-12-31": "0.29210", "2018-12-31": "0.27820", "2017-12-31": "0.20450", "2016-12-31": "0.20060", "2015-12-31": "0.23910", "2014-12-31": "0.03880", "2013-12-31": "0.07630", "2012-12-31": "0.09590", "2011-12-31": "0.10960", "2010-12-31": "0.11580", "2009-12-31": "0.11040", "2008-12-31": "0.20690", "2007-12-31": "0.16430", "2006-12-31": "0.22070", "2005-12-31": "0.37000"}, "Gross Margin": {"2019-12-31": "6.43270", "2018-12-31": "7.94470", "2017-12-31": "9.45090", "2016-12-31": "9.23960", "2015-12-31": "7.07900", "2014-12-31": "10.47430", "2013-12-31": "7.01650", "2012-12-31": "9.06520", "2011-12-31": "10.92560", "2010-12-31": "11.99340", "2009-12-31": "6.04260", "2008-12-31": "6.97480", "2007-12-31": "10.64250", "2006-12-31": "16.77770", "2005-12-31": "17.08200"}, "Operating Margin": {"2019-12-31": "1.52050", "2018-12-31": "3.17480", "2017-12-31": "4.13150", "2016-12-31": "4.27590", "2015-12-31": "2.25240", "2014-12-31": "6.55030", "2013-12-31": "3.05850", "2012-12-31": "5.00330", "2011-12-31": "7.08560", "2010-12-31": "7.32070", "2009-12-31": "0.65870", "2008-12-31": "2.85410", "2007-12-31": "5.28790", "2006-12-31": "10.96980", "2005-12-31": "11.90250"}, "EBIT Margin": {"2019-12-31": "1.52050", "2018-12-31": "3.17480", "2017-12-31": "4.13150", "2016-12-31": "4.27590", "2015-12-31": "2.25240", "2014-12-31": "6.55030", "2013-12-31": "3.05850", "2012-12-31": "5.00330", "2011-12-31": "7.08560", "2010-12-31": "7.32070", "2009-12-31": "0.65870", "2008-12-31": "2.85410", "2007-12-31": "5.28790", "2006-12-31": "10.96980", "2005-12-31": "11.90250"}, "EBITDA Margin": {"2019-12-31": "3.53800", "2018-12-31": "5.21040", "2017-12-31": "6.16290", "2016-12-31": "6.17220", "2015-12-31": "3.87920", "2014-12-31": "7.97160", "2013-12-31": "4.45280", "2012-12-31": "6.46090", "2011-12-31": "8.49900", "2010-12-31": "9.30000", "2009-12-31": "3.20900", "2008-12-31": "5.13590", "2007-12-31": "7.75330", "2006-12-31": "13.60170", "2005-12-31": "14.32380"}, "Pre-Tax Profit Margin": {"2019-12-31": "4.15200", "2018-12-31": "-0.24310", "2017-12-31": "7.35070", "2016-12-31": "7.13890", "2015-12-31": "4.30820", "2014-12-31": "8.28060", "2013-12-31": "3.68820", "2012-12-31": "5.92620", "2011-12-31": "7.70170", "2010-12-31": "8.30070", "2009-12-31": "2.47800", "2008-12-31": "2.92480", "2007-12-31": "5.95790", "2006-12-31": "11.68740", "2005-12-31": "11.63350"}, "Net Profit Margin": {"2019-12-31": "4.13740", "2018-12-31": "-0.25820", "2017-12-31": "4.25200", "2016-12-31": "5.80030", "2015-12-31": "3.05680", "2014-12-31": "5.66970", "2013-12-31": "3.17840", "2012-12-31": "4.56140", "2011-12-31": "6.01800", "2010-12-31": "6.46670", "2009-12-31": "2.56800", "2008-12-31": "3.44250", "2007-12-31": "5.64320", "2006-12-31": "9.55490", "2005-12-31": "9.91720"}, "Asset Turnover": {"2019-12-31": "1.08830", "2018-12-31": "1.24040", "2017-12-31": "1.12560", "2016-12-31": "1.13120", "2015-12-31": "1.26250", "2014-12-31": "1.75330", "2013-12-31": "1.95140", "2012-12-31": "1.84870", "2011-12-31": "1.91130", "2010-12-31": "1.60410", "2009-12-31": "1.54090", "2008-12-31": "1.83060", "2007-12-31": "1.53470", "2006-12-31": "1.38030", "2005-12-31": "1.48040"}, "Inventory Turnover Ratio": {"2019-12-31": "6.26220", "2018-12-31": "7.43560", "2017-12-31": "6.74360", "2016-12-31": "6.40680", "2015-12-31": "7.03380", "2014-12-31": "7.87360", "2013-12-31": "8.87270", "2012-12-31": "7.43600", "2011-12-31": "7.93730", "2010-12-31": "7.23120", "2009-12-31": "6.78660", "2008-12-31": "7.79990", "2007-12-31": "7.30720", "2006-12-31": "6.60040", "2005-12-31": "6.73320"}, "Receiveable Turnover": {"2019-12-31": "10.58820", "2018-12-31": "11.94740", "2017-12-31": "12.05190", "2016-12-31": "8.57890", "2015-12-31": "10.96860", "2014-12-31": "10.20980", "2013-12-31": "10.23940", "2012-12-31": "11.85900", "2011-12-31": "12.04270", "2010-12-31": "12.18440", "2009-12-31": "13.30630", "2008-12-31": "11.83280", "2007-12-31": "8.94290", "2006-12-31": "9.77230", "2005-12-31": "12.05650"}, "Days Sales In Receivables": {"2019-12-31": "34.47220", "2018-12-31": "30.55070", "2017-12-31": "30.28580", "2016-12-31": "42.54600", "2015-12-31": "33.27670", "2014-12-31": "35.75000", "2013-12-31": "35.64660", "2012-12-31": "30.77820", "2011-12-31": "30.30870", "2010-12-31": "29.95630", "2009-12-31": "27.43060", "2008-12-31": "30.84660", "2007-12-31": "40.81450", "2006-12-31": "37.35050", "2005-12-31": "30.27410"}, "ROE - Return On Equity": {"2019-12-31": "7.96290", "2018-12-31": "-0.51070", "2017-12-31": "7.21830", "2016-12-31": "9.88980", "2015-12-31": "5.96810", "2014-12-31": "13.45520", "2013-12-31": "8.62910", "2012-12-31": "12.24290", "2011-12-31": "16.52140", "2010-12-31": "15.91520", "2009-12-31": "5.92180", "2008-12-31": "10.07910", "2007-12-31": "13.38530", "2006-12-31": "21.49820", "2005-12-31": "27.26970"}, "Return On Tangible Equity": {"2019-12-31": "8.49340", "2018-12-31": "-0.54960", "2017-12-31": "7.26950", "2016-12-31": "9.94930", "2015-12-31": "5.99930", "2014-12-31": "13.54930", "2013-12-31": "8.85120", "2012-12-31": "12.58670", "2011-12-31": "17.01330", "2010-12-31": "16.47450", "2009-12-31": "6.16640", "2008-12-31": "10.53180", "2007-12-31": "14.13170", "2006-12-31": "22.56980", "2005-12-31": "29.00460"}, "ROA - Return On Assets": {"2019-12-31": "4.50280", "2018-12-31": "-0.32030", "2017-12-31": "4.76650", "2016-12-31": "6.60360", "2015-12-31": "3.88170", "2014-12-31": "9.96750", "2013-12-31": "6.26090", "2012-12-31": "8.44110", "2011-12-31": "11.42630", "2010-12-31": "10.35130", "2009-12-31": "3.91580", "2008-12-31": "6.32740", "2007-12-31": "8.65780", "2006-12-31": "13.18880", "2005-12-31": "14.68140"}, "ROI - Return On Investment": {"2019-12-31": "6.60600", "2018-12-31": "-0.41790", "2017-12-31": "6.32390", "2016-12-31": "8.54650", "2015-12-31": "5.05880", "2014-12-31": "13.45520", "2013-12-31": "8.35790", "2012-12-31": "11.63390", "2011-12-31": "15.64590", "2010-12-31": "15.13710", "2009-12-31": "5.64240", "2008-12-31": "9.56560", "2007-12-31": "12.24980", "2006-12-31": "19.28900", "2005-12-31": "22.61890"}, "Book Value Per Share": {"2019-12-31": "3050.64400", "2018-12-31": "2847.73300", "2017-12-31": "2910.33300", "2016-12-31": "2711.35800", "2015-12-31": "2461.14400", "2014-12-31": "2335.61100", "2013-12-31": "2085.76100", "2012-12-31": "1926.70200", "2011-12-31": "1717.14900", "2010-12-31": "1462.37600", "2009-12-31": "1249.32800", "2008-12-31": "1180.30500", "2007-12-31": "1088.60800", "2006-12-31": "954.24820", "2005-12-31": "775.47180"}, "Operating Cash Flow Per Share": {"2019-12-31": -56.5899, "2018-12-31": -5.9778, "2017-12-31": -155.4227, "2016-12-31": 9.3937, "2015-12-31": 37.7646, "2014-12-31": 212.7972, "2013-12-31": -112.6712, "2012-12-31": 36.2946, "2011-12-31": -96.5575, "2010-12-31": 78.4674, "2009-12-31": 109.6427, "2008-12-31": -26.4104, "2007-12-31": -109.1009, "2006-12-31": -38.1956, "2005-12-31": 263.221}, "Free Cash Flow Per Share": {"2019-12-31": -217.5605, "2018-12-31": 3.4159, "2017-12-31": -208.3689, "2016-12-31": -7.6858, "2015-12-31": 49.1875, "2014-12-31": 236.7283, "2013-12-31": -107.0912, "2012-12-31": 15.8082, "2011-12-31": -116.5456, "2010-12-31": 29.4162, "2009-12-31": 185.2874, "2008-12-31": -3.9688, "2007-12-31": -170.9713, "2006-12-31": -77.4285, "2005-12-31": 237.1184}}, "financial ratios, quarterly": {"Current Ratio": {"2020-09-30": "2.98510", "2020-06-30": "2.85130", "2020-03-31": "2.47570", "2019-12-31": "2.81750", "2019-09-30": "3.22840", "2019-06-30": "3.39670", "2019-03-31": "3.07140", "2018-12-31": "3.86100", "2018-09-30": "4.12480", "2018-06-30": "3.86250", "2018-03-31": "3.68870", "2017-12-31": "3.82400", "2017-09-30": "3.85680", "2017-06-30": "3.92310", "2017-03-31": "3.82760", "2016-12-31": "3.62800", "2016-09-30": "3.31270", "2016-06-30": "3.81140", "2016-03-31": "3.45200", "2015-12-31": "3.47780", "2015-09-30": "2.88840", "2015-06-30": "3.17300", "2015-03-31": "3.15740", "2014-12-31": "3.23310", "2014-09-30": "3.24510", "2014-06-30": "2.89420", "2014-03-31": "3.40420", "2013-12-31": "3.01290", "2013-09-30": "3.05040", "2013-06-30": "2.93710", "2013-03-31": "2.85600", "2012-12-31": "2.63500", "2012-09-30": "2.71540", "2012-06-30": "3.17090", "2012-03-31": "2.97890", "2011-12-31": "2.90700", "2011-09-30": "2.72110", "2011-06-30": "2.87690", "2011-03-31": "2.70100", "2010-12-31": "2.32750", "2010-09-30": "2.71960", "2010-06-30": "2.94000", "2010-03-31": "2.84980", "2009-12-31": "2.75130", "2009-09-30": "2.74620", "2009-06-30": "2.57050", "2009-03-31": "2.79830", "2008-12-31": "2.31700", "2008-09-30": "2.04230", "2008-06-30": "2.68550", "2008-03-31": "2.66810", "2007-12-31": "2.79840", "2007-09-30": "2.85930", "2007-06-30": "3.01010", "2007-03-31": "3.21850", "2006-12-31": "3.07410", "2006-09-30": "3.25340", "2006-06-30": "3.39010", "2006-03-31": "2.96410", "2005-12-31": "2.49700", "2005-09-30": "2.79240", "2005-06-30": "2.79310", "2005-03-31": "2.54890"}, "Long-term Debt / Capital": {"2020-09-30": "0.16150", "2020-06-30": "0.16850", "2020-03-31": "0.16640", "2019-12-31": "0.17040", "2019-09-30": "0.17690", "2019-06-30": "0.17670", "2019-03-31": "0.17900", "2018-12-31": "0.18170", "2018-09-30": "0.17780", "2018-06-30": "0.12940", "2018-03-31": "0.13200", "2017-12-31": "0.12390", "2017-09-30": "0.12610", "2017-06-30": "0.12980", "2017-03-31": "0.13290", "2016-12-31": "0.13580", "2016-09-30": "0.14050", "2016-06-30": "0.14420", "2016-03-31": "0.14800", "2015-12-31": "0.15240", "2015-09-30": "", "2015-06-30": "", "2015-03-31": "", "2014-12-31": "", "2014-09-30": "", "2014-06-30": "0.00020", "2014-03-31": "0.03120", "2013-12-31": "0.03140", "2013-09-30": "0.04170", "2013-06-30": "0.04190", "2013-03-31": "0.04450", "2012-12-31": "0.04970", "2012-09-30": "0.05790", "2012-06-30": "0.05970", "2012-03-31": "0.05300", "2011-12-31": "0.05300", "2011-09-30": "0.05490", "2011-06-30": "0.05000", "2011-03-31": "0.05330", "2010-12-31": "0.04890", "2010-09-30": "0.04260", "2010-06-30": "0.04390", "2010-03-31": "0.04570", "2009-12-31": "0.04720", "2009-09-30": "0.04770", "2009-06-30": "0.04950", "2009-03-31": "0.05020", "2008-12-31": "0.05090", "2008-09-30": "0.05080", "2008-06-30": "0.07950", "2008-03-31": "0.08090", "2007-12-31": "0.08480", "2007-09-30": "0.08630", "2007-06-30": "0.09380", "2007-03-31": "0.09780", "2006-12-31": "0.10280", "2006-09-30": "0.10750", "2006-06-30": "0.13560", "2006-03-31": "0.16210", "2005-12-31": "0.17050", "2005-09-30": "0.20220", "2005-06-30": "0.21970", "2005-03-31": "0.25400"}, "Debt/Equity Ratio": {"2020-09-30": "0.28490", "2020-06-30": "0.29170", "2020-03-31": "0.32880", "2019-12-31": "0.29210", "2019-09-30": "0.29350", "2019-06-30": "0.27730", "2019-03-31": "0.30860", "2018-12-31": "0.27820", "2018-09-30": "0.26650", "2018-06-30": "0.19690", "2018-03-31": "0.21640", "2017-12-31": "0.20450", "2017-09-30": "0.18760", "2017-06-30": "0.19740", "2017-03-31": "0.20230", "2016-12-31": "0.20060", "2016-09-30": "0.21090", "2016-06-30": "0.20740", "2016-03-31": "0.22660", "2015-12-31": "0.23910", "2015-09-30": "0.03750", "2015-06-30": "0.03700", "2015-03-31": "0.04480", "2014-12-31": "0.03880", "2014-09-30": "0.01090", "2014-06-30": "0.04880", "2014-03-31": "0.05520", "2013-12-31": "0.07630", "2013-09-30": "0.07130", "2013-06-30": "0.07620", "2013-03-31": "0.07810", "2012-12-31": "0.09590", "2012-09-30": "0.09150", "2012-06-30": "0.09730", "2012-03-31": "0.09340", "2011-12-31": "0.10960", "2011-09-30": "0.12720", "2011-06-30": "0.10000", "2011-03-31": "0.12100", "2010-12-31": "0.11580", "2010-09-30": "0.09250", "2010-06-30": "0.08550", "2010-03-31": "0.09080", "2009-12-31": "0.11040", "2009-09-30": "0.10410", "2009-06-30": "0.13280", "2009-03-31": "0.13430", "2008-12-31": "0.20690", "2008-09-30": "0.24680", "2008-06-30": "0.18140", "2008-03-31": "0.20810", "2007-12-31": "0.16430", "2007-09-30": "0.16940", "2007-06-30": "0.18200", "2007-03-31": "0.20980", "2006-12-31": "0.22070", "2006-09-30": "0.18940", "2006-06-30": "0.22010", "2006-03-31": "0.27890", "2005-12-31": "0.37000", "2005-09-30": "0.32490", "2005-06-30": "0.35720", "2005-03-31": "0.42450"}, "Gross Margin": {"2020-09-30": "7.17330", "2020-06-30": "5.03320", "2020-03-31": "8.02140", "2019-12-31": "9.93380", "2019-09-30": "4.44980", "2019-06-30": "7.46430", "2019-03-31": "3.24040", "2018-12-31": "6.79900", "2018-09-30": "7.38950", "2018-06-30": "6.85980", "2018-03-31": "10.89300", "2017-12-31": "8.44890", "2017-09-30": "10.55640", "2017-06-30": "9.07170", "2017-03-31": "9.86420", "2016-12-31": "10.05100", "2016-09-30": "8.12030", "2016-06-30": "11.12750", "2016-03-31": "7.58150", "2015-12-31": "8.67230", "2015-09-30": "6.37850", "2015-06-30": "7.00280", "2015-03-31": "6.40500", "2014-12-31": "11.57680", "2014-09-30": "9.91860", "2014-06-30": "11.65040", "2014-03-31": "8.48780", "2013-12-31": "7.10490", "2013-09-30": "6.12540", "2013-06-30": "6.85320", "2013-03-31": "8.02040", "2012-12-31": "8.18480", "2012-09-30": "9.76490", "2012-06-30": "7.98140", "2012-03-31": "10.50860", "2011-12-31": "9.68270", "2011-09-30": "7.88670", "2011-06-30": "13.61550", "2011-03-31": "12.60790", "2010-12-31": "14.01810", "2010-09-30": "8.45230", "2010-06-30": "14.02670", "2010-03-31": "11.37100", "2009-12-31": "5.88460", "2009-09-30": "5.43860", "2009-06-30": "5.88720", "2009-03-31": "6.91760", "2008-12-31": "6.27550", "2008-09-30": "6.76810", "2008-06-30": "4.82320", "2008-03-31": "10.17950", "2007-12-31": "7.77820", "2007-09-30": "11.52240", "2007-06-30": "10.16010", "2007-03-31": "13.86140", "2006-12-31": "17.94170", "2006-09-30": "16.91920", "2006-06-30": "16.70650", "2006-03-31": "15.41360", "2005-12-31": "19.08360", "2005-09-30": "15.92480", "2005-06-30": "15.53680", "2005-03-31": "18.02270"}, "Operating Margin": {"2020-09-30": "1.76290", "2020-06-30": "0.60840", "2020-03-31": "3.74330", "2019-12-31": "5.02210", "2019-09-30": "-0.36080", "2019-06-30": "2.90890", "2019-03-31": "-2.20350", "2018-12-31": "2.58720", "2018-09-30": "2.24110", "2018-06-30": "1.89240", "2018-03-31": "6.14310", "2017-12-31": "2.77430", "2017-09-30": "5.20680", "2017-06-30": "3.86780", "2017-03-31": "4.86060", "2016-12-31": "5.53530", "2016-09-30": "3.15790", "2016-06-30": "5.60060", "2016-03-31": "2.72930", "2015-12-31": "3.30010", "2015-09-30": "1.63010", "2015-06-30": "2.24090", "2015-03-31": "1.92840", "2014-12-31": "7.65880", "2014-09-30": "5.92160", "2014-06-30": "7.92750", "2014-03-31": "4.40670", "2013-12-31": "3.03170", "2013-09-30": "2.04900", "2013-06-30": "3.17980", "2013-03-31": "4.01050", "2012-12-31": "4.08130", "2012-09-30": "5.74940", "2012-06-30": "4.01980", "2012-03-31": "6.34590", "2011-12-31": "5.19970", "2011-09-30": "4.53630", "2011-06-30": "9.79310", "2011-03-31": "8.87330", "2010-12-31": "9.18650", "2010-09-30": "3.74540", "2010-06-30": "9.65670", "2010-03-31": "6.61250", "2009-12-31": "0.79140", "2009-09-30": "-0.31350", "2009-06-30": "0.31830", "2009-03-31": "1.74830", "2008-12-31": "2.41730", "2008-09-30": "2.80240", "2008-06-30": "0.30960", "2008-03-31": "5.97600", "2007-12-31": "3.08670", "2007-09-30": "6.18990", "2007-06-30": "4.64310", "2007-03-31": "7.79240", "2006-12-31": "11.69640", "2006-09-30": "11.15420", "2006-06-30": "11.33170", "2006-03-31": "9.57510", "2005-12-31": "12.53420", "2005-09-30": "10.26780", "2005-06-30": "11.14680", "2005-03-31": "13.60950"}, "EBIT Margin": {"2020-09-30": "1.76290", "2020-06-30": "0.60840", "2020-03-31": "3.74330", "2019-12-31": "5.02210", "2019-09-30": "-0.36080", "2019-06-30": "2.90890", "2019-03-31": "-2.20350", "2018-12-31": "2.58720", "2018-09-30": "2.24110", "2018-06-30": "1.89240", "2018-03-31": "6.14310", "2017-12-31": "2.77430", "2017-09-30": "5.20680", "2017-06-30": "3.86780", "2017-03-31": "4.86060", "2016-12-31": "5.53530", "2016-09-30": "3.15790", "2016-06-30": "5.60060", "2016-03-31": "2.72930", "2015-12-31": "3.30010", "2015-09-30": "1.63010", "2015-06-30": "2.24090", "2015-03-31": "1.92840", "2014-12-31": "7.65880", "2014-09-30": "5.92160", "2014-06-30": "7.92750", "2014-03-31": "4.40670", "2013-12-31": "3.03170", "2013-09-30": "2.04900", "2013-06-30": "3.17980", "2013-03-31": "4.01050", "2012-12-31": "4.08130", "2012-09-30": "5.74940", "2012-06-30": "4.01980", "2012-03-31": "6.34590", "2011-12-31": "5.19970", "2011-09-30": "4.53630", "2011-06-30": "9.79310", "2011-03-31": "8.87330", "2010-12-31": "9.18650", "2010-09-30": "3.74540", "2010-06-30": "9.65670", "2010-03-31": "6.61250", "2009-12-31": "0.79140", "2009-09-30": "-0.31350", "2009-06-30": "0.31830", "2009-03-31": "1.74830", "2008-12-31": "2.41730", "2008-09-30": "2.80240", "2008-06-30": "0.30960", "2008-03-31": "5.97600", "2007-12-31": "3.08670", "2007-09-30": "6.18990", "2007-06-30": "4.64310", "2007-03-31": "7.79240", "2006-12-31": "11.69640", "2006-09-30": "11.15420", "2006-06-30": "11.33170", "2006-03-31": "9.57510", "2005-12-31": "12.53420", "2005-09-30": "10.26780", "2005-06-30": "11.14680", "2005-03-31": "13.60950"}, "EBITDA Margin": {"2020-09-30": "", "2020-06-30": "", "2020-03-31": "", "2019-12-31": "", "2019-09-30": "", "2019-06-30": "", "2019-03-31": "", "2018-12-31": "", "2018-09-30": "", "2018-06-30": "", "2018-03-31": "", "2017-12-31": "", "2017-09-30": "", "2017-06-30": "", "2017-03-31": "", "2016-12-31": "", "2016-09-30": "", "2016-06-30": "", "2016-03-31": "", "2015-12-31": "", "2015-09-30": "", "2015-06-30": "", "2015-03-31": "", "2014-12-31": "", "2014-09-30": "", "2014-06-30": "", "2014-03-31": "", "2013-12-31": "", "2013-09-30": "", "2013-06-30": "", "2013-03-31": "", "2012-12-31": "", "2012-09-30": "", "2012-06-30": "", "2012-03-31": "", "2011-12-31": "", "2011-09-30": "", "2011-06-30": "", "2011-03-31": "", "2010-12-31": "", "2010-09-30": "", "2010-06-30": "", "2010-03-31": "", "2009-12-31": "", "2009-09-30": "", "2009-06-30": "", "2009-03-31": "", "2008-12-31": "", "2008-09-30": "", "2008-06-30": "", "2008-03-31": "", "2007-12-31": "", "2007-09-30": "", "2007-06-30": "", "2007-03-31": "", "2006-12-31": "", "2006-09-30": "", "2006-06-30": "", "2006-03-31": "", "2005-12-31": "", "2005-09-30": "", "2005-06-30": "", "2005-03-31": ""}, "Pre-Tax Profit Margin": {"2020-09-30": "4.55930", "2020-06-30": "6.41590", "2020-03-31": "-10.33870", "2019-12-31": "9.27150", "2019-09-30": "-1.08240", "2019-06-30": "3.78700", "2019-03-31": "4.21260", "2018-12-31": "-8.48380", "2018-09-30": "3.63420", "2018-06-30": "0.65050", "2018-03-31": "3.41990", "2017-12-31": "6.74650", "2017-09-30": "8.84450", "2017-06-30": "5.90720", "2017-03-31": "8.00570", "2016-12-31": "8.66720", "2016-09-30": "7.51880", "2016-06-30": "7.07440", "2016-03-31": "5.23120", "2015-12-31": "9.90020", "2015-09-30": "0.92130", "2015-06-30": "3.57140", "2015-03-31": "3.30580", "2014-12-31": "8.81160", "2014-09-30": "10.36680", "2014-06-30": "8.53340", "2014-03-31": "5.10150", "2013-12-31": "4.60500", "2013-09-30": "2.23040", "2013-06-30": "3.44850", "2013-03-31": "4.44440", "2012-12-31": "5.15550", "2012-09-30": "6.38780", "2012-06-30": "4.40630", "2012-03-31": "7.92770", "2011-12-31": "6.84910", "2011-09-30": "3.44970", "2011-06-30": "10.48200", "2011-03-31": "10.14480", "2010-12-31": "10.61700", "2010-09-30": "5.14790", "2010-06-30": "9.73700", "2010-03-31": "7.52440", "2009-12-31": "2.34910", "2009-09-30": "3.09960", "2009-06-30": "2.31480", "2009-03-31": "2.18850", "2008-12-31": "0.94390", "2008-09-30": "2.91480", "2008-06-30": "1.45680", "2008-03-31": "6.69130", "2007-12-31": "4.17660", "2007-09-30": "6.44310", "2007-06-30": "5.92710", "2007-03-31": "7.75400", "2006-12-31": "13.39000", "2006-09-30": "10.97880", "2006-06-30": "11.58650", "2006-03-31": "10.66580", "2005-12-31": "12.72130", "2005-09-30": "10.36400", "2005-06-30": "9.89590", "2005-03-31": "13.64410"}, "Net Profit Margin": {"2020-09-30": "8.93620", "2020-06-30": "-1.43810", "2020-03-31": "-6.12000", "2019-12-31": "9.65780", "2019-09-30": "-0.42090", "2019-06-30": "3.18330", "2019-03-31": "3.69410", "2018-12-31": "-5.47530", "2018-09-30": "2.11990", "2018-06-30": "0.41400", "2018-03-31": "2.02660", "2017-12-31": "1.45020", "2017-09-30": "5.77750", "2017-06-30": "4.07880", "2017-03-31": "6.07580", "2016-12-31": "7.50180", "2016-09-30": "5.63910", "2016-06-30": "5.89540", "2016-03-31": "4.09400", "2015-12-31": "7.90480", "2015-09-30": "0.21260", "2015-06-30": "2.24090", "2015-03-31": "2.27270", "2014-12-31": "7.14090", "2014-09-30": "6.48010", "2014-06-30": "5.54670", "2014-03-31": "3.25530", "2013-12-31": "4.78650", "2013-09-30": "1.87910", "2013-06-30": "2.34830", "2013-03-31": "3.63110", "2012-12-31": "4.37400", "2012-09-30": "5.03050", "2012-06-30": "3.31640", "2012-03-31": "5.58820", "2011-12-31": "5.62460", "2011-09-30": "2.47580", "2011-06-30": "8.11430", "2011-03-31": "7.95980", "2010-12-31": "8.57650", "2010-09-30": "3.58590", "2010-06-30": "7.40170", "2010-03-31": "6.15300", "2009-12-31": "1.32410", "2009-09-30": "4.29600", "2009-06-30": "3.09470", "2009-03-31": "1.75970", "2008-12-31": "2.01520", "2008-09-30": "2.90760", "2008-06-30": "2.09640", "2008-03-31": "7.04730", "2007-12-31": "3.90680", "2007-09-30": "6.56060", "2007-06-30": "5.74720", "2007-03-31": "6.76890", "2006-12-31": "10.89700", "2006-09-30": "9.01980", "2006-06-30": "10.04300", "2006-03-31": "8.10920", "2005-12-31": "13.76000", "2005-09-30": "8.25880", "2005-06-30": "8.49220", "2005-03-31": "9.62770"}, "Asset Turnover": {"2020-09-30": "0.27530", "2020-06-30": "0.30780", "2020-03-31": "0.27340", "2019-12-31": "0.28830", "2019-09-30": "0.27970", "2019-06-30": "0.30880", "2019-03-31": "0.25820", "2018-12-31": "0.31320", "2018-09-30": "0.30380", "2018-06-30": "0.32670", "2018-03-31": "0.30050", "2017-12-31": "0.30730", "2017-09-30": "0.28080", "2017-06-30": "0.29250", "2017-03-31": "0.29100", "2016-12-31": "0.28870", "2016-09-30": "0.28650", "2016-06-30": "0.30650", "2016-03-31": "0.30000", "2015-12-31": "0.29410", "2015-09-30": "0.37090", "2015-06-30": "0.38200", "2015-03-31": "0.39090", "2014-12-31": "0.45400", "2014-09-30": "0.46760", "2014-06-30": "0.49320", "2014-03-31": "0.44300", "2013-12-31": "0.51360", "2013-09-30": "0.49490", "2013-06-30": "0.50330", "2013-03-31": "0.46980", "2012-12-31": "0.51620", "2012-09-30": "0.44040", "2012-06-30": "0.48570", "2012-03-31": "0.47270", "2011-12-31": "0.46680", "2011-09-30": "0.49710", "2011-06-30": "0.48520", "2011-03-31": "0.52820", "2010-12-31": "0.44080", "2010-09-30": "0.43430", "2010-06-30": "0.42540", "2010-03-31": "0.42880", "2009-12-31": "0.41050", "2009-09-30": "0.36960", "2009-06-30": "0.37480", "2009-03-31": "0.41660", "2008-12-31": "0.49010", "2008-09-30": "0.45600", "2008-06-30": "0.44840", "2008-03-31": "0.44890", "2007-12-31": "0.44930", "2007-09-30": "0.38920", "2007-06-30": "0.36770", "2007-03-31": "0.37450", "2006-12-31": "0.35920", "2006-09-30": "0.36900", "2006-06-30": "0.38800", "2006-03-31": "0.35580", "2005-12-31": "0.33130", "2005-09-30": "0.38390", "2005-06-30": "0.47940", "2005-03-31": "0.46770"}, "Inventory Turnover Ratio": {"2020-09-30": "1.43790", "2020-06-30": "1.73610", "2020-03-31": "1.37970", "2019-12-31": "1.59690", "2019-09-30": "1.73470", "2019-06-30": "1.93570", "2019-03-31": "1.51110", "2018-12-31": "1.90060", "2018-09-30": "1.74940", "2018-06-30": "1.80210", "2018-03-31": "1.76540", "2017-12-31": "1.86150", "2017-09-30": "1.51450", "2017-06-30": "1.79090", "2017-03-31": "1.49760", "2016-12-31": "1.62070", "2016-09-30": "1.56870", "2016-06-30": "1.83000", "2016-03-31": "1.75650", "2015-12-31": "1.61030", "2015-09-30": "1.90280", "2015-06-30": "1.99710", "2015-03-31": "1.89780", "2014-12-31": "2.01370", "2014-09-30": "1.99240", "2014-06-30": "2.06610", "2014-03-31": "2.08170", "2013-12-31": "2.33310", "2013-09-30": "1.97880", "2013-06-30": "2.08570", "2013-03-31": "1.72750", "2012-12-31": "2.09630", "2012-09-30": "1.65520", "2012-06-30": "2.29300", "2012-03-31": "1.89510", "2011-12-31": "1.96540", "2011-09-30": "2.06710", "2011-06-30": "1.94230", "2011-03-31": "2.34390", "2010-12-31": "1.94130", "2010-09-30": "2.17370", "2010-06-30": "1.94000", "2010-03-31": "2.10840", "2009-12-31": "1.81080", "2009-09-30": "1.67610", "2009-06-30": "1.74050", "2009-03-31": "1.91510", "2008-12-31": "2.10370", "2008-09-30": "1.62440", "2008-06-30": "2.08440", "2008-03-31": "2.04150", "2007-12-31": "2.20750", "2007-09-30": "1.59130", "2007-06-30": "1.89320", "2007-03-31": "1.76540", "2006-12-31": "1.69350", "2006-09-30": "1.84330", "2006-06-30": "1.86600", "2006-03-31": "1.65290", "2005-12-31": "1.47060", "2005-09-30": "1.70670", "2005-06-30": "2.35340", "2005-03-31": "1.97010"}, "Receiveable Turnover": {"2020-09-30": "3.13330", "2020-06-30": "3.28130", "2020-03-31": "2.43560", "2019-12-31": "2.80500", "2019-09-30": "3.14370", "2019-06-30": "3.33700", "2019-03-31": "3.06150", "2018-12-31": "3.01630", "2018-09-30": "3.26280", "2018-06-30": "3.24570", "2018-03-31": "2.59700", "2017-12-31": "3.29050", "2017-09-30": "2.25400", "2017-06-30": "2.35040", "2017-03-31": "2.30860", "2016-12-31": "2.18980", "2016-09-30": "2.94900", "2016-06-30": "3.27780", "2016-03-31": "2.92460", "2015-12-31": "2.55490", "2015-09-30": "3.09360", "2015-06-30": "2.92030", "2015-03-31": "2.75850", "2014-12-31": "2.64370", "2014-09-30": "3.03290", "2014-06-30": "2.90910", "2014-03-31": "2.69860", "2013-12-31": "2.69500", "2013-09-30": "2.86980", "2013-06-30": "3.12870", "2013-03-31": "3.16130", "2012-12-31": "3.31110", "2012-09-30": "2.82780", "2012-06-30": "3.19520", "2012-03-31": "2.97700", "2011-12-31": "2.94090", "2011-09-30": "3.07040", "2011-06-30": "3.19570", "2011-03-31": "3.21930", "2010-12-31": "3.34820", "2010-09-30": "3.40430", "2010-06-30": "3.50200", "2010-03-31": "3.18900", "2009-12-31": "3.54440", "2009-09-30": "2.80720", "2009-06-30": "2.82800", "2009-03-31": "2.68050", "2008-12-31": "3.16760", "2008-09-30": "2.70760", "2008-06-30": "2.63320", "2008-03-31": "2.52990", "2007-12-31": "2.61780", "2007-09-30": "2.79970", "2007-06-30": "2.98640", "2007-03-31": "3.02420", "2006-12-31": "2.54290", "2006-09-30": "2.74900", "2006-06-30": "3.09110", "2006-03-31": "2.99010", "2005-12-31": "2.69850", "2005-09-30": "2.85840", "2005-06-30": "3.04930", "2005-03-31": "2.74930"}, "Days Sales In Receivables": {"2020-09-30": "28.72340", "2020-06-30": "27.42810", "2020-03-31": "36.95190", "2019-12-31": "32.08610", "2019-09-30": "28.62900", "2019-06-30": "26.97040", "2019-03-31": "29.39730", "2018-12-31": "29.83750", "2018-09-30": "27.58330", "2018-06-30": "27.72920", "2018-03-31": "34.65490", "2017-12-31": "27.35180", "2017-09-30": "39.92870", "2017-06-30": "38.29110", "2017-03-31": "38.98500", "2016-12-31": "41.09980", "2016-09-30": "30.51880", "2016-06-30": "27.45760", "2016-03-31": "30.77330", "2015-12-31": "35.22640", "2015-09-30": "29.09210", "2015-06-30": "30.81850", "2015-03-31": "32.62590", "2014-12-31": "34.04270", "2014-09-30": "29.67460", "2014-06-30": "30.93770", "2014-03-31": "33.35110", "2013-12-31": "33.39470", "2013-09-30": "31.36150", "2013-06-30": "28.76560", "2013-03-31": "28.46910", "2012-12-31": "27.18170", "2012-09-30": "31.82690", "2012-06-30": "28.16750", "2012-03-31": "30.23220", "2011-12-31": "30.60300", "2011-09-30": "29.31240", "2011-06-30": "28.16260", "2011-03-31": "27.95620", "2010-12-31": "26.88040", "2010-09-30": "26.43740", "2010-06-30": "25.69930", "2010-03-31": "28.22200", "2009-12-31": "25.39210", "2009-09-30": "32.06020", "2009-06-30": "31.82440", "2009-03-31": "33.57590", "2008-12-31": "28.41230", "2008-09-30": "33.23970", "2008-06-30": "34.17890", "2008-03-31": "35.57470", "2007-12-31": "34.38010", "2007-09-30": "32.14610", "2007-06-30": "30.13690", "2007-03-31": "29.76000", "2006-12-31": "35.39270", "2006-09-30": "32.73900", "2006-06-30": "29.11590", "2006-03-31": "30.09950", "2005-12-31": "33.35210", "2005-09-30": "31.48620", "2005-06-30": "29.51520", "2005-03-31": "32.73620"}, "ROE - Return On Equity": {"2020-09-30": "4.14670", "2020-06-30": "-0.76700", "2020-03-31": "-2.99680", "2019-12-31": "4.92400", "2019-09-30": "-0.20530", "2019-06-30": "1.69640", "2019-03-31": "1.69140", "2018-12-31": "-2.70350", "2018-09-30": "0.99240", "2018-06-30": "0.20480", "2018-03-31": "0.93210", "2017-12-31": "0.64550", "2017-09-30": "2.38520", "2017-06-30": "1.77820", "2017-03-31": "2.57910", "2016-12-31": "3.27560", "2016-09-30": "2.43660", "2016-06-30": "2.65960", "2016-03-31": "1.88810", "2015-12-31": "3.60860", "2015-09-30": "0.10770", "2015-06-30": "1.14780", "2015-03-31": "1.20010", "2014-12-31": "4.39180", "2014-09-30": "3.96130", "2014-06-30": "3.72870", "2014-03-31": "1.93920", "2013-12-31": "3.42150", "2013-09-30": "1.30880", "2013-06-30": "1.68070", "2013-03-31": "2.44620", "2012-12-31": "3.30400", "2012-09-30": "3.28600", "2012-06-30": "2.25650", "2012-03-31": "3.78970", "2011-12-31": "3.77070", "2011-09-30": "1.72310", "2011-06-30": "5.64410", "2011-03-31": "6.15880", "2010-12-31": "5.82080", "2010-09-30": "2.33770", "2010-06-30": "4.64790", "2010-03-31": "3.92160", "2009-12-31": "0.81290", "2009-09-30": "2.36940", "2009-06-30": "1.77930", "2009-03-31": "1.09660", "2008-12-31": "1.58520", "2008-09-30": "2.24200", "2008-06-30": "1.46640", "2008-03-31": "4.92030", "2007-12-31": "2.70890", "2007-09-30": "3.95540", "2007-06-30": "3.29180", "2007-03-31": "3.93470", "2006-12-31": "6.37990", "2006-09-30": "5.29480", "2006-06-30": "6.31380", "2006-03-31": "5.01900", "2005-12-31": "8.46850", "2005-09-30": "5.95190", "2005-06-30": "7.58970", "2005-03-31": "9.00780"}, "Return On Tangible Equity": {"2020-09-30": "4.34780", "2020-06-30": "-0.80570", "2020-03-31": "-3.14700", "2019-12-31": "5.16220", "2019-09-30": "-0.21570", "2019-06-30": "1.78240", "2019-03-31": "1.77900", "2018-12-31": "-2.90980", "2018-09-30": "0.99240", "2018-06-30": "0.20480", "2018-03-31": "0.93210", "2017-12-31": "0.65010", "2017-09-30": "2.38520", "2017-06-30": "1.77820", "2017-03-31": "2.57910", "2016-12-31": "3.29530", "2016-09-30": "2.43660", "2016-06-30": "2.65960", "2016-03-31": "1.88810", "2015-12-31": "3.62750", "2015-09-30": "0.10770", "2015-06-30": "1.14780", "2015-03-31": "1.20010", "2014-12-31": "4.42250", "2014-09-30": "3.98980", "2014-06-30": "3.82210", "2014-03-31": "1.98860", "2013-12-31": "3.50950", "2013-09-30": "1.34370", "2013-06-30": "1.72600", "2013-03-31": "2.51280", "2012-12-31": "3.39680", "2012-09-30": "3.37960", "2012-06-30": "2.32300", "2012-03-31": "3.90370", "2011-12-31": "3.88300", "2011-09-30": "1.77560", "2011-06-30": "5.81870", "2011-03-31": "6.36130", "2010-12-31": "6.02540", "2010-09-30": "2.42460", "2010-06-30": "4.82320", "2010-03-31": "4.07700", "2009-12-31": "0.84650", "2009-09-30": "2.46900", "2009-06-30": "1.85660", "2009-03-31": "1.14530", "2008-12-31": "1.65640", "2008-09-30": "2.35420", "2008-06-30": "1.54200", "2008-03-31": "5.17910", "2007-12-31": "2.85990", "2007-09-30": "4.17950", "2007-06-30": "3.48460", "2007-03-31": "4.12130", "2006-12-31": "6.69790", "2006-09-30": "5.57190", "2006-06-30": "6.66550", "2006-03-31": "5.32030", "2005-12-31": "9.00730", "2005-09-30": "6.37560", "2005-06-30": "7.58970", "2005-03-31": "9.00780"}, "ROA - Return On Assets": {"2020-09-30": "2.45980", "2020-06-30": "-0.44270", "2020-03-31": "-1.67340", "2019-12-31": "2.78440", "2019-09-30": "-0.11770", "2019-06-30": "0.98290", "2019-03-31": "0.95380", "2018-12-31": "-1.69590", "2018-09-30": "0.62560", "2018-06-30": "0.13520", "2018-03-31": "0.60890", "2017-12-31": "0.42630", "2017-09-30": "1.62230", "2017-06-30": "1.21350", "2017-03-31": "1.74710", "2016-12-31": "2.18720", "2016-09-30": "1.61530", "2016-06-30": "1.80710", "2016-03-31": "1.25110", "2015-12-31": "2.34710", "2015-09-30": "0.07890", "2015-06-30": "0.85600", "2015-03-31": "0.88840", "2014-12-31": "3.25340", "2014-09-30": "3.01670", "2014-06-30": "2.75780", "2014-03-31": "1.45070", "2013-12-31": "2.48250", "2013-09-30": "0.94190", "2013-06-30": "1.19630", "2013-03-31": "1.71470", "2012-12-31": "2.27800", "2012-09-30": "2.22190", "2012-06-30": "1.59770", "2012-03-31": "2.63480", "2011-12-31": "2.60790", "2011-09-30": "1.18120", "2011-06-30": "3.93270", "2011-03-31": "4.19790", "2010-12-31": "3.78590", "2010-09-30": "1.54240", "2010-06-30": "3.13870", "2010-03-31": "2.63360", "2009-12-31": "0.53750", "2009-09-30": "1.56780", "2009-06-30": "1.14430", "2009-03-31": "0.73300", "2008-12-31": "0.99520", "2008-09-30": "1.33340", "2008-06-30": "0.94940", "2008-03-31": "3.16500", "2007-12-31": "1.75210", "2007-09-30": "2.55370", "2007-06-30": "2.11330", "2007-03-31": "2.53520", "2006-12-31": "3.91400", "2006-09-30": "3.32820", "2006-06-30": "3.89670", "2006-03-31": "2.88520", "2005-12-31": "4.55930", "2005-09-30": "3.17020", "2005-06-30": "4.07110", "2005-03-31": "4.50290"}, "ROI - Return On Investment": {"2020-09-30": "3.47680", "2020-06-30": "-0.63770", "2020-03-31": "-2.49820", "2019-12-31": "4.08500", "2019-09-30": "-0.16900", "2019-06-30": "1.39660", "2019-03-31": "1.38860", "2018-12-31": "-2.21240", "2018-09-30": "0.81590", "2018-06-30": "0.17830", "2018-03-31": "0.80910", "2017-12-31": "0.56560", "2017-09-30": "2.08440", "2017-06-30": "1.54730", "2017-03-31": "2.23640", "2016-12-31": "2.83070", "2016-09-30": "2.09440", "2016-06-30": "2.27600", "2016-03-31": "1.60870", "2015-12-31": "3.05880", "2015-09-30": "0.10770", "2015-06-30": "1.14780", "2015-03-31": "1.20010", "2014-12-31": "4.39180", "2014-09-30": "3.96130", "2014-06-30": "3.72780", "2014-03-31": "1.87870", "2013-12-31": "3.31390", "2013-09-30": "1.25420", "2013-06-30": "1.61030", "2013-03-31": "2.33740", "2012-12-31": "3.13970", "2012-09-30": "3.09560", "2012-06-30": "2.12180", "2012-03-31": "3.58870", "2011-12-31": "3.57090", "2011-09-30": "1.62840", "2011-06-30": "5.36220", "2011-03-31": "5.83060", "2010-12-31": "5.53630", "2010-09-30": "2.23810", "2010-06-30": "4.44400", "2010-03-31": "3.74260", "2009-12-31": "0.77460", "2009-09-30": "2.25640", "2009-06-30": "1.69120", "2009-03-31": "1.04150", "2008-12-31": "1.50450", "2008-09-30": "2.12810", "2008-06-30": "1.34980", "2008-03-31": "4.52210", "2007-12-31": "2.47910", "2007-09-30": "3.61390", "2007-06-30": "2.98290", "2007-03-31": "3.54980", "2006-12-31": "5.72430", "2006-09-30": "4.72560", "2006-06-30": "5.45750", "2006-03-31": "4.20530", "2005-12-31": "7.02420", "2005-09-30": "4.74830", "2005-06-30": "5.92200", "2005-03-31": "6.71990"}, "Book Value Per Share": {"2020-09-30": "3053.40200", "2020-06-30": "2919.89700", "2020-03-31": "2960.37900", "2019-12-31": "3050.64400", "2019-09-30": "2927.03900", "2019-06-30": "2934.76400", "2019-03-31": "2890.22300", "2018-12-31": "2847.73300", "2018-09-30": "2925.70500", "2018-06-30": "2918.87300", "2018-03-31": "2931.68200", "2017-12-31": "2910.33300", "2017-09-30": "2900.08500", "2017-06-30": "2835.89700", "2017-03-31": "2781.38400", "2016-12-31": "2711.35800", "2016-09-30": "2628.52300", "2016-06-30": "2568.74500", "2016-03-31": "2487.61700", "2015-12-31": "2461.14400", "2015-09-30": "2377.70700", "2015-06-30": "2380.78500", "2015-03-31": "2348.16500", "2014-12-31": "2335.61100", "2014-09-30": "2256.68600", "2014-06-30": "2170.14800", "2014-03-31": "2104.83800", "2013-12-31": "2085.76100", "2013-09-30": "2012.21700", "2013-06-30": "1996.22600", "2013-03-31": "1970.83700", "2012-12-31": "1926.70200", "2012-09-30": "1891.12700", "2012-06-30": "1832.06200", "2012-03-31": "1792.67400", "2011-12-31": "1717.14900", "2011-09-30": "1676.06300", "2011-06-30": "1651.75600", "2011-03-31": "1558.17600", "2010-12-31": "1462.37600", "2010-09-30": "1388.95300", "2010-06-30": "1358.65700", "2010-03-31": "1298.04300", "2009-12-31": "1249.32800", "2009-09-30": "1236.71500", "2009-06-30": "1206.70400", "2009-03-31": "1190.23900", "2008-12-31": "1180.30500", "2008-09-30": "1188.24100", "2008-06-30": "1160.64300", "2008-03-31": "1144.48700", "2007-12-31": "1088.60800", "2007-09-30": "1060.76300", "2007-06-30": "1027.63700", "2007-03-31": "994.73600", "2006-12-31": "954.24820", "2006-09-30": "916.45280", "2006-06-30": "869.03020", "2006-03-31": "814.35130", "2005-12-31": "775.47180", "2005-09-30": "704.04860", "2005-06-30": "657.04860", "2005-03-31": "607.50600"}, "Operating Cash Flow Per Share": {"2020-09-30": 29.2851, "2020-06-30": 91.0653, "2020-03-31": "-91.06530", "2019-12-31": 86.5694, "2019-09-30": 26.6381, "2019-06-30": 125.1358, "2019-03-31": "-91.68810", "2018-12-31": 61.4859, "2018-09-30": 87.1051, "2018-06-30": 47.8165, "2018-03-31": "6.83760", "2017-12-31": 39.9921, "2017-09-30": 18.0779, "2017-06-30": 156.2811, "2017-03-31": "-5.12820", "2016-12-31": 109.3083, "2016-09-30": 45.0809, "2016-06-30": 110.3418, "2016-03-31": "99.91460", "2015-12-31": 42.6985, "2015-09-30": 87.1051, "2015-06-30": 120.4099, "2015-03-31": "105.03840", "2014-12-31": 75.5864, "2014-09-30": 70.8107, "2014-06-30": 49.9033, "2014-03-31": "121.18690", "2013-12-31": 100.4686, "2013-09-30": -34.5862, "2013-06-30": 56.3862, "2013-03-31": "-17.57850", "2012-12-31": 106.7457, "2012-09-30": -8.2666, "2012-06-30": 96.6638, "2012-03-31": "22.21840", "2011-12-31": 154.9688, "2011-09-30": 23.2533, "2011-06-30": 47.9803, "2011-03-31": "-45.13570", "2010-12-31": 70.74, "2010-09-30": 36.692, "2010-06-30": 107.406, "2010-03-31": "62.78620", "2009-12-31": 48.7518, "2009-09-30": 12.6508, "2009-06-30": 89.2804, "2009-03-31": "48.47380", "2008-12-31": 143.0378, "2008-09-30": -73.8276, "2008-06-30": 32.5435, "2008-03-31": "-12.23960", "2007-12-31": 26.4408, "2007-09-30": -11.2927, "2007-06-30": 60.9501, "2007-03-31": "39.82630", "2006-12-31": 52.7312, "2006-09-30": 59.7185, "2006-06-30": 75.5162, "2006-03-31": "37.05950", "2005-12-31": 52.8744, "2005-09-30": 60.992, "2005-06-30": 69.9618, "2005-03-31": "79.39280"}, "Free Cash Flow Per Share": {"2020-09-30": -15.5038, "2020-06-30": 45.2928, "2020-03-31": "-138.31610", "2019-12-31": 11.2898, "2019-09-30": -63.6054, "2019-06-30": 62.4675, "2019-03-31": "-162.81060", "2018-12-31": 4.2699, "2018-09-30": 55.5081, "2018-06-30": 29.0554, "2018-03-31": "-23.93160", "2017-12-31": -6.8902, "2017-09-30": -16.167, "2017-06-30": 120.4405, "2017-03-31": "-35.89740", "2016-12-31": 84.5431, "2016-09-30": 18.645, "2016-06-30": 82.9775, "2016-03-31": "83.68920", "2015-12-31": 26.4731, "2015-09-30": 63.1939, "2015-06-30": 106.7464, "2015-03-31": "81.12720", "2014-12-31": 58.4513, "2014-09-30": 54.4279, "2014-06-30": 24.888, "2014-03-31": "90.58590", "2013-12-31": 71.624, "2013-09-30": -58.4005, "2013-06-30": 19.8729, "2013-03-31": "-41.47160", "2012-12-31": 72.6419, "2012-09-30": -41.1757, "2012-06-30": 66.785, "2012-03-31": "0.46480", "2011-12-31": 129.472, "2011-09-30": -35.0724, "2011-06-30": 65.7401, "2011-03-31": "-77.23190", "2010-12-31": 52.5733, "2010-09-30": 8.486, "2010-06-30": 88.8402, "2010-03-31": "49.55390", "2009-12-31": 48.9038, "2009-09-30": 4.9531, "2009-06-30": 79.5742, "2009-03-31": "36.60610", "2008-12-31": 118.6878, "2008-09-30": -93.5779, "2008-06-30": 9.6094, "2008-03-31": "-49.96950", "2007-12-31": -3.9399, "2007-09-30": -45.5001, "2007-06-30": 28.7684, "2007-03-31": "9.39020", "2006-12-31": 26.7446, "2006-09-30": 45.253, "2006-06-30": 62.7216, "2006-03-31": "24.97070", "2005-12-31": 59.1479, "2005-09-30": 53.8542, "2005-06-30": 55.5004, "2005-03-31": "68.61590"}}, "revenue": {"Seaboard Annual Revenue (Millions of US $)": {"2019": "$6,840", "2018": "$6,583", "2017": "$5,809", "2016": "$5,379", "2015": "$5,594", "2014": "$6,473", "2013": "$6,670", "2012": "$6,189", "2011": "$5,747", "2010": "$4,386", "2009": "$3,601", "2008": "$4,268", "2007": "$3,213", "2006": "$2,707", "2005": "$2,689"}, "Seaboard Quarterly Revenue (Millions of US $)": {"2020-09-30": "$1,645", "2020-06-30": "$1,808", "2020-03-31": "$1,683", "2019-12-31": "$1,812", "2019-09-30": "$1,663", "2019-06-30": "$1,822", "2019-03-31": "$1,543", "2018-12-31": "$1,662", "2018-09-30": "$1,651", "2018-06-30": "$1,691", "2018-03-31": "$1,579", "2017-12-31": "$1,586", "2017-09-30": "$1,402", "2017-06-30": "$1,422", "2017-03-31": "$1,399", "2016-12-31": "$1,373", "2016-09-30": "$1,330", "2016-06-30": "$1,357", "2016-03-31": "$1,319", "2015-12-31": "$1,303", "2015-09-30": "$1,411", "2015-06-30": "$1,428", "2015-03-31": "$1,452", "2014-12-31": "$1,676", "2014-09-30": "$1,623", "2014-06-30": "$1,695", "2014-03-31": "$1,480", "2013-12-31": "$1,756", "2013-09-30": "$1,648", "2013-06-30": "$1,684", "2013-03-31": "$1,582", "2012-12-31": "$1,728", "2012-09-30": "$1,479", "2012-06-30": "$1,511", "2012-03-31": "$1,471", "2011-12-31": "$1,403", "2011-09-30": "$1,477", "2011-06-30": "$1,399", "2011-03-31": "$1,468", "2010-12-31": "$1,205", "2010-09-30": "$1,112", "2010-06-30": "$1,048", "2010-03-31": "$1,020", "2009-12-31": "$959", "2009-09-30": "$855", "2009-06-30": "$870", "2009-03-31": "$918", "2008-12-31": "$1,142", "2008-09-30": "$1,132", "2008-06-30": "$1,000", "2008-03-31": "$994", "2007-12-31": "$941", "2007-09-30": "$801", "2007-06-30": "$742", "2007-03-31": "$729", "2006-12-31": "$705", "2006-09-30": "$678", "2006-06-30": "$689", "2006-03-31": "$636", "2005-12-31": "$602", "2005-09-30": "$637", "2005-06-30": "$737", "2005-03-31": "$713"}}, "gross-profit": {"Seaboard Annual Gross Profit (Millions of US $)": {"2019": "$440", "2018": "$523", "2017": "$549", "2016": "$497", "2015": "$396", "2014": "$678", "2013": "$468", "2012": "$561", "2011": "$628", "2010": "$526", "2009": "$218", "2008": "$298", "2007": "$342", "2006": "$454", "2005": "$459"}, "Seaboard Quarterly Gross Profit (Millions of US $)": {"2020-09-30": "$118", "2020-06-30": "$91", "2020-03-31": "$135", "2019-12-31": "$180", "2019-09-30": "$74", "2019-06-30": "$136", "2019-03-31": "$50", "2018-12-31": "$113", "2018-09-30": "$122", "2018-06-30": "$116", "2018-03-31": "$172", "2017-12-31": "$134", "2017-09-30": "$148", "2017-06-30": "$129", "2017-03-31": "$138", "2016-12-31": "$138", "2016-09-30": "$108", "2016-06-30": "$151", "2016-03-31": "$100", "2015-12-31": "$113", "2015-09-30": "$90", "2015-06-30": "$100", "2015-03-31": "$93", "2014-12-31": "$194", "2014-09-30": "$161", "2014-06-30": "$197", "2014-03-31": "$126", "2013-12-31": "$125", "2013-09-30": "$101", "2013-06-30": "$115", "2013-03-31": "$127", "2012-12-31": "$141", "2012-09-30": "$144", "2012-06-30": "$121", "2012-03-31": "$155", "2011-12-31": "$136", "2011-09-30": "$116", "2011-06-30": "$190", "2011-03-31": "$185", "2010-12-31": "$169", "2010-09-30": "$94", "2010-06-30": "$147", "2010-03-31": "$116", "2009-12-31": "$56", "2009-09-30": "$46", "2009-06-30": "$51", "2009-03-31": "$63", "2008-12-31": "$72", "2008-09-30": "$77", "2008-06-30": "$48", "2008-03-31": "$101", "2007-12-31": "$73", "2007-09-30": "$92", "2007-06-30": "$75", "2007-03-31": "$101", "2006-12-31": "$126", "2006-09-30": "$115", "2006-06-30": "$115", "2006-03-31": "$98", "2005-12-31": "$115", "2005-09-30": "$101", "2005-06-30": "$115", "2005-03-31": "$129"}}, "operating-income": {"Seaboard Annual Operating Income (Millions of US $)": {"2019": "$104", "2018": "$209", "2017": "$240", "2016": "$230", "2015": "$126", "2014": "$424", "2013": "$204", "2012": "$310", "2011": "$407", "2010": "$321", "2009": "$24", "2008": "$122", "2007": "$170", "2006": "$297", "2005": "$320"}, "Seaboard Quarterly Operating Income (Millions of US $)": {"2020-09-30": "$29", "2020-06-30": "$11", "2020-03-31": "$63", "2019-12-31": "$91", "2019-09-30": "$-6", "2019-06-30": "$53", "2019-03-31": "$-34", "2018-12-31": "$43", "2018-09-30": "$37", "2018-06-30": "$32", "2018-03-31": "$97", "2017-12-31": "$44", "2017-09-30": "$73", "2017-06-30": "$55", "2017-03-31": "$68", "2016-12-31": "$76", "2016-09-30": "$42", "2016-06-30": "$76", "2016-03-31": "$36", "2015-12-31": "$43", "2015-09-30": "$23", "2015-06-30": "$32", "2015-03-31": "$28", "2014-12-31": "$128", "2014-09-30": "$96", "2014-06-30": "$134", "2014-03-31": "$65", "2013-12-31": "$53", "2013-09-30": "$34", "2013-06-30": "$54", "2013-03-31": "$63", "2012-12-31": "$71", "2012-09-30": "$85", "2012-06-30": "$61", "2012-03-31": "$93", "2011-12-31": "$73", "2011-09-30": "$67", "2011-06-30": "$137", "2011-03-31": "$130", "2010-12-31": "$111", "2010-09-30": "$42", "2010-06-30": "$101", "2010-03-31": "$67", "2009-12-31": "$8", "2009-09-30": "$-3", "2009-06-30": "$3", "2009-03-31": "$16", "2008-12-31": "$28", "2008-09-30": "$32", "2008-06-30": "$3", "2008-03-31": "$59", "2007-12-31": "$29", "2007-09-30": "$50", "2007-06-30": "$34", "2007-03-31": "$57", "2006-12-31": "$82", "2006-09-30": "$76", "2006-06-30": "$78", "2006-03-31": "$61", "2005-12-31": "$75", "2005-09-30": "$65", "2005-06-30": "$82", "2005-03-31": "$97"}}, "ebitda": {"Seaboard Annual EBITDA (Millions of US $)": {"2019": "$242", "2018": "$343", "2017": "$358", "2016": "$332", "2015": "$217", "2014": "$516", "2013": "$297", "2012": "$400", "2011": "$488", "2010": "$408", "2009": "$116", "2008": "$219", "2007": "$249", "2006": "$368", "2005": "$385"}, "Seaboard Quarterly EBITDA (Millions of US $)": {"2020-09-30": "$66", "2020-06-30": "$47", "2020-03-31": "$99", "2019-12-31": "$126", "2019-09-30": "$29", "2019-06-30": "$87", "2019-03-31": "", "2018-12-31": "$76", "2018-09-30": "$71", "2018-06-30": "$67", "2018-03-31": "$129", "2017-12-31": "$74", "2017-09-30": "$105", "2017-06-30": "$84", "2017-03-31": "$95", "2016-12-31": "$104", "2016-09-30": "$67", "2016-06-30": "$102", "2016-03-31": "$59", "2015-12-31": "$65", "2015-09-30": "$46", "2015-06-30": "$54", "2015-03-31": "$52", "2014-12-31": "$151", "2014-09-30": "$119", "2014-06-30": "$157", "2014-03-31": "$88", "2013-12-31": "$76", "2013-09-30": "$57", "2013-06-30": "$77", "2013-03-31": "$87", "2012-12-31": "$93", "2012-09-30": "$108", "2012-06-30": "$84", "2012-03-31": "$114", "2011-12-31": "$94", "2011-09-30": "$87", "2011-06-30": "$157", "2011-03-31": "$151", "2010-12-31": "$132", "2010-09-30": "$63", "2010-06-30": "$123", "2010-03-31": "$89", "2009-12-31": "$30", "2009-09-30": "$20", "2009-06-30": "$26", "2009-03-31": "$39", "2008-12-31": "$58", "2008-09-30": "$55", "2008-06-30": "$25", "2008-03-31": "$81", "2007-12-31": "$49", "2007-09-30": "$70", "2007-06-30": "$54", "2007-03-31": "$76", "2006-12-31": "$101", "2006-09-30": "$94", "2006-06-30": "$96", "2006-03-31": "$78", "2005-12-31": "$93", "2005-09-30": "$82", "2005-06-30": "$98", "2005-03-31": "$112"}}, "net-income": {"Seaboard Annual Net Income (Millions of US $)": {"2019": "$283", "2018": "$-17", "2017": "$247", "2016": "$312", "2015": "$171", "2014": "$367", "2013": "$212", "2012": "$282", "2011": "$346", "2010": "$284", "2009": "$92", "2008": "$147", "2007": "$181", "2006": "$259", "2005": "$267"}, "Seaboard Quarterly Net Income (Millions of US $)": {"2020-09-30": "$147", "2020-06-30": "$-26", "2020-03-31": "$-103", "2019-12-31": "$175", "2019-09-30": "$-7", "2019-06-30": "$58", "2019-03-31": "$57", "2018-12-31": "$-91", "2018-09-30": "$35", "2018-06-30": "$7", "2018-03-31": "$32", "2017-12-31": "$23", "2017-09-30": "$81", "2017-06-30": "$58", "2017-03-31": "$85", "2016-12-31": "$103", "2016-09-30": "$75", "2016-06-30": "$80", "2016-03-31": "$54", "2015-12-31": "$103", "2015-09-30": "$3", "2015-06-30": "$32", "2015-03-31": "$33", "2014-12-31": "$120", "2014-09-30": "$105", "2014-06-30": "$94", "2014-03-31": "$48", "2013-12-31": "$84", "2013-09-30": "$31", "2013-06-30": "$40", "2013-03-31": "$57", "2012-12-31": "$76", "2012-09-30": "$74", "2012-06-30": "$50", "2012-03-31": "$82", "2011-12-31": "$79", "2011-09-30": "$37", "2011-06-30": "$113", "2011-03-31": "$117", "2010-12-31": "$103", "2010-09-30": "$40", "2010-06-30": "$78", "2010-03-31": "$63", "2009-12-31": "$13", "2009-09-30": "$37", "2009-06-30": "$27", "2009-03-31": "$16", "2008-12-31": "$23", "2008-09-30": "$33", "2008-06-30": "$21", "2008-03-31": "$70", "2007-12-31": "$37", "2007-09-30": "$53", "2007-06-30": "$43", "2007-03-31": "$49", "2006-12-31": "$77", "2006-09-30": "$61", "2006-06-30": "$69", "2006-03-31": "$52", "2005-12-31": "$83", "2005-09-30": "$53", "2005-06-30": "$63", "2005-03-31": "$69"}}, "eps-earnings-per-share-diluted": {"Seaboard Annual EPS": {"2019": "$242.78", "2018": "$-14.61", "2017": "$211.01", "2016": "$266.50", "2015": "$146.44", "2014": "$311.44", "2013": "$177.53", "2012": "$234.54", "2011": "$284.66", "2010": "$231.69", "2009": "$74.74", "2008": "$118.19", "2007": "$144.15", "2006": "$205.09", "2005": "$211.94"}, "Seaboard Quarterly EPS": {"2020-09-30": "$126.17", "2020-06-30": "$-22.35", "2020-03-31": "$-88.43", "2019-12-31": "$149.86", "2019-09-30": "$-6.00", "2019-06-30": "$50.13", "2019-03-31": "$48.79", "2018-12-31": "$-77.57", "2018-09-30": "$29.93", "2018-06-30": "$6.28", "2018-03-31": "$26.75", "2017-12-31": "$19.38", "2017-09-30": "$69.28", "2017-06-30": "$50.51", "2017-03-31": "$71.84", "2016-12-31": "$87.83", "2016-09-30": "$64.42", "2016-06-30": "$68.34", "2016-03-31": "$45.91", "2015-12-31": "$88.70", "2015-09-30": "$2.59", "2015-06-30": "$27.04", "2015-03-31": "$28.11", "2014-12-31": "$101.78", "2014-09-30": "$89.83", "2014-06-30": "$79.28", "2014-03-31": "$40.55", "2013-12-31": "$70.49", "2013-09-30": "$25.99", "2013-06-30": "$33.07", "2013-03-31": "$47.98", "2012-12-31": "$63.04", "2012-09-30": "$61.92", "2012-06-30": "$41.58", "2012-03-31": "$68.00", "2011-12-31": "$65.14", "2011-09-30": "$30.07", "2011-06-30": "$93.34", "2011-03-31": "$96.11", "2010-12-31": "$84.90", "2010-09-30": "$32.74", "2010-06-30": "$63.21", "2010-03-31": "$50.84", "2009-12-31": "$10.40", "2009-09-30": "$29.69", "2009-06-30": "$21.76", "2009-03-31": "$12.89", "2008-12-31": "$18.59", "2008-09-30": "$26.47", "2008-06-30": "$16.85", "2008-03-31": "$56.28", "2007-12-31": "$29.45", "2007-09-30": "$41.75", "2007-06-30": "$33.82", "2007-03-31": "$39.13", "2006-12-31": "$60.87", "2006-09-30": "$48.51", "2006-06-30": "$54.85", "2006-03-31": "$40.86", "2005-12-31": "$65.66", "2005-09-30": "$41.69", "2005-06-30": "$49.87", "2005-03-31": "$54.72"}}, "shares-outstanding": {"Seaboard Annual Shares Outstanding (Millions of Shares)": {"2019": "1", "2018": "1", "2017": "1", "2016": "1", "2015": "1", "2014": "1", "2013": "1", "2012": "1", "2011": "1", "2010": "1", "2009": "1", "2008": "1", "2007": "1", "2006": "1", "2005": "1"}, "Seaboard Quarterly Shares Outstanding (Millions of Shares)": {"2020-09-30": "1", "2020-06-30": "1", "2020-03-31": "1", "2019-12-31": "1", "2019-09-30": "1", "2019-06-30": "1", "2019-03-31": "1", "2018-12-31": "1", "2018-09-30": "1", "2018-06-30": "1", "2018-03-31": "1", "2017-12-31": "1", "2017-09-30": "1", "2017-06-30": "1", "2017-03-31": "1", "2016-12-31": "1", "2016-09-30": "1", "2016-06-30": "1", "2016-03-31": "1", "2015-12-31": "1", "2015-09-30": "1", "2015-06-30": "1", "2015-03-31": "1", "2014-12-31": "1", "2014-09-30": "1", "2014-06-30": "1", "2014-03-31": "1", "2013-12-31": "1", "2013-09-30": "1", "2013-06-30": "1", "2013-03-31": "1", "2012-12-31": "1", "2012-09-30": "1", "2012-06-30": "1", "2012-03-31": "1", "2011-12-31": "1", "2011-09-30": "1", "2011-06-30": "1", "2011-03-31": "1", "2010-12-31": "1", "2010-09-30": "1", "2010-06-30": "1", "2010-03-31": "1", "2009-12-31": "1", "2009-09-30": "1", "2009-06-30": "1", "2009-03-31": "1", "2008-12-31": "1", "2008-09-30": "1", "2008-06-30": "1", "2008-03-31": "1", "2007-12-31": "1", "2007-09-30": "1", "2007-06-30": "1", "2007-03-31": "1", "2006-12-31": "1", "2006-09-30": "1", "2006-06-30": "1", "2006-03-31": "1", "2005-12-31": "1", "2005-09-30": "1", "2005-06-30": "1", "2005-03-31": "1"}}, "total-assets": {"Seaboard Annual Total Assets (Millions of US $)": {"2019": "$6,285", "2018": "$5,307", "2017": "$5,161", "2016": "$4,755", "2015": "$4,431", "2014": "$3,692", "2013": "$3,418", "2012": "$3,348", "2011": "$3,007", "2010": "$2,734", "2009": "$2,337", "2008": "$2,331", "2007": "$2,094", "2006": "$1,961", "2005": "$1,816"}, "Seaboard Quarterly Total Assets (Millions of US $)": {"2020-09-30": "$5,976", "2020-06-30": "$5,873", "2020-03-31": "$6,155", "2019-12-31": "$6,285", "2019-09-30": "$5,946", "2019-06-30": "$5,901", "2019-03-31": "$5,976", "2018-12-31": "$5,307", "2018-09-30": "$5,435", "2018-06-30": "$5,176", "2018-03-31": "$5,255", "2017-12-31": "$5,161", "2017-09-30": "$4,993", "2017-06-30": "$4,862", "2017-03-31": "$4,808", "2016-12-31": "$4,755", "2016-09-30": "$4,643", "2016-06-30": "$4,427", "2016-03-31": "$4,396", "2015-12-31": "$4,431", "2015-09-30": "$3,804", "2015-06-30": "$3,738", "2015-03-31": "$3,715", "2014-12-31": "$3,692", "2014-09-30": "$3,470", "2014-06-30": "$3,436", "2014-03-31": "$3,340", "2013-12-31": "$3,418", "2013-09-30": "$3,330", "2013-06-30": "$3,346", "2013-03-31": "$3,368", "2012-12-31": "$3,348", "2012-09-30": "$3,359", "2012-06-30": "$3,110", "2012-03-31": "$3,112", "2011-12-31": "$3,007", "2011-09-30": "$2,971", "2011-06-30": "$2,883", "2011-03-31": "$2,780", "2010-12-31": "$2,734", "2010-09-30": "$2,560", "2010-06-30": "$2,465", "2010-03-31": "$2,379", "2009-12-31": "$2,337", "2009-09-30": "$2,312", "2009-06-30": "$2,321", "2009-03-31": "$2,203", "2008-12-31": "$2,331", "2008-09-30": "$2,482", "2008-06-30": "$2,230", "2008-03-31": "$2,213", "2007-12-31": "$2,094", "2007-09-30": "$2,059", "2007-06-30": "$2,019", "2007-03-31": "$1,947", "2006-12-31": "$1,961", "2006-09-30": "$1,838", "2006-06-30": "$1,776", "2006-03-31": "$1,786", "2005-12-31": "$1,816", "2005-09-30": "$1,659", "2005-06-30": "$1,537", "2005-03-31": "$1,525"}}, "cash-on-hand": {"Seaboard Annual Cash on Hand (Millions of US $)": {"2019": "$1,559", "2018": "$1,530", "2017": "$1,692", "2016": "$1,354", "2015": "$1,304", "2014": "$527", "2013": "$346", "2012": "$361", "2011": "$395", "2010": "$373", "2009": "$469", "2008": "$373", "2007": "$334", "2006": "$510", "2005": "$412"}, "Seaboard Quarterly Cash on Hand (Millions of US $)": {"2020-09-30": "$1,337", "2020-06-30": "$1,257", "2020-03-31": "$1,226", "2019-12-31": "$1,559", "2019-09-30": "$1,539", "2019-06-30": "$1,550", "2019-03-31": "$1,547", "2018-12-31": "$1,530", "2018-09-30": "$1,668", "2018-06-30": "$1,343", "2018-03-31": "$1,364", "2017-12-31": "$1,692", "2017-09-30": "$1,419", "2017-06-30": "$1,461", "2017-03-31": "$1,329", "2016-12-31": "$1,354", "2016-09-30": "$1,293", "2016-06-30": "$1,294", "2016-03-31": "$1,238", "2015-12-31": "$1,304", "2015-09-30": "$739", "2015-06-30": "$707", "2015-03-31": "$646", "2014-12-31": "$527", "2014-09-30": "$419", "2014-06-30": "$399", "2014-03-31": "$431", "2013-12-31": "$346", "2013-09-30": "$277", "2013-06-30": "$398", "2013-03-31": "$394", "2012-12-31": "$361", "2012-09-30": "$432", "2012-06-30": "$488", "2012-03-31": "$413", "2011-12-31": "$395", "2011-09-30": "$351", "2011-06-30": "$385", "2011-03-31": "$335", "2010-12-31": "$373", "2010-09-30": "$594", "2010-06-30": "$600", "2010-03-31": "$500", "2009-12-31": "$469", "2009-09-30": "$425", "2009-06-30": "$445", "2009-03-31": "$330", "2008-12-31": "$373", "2008-09-30": "$301", "2008-06-30": "$315", "2008-03-31": "$334", "2007-12-31": "$334", "2007-09-30": "$371", "2007-06-30": "$496", "2007-03-31": "$492", "2006-12-31": "$510", "2006-09-30": "$439", "2006-06-30": "$405", "2006-03-31": "$371", "2005-12-31": "$412", "2005-09-30": "$297", "2005-06-30": "$285", "2005-03-31": "$221"}}, "long-term-debt": {"Seaboard Annual Long Term Debt (Millions of US $)": {"2019": "$730", "2018": "$739", "2017": "$482", "2016": "$499", "2015": "$518", "2014": "$", "2013": "$80", "2012": "$121", "2011": "$116", "2010": "$91", "2009": "$77", "2008": "$79", "2007": "$126", "2006": "$138", "2005": "$201"}, "Seaboard Quarterly Long Term Debt (Millions of US $)": {"2020-09-30": "$683", "2020-06-30": "$687", "2020-03-31": "$686", "2019-12-31": "$730", "2019-09-30": "$733", "2019-06-30": "$734", "2019-03-31": "$735", "2018-12-31": "$739", "2018-09-30": "$741", "2018-06-30": "$508", "2018-03-31": "$522", "2017-12-31": "$482", "2017-09-30": "$490", "2017-06-30": "$495", "2017-03-31": "$499", "2016-12-31": "$499", "2016-09-30": "$503", "2016-06-30": "$507", "2016-03-31": "$506", "2015-12-31": "$518", "2015-09-30": "", "2015-06-30": "", "2015-03-31": "", "2014-12-31": "", "2014-09-30": "", "2014-06-30": "$1", "2014-03-31": "$80", "2013-12-31": "$80", "2013-09-30": "$104", "2013-06-30": "$104", "2013-03-31": "$110", "2012-12-31": "$121", "2012-09-30": "$140", "2012-06-30": "$140", "2012-03-31": "$121", "2011-12-31": "$116", "2011-09-30": "$118", "2011-06-30": "$106", "2011-03-31": "$107", "2010-12-31": "$91", "2010-09-30": "$75", "2010-06-30": "$76", "2010-03-31": "$76", "2009-12-31": "$77", "2009-09-30": "$77", "2009-06-30": "$78", "2009-03-31": "$78", "2008-12-31": "$79", "2008-09-30": "$79", "2008-06-30": "$125", "2008-03-31": "$125", "2007-12-31": "$126", "2007-09-30": "$126", "2007-06-30": "$134", "2007-03-31": "$136", "2006-12-31": "$138", "2006-09-30": "$139", "2006-06-30": "$172", "2006-03-31": "$199", "2005-12-31": "$201", "2005-09-30": "$224", "2005-06-30": "$232", "2005-03-31": "$260"}}, "total-liabilities": {"Seaboard Annual Total Liabilities (Millions of US $)": {"2019": "$2,731", "2018": "$1,978", "2017": "$1,753", "2016": "$1,580", "2015": "$1,549", "2014": "$957", "2013": "$938", "2012": "$1,040", "2011": "$927", "2010": "$956", "2009": "$792", "2008": "$868", "2007": "$739", "2006": "$758", "2005": "$838"}, "Seaboard Quarterly Total Liabilities (Millions of US $)": {"2020-09-30": "$2,431", "2020-06-30": "$2,483", "2020-03-31": "$2,718", "2019-12-31": "$2,731", "2019-09-30": "$2,536", "2019-06-30": "$2,482", "2019-03-31": "$2,606", "2018-12-31": "$1,978", "2018-09-30": "$2,009", "2018-06-30": "$1,758", "2018-03-31": "$1,822", "2017-12-31": "$1,753", "2017-09-30": "$1,597", "2017-06-30": "$1,544", "2017-03-31": "$1,551", "2016-12-31": "$1,580", "2016-09-30": "$1,565", "2016-06-30": "$1,419", "2016-03-31": "$1,483", "2015-12-31": "$1,549", "2015-09-30": "$1,020", "2015-06-30": "$950", "2015-03-31": "$965", "2014-12-31": "$957", "2014-09-30": "$827", "2014-06-30": "$895", "2014-03-31": "$841", "2013-12-31": "$938", "2013-09-30": "$933", "2013-06-30": "$964", "2013-03-31": "$1,007", "2012-12-31": "$1,040", "2012-09-30": "$1,088", "2012-06-30": "$908", "2012-03-31": "$948", "2011-12-31": "$927", "2011-09-30": "$934", "2011-06-30": "$874", "2011-03-31": "$885", "2010-12-31": "$956", "2010-09-30": "$871", "2010-06-30": "$800", "2010-03-31": "$781", "2009-12-31": "$792", "2009-09-30": "$782", "2009-06-30": "$828", "2009-03-31": "$730", "2008-12-31": "$868", "2008-09-30": "$1,006", "2008-06-30": "$786", "2008-03-31": "$790", "2007-12-31": "$739", "2007-09-30": "$730", "2007-06-30": "$723", "2007-03-31": "$692", "2006-12-31": "$758", "2006-09-30": "$683", "2006-06-30": "$680", "2006-03-31": "$759", "2005-12-31": "$838", "2005-09-30": "$775", "2005-06-30": "$713", "2005-03-31": "$763"}}, "total-share-holder-equity": {"Seaboard Annual Share Holder Equity (Millions of US $)": {"2019": "$3,554", "2018": "$3,329", "2017": "$3,408", "2016": "$3,175", "2015": "$2,882", "2014": "$2,735", "2013": "$2,480", "2012": "$2,308", "2011": "$2,079", "2010": "$1,778", "2009": "$1,545", "2008": "$1,464", "2007": "$1,354", "2006": "$1,203", "2005": "$978"}, "Seaboard Quarterly Share Holder Equity (Millions of US $)": {"2020-09-30": "$3,545", "2020-06-30": "$3,390", "2020-03-31": "$3,437", "2019-12-31": "$3,554", "2019-09-30": "$3,410", "2019-06-30": "$3,419", "2019-03-31": "$3,370", "2018-12-31": "$3,329", "2018-09-30": "$3,426", "2018-06-30": "$3,418", "2018-03-31": "$3,433", "2017-12-31": "$3,408", "2017-09-30": "$3,396", "2017-06-30": "$3,318", "2017-03-31": "$3,257", "2016-12-31": "$3,175", "2016-09-30": "$3,078", "2016-06-30": "$3,008", "2016-03-31": "$2,913", "2015-12-31": "$2,882", "2015-09-30": "$2,784", "2015-06-30": "$2,788", "2015-03-31": "$2,750", "2014-12-31": "$2,735", "2014-09-30": "$2,643", "2014-06-30": "$2,541", "2014-03-31": "$2,498", "2013-12-31": "$2,480", "2013-09-30": "$2,397", "2013-06-30": "$2,381", "2013-03-31": "$2,361", "2012-12-31": "$2,308", "2012-09-30": "$2,271", "2012-06-30": "$2,202", "2012-03-31": "$2,164", "2011-12-31": "$2,079", "2011-09-30": "$2,036", "2011-06-30": "$2,009", "2011-03-31": "$1,895", "2010-12-31": "$1,778", "2010-09-30": "$1,689", "2010-06-30": "$1,664", "2010-03-31": "$1,598", "2009-12-31": "$1,545", "2009-09-30": "$1,530", "2009-06-30": "$1,493", "2009-03-31": "$1,472", "2008-12-31": "$1,464", "2008-09-30": "$1,476", "2008-06-30": "$1,444", "2008-03-31": "$1,424", "2007-12-31": "$1,354", "2007-09-30": "$1,329", "2007-06-30": "$1,296", "2007-03-31": "$1,254", "2006-12-31": "$1,203", "2006-09-30": "$1,156", "2006-06-30": "$1,096", "2006-03-31": "$1,027", "2005-12-31": "$978", "2005-09-30": "$884", "2005-06-30": "$825", "2005-03-31": "$762"}}, "profit-margins": {"current": "2.78%"}, "gross margin": {"2020-09-30": "7.54%", "2020-06-30": "6.89%", "2020-03-31": "7.52%", "2019-12-31": "6.43%", "2019-09-30": "5.58%", "2019-06-30": "6.30%", "2019-03-31": "6.12%", "2018-12-31": "7.94%", "2018-09-30": "8.36%", "2018-06-30": "9.11%", "2018-03-31": "9.73%", "2017-12-31": "9.45%", "2017-09-30": "9.88%", "2017-06-30": "9.29%", "2017-03-31": "9.80%", "2016-12-31": "9.24%", "2016-09-30": "8.89%", "2016-06-30": "8.42%", "2016-03-31": "7.38%", "2015-12-31": "7.08%", "2015-09-30": "7.99%", "2015-06-30": "8.87%", "2015-03-31": "10.01%", "2014-12-31": "10.47%", "2014-09-30": "9.29%", "2014-06-30": "8.34%", "2014-03-31": "7.11%", "2013-12-31": "7.02%", "2013-09-30": "7.29%", "2013-06-30": "8.14%", "2013-03-31": "8.46%", "2012-12-31": "9.06%", "2012-09-30": "9.48%", "2012-06-30": "9.01%", "2012-03-31": "10.38%", "2011-12-31": "10.91%", "2011-09-30": "11.89%", "2011-06-30": "12.31%", "2011-03-31": "12.31%", "2010-12-31": "12.00%", "2010-09-30": "9.98%", "2010-06-30": "9.40%", "2010-03-31": "7.26%", "2009-12-31": "6.00%", "2009-09-30": "6.13%", "2009-06-30": "6.47%", "2009-03-31": "6.20%", "2008-12-31": "6.98%", "2008-09-30": "7.35%", "2008-06-30": "8.40%", "2008-03-31": "9.80%", "2007-12-31": "10.61%", "2007-09-30": "13.23%", "2007-06-30": "14.61%", "2007-03-31": "16.32%", "2006-12-31": "16.77%", "2006-09-30": "17.01%", "2006-06-30": "16.73%", "2006-03-31": "16.42%", "2005-12-31": "17.11%"}, "operating margin": {"2020-09-30": "2.79%", "2020-06-30": "2.28%", "2020-03-31": "2.88%", "2019-12-31": "1.52%", "2019-09-30": "0.84%", "2019-06-30": "1.48%", "2019-03-31": "1.19%", "2018-12-31": "3.17%", "2018-09-30": "3.23%", "2018-06-30": "3.93%", "2018-03-31": "4.49%", "2017-12-31": "4.13%", "2017-09-30": "4.86%", "2017-06-30": "4.36%", "2017-03-31": "4.80%", "2016-12-31": "4.28%", "2016-09-30": "3.71%", "2016-06-30": "3.30%", "2016-03-31": "2.45%", "2015-12-31": "2.25%", "2015-09-30": "3.54%", "2015-06-30": "4.60%", "2015-03-31": "5.99%", "2014-12-31": "6.53%", "2014-09-30": "5.31%", "2014-06-30": "4.35%", "2014-03-31": "3.14%", "2013-12-31": "3.06%", "2013-09-30": "3.34%", "2013-06-30": "4.22%", "2013-03-31": "4.44%", "2012-12-31": "5.01%", "2012-09-30": "5.32%", "2012-06-30": "5.02%", "2012-03-31": "6.43%", "2011-12-31": "7.08%", "2011-09-30": "8.02%", "2011-06-30": "8.10%", "2011-03-31": "7.95%", "2010-12-31": "7.32%", "2010-09-30": "5.27%", "2010-06-30": "4.46%", "2010-03-31": "2.02%", "2009-12-31": "0.67%", "2009-09-30": "1.16%", "2009-06-30": "1.94%", "2009-03-31": "1.88%", "2008-12-31": "2.86%", "2008-09-30": "3.02%", "2008-06-30": "3.77%", "2008-03-31": "4.95%", "2007-12-31": "5.29%", "2007-09-30": "7.49%", "2007-06-30": "8.72%", "2007-03-31": "10.46%", "2006-12-31": "10.97%", "2006-09-30": "11.13%", "2006-06-30": "10.88%", "2006-03-31": "10.83%", "2005-12-31": "11.86%"}, "ebitda margin": {"2020-09-30": "4.86%", "2020-06-30": "4.32%", "2020-03-31": "4.89%", "2019-12-31": "3.54%", "2019-09-30": "2.87%", "2019-06-30": "3.50%", "2019-03-31": "3.27%", "2018-12-31": "5.21%", "2018-09-30": "5.24%", "2018-06-30": "5.99%", "2018-03-31": "6.55%", "2017-12-31": "6.16%", "2017-09-30": "6.93%", "2017-06-30": "6.34%", "2017-03-31": "6.74%", "2016-12-31": "6.17%", "2016-09-30": "5.52%", "2016-06-30": "5.05%", "2016-03-31": "4.10%", "2015-12-31": "3.88%", "2015-09-30": "5.08%", "2015-06-30": "6.09%", "2015-03-31": "7.43%", "2014-12-31": "7.95%", "2014-09-30": "6.71%", "2014-06-30": "5.75%", "2014-03-31": "4.54%", "2013-12-31": "4.45%", "2013-09-30": "4.73%", "2013-06-30": "5.64%", "2013-03-31": "5.90%", "2012-12-31": "6.45%", "2012-09-30": "6.82%", "2012-06-30": "6.47%", "2012-03-31": "7.86%", "2011-12-31": "8.51%", "2011-09-30": "9.50%", "2011-06-30": "9.70%", "2011-03-31": "9.70%", "2010-12-31": "9.28%", "2010-09-30": "7.37%", "2010-06-30": "6.75%", "2010-03-31": "4.45%", "2009-12-31": "3.19%", "2009-09-30": "3.78%", "2009-06-30": "4.38%", "2009-03-31": "4.22%", "2008-12-31": "5.13%", "2008-09-30": "5.16%", "2008-06-30": "6.02%", "2008-03-31": "7.30%", "2007-12-31": "7.75%", "2007-09-30": "10.11%", "2007-06-30": "11.39%", "2007-03-31": "13.10%", "2006-12-31": "13.63%", "2006-09-30": "13.86%", "2006-06-30": "13.61%", "2006-03-31": "13.44%", "2005-12-31": "14.32%"}, "pre tax profit margin": {"2020-09-30": "2.66%", "2020-06-30": "1.32%", "2020-03-31": "0.64%", "2019-12-31": "4.15%", "2019-09-30": "-0.37%", "2019-06-30": "0.79%", "2019-03-31": "-0.08%", "2018-12-31": "-0.24%", "2018-09-30": "3.57%", "2018-06-30": "4.73%", "2018-03-31": "6.16%", "2017-12-31": "7.35%", "2017-09-30": "7.84%", "2017-06-30": "7.51%", "2017-03-31": "7.82%", "2016-12-31": "7.14%", "2016-09-30": "7.42%", "2016-06-30": "5.70%", "2016-03-31": "4.80%", "2015-12-31": "4.31%", "2015-09-30": "4.36%", "2015-06-30": "6.72%", "2015-03-31": "7.90%", "2014-12-31": "8.28%", "2014-09-30": "7.16%", "2014-06-30": "5.14%", "2014-03-31": "3.82%", "2013-12-31": "3.69%", "2013-09-30": "3.82%", "2013-06-30": "4.82%", "2013-03-31": "5.10%", "2012-12-31": "5.95%", "2012-09-30": "6.39%", "2012-06-30": "5.65%", "2012-03-31": "7.15%", "2011-12-31": "7.71%", "2011-09-30": "8.56%", "2011-06-30": "9.28%", "2011-03-31": "9.02%", "2010-12-31": "8.30%", "2010-09-30": "6.26%", "2010-06-30": "5.87%", "2010-03-31": "3.94%", "2009-12-31": "2.47%", "2009-09-30": "2.03%", "2009-06-30": "2.07%", "2009-03-31": "1.88%", "2008-12-31": "2.93%", "2008-09-30": "3.76%", "2008-06-30": "4.60%", "2008-03-31": "5.78%", "2007-12-31": "5.98%", "2007-09-30": "8.30%", "2007-06-30": "9.43%", "2007-03-31": "10.89%", "2006-12-31": "11.67%", "2006-09-30": "11.48%", "2006-06-30": "11.35%", "2006-03-31": "10.87%", "2005-12-31": "11.64%"}, "net profit margin": {"2020-09-30": "2.78%", "2020-06-30": "0.56%", "2020-03-31": "1.76%", "2019-12-31": "4.14%", "2019-09-30": "0.25%", "2019-06-30": "0.88%", "2019-03-31": "0.12%", "2018-12-31": "-0.26%", "2018-09-30": "1.49%", "2018-06-30": "2.29%", "2018-03-31": "3.24%", "2017-12-31": "4.25%", "2017-09-30": "5.84%", "2017-06-30": "5.81%", "2017-03-31": "6.28%", "2016-12-31": "5.80%", "2016-09-30": "5.88%", "2016-06-30": "4.45%", "2016-03-31": "3.52%", "2015-12-31": "3.06%", "2015-09-30": "3.15%", "2015-06-30": "4.69%", "2015-03-31": "5.46%", "2014-12-31": "5.67%", "2014-09-30": "5.05%", "2014-06-30": "3.91%", "2014-03-31": "3.09%", "2013-12-31": "3.18%", "2013-09-30": "3.07%", "2013-06-30": "3.82%", "2013-03-31": "4.08%", "2012-12-31": "4.56%", "2012-09-30": "4.86%", "2012-06-30": "4.23%", "2012-03-31": "5.41%", "2011-12-31": "6.02%", "2011-09-30": "6.67%", "2011-06-30": "7.20%", "2011-03-31": "6.99%", "2010-12-31": "6.48%", "2010-09-30": "4.69%", "2010-06-30": "4.92%", "2010-03-31": "3.78%", "2009-12-31": "2.58%", "2009-09-30": "2.72%", "2009-06-30": "2.44%", "2009-03-31": "2.22%", "2008-12-31": "3.44%", "2008-09-30": "3.96%", "2008-06-30": "4.84%", "2008-03-31": "5.84%", "2007-12-31": "5.66%", "2007-09-30": "7.46%", "2007-06-30": "8.06%", "2007-03-31": "9.14%", "2006-12-31": "9.56%", "2006-09-30": "10.17%", "2006-06-30": "10.02%", "2006-03-31": "9.61%", "2005-12-31": "9.97%"}, "pe ratio": {"current": "28.12", "2021-02-05": "19.42", "2020-09-30": "17.15", "2020-06-30": "88.43", "2020-03-31": "26.57", "2019-12-31": "17.45", "2019-09-30": "284.23", "2019-06-30": "80.41", "2019-03-31": "577.17", "2018-12-31": "0.00", "2018-09-30": "44.83", "2018-06-30": "32.39", "2018-03-31": "25.56", "2017-12-31": "20.77", "2017-09-30": "16.01", "2017-06-30": "14.44", "2017-03-31": "14.15", "2016-12-31": "14.71", "2016-09-30": "12.76", "2016-06-30": "13.85", "2016-03-31": "18.14", "2015-12-31": "19.56", "2015-09-30": "19.15", "2015-06-30": "14.49", "2015-03-31": "13.74", "2014-12-31": "13.41", "2014-09-30": "9.68", "2014-06-30": "14.23", "2014-03-31": "15.80", "2013-12-31": "16.12", "2013-09-30": "16.03", "2013-06-30": "13.04", "2013-03-31": "12.95", "2012-12-31": "10.70", "2012-09-30": "9.43", "2012-06-30": "10.28", "2012-03-31": "7.51", "2011-12-31": "7.06", "2011-09-30": "5.84", "2011-06-30": "7.77", "2011-03-31": "8.60", "2010-12-31": "8.48", "2010-09-30": "11.08", "2010-06-30": "9.63", "2010-03-31": "11.33", "2009-12-31": "17.72", "2009-09-30": "15.39", "2009-06-30": "13.82", "2009-03-31": "13.24", "2008-12-31": "9.90", "2008-09-30": "9.54", "2008-06-30": "10.52", "2008-03-31": "9.49", "2007-12-31": "9.97", "2007-09-30": "10.90", "2007-06-30": "12.56", "2007-03-31": "10.85", "2006-12-31": "8.40"}, "price sales": {"2021-02-05": "0.54", "2020-09-30": "0.47", "2020-06-30": "0.49", "2020-03-31": "0.47", "2019-12-31": "0.72", "2019-09-30": "0.76", "2019-06-30": "0.72", "2019-03-31": "0.76", "2018-12-31": "0.63", "2018-09-30": "0.66", "2018-06-30": "0.74", "2018-03-31": "0.83", "2017-12-31": "0.88", "2017-09-30": "0.94", "2017-06-30": "0.84", "2017-03-31": "0.89", "2016-12-31": "0.85", "2016-09-30": "0.75", "2016-06-30": "0.62", "2016-03-31": "0.64", "2015-12-31": "0.60", "2015-09-30": "0.60", "2015-06-30": "0.68", "2015-03-31": "0.75", "2014-12-31": "0.76", "2014-09-30": "0.48", "2014-06-30": "0.54", "2014-03-31": "0.47", "2013-12-31": "0.50", "2013-09-30": "0.49", "2013-06-30": "0.50", "2013-03-31": "0.53", "2012-12-31": "0.49", "2012-09-30": "0.46", "2012-06-30": "0.43", "2012-03-31": "0.41", "2011-12-31": "0.43", "2011-09-30": "0.39", "2011-06-30": "0.56", "2011-03-31": "0.60", "2010-12-31": "0.55", "2010-09-30": "0.52", "2010-06-30": "0.47", "2010-03-31": "0.43", "2009-12-31": "0.46", "2009-09-30": "0.42", "2009-06-30": "0.34", "2009-03-31": "0.29", "2008-12-31": "0.34", "2008-09-30": "0.38", "2008-06-30": "0.51", "2008-03-31": "0.55", "2007-12-31": "0.56", "2007-09-30": "0.81", "2007-06-30": "1.01", "2007-03-31": "0.99", "2006-12-31": "0.80"}, "price book": {"current": "1.05", "2021-02-05": "1.05", "2020-09-30": "0.93", "2020-06-30": "1.00", "2020-03-31": "0.95", "2019-12-31": "1.39", "2019-09-30": "1.49", "2019-06-30": "1.40", "2019-03-31": "1.48", "2018-12-31": "1.24", "2018-09-30": "1.26", "2018-06-30": "1.35", "2018-03-31": "1.45", "2017-12-31": "1.51", "2017-09-30": "1.54", "2017-06-30": "1.40", "2017-03-31": "1.49", "2016-12-31": "1.45", "2016-09-30": "1.30", "2016-06-30": "1.11", "2016-03-31": "1.20", "2015-12-31": "1.17", "2015-09-30": "1.28", "2015-06-30": "1.50", "2015-03-31": "1.75", "2014-12-31": "1.78", "2014-09-30": "1.18", "2014-06-30": "1.38", "2014-03-31": "1.24", "2013-12-31": "1.33", "2013-09-30": "1.35", "2013-06-30": "1.35", "2013-03-31": "1.41", "2012-12-31": "1.30", "2012-09-30": "1.18", "2012-06-30": "1.15", "2012-03-31": "1.07", "2011-12-31": "1.17", "2011-09-30": "1.06", "2011-06-30": "1.44", "2011-03-31": "1.53", "2010-12-31": "1.34", "2010-09-30": "1.25", "2010-06-30": "1.09", "2010-03-31": "0.98", "2009-12-31": "1.06", "2009-09-30": "1.03", "2009-06-30": "0.91", "2009-03-31": "0.83", "2008-12-31": "0.99", "2008-09-30": "1.04", "2008-06-30": "1.31", "2008-03-31": "1.34", "2007-12-31": "1.32", "2007-09-30": "1.80", "2007-06-30": "2.23", "2007-03-31": "2.22", "2006-12-31": "1.80", "2006-09-30": "1.28", "2006-06-30": "1.44", "2006-03-31": "1.91"}, "price fcf": {"2021-02-05": "", "2020-09-30": "$-97.24", "2020-06-30": "$-145.34", "2020-03-31": "$-128.16", "2019-12-31": "$-152.66", "2019-09-30": "$-159.68", "2019-06-30": "$-40.57", "2019-03-31": "$-73.98", "2018-12-31": "$64.90", "2018-09-30": "$53.74", "2018-06-30": "$-17.93", "2018-03-31": "$73.45", "2017-12-31": "$61.49", "2017-09-30": "$152.92", "2017-06-30": "$187.73", "2017-03-31": "$150.27", "2016-12-31": "$269.85", "2016-09-30": "$211.78", "2016-06-30": "$256.33", "2016-03-31": "$280.10", "2015-12-31": "$277.54", "2015-09-30": "$309.52", "2015-06-30": "$300.75", "2015-03-31": "$218.89", "2014-12-31": "$228.35", "2014-09-30": "$241.53", "2014-06-30": "$128.70", "2014-03-31": "$123.68", "2013-12-31": "$-8.38", "2013-09-30": "$-7.36", "2013-06-30": "$9.87", "2013-03-31": "$56.78", "2012-12-31": "$98.72", "2012-09-30": "$155.55", "2012-06-30": "$161.65", "2012-03-31": "$160.60", "2011-12-31": "$82.91", "2011-09-30": "$6.01", "2011-06-30": "$49.57", "2011-03-31": "$72.67", "2010-12-31": "$199.45", "2010-09-30": "$195.78", "2010-06-30": "$192.25", "2010-03-31": "$182.99", "2009-12-31": "$170.04", "2009-09-30": "$239.82", "2009-06-30": "$141.29", "2009-03-31": "$71.33", "2008-12-31": "$-15.25", "2008-09-30": "$-137.88", "2008-06-30": "$-89.80", "2008-03-31": "$-70.64", "2007-12-31": "$-11.28", "2007-09-30": "$19.40", "2007-06-30": "$110.16", "2007-03-31": "$144.11", "2006-12-31": "$159.69"}, "net worth": {"value": "$3.73B"}, "current ratio": {"2020-09-30": "2.99", "2020-06-30": "2.85", "2020-03-31": "2.48", "2019-12-31": "2.82", "2019-09-30": "3.23", "2019-06-30": "3.40", "2019-03-31": "3.07", "2018-12-31": "3.86", "2018-09-30": "4.13", "2018-06-30": "3.86", "2018-03-31": "3.69", "2017-12-31": "3.82", "2017-09-30": "3.86", "2017-06-30": "3.92", "2017-03-31": "3.83", "2016-12-31": "3.63", "2016-09-30": "3.31", "2016-06-30": "3.81", "2016-03-31": "3.45", "2015-12-31": "3.48", "2015-09-30": "2.89", "2015-06-30": "3.17", "2015-03-31": "3.16", "2014-12-31": "3.23", "2014-09-30": "3.25", "2014-06-30": "2.89", "2014-03-31": "3.40", "2013-12-31": "3.01", "2013-09-30": "3.05", "2013-06-30": "2.94", "2013-03-31": "2.86", "2012-12-31": "2.64", "2012-09-30": "2.72", "2012-06-30": "3.17", "2012-03-31": "2.98", "2011-12-31": "2.91", "2011-09-30": "2.72", "2011-06-30": "2.88", "2011-03-31": "2.70", "2010-12-31": "2.33", "2010-09-30": "2.72", "2010-06-30": "2.94", "2010-03-31": "2.85", "2009-12-31": "2.75", "2009-09-30": "2.75", "2009-06-30": "2.57", "2009-03-31": "2.80", "2008-12-31": "2.32", "2008-09-30": "2.04", "2008-06-30": "2.69", "2008-03-31": "2.67", "2007-12-31": "2.80", "2007-09-30": "2.86", "2007-06-30": "3.01", "2007-03-31": "3.22", "2006-12-31": "3.07", "2006-09-30": "3.25", "2006-06-30": "3.39", "2006-03-31": "2.96", "2005-12-31": "2.50", "2005-09-30": "2.79", "2005-06-30": "2.79", "2005-03-31": "2.55"}, "quick ratio": {"2020-09-30": "1.93", "2020-06-30": "1.88", "2020-03-31": "1.60", "2019-12-31": "1.96", "2019-09-30": "2.27", "2019-06-30": "2.43", "2019-03-31": "2.12", "2018-12-31": "2.82", "2018-09-30": "2.99", "2018-06-30": "2.69", "2018-03-31": "2.68", "2017-12-31": "2.87", "2017-09-30": "2.79", "2017-06-30": "2.95", "2017-03-31": "2.71", "2016-12-31": "2.66", "2016-09-30": "2.33", "2016-06-30": "2.80", "2016-03-31": "2.49", "2015-12-31": "2.51", "2015-09-30": "1.92", "2015-06-30": "2.13", "2015-03-31": "2.06", "2014-12-31": "2.07", "2014-09-30": "1.95", "2014-06-30": "1.77", "2014-03-31": "2.16", "2013-12-31": "1.88", "2013-09-30": "1.72", "2013-06-30": "1.74", "2013-03-31": "1.58", "2012-12-31": "1.52", "2012-09-30": "1.57", "2012-06-30": "2.03", "2012-03-31": "1.78", "2011-12-31": "1.76", "2011-09-30": "1.62", "2011-06-30": "1.75", "2011-03-31": "1.72", "2010-12-31": "1.49", "2010-09-30": "1.93", "2010-06-30": "2.06", "2010-03-31": "2.02", "2009-12-31": "1.79", "2009-09-30": "1.80", "2009-06-30": "1.71", "2009-03-31": "1.80", "2008-12-31": "1.46", "2008-09-30": "1.17", "2008-06-30": "1.72", "2008-03-31": "1.75", "2007-12-31": "1.87", "2007-09-30": "1.79", "2007-06-30": "2.11", "2007-03-31": "2.23", "2006-12-31": "2.20", "2006-09-30": "2.32", "2006-06-30": "2.35", "2006-03-31": "2.01", "2005-12-31": "1.71", "2005-09-30": "1.82", "2005-06-30": "1.93", "2005-03-31": "1.65"}, "debt equity ratio": {"current": "0.19", "2020-09-30": "0.69", "2020-06-30": "0.73", "2020-03-31": "0.79", "2019-12-31": "0.77", "2019-09-30": "0.74", "2019-06-30": "0.73", "2019-03-31": "0.77", "2018-12-31": "0.59", "2018-09-30": "0.59", "2018-06-30": "0.51", "2018-03-31": "0.53", "2017-12-31": "0.51", "2017-09-30": "0.47", "2017-06-30": "0.47", "2017-03-31": "0.48", "2016-12-31": "0.50", "2016-09-30": "0.51", "2016-06-30": "0.47", "2016-03-31": "0.51", "2015-12-31": "0.54", "2015-09-30": "0.37", "2015-06-30": "0.34", "2015-03-31": "0.35", "2014-12-31": "0.35", "2014-09-30": "0.31", "2014-06-30": "0.35", "2014-03-31": "0.34", "2013-12-31": "0.38", "2013-09-30": "0.39", "2013-06-30": "0.41", "2013-03-31": "0.43", "2012-12-31": "0.45", "2012-09-30": "0.48", "2012-06-30": "0.41", "2012-03-31": "0.44", "2011-12-31": "0.45", "2011-09-30": "0.46", "2011-06-30": "0.44", "2011-03-31": "0.47", "2010-12-31": "0.54", "2010-09-30": "0.52", "2010-06-30": "0.48", "2010-03-31": "0.49", "2009-12-31": "0.51", "2009-09-30": "0.51", "2009-06-30": "0.56", "2009-03-31": "0.50", "2008-12-31": "0.59", "2008-09-30": "0.68", "2008-06-30": "0.55", "2008-03-31": "0.56", "2007-12-31": "0.55", "2007-09-30": "0.55", "2007-06-30": "0.56", "2007-03-31": "0.55", "2006-12-31": "0.63", "2006-09-30": "0.59", "2006-06-30": "0.62", "2006-03-31": "0.74", "2005-12-31": "0.86", "2005-09-30": "0.88", "2005-06-30": "0.86", "2005-03-31": "1.00"}, "return on equity": {"2020-09-30": "5.54%", "2020-06-30": "1.13%", "2020-03-31": "3.56%", "2019-12-31": "8.23%", "2019-09-30": "0.50%", "2019-06-30": "1.74%", "2019-03-31": "0.24%", "2018-12-31": "-0.50%", "2018-09-30": "2.84%", "2018-06-30": "4.19%", "2018-03-31": "5.72%", "2017-12-31": "7.38%", "2017-09-30": "9.95%", "2017-06-30": "10.01%", "2017-03-31": "10.96%", "2016-12-31": "10.25%", "2016-09-30": "10.50%", "2016-06-30": "8.29%", "2016-03-31": "6.76%", "2015-12-31": "6.10%", "2015-09-30": "6.80%", "2015-06-30": "10.63%", "2015-03-31": "13.20%", "2014-12-31": "14.09%", "2014-09-30": "13.03%", "2014-06-30": "10.37%", "2014-03-31": "8.32%", "2013-12-31": "8.82%", "2013-09-30": "8.64%", "2013-06-30": "10.60%", "2013-03-31": "11.24%", "2012-12-31": "12.61%", "2012-09-30": "13.08%", "2012-06-30": "11.70%", "2012-03-31": "15.01%", "2011-12-31": "17.26%", "2011-09-30": "19.18%", "2011-06-30": "20.24%", "2011-03-31": "19.24%", "2010-12-31": "16.88%", "2010-09-30": "11.95%", "2010-06-30": "12.06%", "2010-03-31": "9.08%", "2009-12-31": "6.16%", "2009-09-30": "6.91%", "2009-06-30": "6.71%", "2009-03-31": "6.35%", "2008-12-31": "10.12%", "2008-09-30": "11.30%", "2008-06-30": "13.04%", "2008-03-31": "15.03%", "2007-12-31": "13.91%", "2007-09-30": "17.47%", "2007-06-30": "18.74%", "2007-03-31": "21.75%", "2006-12-31": "23.11%", "2006-09-30": "24.90%", "2006-06-30": "25.80%", "2006-03-31": "27.03%", "2005-12-31": "31.08%"}, "return on assets": {"2020-09-30": "3.18%", "2020-06-30": "0.64%", "2020-03-31": "2.03%", "2019-12-31": "4.70%", "2019-09-30": "0.29%", "2019-06-30": "1.04%", "2019-03-31": "0.15%", "2018-12-31": "-0.32%", "2018-09-30": "1.85%", "2018-06-30": "2.78%", "2018-03-31": "3.83%", "2017-12-31": "4.98%", "2017-09-30": "6.74%", "2017-06-30": "6.73%", "2017-03-31": "7.36%", "2016-12-31": "6.85%", "2016-09-30": "6.97%", "2016-06-30": "5.63%", "2016-03-31": "4.69%", "2015-12-31": "4.36%", "2015-09-30": "5.03%", "2015-06-30": "7.94%", "2015-03-31": "9.84%", "2014-12-31": "10.53%", "2014-09-30": "9.69%", "2014-06-30": "7.60%", "2014-03-31": "6.04%", "2013-12-31": "6.30%", "2013-09-30": "6.09%", "2013-06-30": "7.36%", "2013-03-31": "7.80%", "2012-12-31": "8.72%", "2012-09-30": "9.06%", "2012-06-30": "8.13%", "2012-03-31": "10.39%", "2011-12-31": "11.89%", "2011-09-30": "13.02%", "2011-06-30": "13.62%", "2011-03-31": "12.83%", "2010-12-31": "11.21%", "2010-09-30": "7.97%", "2010-06-30": "8.05%", "2010-03-31": "5.99%", "2009-12-31": "4.06%", "2009-09-30": "4.49%", "2009-06-30": "4.24%", "2009-03-31": "4.02%", "2008-12-31": "6.35%", "2008-09-30": "7.14%", "2008-06-30": "8.42%", "2008-03-31": "9.68%", "2007-12-31": "8.97%", "2007-09-30": "11.12%", "2007-06-30": "11.85%", "2007-03-31": "13.61%", "2006-12-31": "14.07%", "2006-09-30": "14.69%", "2006-06-30": "14.61%", "2006-03-31": "14.77%", "2005-12-31": "16.40%"}, "return on investments": {"2020-09-30": "4.64%", "2020-06-30": "3.83%", "2020-03-31": "4.81%", "2019-12-31": "2.49%", "2019-09-30": "1.36%", "2019-06-30": "2.40%", "2019-03-31": "1.92%", "2018-12-31": "5.19%", "2018-09-30": "5.27%", "2018-06-30": "6.28%", "2018-03-31": "6.92%", "2017-12-31": "6.26%", "2017-09-30": "7.19%", "2017-06-30": "6.50%", "2017-03-31": "7.21%", "2016-12-31": "6.48%", "2016-09-30": "5.66%", "2016-06-30": "6.89%", "2016-03-31": "7.86%", "2015-12-31": "14.82%", "2015-09-30": "inf%", "2015-06-30": "inf%", "2015-03-31": "60.74%", "2014-12-31": "33.04%", "2014-09-30": "18.12%", "2014-06-30": "11.24%", "2014-03-31": "8.14%", "2013-12-31": "8.15%", "2013-09-30": "8.98%", "2013-06-30": "11.15%", "2013-03-31": "11.60%", "2012-12-31": "13.10%", "2012-09-30": "13.52%", "2012-06-30": "13.10%", "2012-03-31": "16.91%", "2011-12-31": "19.23%", "2011-09-30": "21.87%", "2011-06-30": "21.68%", "2011-03-31": "20.82%", "2010-12-31": "18.22%", "2010-09-30": "12.82%", "2010-06-30": "10.42%", "2010-03-31": "4.64%", "2009-12-31": "1.51%", "2009-09-30": "2.81%", "2009-06-30": "5.08%", "2009-03-31": "5.08%", "2008-12-31": "7.85%", "2008-09-30": "8.00%", "2008-06-30": "9.32%", "2008-03-31": "11.63%", "2007-12-31": "11.82%", "2007-09-30": "15.88%", "2007-06-30": "18.26%", "2007-03-31": "22.14%", "2006-12-31": "23.16%", "2006-09-30": "23.35%", "2006-06-30": "23.34%", "2006-03-31": "24.77%", "2005-12-31": "29.23%"}, "return on tangible equity": {"2020-09-30": "5.82%", "2020-06-30": "1.19%", "2020-03-31": "3.74%", "2019-12-31": "8.65%", "2019-09-30": "0.53%", "2019-06-30": "1.82%", "2019-03-31": "0.24%", "2018-12-31": "-0.51%", "2018-09-30": "2.84%", "2018-06-30": "4.20%", "2018-03-31": "5.73%", "2017-12-31": "7.40%", "2017-09-30": "9.96%", "2017-06-30": "10.02%", "2017-03-31": "10.98%", "2016-12-31": "10.27%", "2016-09-30": "10.52%", "2016-06-30": "8.30%", "2016-03-31": "6.77%", "2015-12-31": "6.11%", "2015-09-30": "6.81%", "2015-06-30": "10.66%", "2015-03-31": "13.32%", "2014-12-31": "14.31%", "2014-09-30": "13.30%", "2014-06-30": "10.63%", "2014-03-31": "8.54%", "2013-12-31": "9.05%", "2013-09-30": "8.87%", "2013-06-30": "10.89%", "2013-03-31": "11.56%", "2012-12-31": "12.98%", "2012-09-30": "13.46%", "2012-06-30": "12.05%", "2012-03-31": "15.46%", "2011-12-31": "17.80%", "2011-09-30": "19.80%", "2011-06-30": "20.93%", "2011-03-31": "19.93%", "2010-12-31": "17.51%", "2010-09-30": "12.41%", "2010-06-30": "12.54%", "2010-03-31": "9.46%", "2009-12-31": "6.42%", "2009-09-30": "7.22%", "2009-06-30": "7.01%", "2009-03-31": "6.66%", "2008-12-31": "10.63%", "2008-09-30": "11.90%", "2008-06-30": "13.75%", "2008-03-31": "15.87%", "2007-12-31": "14.67%", "2007-09-30": "18.40%", "2007-06-30": "19.72%", "2007-03-31": "22.86%", "2006-12-31": "24.37%", "2006-09-30": "26.34%", "2006-06-30": "27.41%", "2006-03-31": "28.38%", "2005-12-31": "32.18%"}, "dividend yield history": {"last payout": "$9.00", "last yield": "0.28%"}}