{"ticker": "SGEN", "price": {"title": "Seagen Historical Annual Stock Price Data", "value": 190.61, "historical": {"2020": {"Average Stock Price": "153.7943", "Year Open": "112.4100", "Year High": "211.9300", "Year Low": "95.7500", "Year Close": "175.1400", "Annual % Change": "53.28%"}, "2019": {"Average Stock Price": "80.2825", "Year Open": "57.4900", "Year High": "121.6200", "Year Low": "56.3700", "Year Close": "114.2600", "Annual % Change": "101.66%"}, "2018": {"Average Stock Price": "62.0857", "Year Open": "56.1300", "Year High": "82.7600", "Year Low": "48.1300", "Year Close": "56.6600", "Annual % Change": "5.91%"}, "2017": {"Average Stock Price": "58.8818", "Year Open": "53.0000", "Year High": "68.9100", "Year Low": "45.9200", "Year Close": "53.5000", "Annual % Change": "1.38%"}, "2016": {"Average Stock Price": "44.8635", "Year Open": "41.9200", "Year High": "73.7100", "Year Low": "26.8700", "Year Close": "52.7700", "Annual % Change": "17.58%"}, "2015": {"Average Stock Price": "40.5791", "Year Open": "32.5400", "Year High": "51.6100", "Year Low": "30.5400", "Year Close": "44.8800", "Annual % Change": "39.68%"}, "2014": {"Average Stock Price": "39.8702", "Year Open": "40.1800", "Year High": "55.1400", "Year Low": "31.1000", "Year Close": "32.1300", "Annual % Change": "-19.45%"}, "2013": {"Average Stock Price": "36.8935", "Year Open": "24.1400", "Year High": "48.4800", "Year Low": "24.1400", "Year Close": "39.8900", "Annual % Change": "72.16%"}, "2012": {"Average Stock Price": "22.7221", "Year Open": "16.4000", "Year High": "29.6750", "Year Low": "16.4000", "Year Close": "23.1700", "Annual % Change": "38.62%"}, "2011": {"Average Stock Price": "17.2663", "Year Open": "15.5900", "Year High": "22.2800", "Year Low": "12.6700", "Year Close": "16.7150", "Annual % Change": "11.81%"}, "2010": {"Average Stock Price": "12.8036", "Year Open": "10.5400", "Year High": "17.3500", "Year Low": "9.3400", "Year Close": "14.9500", "Annual % Change": "47.15%"}, "2009": {"Average Stock Price": "10.0188", "Year Open": "9.1200", "Year High": "14.8000", "Year Low": "7.2300", "Year Close": "10.1600", "Annual % Change": "13.65%"}, "2008": {"Average Stock Price": "9.7185", "Year Open": "11.3000", "Year High": "12.9700", "Year Low": "7.4500", "Year Close": "8.9400", "Annual % Change": "-21.58%"}, "2007": {"Average Stock Price": "9.8390", "Year Open": "5.2800", "Year High": "13.1300", "Year Low": "5.2800", "Year Close": "11.4000", "Annual % Change": "113.88%"}, "2006": {"Average Stock Price": "4.8641", "Year Open": "4.7400", "Year High": "6.2200", "Year Low": "3.8200", "Year Close": "5.3300", "Annual % Change": "12.92%"}, "2005": {"Average Stock Price": "5.2173", "Year Open": "6.0500", "Year High": "6.4000", "Year Low": "3.6400", "Year Close": "4.7200", "Annual % Change": "-27.72%"}, "2004": {"Average Stock Price": "7.4505", "Year Open": "9.1000", "Year High": "10.7500", "Year Low": "4.7600", "Year Close": "6.5300", "Annual % Change": "-23.89%"}, "2003": {"Average Stock Price": "4.6584", "Year Open": "3.2700", "Year High": "8.8500", "Year Low": "2.2500", "Year Close": "8.5800", "Annual % Change": "176.77%"}, "2002": {"Average Stock Price": "4.2766", "Year Open": "5.6900", "Year High": "6.9100", "Year Low": "2.6400", "Year Close": "3.1000", "Annual % Change": "-45.61%"}, "2001": {"Average Stock Price": "6.0685", "Year Open": "8.5000", "Year High": "10.3800", "Year Low": "3.6500", "Year Close": "5.7000", "Annual % Change": "0.00%"}}}, "market cap": {"value": "$34.48B"}, "income statement": {"Revenue": {"2019-12-31": "916.71300", "2018-12-31": "654.70000", "2017-12-31": "482.25000", "2016-12-31": "418.14700", "2015-12-31": "336.80200", "2014-12-31": "286.75800", "2013-12-31": "269.26400", "2012-12-31": "210.81200", "2011-12-31": "94.77800", "2010-12-31": "107.47000", "2009-12-31": "51.96500", "2008-12-31": "35.23600", "2007-12-31": "22.42000", "2006-12-31": "10.00500", "2005-12-31": "9.75700"}, "Cost Of Goods Sold": {"2019-12-31": "43.95200", "2018-12-31": "88.29300", "2017-12-31": "54.11800", "2016-12-31": "42.31700", "2015-12-31": "37.44000", "2014-12-31": "29.05800", "2013-12-31": "21.14400", "2012-12-31": "13.46900", "2011-12-31": "3.11500", "2010-12-31": "", "2009-12-31": "", "2008-12-31": "", "2007-12-31": "", "2006-12-31": "", "2005-12-31": ""}, "Gross Profit": {"2019-12-31": "872.76100", "2018-12-31": "566.40700", "2017-12-31": "428.13200", "2016-12-31": "375.83000", "2015-12-31": "299.36200", "2014-12-31": "257.70000", "2013-12-31": "248.12000", "2012-12-31": "197.34300", "2011-12-31": "91.66300", "2010-12-31": "107.47000", "2009-12-31": "51.96500", "2008-12-31": "35.23600", "2007-12-31": "22.42000", "2006-12-31": "10.00500", "2005-12-31": "9.75700"}, "Research And Development Expenses": {"2019-12-31": "719.37400", "2018-12-31": "565.30900", "2017-12-31": "456.70000", "2016-12-31": "379.30800", "2015-12-31": "294.52900", "2014-12-31": "230.74300", "2013-12-31": "218.62700", "2012-12-31": "170.29700", "2011-12-31": "163.39600", "2010-12-31": "146.41000", "2009-12-31": "119.13900", "2008-12-31": "110.94400", "2007-12-31": "64.82800", "2006-12-31": "40.13600", "2005-12-31": "34.68300"}, "SG&A Expenses": {"2019-12-31": "373.93200", "2018-12-31": "261.09600", "2017-12-31": "167.23300", "2016-12-31": "139.24700", "2015-12-31": "125.78300", "2014-12-31": "104.32000", "2013-12-31": "92.35400", "2012-12-31": "84.30000", "2011-12-31": "72.65900", "2010-12-31": "29.25800", "2009-12-31": "17.68300", "2008-12-31": "16.07800", "2007-12-31": "13.23700", "2006-12-31": "10.07400", "2005-12-31": "7.14500"}, "Other Operating Income Or Expenses": {"2019-12-31": "", "2018-12-31": "", "2017-12-31": "", "2016-12-31": "", "2015-12-31": "", "2014-12-31": "", "2013-12-31": "", "2012-12-31": "", "2011-12-31": "", "2010-12-31": "", "2009-12-31": "", "2008-12-31": "", "2007-12-31": "", "2006-12-31": "", "2005-12-31": ""}, "Operating Expenses": {"2019-12-31": "1137.25800", "2018-12-31": "914.69810", "2017-12-31": "678.05100", "2016-12-31": "560.87200", "2015-12-31": "457.75200", "2014-12-31": "364.12100", "2013-12-31": "332.12500", "2012-12-31": "268.06600", "2011-12-31": "239.17000", "2010-12-31": "175.66800", "2009-12-31": "136.82200", "2008-12-31": "127.02200", "2007-12-31": "78.06500", "2006-12-31": "50.21000", "2005-12-31": "41.82800"}, "Operating Income": {"2019-12-31": "-220.54500", "2018-12-31": "-259.99800", "2017-12-31": "-195.80100", "2016-12-31": "-142.72500", "2015-12-31": "-120.95000", "2014-12-31": "-77.36300", "2013-12-31": "-62.86100", "2012-12-31": "-57.25400", "2011-12-31": "-144.39200", "2010-12-31": "-68.19800", "2009-12-31": "-84.85700", "2008-12-31": "-91.78600", "2007-12-31": "-55.64500", "2006-12-31": "-40.20500", "2005-12-31": "-32.07100"}, "Total Non-Operating Income/Expense": {"2019-12-31": "61.89500", "2018-12-31": "13.65200", "2017-12-31": "36.91400", "2016-12-31": "2.61400", "2015-12-31": "0.46400", "2014-12-31": "1.22200", "2013-12-31": "0.34100", "2012-12-31": "3.47200", "2011-12-31": "-7.63800", "2010-12-31": "1.93300", "2009-12-31": "3.17400", "2008-12-31": "6.28500", "2007-12-31": "6.71300", "2006-12-31": "4.19000", "2005-12-31": "2.63800"}, "Pre-Tax Income": {"2019-12-31": "-158.65000", "2018-12-31": "-246.34600", "2017-12-31": "-158.88700", "2016-12-31": "-140.11100", "2015-12-31": "-120.48600", "2014-12-31": "-76.14100", "2013-12-31": "-62.52000", "2012-12-31": "-53.78200", "2011-12-31": "-152.03000", "2010-12-31": "-66.26500", "2009-12-31": "-81.68300", "2008-12-31": "-85.50100", "2007-12-31": "-48.93200", "2006-12-31": "-36.01500", "2005-12-31": "-29.43300"}, "Income Taxes": {"2019-12-31": "", "2018-12-31": "-23.65300", "2017-12-31": "-33.35700", "2016-12-31": "", "2015-12-31": "", "2014-12-31": "", "2013-12-31": "", "2012-12-31": "", "2011-12-31": "", "2010-12-31": "", "2009-12-31": "", "2008-12-31": "", "2007-12-31": "", "2006-12-31": "", "2005-12-31": ""}, "Income After Taxes": {"2019-12-31": "-158.65000", "2018-12-31": "-222.69300", "2017-12-31": "-125.53000", "2016-12-31": "-140.11100", "2015-12-31": "-120.48600", "2014-12-31": "-76.14100", "2013-12-31": "-62.52000", "2012-12-31": "-53.78200", "2011-12-31": "-152.03000", "2010-12-31": "-66.26500", "2009-12-31": "-81.68300", "2008-12-31": "-85.50100", "2007-12-31": "-48.93200", "2006-12-31": "-36.01500", "2005-12-31": "-29.43300"}, "Other Income": {"2019-12-31": "", "2018-12-31": "", "2017-12-31": "", "2016-12-31": "", "2015-12-31": "", "2014-12-31": "", "2013-12-31": "", "2012-12-31": "", "2011-12-31": "", "2010-12-31": "", "2009-12-31": "", "2008-12-31": "", "2007-12-31": "", "2006-12-31": "", "2005-12-31": ""}, "Income From Continuous Operations": {"2019-12-31": "-158.65000", "2018-12-31": "-222.69300", "2017-12-31": "-125.53000", "2016-12-31": "-140.11100", "2015-12-31": "-120.48600", "2014-12-31": "-76.14100", "2013-12-31": "-62.52000", "2012-12-31": "-53.78200", "2011-12-31": "-152.03000", "2010-12-31": "-66.26500", "2009-12-31": "-81.68300", "2008-12-31": "-85.50100", "2007-12-31": "-48.93200", "2006-12-31": "-36.01500", "2005-12-31": "-29.43300"}, "Income From Discontinued Operations": {"2019-12-31": "", "2018-12-31": "", "2017-12-31": "", "2016-12-31": "", "2015-12-31": "", "2014-12-31": "", "2013-12-31": "", "2012-12-31": "", "2011-12-31": "", "2010-12-31": "", "2009-12-31": "", "2008-12-31": "", "2007-12-31": "", "2006-12-31": "", "2005-12-31": ""}, "Net Income": {"2019-12-31": "-158.65000", "2018-12-31": "-222.69300", "2017-12-31": "-125.53000", "2016-12-31": "-140.11100", "2015-12-31": "-120.48600", "2014-12-31": "-76.14100", "2013-12-31": "-62.52000", "2012-12-31": "-53.78200", "2011-12-31": "-152.03000", "2010-12-31": "-66.26500", "2009-12-31": "-81.68300", "2008-12-31": "-85.50100", "2007-12-31": "-48.93200", "2006-12-31": "-36.01500", "2005-12-31": "-29.43300"}, "EBITDA": {"2019-12-31": "-191.94710", "2018-12-31": "-236.49600", "2017-12-31": "-171.03500", "2016-12-31": "-119.94500", "2015-12-31": "-103.59900", "2014-12-31": "-65.02300", "2013-12-31": "-52.36300", "2012-12-31": "-48.52100", "2011-12-31": "-127.74800", "2010-12-31": "-61.20700", "2009-12-31": "-77.97500", "2008-12-31": "-86.70200", "2007-12-31": "-53.09700", "2006-12-31": "-37.78700", "2005-12-31": "-29.73800"}, "EBIT": {"2019-12-31": "-220.54500", "2018-12-31": "-259.99800", "2017-12-31": "-195.80100", "2016-12-31": "-142.72500", "2015-12-31": "-120.95000", "2014-12-31": "-77.36300", "2013-12-31": "-62.86100", "2012-12-31": "-57.25400", "2011-12-31": "-144.39200", "2010-12-31": "-68.19800", "2009-12-31": "-84.85700", "2008-12-31": "-91.78600", "2007-12-31": "-55.64500", "2006-12-31": "-40.20500", "2005-12-31": "-32.07100"}, "Basic Shares Outstanding": {"2019-12-31": "165.49800", "2018-12-31": "157.65500", "2017-12-31": "143.17400", "2016-12-31": "140.74600", "2015-12-31": "129.18400", "2014-12-31": "123.40800", "2013-12-31": "121.57500", "2012-12-31": "117.85100", "2011-12-31": "113.09800", "2010-12-31": "101.05500", "2009-12-31": "90.98800", "2008-12-31": "78.72400", "2007-12-31": "61.29300", "2006-12-31": "48.65900", "2005-12-31": "42.23800"}, "Shares Outstanding": {"2019-12-31": "165.49800", "2018-12-31": "157.65500", "2017-12-31": "143.17400", "2016-12-31": "140.74600", "2015-12-31": "129.18400", "2014-12-31": "123.40800", "2013-12-31": "121.57500", "2012-12-31": "117.85100", "2011-12-31": "113.09800", "2010-12-31": "101.05500", "2009-12-31": "90.98800", "2008-12-31": "78.72400", "2007-12-31": "61.29300", "2006-12-31": "48.65900", "2005-12-31": "42.23800"}, "Basic EPS": {"2019-12-31": "-0.96000", "2018-12-31": "-1.41000", "2017-12-31": "-0.88000", "2016-12-31": "-1.00000", "2015-12-31": "-0.93000", "2014-12-31": "-0.62000", "2013-12-31": "-0.51000", "2012-12-31": "-0.46000", "2011-12-31": "-1.34000", "2010-12-31": "-0.66000", "2009-12-31": "-0.90000", "2008-12-31": "-1.09000", "2007-12-31": "-0.80000", "2006-12-31": "-0.74000", "2005-12-31": "-0.70000"}, "EPS - Earnings Per Share": {"2019-12-31": "-0.96000", "2018-12-31": "-1.41000", "2017-12-31": "-0.88000", "2016-12-31": "-1.00000", "2015-12-31": "-0.93000", "2014-12-31": "-0.62000", "2013-12-31": "-0.51000", "2012-12-31": "-0.46000", "2011-12-31": "-1.34000", "2010-12-31": "-0.66000", "2009-12-31": "-0.90000", "2008-12-31": "-1.09000", "2007-12-31": "-0.80000", "2006-12-31": "-0.74000", "2005-12-31": "-0.70000"}}, "income statement, quarterly": {"Revenue": {"2020-09-30": "1061.73100", "2020-06-30": "277.99800", "2020-03-31": "234.51400", "2019-12-31": "289.80400", "2019-09-30": "213.26300", "2019-06-30": "218.44700", "2019-03-31": "195.19900", "2018-12-31": "174.51300", "2018-09-30": "169.42400", "2018-06-30": "170.17300", "2018-03-31": "140.59000", "2017-12-31": "129.60500", "2017-09-30": "135.29100", "2017-06-30": "108.22300", "2017-03-31": "109.13100", "2016-12-31": "105.27500", "2016-09-30": "106.31500", "2016-06-30": "95.40200", "2016-03-31": "111.15500", "2015-12-31": "93.47700", "2015-09-30": "84.07200", "2015-06-30": "77.09600", "2015-03-31": "82.15700", "2014-12-31": "74.32600", "2014-09-30": "75.85300", "2014-06-30": "68.30800", "2014-03-31": "68.27100", "2013-12-31": "67.40900", "2013-09-30": "70.96900", "2013-06-30": "73.55800", "2013-03-31": "57.32800", "2012-12-31": "63.91200", "2012-09-30": "49.83200", "2012-06-30": "48.82300", "2012-03-31": "48.24500", "2011-12-31": "48.88700", "2011-09-30": "20.66600", "2011-06-30": "13.05400", "2011-03-31": "12.17100", "2010-12-31": "8.14600", "2010-09-30": "15.99100", "2010-06-30": "36.87800", "2010-03-31": "46.45500", "2009-12-31": "21.76900", "2009-09-30": "11.64600", "2009-06-30": "9.40800", "2009-03-31": "9.14200", "2008-12-31": "10.06800", "2008-09-30": "8.07900", "2008-06-30": "10.00400", "2008-03-31": "7.08500", "2007-12-31": "7.83600", "2007-09-30": "4.63700", "2007-06-30": "5.61100", "2007-03-31": "4.33600", "2006-12-31": "2.58300", "2006-09-30": "2.44100", "2006-06-30": "2.84000", "2006-03-31": "2.14100", "2005-12-31": "2.31900", "2005-09-30": "2.63200", "2005-06-30": "2.20000", "2005-03-31": "2.60600"}, "Cost Of Goods Sold": {"2020-09-30": "78.29600", "2020-06-30": "48.24400", "2020-03-31": "29.42100", "2019-12-31": "11.92800", "2019-09-30": "10.82700", "2019-06-30": "10.89700", "2019-03-31": "10.30000", "2018-12-31": "35.58500", "2018-09-30": "17.66800", "2018-06-30": "19.30500", "2018-03-31": "15.73500", "2017-12-31": "15.66300", "2017-09-30": "14.21500", "2017-06-30": "12.37900", "2017-03-31": "11.86100", "2016-12-31": "11.57500", "2016-09-30": "11.17500", "2016-06-30": "10.00800", "2016-03-31": "9.55900", "2015-12-31": "10.37900", "2015-09-30": "10.09800", "2015-06-30": "8.57900", "2015-03-31": "8.38400", "2014-12-31": "8.57200", "2014-09-30": "7.62600", "2014-06-30": "6.73200", "2014-03-31": "6.12800", "2013-12-31": "6.83700", "2013-09-30": "5.45500", "2013-06-30": "4.75800", "2013-03-31": "4.09400", "2012-12-31": "3.54600", "2012-09-30": "3.35500", "2012-06-30": "3.49700", "2012-03-31": "3.07100", "2011-12-31": "2.39100", "2011-09-30": "0.72400", "2011-06-30": "", "2011-03-31": "", "2010-12-31": "", "2010-09-30": "", "2010-06-30": "", "2010-03-31": "", "2009-12-31": "", "2009-09-30": "", "2009-06-30": "", "2009-03-31": "", "2008-12-31": "", "2008-09-30": "", "2008-06-30": "", "2008-03-31": "", "2007-12-31": "", "2007-09-30": "", "2007-06-30": "", "2007-03-31": "", "2006-12-31": "", "2006-09-30": "", "2006-06-30": "", "2006-03-31": "", "2005-12-31": "", "2005-09-30": "", "2005-06-30": "", "2005-03-31": ""}, "Gross Profit": {"2020-09-30": "983.43490", "2020-06-30": "229.75400", "2020-03-31": "205.09300", "2019-12-31": "277.87600", "2019-09-30": "202.43600", "2019-06-30": "207.55000", "2019-03-31": "184.89900", "2018-12-31": "138.92800", "2018-09-30": "151.75600", "2018-06-30": "150.86800", "2018-03-31": "124.85500", "2017-12-31": "113.94200", "2017-09-30": "121.07600", "2017-06-30": "95.84400", "2017-03-31": "97.27000", "2016-12-31": "93.70000", "2016-09-30": "95.14000", "2016-06-30": "85.39400", "2016-03-31": "101.59600", "2015-12-31": "83.09800", "2015-09-30": "73.97400", "2015-06-30": "68.51700", "2015-03-31": "73.77300", "2014-12-31": "65.75400", "2014-09-30": "68.22700", "2014-06-30": "61.57600", "2014-03-31": "62.14300", "2013-12-31": "60.57200", "2013-09-30": "65.51400", "2013-06-30": "68.80000", "2013-03-31": "53.23400", "2012-12-31": "60.36600", "2012-09-30": "46.47700", "2012-06-30": "45.32600", "2012-03-31": "45.17400", "2011-12-31": "46.49600", "2011-09-30": "19.94200", "2011-06-30": "13.05400", "2011-03-31": "12.17100", "2010-12-31": "8.14600", "2010-09-30": "15.99100", "2010-06-30": "36.87800", "2010-03-31": "46.45500", "2009-12-31": "21.76900", "2009-09-30": "11.64600", "2009-06-30": "9.40800", "2009-03-31": "9.14200", "2008-12-31": "10.06800", "2008-09-30": "8.07900", "2008-06-30": "10.00400", "2008-03-31": "7.08500", "2007-12-31": "7.83600", "2007-09-30": "4.63700", "2007-06-30": "5.61100", "2007-03-31": "4.33600", "2006-12-31": "2.58300", "2006-09-30": "2.44100", "2006-06-30": "2.84000", "2006-03-31": "2.14100", "2005-12-31": "2.31900", "2005-09-30": "2.63200", "2005-06-30": "2.20000", "2005-03-31": "2.60600"}, "Research And Development Expenses": {"2020-09-30": "217.67000", "2020-06-30": "198.07700", "2020-03-31": "195.19900", "2019-12-31": "201.06100", "2019-09-30": "196.11900", "2019-06-30": "163.92900", "2019-03-31": "158.26500", "2018-12-31": "149.77200", "2018-09-30": "140.17500", "2018-06-30": "122.86000", "2018-03-31": "152.50200", "2017-12-31": "110.50400", "2017-09-30": "113.60600", "2017-06-30": "114.40600", "2017-03-31": "118.18400", "2016-12-31": "108.17200", "2016-09-30": "92.71100", "2016-06-30": "85.55400", "2016-03-31": "92.87100", "2015-12-31": "74.60700", "2015-09-30": "70.79000", "2015-06-30": "85.73700", "2015-03-31": "63.39500", "2014-12-31": "64.04300", "2014-09-30": "58.51000", "2014-06-30": "53.69400", "2014-03-31": "54.49600", "2013-12-31": "50.77200", "2013-09-30": "67.84700", "2013-06-30": "52.27300", "2013-03-31": "47.73500", "2012-12-31": "47.66300", "2012-09-30": "41.39200", "2012-06-30": "42.75500", "2012-03-31": "38.48700", "2011-12-31": "40.23900", "2011-09-30": "41.08000", "2011-06-30": "49.64300", "2011-03-31": "32.43400", "2010-12-31": "32.52000", "2010-09-30": "44.28700", "2010-06-30": "39.28700", "2010-03-31": "30.31600", "2009-12-31": "28.91800", "2009-09-30": "28.26300", "2009-06-30": "28.71200", "2009-03-31": "33.24600", "2008-12-31": "37.58200", "2008-09-30": "27.71100", "2008-06-30": "23.49900", "2008-03-31": "22.15200", "2007-12-31": "20.10900", "2007-09-30": "17.73500", "2007-06-30": "15.17900", "2007-03-31": "11.80500", "2006-12-31": "11.08100", "2006-09-30": "9.79700", "2006-06-30": "10.00700", "2006-03-31": "9.25100", "2005-12-31": "8.53700", "2005-09-30": "7.80600", "2005-06-30": "9.36500", "2005-03-31": "8.97500"}, "SG&A Expenses": {"2020-09-30": "127.57900", "2020-06-30": "125.64200", "2020-03-31": "122.24900", "2019-12-31": "115.22900", "2019-09-30": "96.10100", "2019-06-30": "82.33100", "2019-03-31": "80.27100", "2018-12-31": "79.46700", "2018-09-30": "57.15500", "2018-06-30": "58.29200", "2018-03-31": "66.18200", "2017-12-31": "48.45000", "2017-09-30": "39.66700", "2017-06-30": "40.71200", "2017-03-31": "38.40400", "2016-12-31": "41.37700", "2016-09-30": "34.84100", "2016-06-30": "33.28200", "2016-03-31": "29.74700", "2015-12-31": "33.63500", "2015-09-30": "29.68400", "2015-06-30": "30.34300", "2015-03-31": "32.12100", "2014-12-31": "29.43500", "2014-09-30": "25.34200", "2014-06-30": "25.52500", "2014-03-31": "24.01800", "2013-12-31": "25.48100", "2013-09-30": "21.45100", "2013-06-30": "23.53600", "2013-03-31": "21.88600", "2012-12-31": "23.41100", "2012-09-30": "18.84200", "2012-06-30": "19.86200", "2012-03-31": "22.18500", "2011-12-31": "24.95400", "2011-09-30": "19.79500", "2011-06-30": "15.19700", "2011-03-31": "12.71300", "2010-12-31": "10.52200", "2010-09-30": "7.03800", "2010-06-30": "6.46700", "2010-03-31": "5.23100", "2009-12-31": "5.55200", "2009-09-30": "3.95600", "2009-06-30": "4.01900", "2009-03-31": "4.15600", "2008-12-31": "4.36200", "2008-09-30": "3.68700", "2008-06-30": "4.09400", "2008-03-31": "3.93500", "2007-12-31": "4.30600", "2007-09-30": "3.29700", "2007-06-30": "2.81400", "2007-03-31": "2.82000", "2006-12-31": "2.74600", "2006-09-30": "2.61900", "2006-06-30": "2.40200", "2006-03-31": "2.30700", "2005-12-31": "1.77900", "2005-09-30": "1.66400", "2005-06-30": "1.85700", "2005-03-31": "1.84500"}, "Other Operating Income Or Expenses": {"2020-09-30": "", "2020-06-30": "", "2020-03-31": "", "2019-12-31": "", "2019-09-30": "", "2019-06-30": "", "2019-03-31": "", "2018-12-31": "", "2018-09-30": "", "2018-06-30": "", "2018-03-31": "", "2017-12-31": "", "2017-09-30": "", "2017-06-30": "", "2017-03-31": "", "2016-12-31": "", "2016-09-30": "", "2016-06-30": "", "2016-03-31": "", "2015-12-31": "", "2015-09-30": "", "2015-06-30": "", "2015-03-31": "", "2014-12-31": "", "2014-09-30": "", "2014-06-30": "", "2014-03-31": "", "2013-12-31": "", "2013-09-30": "", "2013-06-30": "", "2013-03-31": "", "2012-12-31": "", "2012-09-30": "", "2012-06-30": "", "2012-03-31": "", "2011-12-31": "", "2011-09-30": "", "2011-06-30": "", "2011-03-31": "", "2010-12-31": "", "2010-09-30": "", "2010-06-30": "", "2010-03-31": "", "2009-12-31": "", "2009-09-30": "", "2009-06-30": "", "2009-03-31": "", "2008-12-31": "", "2008-09-30": "", "2008-06-30": "", "2008-03-31": "", "2007-12-31": "", "2007-09-30": "", "2007-06-30": "", "2007-03-31": "", "2006-12-31": "", "2006-09-30": "", "2006-06-30": "", "2006-03-31": "", "2005-12-31": "", "2005-09-30": "", "2005-06-30": "", "2005-03-31": ""}, "Operating Expenses": {"2020-09-30": "423.54500", "2020-06-30": "371.96300", "2020-03-31": "346.86900", "2019-12-31": "328.21810", "2019-09-30": "303.04700", "2019-06-30": "257.15700", "2019-03-31": "248.83600", "2018-12-31": "264.82410", "2018-09-30": "214.99800", "2018-06-30": "200.45700", "2018-03-31": "234.41900", "2017-12-31": "174.61700", "2017-09-30": "167.48800", "2017-06-30": "167.49700", "2017-03-31": "168.44900", "2016-12-31": "161.12400", "2016-09-30": "138.72700", "2016-06-30": "128.84400", "2016-03-31": "132.17700", "2015-12-31": "118.62100", "2015-09-30": "110.57200", "2015-06-30": "124.65900", "2015-03-31": "103.90000", "2014-12-31": "102.05000", "2014-09-30": "91.47800", "2014-06-30": "85.95100", "2014-03-31": "84.64200", "2013-12-31": "83.09000", "2013-09-30": "94.75300", "2013-06-30": "80.56700", "2013-03-31": "73.71500", "2012-12-31": "74.62000", "2012-09-30": "63.58900", "2012-06-30": "66.11400", "2012-03-31": "63.74300", "2011-12-31": "67.58400", "2011-09-30": "61.59900", "2011-06-30": "64.84000", "2011-03-31": "45.14700", "2010-12-31": "43.04200", "2010-09-30": "51.32500", "2010-06-30": "45.75400", "2010-03-31": "35.54700", "2009-12-31": "34.47000", "2009-09-30": "32.21900", "2009-06-30": "32.73100", "2009-03-31": "37.40200", "2008-12-31": "41.94400", "2008-09-30": "31.39800", "2008-06-30": "27.59300", "2008-03-31": "26.08700", "2007-12-31": "24.41500", "2007-09-30": "21.03200", "2007-06-30": "17.99300", "2007-03-31": "14.62500", "2006-12-31": "13.82700", "2006-09-30": "12.41600", "2006-06-30": "12.40900", "2006-03-31": "11.55800", "2005-12-31": "10.31600", "2005-09-30": "9.47000", "2005-06-30": "11.22200", "2005-03-31": "10.82000"}, "Operating Income": {"2020-09-30": "638.18590", "2020-06-30": "-93.96500", "2020-03-31": "-112.35500", "2019-12-31": "-38.41410", "2019-09-30": "-89.78400", "2019-06-30": "-38.71000", "2019-03-31": "-53.63700", "2018-12-31": "-90.31110", "2018-09-30": "-45.57400", "2018-06-30": "-30.28400", "2018-03-31": "-93.82900", "2017-12-31": "-45.01200", "2017-09-30": "-32.19700", "2017-06-30": "-59.27400", "2017-03-31": "-59.31800", "2016-12-31": "-55.84900", "2016-09-30": "-32.41200", "2016-06-30": "-33.44200", "2016-03-31": "-21.02200", "2015-12-31": "-25.14400", "2015-09-30": "-26.50000", "2015-06-30": "-47.56300", "2015-03-31": "-21.74300", "2014-12-31": "-27.72400", "2014-09-30": "-15.62500", "2014-06-30": "-17.64300", "2014-03-31": "-16.37100", "2013-12-31": "-15.68100", "2013-09-30": "-23.78400", "2013-06-30": "-7.00900", "2013-03-31": "-16.38700", "2012-12-31": "-10.70800", "2012-09-30": "-13.75700", "2012-06-30": "-17.29100", "2012-03-31": "-15.49800", "2011-12-31": "-18.69700", "2011-09-30": "-40.93300", "2011-06-30": "-51.78600", "2011-03-31": "-32.97600", "2010-12-31": "-34.89600", "2010-09-30": "-35.33400", "2010-06-30": "-8.87600", "2010-03-31": "10.90800", "2009-12-31": "-12.70100", "2009-09-30": "-20.57300", "2009-06-30": "-23.32300", "2009-03-31": "-28.26000", "2008-12-31": "-31.87600", "2008-09-30": "-23.31900", "2008-06-30": "-17.58900", "2008-03-31": "-19.00200", "2007-12-31": "-16.57900", "2007-09-30": "-16.39500", "2007-06-30": "-12.38200", "2007-03-31": "-10.28900", "2006-12-31": "-11.24400", "2006-09-30": "-9.97500", "2006-06-30": "-9.56900", "2006-03-31": "-9.41700", "2005-12-31": "-7.99700", "2005-09-30": "-6.83800", "2005-06-30": "-9.02200", "2005-03-31": "-8.21400"}, "Total Non-Operating Income/Expense": {"2020-09-30": "1.22300", "2020-06-30": "72.77500", "2020-03-31": "-56.04700", "2019-12-31": "64.24400", "2019-09-30": "-2.12900", "2019-06-30": "-40.52800", "2019-03-31": "40.30800", "2018-12-31": "-53.14700", "2018-09-30": "-21.87200", "2018-06-30": "106.55700", "2018-03-31": "-17.88600", "2017-12-31": "-47.54600", "2017-09-30": "82.21800", "2017-06-30": "2.91400", "2017-03-31": "-0.67200", "2016-12-31": "0.71100", "2016-09-30": "0.66000", "2016-06-30": "0.69900", "2016-03-31": "0.54400", "2015-12-31": "0.28800", "2015-09-30": "0.06200", "2015-06-30": "0.06100", "2015-03-31": "0.05300", "2014-12-31": "1.04000", "2014-09-30": "0.05900", "2014-06-30": "0.05300", "2014-03-31": "0.07000", "2013-12-31": "0.01000", "2013-09-30": "0.09800", "2013-06-30": "0.11000", "2013-03-31": "0.12300", "2012-12-31": "0.11200", "2012-09-30": "0.10500", "2012-06-30": "0.05500", "2012-03-31": "3.20000", "2011-12-31": "-8.46800", "2011-09-30": "0.24800", "2011-06-30": "0.28000", "2011-03-31": "0.30200", "2010-12-31": "0.35000", "2010-09-30": "0.47800", "2010-06-30": "0.55300", "2010-03-31": "0.55200", "2009-12-31": "0.58400", "2009-09-30": "0.74600", "2009-06-30": "0.85200", "2009-03-31": "0.99200", "2008-12-31": "1.27900", "2008-09-30": "1.55500", "2008-06-30": "1.56100", "2008-03-31": "1.89000", "2007-12-31": "1.63800", "2007-09-30": "1.78200", "2007-06-30": "1.83200", "2007-03-31": "1.46100", "2006-12-31": "1.22400", "2006-09-30": "1.32600", "2006-06-30": "0.92600", "2006-03-31": "0.71400", "2005-12-31": "0.64800", "2005-09-30": "0.66700", "2005-06-30": "0.66200", "2005-03-31": "0.66100"}, "Pre-Tax Income": {"2020-09-30": "639.40900", "2020-06-30": "-21.19000", "2020-03-31": "-168.40200", "2019-12-31": "25.83000", "2019-09-30": "-91.91300", "2019-06-30": "-79.23800", "2019-03-31": "-13.32900", "2018-12-31": "-143.45800", "2018-09-30": "-67.44600", "2018-06-30": "76.27300", "2018-03-31": "-111.71500", "2017-12-31": "-92.55800", "2017-09-30": "50.02100", "2017-06-30": "-56.36000", "2017-03-31": "-59.99000", "2016-12-31": "-55.13800", "2016-09-30": "-31.75200", "2016-06-30": "-32.74300", "2016-03-31": "-20.47800", "2015-12-31": "-24.85600", "2015-09-30": "-26.43800", "2015-06-30": "-47.50200", "2015-03-31": "-21.69000", "2014-12-31": "-26.68400", "2014-09-30": "-15.56600", "2014-06-30": "-17.59000", "2014-03-31": "-16.30100", "2013-12-31": "-15.67100", "2013-09-30": "-23.68600", "2013-06-30": "-6.89900", "2013-03-31": "-16.26400", "2012-12-31": "-10.59600", "2012-09-30": "-13.65200", "2012-06-30": "-17.23600", "2012-03-31": "-12.29800", "2011-12-31": "-27.16500", "2011-09-30": "-40.68500", "2011-06-30": "-51.50600", "2011-03-31": "-32.67400", "2010-12-31": "-34.54600", "2010-09-30": "-34.85600", "2010-06-30": "-8.32300", "2010-03-31": "11.46000", "2009-12-31": "-12.11700", "2009-09-30": "-19.82700", "2009-06-30": "-22.47100", "2009-03-31": "-27.26800", "2008-12-31": "-30.59700", "2008-09-30": "-21.76400", "2008-06-30": "-16.02800", "2008-03-31": "-17.11200", "2007-12-31": "-14.94100", "2007-09-30": "-14.61300", "2007-06-30": "-10.55000", "2007-03-31": "-8.82800", "2006-12-31": "-10.02000", "2006-09-30": "-8.64900", "2006-06-30": "-8.64300", "2006-03-31": "-8.70300", "2005-12-31": "-7.34900", "2005-09-30": "-6.17100", "2005-06-30": "-8.36000", "2005-03-31": "-7.55300"}, "Income Taxes": {"2020-09-30": "3.24200", "2020-06-30": "", "2020-03-31": "", "2019-12-31": "", "2019-09-30": "", "2019-06-30": "", "2019-03-31": "", "2018-12-31": "", "2018-09-30": "", "2018-06-30": "", "2018-03-31": "", "2017-12-31": "", "2017-09-30": "", "2017-06-30": "", "2017-03-31": "", "2016-12-31": "", "2016-09-30": "", "2016-06-30": "", "2016-03-31": "", "2015-12-31": "", "2015-09-30": "", "2015-06-30": "", "2015-03-31": "", "2014-12-31": "", "2014-09-30": "", "2014-06-30": "", "2014-03-31": "", "2013-12-31": "", "2013-09-30": "", "2013-06-30": "", "2013-03-31": "", "2012-12-31": "", "2012-09-30": "", "2012-06-30": "", "2012-03-31": "", "2011-12-31": "", "2011-09-30": "", "2011-06-30": "", "2011-03-31": "", "2010-12-31": "", "2010-09-30": "", "2010-06-30": "", "2010-03-31": "", "2009-12-31": "", "2009-09-30": "", "2009-06-30": "", "2009-03-31": "", "2008-12-31": "", "2008-09-30": "", "2008-06-30": "", "2008-03-31": "", "2007-12-31": "", "2007-09-30": "", "2007-06-30": "", "2007-03-31": "", "2006-12-31": "", "2006-09-30": "", "2006-06-30": "", "2006-03-31": "", "2005-12-31": "", "2005-09-30": "", "2005-06-30": "", "2005-03-31": ""}, "Income After Taxes": {"2020-09-30": "636.16700", "2020-06-30": "-21.19000", "2020-03-31": "-168.40200", "2019-12-31": "25.83000", "2019-09-30": "-91.91300", "2019-06-30": "-79.23800", "2019-03-31": "-13.32900", "2018-12-31": "-119.80500", "2018-09-30": "-67.44600", "2018-06-30": "76.27300", "2018-03-31": "-111.71500", "2017-12-31": "-59.20100", "2017-09-30": "50.02100", "2017-06-30": "-56.36000", "2017-03-31": "-59.99000", "2016-12-31": "-55.13800", "2016-09-30": "-31.75200", "2016-06-30": "-32.74300", "2016-03-31": "-20.47800", "2015-12-31": "-24.85600", "2015-09-30": "-26.43800", "2015-06-30": "-47.50200", "2015-03-31": "-21.69000", "2014-12-31": "-26.68400", "2014-09-30": "-15.56600", "2014-06-30": "-17.59000", "2014-03-31": "-16.30100", "2013-12-31": "-15.67100", "2013-09-30": "-23.68600", "2013-06-30": "-6.89900", "2013-03-31": "-16.26400", "2012-12-31": "-10.59600", "2012-09-30": "-13.65200", "2012-06-30": "-17.23600", "2012-03-31": "-12.29800", "2011-12-31": "-27.16500", "2011-09-30": "-40.68500", "2011-06-30": "-51.50600", "2011-03-31": "-32.67400", "2010-12-31": "-34.54600", "2010-09-30": "-34.85600", "2010-06-30": "-8.32300", "2010-03-31": "11.46000", "2009-12-31": "-12.11700", "2009-09-30": "-19.82700", "2009-06-30": "-22.47100", "2009-03-31": "-27.26800", "2008-12-31": "-30.59700", "2008-09-30": "-21.76400", "2008-06-30": "-16.02800", "2008-03-31": "-17.11200", "2007-12-31": "-14.94100", "2007-09-30": "-14.61300", "2007-06-30": "-10.55000", "2007-03-31": "-8.82800", "2006-12-31": "-10.02000", "2006-09-30": "-8.64900", "2006-06-30": "-8.64300", "2006-03-31": "-8.70300", "2005-12-31": "-7.34900", "2005-09-30": "-6.17100", "2005-06-30": "-8.36000", "2005-03-31": "-7.55300"}, "Other Income": {"2020-09-30": "", "2020-06-30": "", "2020-03-31": "", "2019-12-31": "", "2019-09-30": "", "2019-06-30": "", "2019-03-31": "", "2018-12-31": "", "2018-09-30": "", "2018-06-30": "", "2018-03-31": "", "2017-12-31": "", "2017-09-30": "", "2017-06-30": "", "2017-03-31": "", "2016-12-31": "", "2016-09-30": "", "2016-06-30": "", "2016-03-31": "", "2015-12-31": "", "2015-09-30": "", "2015-06-30": "", "2015-03-31": "", "2014-12-31": "", "2014-09-30": "", "2014-06-30": "", "2014-03-31": "", "2013-12-31": "", "2013-09-30": "", "2013-06-30": "", "2013-03-31": "", "2012-12-31": "", "2012-09-30": "", "2012-06-30": "", "2012-03-31": "", "2011-12-31": "", "2011-09-30": "", "2011-06-30": "", "2011-03-31": "", "2010-12-31": "", "2010-09-30": "", "2010-06-30": "", "2010-03-31": "", "2009-12-31": "", "2009-09-30": "", "2009-06-30": "", "2009-03-31": "", "2008-12-31": "", "2008-09-30": "", "2008-06-30": "", "2008-03-31": "", "2007-12-31": "", "2007-09-30": "", "2007-06-30": "", "2007-03-31": "", "2006-12-31": "", "2006-09-30": "", "2006-06-30": "", "2006-03-31": "", "2005-12-31": "", "2005-09-30": "", "2005-06-30": "", "2005-03-31": ""}, "Income From Continuous Operations": {"2020-09-30": "636.16700", "2020-06-30": "-21.19000", "2020-03-31": "-168.40200", "2019-12-31": "25.83000", "2019-09-30": "-91.91300", "2019-06-30": "-79.23800", "2019-03-31": "-13.32900", "2018-12-31": "-119.80500", "2018-09-30": "-67.44600", "2018-06-30": "76.27300", "2018-03-31": "-111.71500", "2017-12-31": "-59.20100", "2017-09-30": "50.02100", "2017-06-30": "-56.36000", "2017-03-31": "-59.99000", "2016-12-31": "-55.13800", "2016-09-30": "-31.75200", "2016-06-30": "-32.74300", "2016-03-31": "-20.47800", "2015-12-31": "-24.85600", "2015-09-30": "-26.43800", "2015-06-30": "-47.50200", "2015-03-31": "-21.69000", "2014-12-31": "-26.68400", "2014-09-30": "-15.56600", "2014-06-30": "-17.59000", "2014-03-31": "-16.30100", "2013-12-31": "-15.67100", "2013-09-30": "-23.68600", "2013-06-30": "-6.89900", "2013-03-31": "-16.26400", "2012-12-31": "-10.59600", "2012-09-30": "-13.65200", "2012-06-30": "-17.23600", "2012-03-31": "-12.29800", "2011-12-31": "-27.16500", "2011-09-30": "-40.68500", "2011-06-30": "-51.50600", "2011-03-31": "-32.67400", "2010-12-31": "-34.54600", "2010-09-30": "-34.85600", "2010-06-30": "-8.32300", "2010-03-31": "11.46000", "2009-12-31": "-12.11700", "2009-09-30": "-19.82700", "2009-06-30": "-22.47100", "2009-03-31": "-27.26800", "2008-12-31": "-30.59700", "2008-09-30": "-21.76400", "2008-06-30": "-16.02800", "2008-03-31": "-17.11200", "2007-12-31": "-14.94100", "2007-09-30": "-14.61300", "2007-06-30": "-10.55000", "2007-03-31": "-8.82800", "2006-12-31": "-10.02000", "2006-09-30": "-8.64900", "2006-06-30": "-8.64300", "2006-03-31": "-8.70300", "2005-12-31": "-7.34900", "2005-09-30": "-6.17100", "2005-06-30": "-8.36000", "2005-03-31": "-7.55300"}, "Income From Discontinued Operations": {"2020-09-30": "", "2020-06-30": "", "2020-03-31": "", "2019-12-31": "", "2019-09-30": "", "2019-06-30": "", "2019-03-31": "", "2018-12-31": "", "2018-09-30": "", "2018-06-30": "", "2018-03-31": "", "2017-12-31": "", "2017-09-30": "", "2017-06-30": "", "2017-03-31": "", "2016-12-31": "", "2016-09-30": "", "2016-06-30": "", "2016-03-31": "", "2015-12-31": "", "2015-09-30": "", "2015-06-30": "", "2015-03-31": "", "2014-12-31": "", "2014-09-30": "", "2014-06-30": "", "2014-03-31": "", "2013-12-31": "", "2013-09-30": "", "2013-06-30": "", "2013-03-31": "", "2012-12-31": "", "2012-09-30": "", "2012-06-30": "", "2012-03-31": "", "2011-12-31": "", "2011-09-30": "", "2011-06-30": "", "2011-03-31": "", "2010-12-31": "", "2010-09-30": "", "2010-06-30": "", "2010-03-31": "", "2009-12-31": "", "2009-09-30": "", "2009-06-30": "", "2009-03-31": "", "2008-12-31": "", "2008-09-30": "", "2008-06-30": "", "2008-03-31": "", "2007-12-31": "", "2007-09-30": "", "2007-06-30": "", "2007-03-31": "", "2006-12-31": "", "2006-09-30": "", "2006-06-30": "", "2006-03-31": "", "2005-12-31": "", "2005-09-30": "", "2005-06-30": "", "2005-03-31": ""}, "Net Income": {"2020-09-30": "636.16700", "2020-06-30": "-21.19000", "2020-03-31": "-168.40200", "2019-12-31": "25.83000", "2019-09-30": "-91.91300", "2019-06-30": "-79.23800", "2019-03-31": "-13.32900", "2018-12-31": "-119.80500", "2018-09-30": "-67.44600", "2018-06-30": "76.27300", "2018-03-31": "-111.71500", "2017-12-31": "-59.20100", "2017-09-30": "50.02100", "2017-06-30": "-56.36000", "2017-03-31": "-59.99000", "2016-12-31": "-55.13800", "2016-09-30": "-31.75200", "2016-06-30": "-32.74300", "2016-03-31": "-20.47800", "2015-12-31": "-24.85600", "2015-09-30": "-26.43800", "2015-06-30": "-47.50200", "2015-03-31": "-21.69000", "2014-12-31": "-26.68400", "2014-09-30": "-15.56600", "2014-06-30": "-17.59000", "2014-03-31": "-16.30100", "2013-12-31": "-15.67100", "2013-09-30": "-23.68600", "2013-06-30": "-6.89900", "2013-03-31": "-16.26400", "2012-12-31": "-10.59600", "2012-09-30": "-13.65200", "2012-06-30": "-17.23600", "2012-03-31": "-12.29800", "2011-12-31": "-27.16500", "2011-09-30": "-40.68500", "2011-06-30": "-51.50600", "2011-03-31": "-32.67400", "2010-12-31": "-34.54600", "2010-09-30": "-34.85600", "2010-06-30": "-8.32300", "2010-03-31": "11.46000", "2009-12-31": "-12.11700", "2009-09-30": "-19.82700", "2009-06-30": "-22.47100", "2009-03-31": "-27.26800", "2008-12-31": "-30.59700", "2008-09-30": "-21.76400", "2008-06-30": "-16.02800", "2008-03-31": "-17.11200", "2007-12-31": "-14.94100", "2007-09-30": "-14.61300", "2007-06-30": "-10.55000", "2007-03-31": "-8.82800", "2006-12-31": "-10.02000", "2006-09-30": "-8.64900", "2006-06-30": "-8.64300", "2006-03-31": "-8.70300", "2005-12-31": "-7.34900", "2005-09-30": "-6.17100", "2005-06-30": "-8.36000", "2005-03-31": "-7.55300"}, "EBITDA": {"2020-09-30": "656.68890", "2020-06-30": "-76.17100", "2020-03-31": "-104.37300", "2019-12-31": "-31.21910", "2019-09-30": "-83.11900", "2019-06-30": "-31.33700", "2019-03-31": "-46.27200", "2018-12-31": "-84.47010", "2018-09-30": "-41.23500", "2018-06-30": "-23.82600", "2018-03-31": "-86.96500", "2017-12-31": "-37.29200", "2017-09-30": "-25.33100", "2017-06-30": "-55.71400", "2017-03-31": "-52.69800", "2016-12-31": "-50.65700", "2016-09-30": "-27.21700", "2016-06-30": "-27.62200", "2016-03-31": "-14.44900", "2015-12-31": "-19.56200", "2015-09-30": "-22.40200", "2015-06-30": "-43.62300", "2015-03-31": "-18.01200", "2014-12-31": "-25.15700", "2014-09-30": "-12.27500", "2014-06-30": "-14.38900", "2014-03-31": "-13.20200", "2013-12-31": "-12.77000", "2013-09-30": "-21.27100", "2013-06-30": "-4.43600", "2013-03-31": "-13.88600", "2012-12-31": "-8.30700", "2012-09-30": "-11.46400", "2012-06-30": "-15.19300", "2012-03-31": "-13.55700", "2011-12-31": "-8.03800", "2011-09-30": "-38.84400", "2011-06-30": "-49.59200", "2011-03-31": "-31.27400", "2010-12-31": "-33.47700", "2010-09-30": "-33.80000", "2010-06-30": "-7.05200", "2010-03-31": "13.12200", "2009-12-31": "-11.08400", "2009-09-30": "-18.89100", "2009-06-30": "-21.36000", "2009-03-31": "-26.64000", "2008-12-31": "-30.31500", "2008-09-30": "-21.87200", "2008-06-30": "-16.35800", "2008-03-31": "-18.15700", "2007-12-31": "-15.26100", "2007-09-30": "-15.81900", "2007-06-30": "-11.93900", "2007-03-31": "-10.07800", "2006-12-31": "-10.96200", "2006-09-30": "-9.59200", "2006-06-30": "-8.62000", "2006-03-31": "-8.61300", "2005-12-31": "-7.39700", "2005-09-30": "-6.24800", "2005-06-30": "-8.72900", "2005-03-31": "-7.36400"}, "EBIT": {"2020-09-30": "638.18590", "2020-06-30": "-93.96500", "2020-03-31": "-112.35500", "2019-12-31": "-38.41410", "2019-09-30": "-89.78400", "2019-06-30": "-38.71000", "2019-03-31": "-53.63700", "2018-12-31": "-90.31100", "2018-09-30": "-45.57400", "2018-06-30": "-30.28400", "2018-03-31": "-93.82900", "2017-12-31": "-45.01200", "2017-09-30": "-32.19700", "2017-06-30": "-59.27400", "2017-03-31": "-59.31800", "2016-12-31": "-55.84900", "2016-09-30": "-32.41200", "2016-06-30": "-33.44200", "2016-03-31": "-21.02200", "2015-12-31": "-25.14400", "2015-09-30": "-26.50000", "2015-06-30": "-47.56300", "2015-03-31": "-21.74300", "2014-12-31": "-27.72400", "2014-09-30": "-15.62500", "2014-06-30": "-17.64300", "2014-03-31": "-16.37100", "2013-12-31": "-15.68100", "2013-09-30": "-23.78400", "2013-06-30": "-7.00900", "2013-03-31": "-16.38700", "2012-12-31": "-10.70800", "2012-09-30": "-13.75700", "2012-06-30": "-17.29100", "2012-03-31": "-15.49800", "2011-12-31": "-18.69700", "2011-09-30": "-40.93300", "2011-06-30": "-51.78600", "2011-03-31": "-32.97600", "2010-12-31": "-34.89600", "2010-09-30": "-35.33400", "2010-06-30": "-8.87600", "2010-03-31": "10.90800", "2009-12-31": "-12.70100", "2009-09-30": "-20.57300", "2009-06-30": "-23.32300", "2009-03-31": "-28.26000", "2008-12-31": "-31.87600", "2008-09-30": "-23.31900", "2008-06-30": "-17.58900", "2008-03-31": "-19.00200", "2007-12-31": "-16.57900", "2007-09-30": "-16.39500", "2007-06-30": "-12.38200", "2007-03-31": "-10.28900", "2006-12-31": "-11.24400", "2006-09-30": "-9.97500", "2006-06-30": "-9.56900", "2006-03-31": "-9.41700", "2005-12-31": "-7.99700", "2005-09-30": "-6.83800", "2005-06-30": "-9.02200", "2005-03-31": "-8.21400"}, "Basic Shares Outstanding": {"2020-09-30": "174.46000", "2020-06-30": "173.40600", "2020-03-31": "172.35000", "2019-12-31": "165.49800", "2019-09-30": "168.10900", "2019-06-30": "161.43600", "2019-03-31": "160.65700", "2018-12-31": "157.65500", "2018-09-30": "159.30400", "2018-06-30": "158.38100", "2018-03-31": "152.04900", "2017-12-31": "143.17400", "2017-09-30": "143.35700", "2017-06-30": "142.80200", "2017-03-31": "142.45800", "2016-12-31": "140.74600", "2016-09-30": "140.92800", "2016-06-30": "140.28300", "2016-03-31": "139.89000", "2015-12-31": "129.18400", "2015-09-30": "127.66700", "2015-06-30": "125.06400", "2015-03-31": "124.31200", "2014-12-31": "123.40800", "2014-09-30": "123.59100", "2014-06-30": "123.20900", "2014-03-31": "122.89600", "2013-12-31": "121.57500", "2013-09-30": "121.99000", "2013-06-30": "121.31700", "2013-03-31": "120.45500", "2012-12-31": "117.85100", "2012-09-30": "118.47100", "2012-06-30": "117.25200", "2012-03-31": "116.34800", "2011-12-31": "113.09800", "2011-09-30": "114.72700", "2011-06-30": "113.99600", "2011-03-31": "108.51300", "2010-12-31": "101.05500", "2010-09-30": "101.22100", "2010-06-30": "100.91900", "2010-03-31": "100.62200", "2009-12-31": "90.98800", "2009-09-30": "93.46000", "2009-06-30": "86.20000", "2009-03-31": "83.54500", "2008-12-31": "78.72400", "2008-09-30": "79.55900", "2008-06-30": "79.27700", "2008-03-31": "76.25800", "2007-12-31": "61.29300", "2007-09-30": "65.95700", "2007-06-30": "57.06400", "2007-03-31": "54.53900", "2006-12-31": "48.65900", "2006-09-30": "50.99700", "2006-06-30": "50.07700", "2006-03-31": "42.41800", "2005-12-31": "42.23800", "2005-09-30": "42.31700", "2005-06-30": "42.18700", "2005-03-31": "42.06700"}, "Shares Outstanding": {"2020-09-30": "181.87700", "2020-06-30": "173.40600", "2020-03-31": "172.35000", "2019-12-31": "165.49800", "2019-09-30": "168.10900", "2019-06-30": "161.43600", "2019-03-31": "160.65700", "2018-12-31": "157.65500", "2018-09-30": "159.30400", "2018-06-30": "163.38200", "2018-03-31": "152.04900", "2017-12-31": "143.17400", "2017-09-30": "148.06800", "2017-06-30": "142.80200", "2017-03-31": "142.45800", "2016-12-31": "140.74600", "2016-09-30": "140.92800", "2016-06-30": "140.28300", "2016-03-31": "139.89000", "2015-12-31": "129.18400", "2015-09-30": "127.66700", "2015-06-30": "125.06400", "2015-03-31": "124.31200", "2014-12-31": "123.40800", "2014-09-30": "123.59100", "2014-06-30": "123.20900", "2014-03-31": "122.89600", "2013-12-31": "121.57500", "2013-09-30": "121.99000", "2013-06-30": "121.31700", "2013-03-31": "120.45500", "2012-12-31": "117.85100", "2012-09-30": "118.47100", "2012-06-30": "117.25200", "2012-03-31": "116.34800", "2011-12-31": "113.09800", "2011-09-30": "114.72700", "2011-06-30": "113.99600", "2011-03-31": "108.51300", "2010-12-31": "101.05500", "2010-09-30": "101.22100", "2010-06-30": "100.91900", "2010-03-31": "103.03600", "2009-12-31": "90.98800", "2009-09-30": "93.46000", "2009-06-30": "86.20000", "2009-03-31": "83.54500", "2008-12-31": "78.72400", "2008-09-30": "79.55900", "2008-06-30": "79.27700", "2008-03-31": "76.25800", "2007-12-31": "61.29300", "2007-09-30": "65.95700", "2007-06-30": "57.06400", "2007-03-31": "54.53900", "2006-12-31": "48.65900", "2006-09-30": "50.99700", "2006-06-30": "50.07700", "2006-03-31": "42.41800", "2005-12-31": "42.23800", "2005-09-30": "42.31700", "2005-06-30": "42.18700", "2005-03-31": "42.06700"}, "Basic EPS": {"2020-09-30": "3.65000", "2020-06-30": "-0.12000", "2020-03-31": "-0.98000", "2019-12-31": "0.16000", "2019-09-30": "-0.55000", "2019-06-30": "-0.49000", "2019-03-31": "-0.08000", "2018-12-31": "-0.74000", "2018-09-30": "-0.42000", "2018-06-30": "0.48000", "2018-03-31": "-0.73000", "2017-12-31": "-0.42000", "2017-09-30": "0.35000", "2017-06-30": "-0.39000", "2017-03-31": "-0.42000", "2016-12-31": "-0.39000", "2016-09-30": "-0.23000", "2016-06-30": "-0.23000", "2016-03-31": "-0.15000", "2015-12-31": "-0.17000", "2015-09-30": "-0.21000", "2015-06-30": "-0.38000", "2015-03-31": "-0.17000", "2014-12-31": "-0.22000", "2014-09-30": "-0.13000", "2014-06-30": "-0.14000", "2014-03-31": "-0.13000", "2013-12-31": "-0.12000", "2013-09-30": "-0.19000", "2013-06-30": "-0.06000", "2013-03-31": "-0.14000", "2012-12-31": "-0.08000", "2012-09-30": "-0.12000", "2012-06-30": "-0.15000", "2012-03-31": "-0.11000", "2011-12-31": "-0.24000", "2011-09-30": "-0.35000", "2011-06-30": "-0.45000", "2011-03-31": "-0.30000", "2010-12-31": "-0.35000", "2010-09-30": "-0.34000", "2010-06-30": "-0.08000", "2010-03-31": "0.11000", "2009-12-31": "-0.10000", "2009-09-30": "-0.21000", "2009-06-30": "-0.26000", "2009-03-31": "-0.33000", "2008-12-31": "-0.40000", "2008-09-30": "-0.27000", "2008-06-30": "-0.20000", "2008-03-31": "-0.22000", "2007-12-31": "-0.24000", "2007-09-30": "-0.22000", "2007-06-30": "-0.18000", "2007-03-31": "-0.16000", "2006-12-31": "-0.19000", "2006-09-30": "-0.17000", "2006-06-30": "-0.17000", "2006-03-31": "-0.21000", "2005-12-31": "-0.17000", "2005-09-30": "-0.15000", "2005-06-30": "-0.20000", "2005-03-31": "-0.18000"}, "EPS - Earnings Per Share": {"2020-09-30": "3.50000", "2020-06-30": "-0.12000", "2020-03-31": "-0.98000", "2019-12-31": "0.16000", "2019-09-30": "-0.55000", "2019-06-30": "-0.49000", "2019-03-31": "-0.08000", "2018-12-31": "-0.73000", "2018-09-30": "-0.42000", "2018-06-30": "0.47000", "2018-03-31": "-0.73000", "2017-12-31": "-0.41000", "2017-09-30": "0.34000", "2017-06-30": "-0.39000", "2017-03-31": "-0.42000", "2016-12-31": "-0.39000", "2016-09-30": "-0.23000", "2016-06-30": "-0.23000", "2016-03-31": "-0.15000", "2015-12-31": "-0.17000", "2015-09-30": "-0.21000", "2015-06-30": "-0.38000", "2015-03-31": "-0.17000", "2014-12-31": "-0.22000", "2014-09-30": "-0.13000", "2014-06-30": "-0.14000", "2014-03-31": "-0.13000", "2013-12-31": "-0.12000", "2013-09-30": "-0.19000", "2013-06-30": "-0.06000", "2013-03-31": "-0.14000", "2012-12-31": "-0.08000", "2012-09-30": "-0.12000", "2012-06-30": "-0.15000", "2012-03-31": "-0.11000", "2011-12-31": "-0.24000", "2011-09-30": "-0.35000", "2011-06-30": "-0.45000", "2011-03-31": "-0.30000", "2010-12-31": "-0.35000", "2010-09-30": "-0.34000", "2010-06-30": "-0.08000", "2010-03-31": "0.11000", "2009-12-31": "-0.10000", "2009-09-30": "-0.21000", "2009-06-30": "-0.26000", "2009-03-31": "-0.33000", "2008-12-31": "-0.40000", "2008-09-30": "-0.27000", "2008-06-30": "-0.20000", "2008-03-31": "-0.22000", "2007-12-31": "-0.24000", "2007-09-30": "-0.22000", "2007-06-30": "-0.18000", "2007-03-31": "-0.16000", "2006-12-31": "-0.19000", "2006-09-30": "-0.17000", "2006-06-30": "-0.17000", "2006-03-31": "-0.21000", "2005-12-31": "-0.17000", "2005-09-30": "-0.15000", "2005-06-30": "-0.20000", "2005-03-31": "-0.18000"}}, "balance sheet": {"Cash On Hand": {"2019-12-31": "811.05500", "2018-12-31": "410.67200", "2017-12-31": "413.17100", "2016-12-31": "588.98600", "2015-12-31": "649.65100", "2014-12-31": "313.41300", "2013-12-31": "374.26700", "2012-12-31": "364.25800", "2011-12-31": "330.69600", "2010-12-31": "281.80900", "2009-12-31": "260.80500", "2008-12-31": "95.17900", "2007-12-31": "111.36100", "2006-12-31": "82.58700", "2005-12-31": "42.47100"}, "Receivables": {"2019-12-31": "236.00100", "2018-12-31": "146.28100", "2017-12-31": "84.77400", "2016-12-31": "61.92800", "2015-12-31": "52.93000", "2014-12-31": "39.24800", "2013-12-31": "29.50800", "2012-12-31": "34.33600", "2011-12-31": "55.59600", "2010-12-31": "20.06100", "2009-12-31": "81.47200", "2008-12-31": "10.07400", "2007-12-31": "6.74600", "2006-12-31": "1.43700", "2005-12-31": "1.36100"}, "Inventory": {"2019-12-31": "85.93200", "2018-12-31": "53.23900", "2017-12-31": "59.97800", "2016-12-31": "68.12400", "2015-12-31": "56.96300", "2014-12-31": "43.45100", "2013-12-31": "27.07300", "2012-12-31": "37.74700", "2011-12-31": "9.46900", "2010-12-31": "", "2009-12-31": "", "2008-12-31": "", "2007-12-31": "", "2006-12-31": "", "2005-12-31": ""}, "Pre-Paid Expenses": {"2019-12-31": "43.65300", "2018-12-31": "43.40300", "2017-12-31": "19.13800", "2016-12-31": "15.61000", "2015-12-31": "11.51500", "2014-12-31": "11.87400", "2013-12-31": "6.40800", "2012-12-31": "4.51900", "2011-12-31": "3.82000", "2010-12-31": "2.24600", "2009-12-31": "6.30200", "2008-12-31": "5.46300", "2007-12-31": "1.24400", "2006-12-31": "1.40500", "2005-12-31": "0.31400"}, "Other Current Assets": {"2019-12-31": "", "2018-12-31": "", "2017-12-31": "", "2016-12-31": "", "2015-12-31": "", "2014-12-31": "", "2013-12-31": "", "2012-12-31": "", "2011-12-31": "", "2010-12-31": "", "2009-12-31": "", "2008-12-31": "", "2007-12-31": "", "2006-12-31": "", "2005-12-31": ""}, "Total Current Assets": {"2019-12-31": "1176.64100", "2018-12-31": "653.59500", "2017-12-31": "577.06100", "2016-12-31": "734.64800", "2015-12-31": "771.05900", "2014-12-31": "407.98600", "2013-12-31": "437.25600", "2012-12-31": "440.86000", "2011-12-31": "399.58100", "2010-12-31": "304.11600", "2009-12-31": "348.57900", "2008-12-31": "110.71600", "2007-12-31": "119.35100", "2006-12-31": "85.42900", "2005-12-31": "44.14600"}, "Property, Plant, And Equipment": {"2019-12-31": "155.49100", "2018-12-31": "103.82000", "2017-12-31": "103.75600", "2016-12-31": "62.87000", "2015-12-31": "49.59800", "2014-12-31": "46.12900", "2013-12-31": "40.78700", "2012-12-31": "24.75200", "2011-12-31": "19.65200", "2010-12-31": "12.31100", "2009-12-31": "12.32500", "2008-12-31": "10.99600", "2007-12-31": "10.29400", "2006-12-31": "7.79400", "2005-12-31": "8.53200"}, "Long-Term Investments": {"2019-12-31": "57.28300", "2018-12-31": "49.19400", "2017-12-31": "", "2016-12-31": "29.98800", "2015-12-31": "63.06000", "2014-12-31": "", "2013-12-31": "", "2012-12-31": "", "2011-12-31": "", "2010-12-31": "13.03100", "2009-12-31": "26.92500", "2008-12-31": "65.52900", "2007-12-31": "18.22300", "2006-12-31": "3.98600", "2005-12-31": "37.34100"}, "Goodwill And Intangible Assets": {"2019-12-31": "274.67100", "2018-12-31": "274.67100", "2017-12-31": "", "2016-12-31": "", "2015-12-31": "", "2014-12-31": "", "2013-12-31": "", "2012-12-31": "", "2011-12-31": "", "2010-12-31": "", "2009-12-31": "", "2008-12-31": "", "2007-12-31": "", "2006-12-31": "", "2005-12-31": ""}, "Other Long-Term Assets": {"2019-12-31": "476.55000", "2018-12-31": "422.04900", "2017-12-31": "197.13200", "2016-12-31": "10.89000", "2015-12-31": "11.37800", "2014-12-31": "4.85000", "2013-12-31": "5.85500", "2012-12-31": "5.81000", "2011-12-31": "5.98300", "2010-12-31": "0.47800", "2009-12-31": "0.50400", "2008-12-31": "0.47600", "2007-12-31": "0.66200", "2006-12-31": "0.48600", "2005-12-31": ""}, "Total Long-Term Assets": {"2019-12-31": "1029.22500", "2018-12-31": "849.73400", "2017-12-31": "300.88800", "2016-12-31": "103.74800", "2015-12-31": "124.03600", "2014-12-31": "50.97900", "2013-12-31": "46.64200", "2012-12-31": "30.56200", "2011-12-31": "25.63500", "2010-12-31": "25.82000", "2009-12-31": "39.75400", "2008-12-31": "77.00100", "2007-12-31": "29.17900", "2006-12-31": "12.26600", "2005-12-31": "45.87300"}, "Total Assets": {"2019-12-31": "2205.86600", "2018-12-31": "1503.32900", "2017-12-31": "877.94900", "2016-12-31": "838.39600", "2015-12-31": "895.09500", "2014-12-31": "458.96500", "2013-12-31": "483.89800", "2012-12-31": "471.42200", "2011-12-31": "425.21600", "2010-12-31": "329.93600", "2009-12-31": "388.33300", "2008-12-31": "187.71700", "2007-12-31": "148.53000", "2006-12-31": "97.69500", "2005-12-31": "90.01900"}, "Total Current Liabilities": {"2019-12-31": "259.35700", "2018-12-31": "225.07200", "2017-12-31": "167.12900", "2016-12-31": "148.51600", "2015-12-31": "134.26600", "2014-12-31": "125.89300", "2013-12-31": "99.19800", "2012-12-31": "100.57700", "2011-12-31": "91.14000", "2010-12-31": "54.82100", "2009-12-31": "104.49800", "2008-12-31": "40.22000", "2007-12-31": "29.34800", "2006-12-31": "8.54900", "2005-12-31": "11.09800"}, "Long Term Debt": {"2019-12-31": "", "2018-12-31": "", "2017-12-31": "", "2016-12-31": "", "2015-12-31": "", "2014-12-31": "", "2013-12-31": "", "2012-12-31": "", "2011-12-31": "", "2010-12-31": "", "2009-12-31": "", "2008-12-31": "", "2007-12-31": "", "2006-12-31": "", "2005-12-31": ""}, "Other Non-Current Liabilities": {"2019-12-31": "2.61500", "2018-12-31": "4.31400", "2017-12-31": "2.63300", "2016-12-31": "", "2015-12-31": "", "2014-12-31": "", "2013-12-31": "", "2012-12-31": "", "2011-12-31": "", "2010-12-31": "", "2009-12-31": "", "2008-12-31": "", "2007-12-31": "", "2006-12-31": "", "2005-12-31": ""}, "Total Long Term Liabilities": {"2019-12-31": "70.22200", "2018-12-31": "4.31400", "2017-12-31": "33.25100", "2016-12-31": "55.79300", "2015-12-31": "74.91800", "2014-12-31": "122.23800", "2013-12-31": "154.51500", "2012-12-31": "144.69700", "2011-12-31": "115.22700", "2010-12-31": "113.59700", "2009-12-31": "77.63500", "2008-12-31": "68.47900", "2007-12-31": "65.19600", "2006-12-31": "0.91200", "2005-12-31": "3.46300"}, "Total Liabilities": {"2019-12-31": "329.57900", "2018-12-31": "229.38600", "2017-12-31": "200.38000", "2016-12-31": "204.30900", "2015-12-31": "209.18400", "2014-12-31": "248.13100", "2013-12-31": "253.71300", "2012-12-31": "245.27400", "2011-12-31": "206.36700", "2010-12-31": "168.41800", "2009-12-31": "182.13300", "2008-12-31": "108.69900", "2007-12-31": "94.54400", "2006-12-31": "9.46100", "2005-12-31": "14.56100"}, "Common Stock Net": {"2019-12-31": "0.17200", "2018-12-31": "0.16000", "2017-12-31": "0.14400", "2016-12-31": "0.14200", "2015-12-31": "0.14000", "2014-12-31": "0.12400", "2013-12-31": "0.12300", "2012-12-31": "0.12000", "2011-12-31": "0.11600", "2010-12-31": "0.10200", "2009-12-31": "0.10100", "2008-12-31": "0.08000", "2007-12-31": "0.06800", "2006-12-31": "0.05100", "2005-12-31": "0.04200"}, "Retained Earnings (Accumulated Deficit)": {"2019-12-31": "-1483.23800", "2018-12-31": "-1324.58800", "2017-12-31": "-1192.57000", "2016-12-31": "-1067.04000", "2015-12-31": "-926.92900", "2014-12-31": "-806.44300", "2013-12-31": "-730.30200", "2012-12-31": "-667.78200", "2011-12-31": "-614.00000", "2010-12-31": "-461.97000", "2009-12-31": "-395.70500", "2008-12-31": "-314.02200", "2007-12-31": "-228.52100", "2006-12-31": "-179.58900", "2005-12-31": "-143.57400"}, "Comprehensive Income": {"2019-12-31": "0.22900", "2018-12-31": "-0.04000", "2017-12-31": "63.83600", "2016-12-31": "-0.06300", "2015-12-31": "-0.68300", "2014-12-31": "-0.02900", "2013-12-31": "-0.01100", "2012-12-31": "0.03700", "2011-12-31": "0.02000", "2010-12-31": "-1.37300", "2009-12-31": "-1.24900", "2008-12-31": "-1.37800", "2007-12-31": "0.11500", "2006-12-31": "-0.03700", "2005-12-31": "-0.17100"}, "Other Share Holders Equity": {"2019-12-31": "", "2018-12-31": "", "2017-12-31": "", "2016-12-31": "", "2015-12-31": "", "2014-12-31": "", "2013-12-31": "", "2012-12-31": "", "2011-12-31": "", "2010-12-31": "", "2009-12-31": "", "2008-12-31": "", "2007-12-31": "", "2006-12-31": "", "2005-12-31": ""}, "Share Holder Equity": {"2019-12-31": "1876.28700", "2018-12-31": "1273.94300", "2017-12-31": "677.56900", "2016-12-31": "634.08700", "2015-12-31": "685.91100", "2014-12-31": "210.83400", "2013-12-31": "230.18500", "2012-12-31": "226.14800", "2011-12-31": "218.84900", "2010-12-31": "161.51800", "2009-12-31": "206.20000", "2008-12-31": "79.01800", "2007-12-31": "53.98600", "2006-12-31": "88.23400", "2005-12-31": "75.45800"}, "Total Liabilities And Share Holders Equity": {"2019-12-31": "2205.86600", "2018-12-31": "1503.32900", "2017-12-31": "877.94900", "2016-12-31": "838.39600", "2015-12-31": "895.09500", "2014-12-31": "458.96500", "2013-12-31": "483.89800", "2012-12-31": "471.42200", "2011-12-31": "425.21600", "2010-12-31": "329.93600", "2009-12-31": "388.33300", "2008-12-31": "187.71700", "2007-12-31": "148.53000", "2006-12-31": "97.69500", "2005-12-31": "90.01900"}}, "balance sheet, quarterly": {"Cash On Hand": {"2020-09-30": "1718.37500", "2020-06-30": "895.66800", "2020-03-31": "799.08700", "2019-12-31": "811.05500", "2019-09-30": "870.31300", "2019-06-30": "376.12900", "2019-03-31": "418.29500", "2018-12-31": "410.67200", "2018-09-30": "463.07600", "2018-06-30": "447.97700", "2018-03-31": "399.91600", "2017-12-31": "413.17100", "2017-09-30": "450.39800", "2017-06-30": "452.41100", "2017-03-31": "506.40400", "2016-12-31": "588.98600", "2016-09-30": "591.79500", "2016-06-30": "608.94500", "2016-03-31": "609.49000", "2015-12-31": "649.65100", "2015-09-30": "736.45400", "2015-06-30": "249.53600", "2015-03-31": "296.01300", "2014-12-31": "313.41300", "2014-09-30": "339.56100", "2014-06-30": "349.20900", "2014-03-31": "355.35800", "2013-12-31": "374.26700", "2013-09-30": "373.84800", "2013-06-30": "338.08900", "2013-03-31": "344.13400", "2012-12-31": "364.25800", "2012-09-30": "313.93400", "2012-06-30": "330.33700", "2012-03-31": "308.86700", "2011-12-31": "330.69600", "2011-09-30": "361.69700", "2011-06-30": "411.11900", "2011-03-31": "442.59700", "2010-12-31": "281.80900", "2010-09-30": "302.91300", "2010-06-30": "313.36700", "2010-03-31": "318.28600", "2009-12-31": "260.80500", "2009-09-30": "266.47700", "2009-06-30": "140.62800", "2009-03-31": "131.60700", "2008-12-31": "95.17900", "2008-09-30": "104.52600", "2008-06-30": "113.51100", "2008-03-31": "167.41900", "2007-12-31": "111.36100", "2007-09-30": "91.92700", "2007-06-30": "93.50100", "2007-03-31": "108.56700", "2006-12-31": "82.58700", "2006-09-30": "86.87500", "2006-06-30": "97.07300", "2006-03-31": "36.23900", "2005-12-31": "42.47100", "2005-09-30": "41.43300", "2005-06-30": "44.13000", "2005-03-31": "43.80600"}, "Receivables": {"2020-09-30": "293.41600", "2020-06-30": "290.07400", "2020-03-31": "224.61300", "2019-12-31": "236.00100", "2019-09-30": "190.31800", "2019-06-30": "182.26400", "2019-03-31": "156.95500", "2018-12-31": "146.28100", "2018-09-30": "152.52000", "2018-06-30": "149.97600", "2018-03-31": "118.57900", "2017-12-31": "84.77400", "2017-09-30": "90.43200", "2017-06-30": "71.94000", "2017-03-31": "73.68700", "2016-12-31": "61.92800", "2016-09-30": "65.12100", "2016-06-30": "57.74200", "2016-03-31": "52.39200", "2015-12-31": "52.93000", "2015-09-30": "63.49800", "2015-06-30": "45.25000", "2015-03-31": "49.58700", "2014-12-31": "39.24800", "2014-09-30": "43.81700", "2014-06-30": "34.90500", "2014-03-31": "37.89600", "2013-12-31": "29.50800", "2013-09-30": "29.42800", "2013-06-30": "48.28200", "2013-03-31": "45.88200", "2012-12-31": "34.33600", "2012-09-30": "36.65200", "2012-06-30": "32.43200", "2012-03-31": "57.41800", "2011-12-31": "55.59600", "2011-09-30": "16.46100", "2011-06-30": "12.20300", "2011-03-31": "9.84900", "2010-12-31": "20.06100", "2010-09-30": "16.31400", "2010-06-30": "16.33900", "2010-03-31": "16.20700", "2009-12-31": "81.47200", "2009-09-30": "5.36300", "2009-06-30": "8.00200", "2009-03-31": "13.90700", "2008-12-31": "10.07400", "2008-09-30": "8.66400", "2008-06-30": "9.55100", "2008-03-31": "8.89200", "2007-12-31": "6.74600", "2007-09-30": "6.33700", "2007-06-30": "6.05900", "2007-03-31": "4.53200", "2006-12-31": "1.43700", "2006-09-30": "1.44900", "2006-06-30": "1.54000", "2006-03-31": "1.04500", "2005-12-31": "1.36100", "2005-09-30": "1.62000", "2005-06-30": "1.54000", "2005-03-31": "1.52700"}, "Inventory": {"2020-09-30": "96.72700", "2020-06-30": "90.00200", "2020-03-31": "84.74000", "2019-12-31": "85.93200", "2019-09-30": "92.03400", "2019-06-30": "73.15000", "2019-03-31": "67.23600", "2018-12-31": "53.23900", "2018-09-30": "75.17200", "2018-06-30": "70.93300", "2018-03-31": "71.91500", "2017-12-31": "59.97800", "2017-09-30": "60.83700", "2017-06-30": "69.24700", "2017-03-31": "60.72300", "2016-12-31": "68.12400", "2016-09-30": "71.64500", "2016-06-30": "71.67500", "2016-03-31": "60.05000", "2015-12-31": "56.96300", "2015-09-30": "44.51500", "2015-06-30": "47.48900", "2015-03-31": "43.06900", "2014-12-31": "43.45100", "2014-09-30": "37.54100", "2014-06-30": "30.49100", "2014-03-31": "29.04400", "2013-12-31": "27.07300", "2013-09-30": "26.00400", "2013-06-30": "38.66100", "2013-03-31": "33.73200", "2012-12-31": "37.74700", "2012-09-30": "34.29600", "2012-06-30": "25.69700", "2012-03-31": "15.75300", "2011-12-31": "9.46900", "2011-09-30": "3.42800", "2011-06-30": "", "2011-03-31": "", "2010-12-31": "", "2010-09-30": "", "2010-06-30": "", "2010-03-31": "", "2009-12-31": "", "2009-09-30": "", "2009-06-30": "", "2009-03-31": "", "2008-12-31": "", "2008-09-30": "", "2008-06-30": "", "2008-03-31": "", "2007-12-31": "", "2007-09-30": "", "2007-06-30": "", "2007-03-31": "", "2006-12-31": "", "2006-09-30": "", "2006-06-30": "", "2006-03-31": "", "2005-12-31": "", "2005-09-30": "", "2005-06-30": "", "2005-03-31": ""}, "Pre-Paid Expenses": {"2020-09-30": "57.52100", "2020-06-30": "54.83800", "2020-03-31": "52.00700", "2019-12-31": "43.65300", "2019-09-30": "43.69400", "2019-06-30": "40.39800", "2019-03-31": "37.30600", "2018-12-31": "43.40300", "2018-09-30": "26.18000", "2018-06-30": "36.93500", "2018-03-31": "44.12600", "2017-12-31": "19.13800", "2017-09-30": "18.90500", "2017-06-30": "22.41100", "2017-03-31": "15.41700", "2016-12-31": "15.61000", "2016-09-30": "15.74300", "2016-06-30": "12.22000", "2016-03-31": "14.21100", "2015-12-31": "11.51500", "2015-09-30": "8.30300", "2015-06-30": "11.84700", "2015-03-31": "8.24700", "2014-12-31": "11.87400", "2014-09-30": "8.26900", "2014-06-30": "8.41000", "2014-03-31": "7.05200", "2013-12-31": "6.40800", "2013-09-30": "5.70000", "2013-06-30": "6.34300", "2013-03-31": "7.19100", "2012-12-31": "4.51900", "2012-09-30": "4.69600", "2012-06-30": "6.62600", "2012-03-31": "5.32000", "2011-12-31": "3.82000", "2011-09-30": "5.32500", "2011-06-30": "4.36300", "2011-03-31": "2.67300", "2010-12-31": "2.24600", "2010-09-30": "3.44100", "2010-06-30": "3.44700", "2010-03-31": "7.52800", "2009-12-31": "6.30200", "2009-09-30": "2.04600", "2009-06-30": "1.76200", "2009-03-31": "2.00000", "2008-12-31": "5.46300", "2008-09-30": "6.75300", "2008-06-30": "6.92400", "2008-03-31": "1.43200", "2007-12-31": "1.24400", "2007-09-30": "1.87100", "2007-06-30": "2.02400", "2007-03-31": "1.21200", "2006-12-31": "1.40500", "2006-09-30": "1.08300", "2006-06-30": "1.63800", "2006-03-31": "0.72200", "2005-12-31": "0.31400", "2005-09-30": "0.53500", "2005-06-30": "0.64800", "2005-03-31": "0.58000"}, "Other Current Assets": {"2020-09-30": "", "2020-06-30": "", "2020-03-31": "", "2019-12-31": "", "2019-09-30": "", "2019-06-30": "", "2019-03-31": "", "2018-12-31": "", "2018-09-30": "", "2018-06-30": "", "2018-03-31": "", "2017-12-31": "", "2017-09-30": "", "2017-06-30": "", "2017-03-31": "", "2016-12-31": "", "2016-09-30": "", "2016-06-30": "", "2016-03-31": "", "2015-12-31": "", "2015-09-30": "", "2015-06-30": "", "2015-03-31": "", "2014-12-31": "", "2014-09-30": "", "2014-06-30": "", "2014-03-31": "", "2013-12-31": "", "2013-09-30": "", "2013-06-30": "", "2013-03-31": "", "2012-12-31": "", "2012-09-30": "", "2012-06-30": "", "2012-03-31": "", "2011-12-31": "", "2011-09-30": "", "2011-06-30": "", "2011-03-31": "", "2010-12-31": "", "2010-09-30": "", "2010-06-30": "", "2010-03-31": "", "2009-12-31": "", "2009-09-30": "", "2009-06-30": "", "2009-03-31": "", "2008-12-31": "", "2008-09-30": "", "2008-06-30": "", "2008-03-31": "", "2007-12-31": "", "2007-09-30": "", "2007-06-30": "", "2007-03-31": "", "2006-12-31": "", "2006-09-30": "", "2006-06-30": "", "2006-03-31": "", "2005-12-31": "", "2005-09-30": "", "2005-06-30": "", "2005-03-31": ""}, "Total Current Assets": {"2020-09-30": "2166.03900", "2020-06-30": "1330.58200", "2020-03-31": "1160.44700", "2019-12-31": "1176.64100", "2019-09-30": "1196.35900", "2019-06-30": "671.94100", "2019-03-31": "679.79200", "2018-12-31": "653.59500", "2018-09-30": "716.94800", "2018-06-30": "705.82100", "2018-03-31": "634.53600", "2017-12-31": "577.06100", "2017-09-30": "620.57200", "2017-06-30": "616.00900", "2017-03-31": "656.23100", "2016-12-31": "734.64800", "2016-09-30": "744.30400", "2016-06-30": "750.58200", "2016-03-31": "736.14300", "2015-12-31": "771.05900", "2015-09-30": "852.77000", "2015-06-30": "354.12200", "2015-03-31": "396.91600", "2014-12-31": "407.98600", "2014-09-30": "429.18800", "2014-06-30": "423.01500", "2014-03-31": "429.35000", "2013-12-31": "437.25600", "2013-09-30": "434.98000", "2013-06-30": "431.37500", "2013-03-31": "430.93900", "2012-12-31": "440.86000", "2012-09-30": "389.57800", "2012-06-30": "395.09200", "2012-03-31": "387.35800", "2011-12-31": "399.58100", "2011-09-30": "386.91100", "2011-06-30": "427.68500", "2011-03-31": "455.11900", "2010-12-31": "304.11600", "2010-09-30": "322.66800", "2010-06-30": "333.15300", "2010-03-31": "342.02100", "2009-12-31": "348.57900", "2009-09-30": "273.88600", "2009-06-30": "150.39200", "2009-03-31": "147.51400", "2008-12-31": "110.71600", "2008-09-30": "119.94300", "2008-06-30": "129.98600", "2008-03-31": "177.74300", "2007-12-31": "119.35100", "2007-09-30": "100.13500", "2007-06-30": "101.58400", "2007-03-31": "114.31100", "2006-12-31": "85.42900", "2006-09-30": "89.40700", "2006-06-30": "100.25100", "2006-03-31": "38.00600", "2005-12-31": "44.14600", "2005-09-30": "43.58800", "2005-06-30": "46.31800", "2005-03-31": "45.91300"}, "Property, Plant, And Equipment": {"2020-09-30": "192.86700", "2020-06-30": "185.28800", "2020-03-31": "174.69300", "2019-12-31": "155.49100", "2019-09-30": "144.74300", "2019-06-30": "130.90000", "2019-03-31": "114.60400", "2018-12-31": "103.82000", "2018-09-30": "100.96600", "2018-06-30": "100.72600", "2018-03-31": "103.48900", "2017-12-31": "103.75600", "2017-09-30": "82.76900", "2017-06-30": "85.17000", "2017-03-31": "67.98000", "2016-12-31": "62.87000", "2016-09-30": "54.71500", "2016-06-30": "51.05200", "2016-03-31": "49.88200", "2015-12-31": "49.59800", "2015-09-30": "44.67900", "2015-06-30": "43.63700", "2015-03-31": "44.92200", "2014-12-31": "46.12900", "2014-09-30": "43.95800", "2014-06-30": "41.25600", "2014-03-31": "41.04700", "2013-12-31": "40.78700", "2013-09-30": "37.22900", "2013-06-30": "29.68400", "2013-03-31": "29.46900", "2012-12-31": "24.75200", "2012-09-30": "20.34800", "2012-06-30": "19.33900", "2012-03-31": "19.40600", "2011-12-31": "19.65200", "2011-09-30": "14.63800", "2011-06-30": "12.12500", "2011-03-31": "11.73900", "2010-12-31": "12.31100", "2010-09-30": "12.83400", "2010-06-30": "12.89300", "2010-03-31": "12.56200", "2009-12-31": "12.32500", "2009-09-30": "12.46500", "2009-06-30": "12.64400", "2009-03-31": "12.14400", "2008-12-31": "10.99600", "2008-09-30": "11.01300", "2008-06-30": "10.67400", "2008-03-31": "10.36800", "2007-12-31": "10.29400", "2007-09-30": "8.24100", "2007-06-30": "7.98400", "2007-03-31": "8.08700", "2006-12-31": "7.79400", "2006-09-30": "7.86400", "2006-06-30": "8.01800", "2006-03-31": "8.09400", "2005-12-31": "8.53200", "2005-09-30": "8.91500", "2005-06-30": "8.91100", "2005-03-31": "9.30600"}, "Long-Term Investments": {"2020-09-30": "", "2020-06-30": "", "2020-03-31": "0.50700", "2019-12-31": "57.28300", "2019-09-30": "", "2019-06-30": "", "2019-03-31": "", "2018-12-31": "49.19400", "2018-09-30": "22.63500", "2018-06-30": "9.85700", "2018-03-31": "", "2017-12-31": "", "2017-09-30": "19.96700", "2017-06-30": "20.57200", "2017-03-31": "29.98000", "2016-12-31": "29.98800", "2016-09-30": "40.09400", "2016-06-30": "50.54100", "2016-03-31": "82.19100", "2015-12-31": "63.06000", "2015-09-30": "", "2015-06-30": "", "2015-03-31": "", "2014-12-31": "", "2014-09-30": "", "2014-06-30": "", "2014-03-31": "", "2013-12-31": "", "2013-09-30": "", "2013-06-30": "", "2013-03-31": "", "2012-12-31": "", "2012-09-30": "", "2012-06-30": "", "2012-03-31": "", "2011-12-31": "", "2011-09-30": "12.79100", "2011-06-30": "13.14400", "2011-03-31": "13.25600", "2010-12-31": "13.03100", "2010-09-30": "12.73600", "2010-06-30": "11.92800", "2010-03-31": "12.85200", "2009-12-31": "26.92500", "2009-09-30": "39.53900", "2009-06-30": "49.30900", "2009-03-31": "60.80600", "2008-12-31": "65.52900", "2008-09-30": "82.56800", "2008-06-30": "84.34800", "2008-03-31": "48.63800", "2007-12-31": "18.22300", "2007-09-30": "32.30100", "2007-06-30": "38.71300", "2007-03-31": "31.69200", "2006-12-31": "3.98600", "2006-09-30": "9.99000", "2006-06-30": "7.47100", "2006-03-31": "34.81700", "2005-12-31": "37.34100", "2005-09-30": "45.95400", "2005-06-30": "51.32700", "2005-03-31": "56.75500"}, "Goodwill And Intangible Assets": {"2020-09-30": "564.15500", "2020-06-30": "569.96000", "2020-03-31": "274.67100", "2019-12-31": "274.69600", "2019-09-30": "274.67100", "2019-06-30": "274.67100", "2019-03-31": "274.67100", "2018-12-31": "274.67100", "2018-09-30": "251.01700", "2018-06-30": "251.01700", "2018-03-31": "251.01700", "2017-12-31": "", "2017-09-30": "", "2017-06-30": "", "2017-03-31": "", "2016-12-31": "", "2016-09-30": "", "2016-06-30": "", "2016-03-31": "", "2015-12-31": "", "2015-09-30": "", "2015-06-30": "", "2015-03-31": "", "2014-12-31": "", "2014-09-30": "", "2014-06-30": "", "2014-03-31": "", "2013-12-31": "", "2013-09-30": "", "2013-06-30": "", "2013-03-31": "", "2012-12-31": "", "2012-09-30": "", "2012-06-30": "", "2012-03-31": "", "2011-12-31": "", "2011-09-30": "", "2011-06-30": "", "2011-03-31": "", "2010-12-31": "", "2010-09-30": "", "2010-06-30": "", "2010-03-31": "", "2009-12-31": "", "2009-09-30": "", "2009-06-30": "", "2009-03-31": "", "2008-12-31": "", "2008-09-30": "", "2008-06-30": "", "2008-03-31": "", "2007-12-31": "", "2007-09-30": "", "2007-06-30": "", "2007-03-31": "", "2006-12-31": "", "2006-09-30": "", "2006-06-30": "", "2006-03-31": "", "2005-12-31": "", "2005-09-30": "", "2005-06-30": "", "2005-03-31": ""}, "Other Long-Term Assets": {"2020-09-30": "17.61800", "2020-06-30": "17.08900", "2020-03-31": "418.44100", "2019-12-31": "476.52500", "2019-09-30": "415.13200", "2019-06-30": "420.99700", "2019-03-31": "464.19600", "2018-12-31": "422.04900", "2018-09-30": "476.27900", "2018-06-30": "513.49600", "2018-03-31": "484.58500", "2017-12-31": "197.13200", "2017-09-30": "129.77500", "2017-06-30": "35.72000", "2017-03-31": "29.85700", "2016-12-31": "10.89000", "2016-09-30": "10.79900", "2016-06-30": "11.11100", "2016-03-31": "11.17000", "2015-12-31": "11.37800", "2015-09-30": "9.89100", "2015-06-30": "10.05600", "2015-03-31": "4.63500", "2014-12-31": "4.85000", "2014-09-30": "5.10200", "2014-06-30": "5.34400", "2014-03-31": "5.67500", "2013-12-31": "5.85500", "2013-09-30": "5.42100", "2013-06-30": "5.53200", "2013-03-31": "5.62000", "2012-12-31": "5.81000", "2012-09-30": "5.40400", "2012-06-30": "5.59800", "2012-03-31": "5.79100", "2011-12-31": "5.98300", "2011-09-30": "6.15000", "2011-06-30": "0.68100", "2011-03-31": "0.47900", "2010-12-31": "0.47800", "2010-09-30": "0.47800", "2010-06-30": "0.47800", "2010-03-31": "0.47500", "2009-12-31": "0.50400", "2009-09-30": "0.53100", "2009-06-30": "0.47600", "2009-03-31": "0.47600", "2008-12-31": "0.47600", "2008-09-30": "0.47600", "2008-06-30": "0.66700", "2008-03-31": "0.66500", "2007-12-31": "0.66200", "2007-09-30": "0.66800", "2007-06-30": "0.48600", "2007-03-31": "0.49200", "2006-12-31": "0.48600", "2006-09-30": "", "2006-06-30": "", "2006-03-31": "", "2005-12-31": "", "2005-09-30": "", "2005-06-30": "", "2005-03-31": ""}, "Total Long-Term Assets": {"2020-09-30": "838.92200", "2020-06-30": "833.97390", "2020-03-31": "931.01600", "2019-12-31": "1029.22500", "2019-09-30": "901.17800", "2019-06-30": "895.62400", "2019-03-31": "912.81200", "2018-12-31": "849.73400", "2018-09-30": "850.89700", "2018-06-30": "875.09590", "2018-03-31": "839.09090", "2017-12-31": "300.88800", "2017-09-30": "232.51100", "2017-06-30": "141.46200", "2017-03-31": "127.81700", "2016-12-31": "103.74800", "2016-09-30": "105.60800", "2016-06-30": "112.70400", "2016-03-31": "143.24300", "2015-12-31": "124.03600", "2015-09-30": "54.57000", "2015-06-30": "53.69300", "2015-03-31": "49.55700", "2014-12-31": "50.97900", "2014-09-30": "49.06000", "2014-06-30": "46.60000", "2014-03-31": "46.72200", "2013-12-31": "46.64200", "2013-09-30": "42.65000", "2013-06-30": "35.21600", "2013-03-31": "35.08900", "2012-12-31": "30.56200", "2012-09-30": "25.75200", "2012-06-30": "24.93700", "2012-03-31": "25.19700", "2011-12-31": "25.63500", "2011-09-30": "33.57900", "2011-06-30": "25.95000", "2011-03-31": "25.47400", "2010-12-31": "25.82000", "2010-09-30": "26.04800", "2010-06-30": "25.29900", "2010-03-31": "25.88900", "2009-12-31": "39.75400", "2009-09-30": "52.53500", "2009-06-30": "62.42900", "2009-03-31": "73.42600", "2008-12-31": "77.00100", "2008-09-30": "94.05700", "2008-06-30": "95.68900", "2008-03-31": "59.67100", "2007-12-31": "29.17900", "2007-09-30": "41.21000", "2007-06-30": "47.18300", "2007-03-31": "40.27100", "2006-12-31": "12.26600", "2006-09-30": "17.85400", "2006-06-30": "15.48900", "2006-03-31": "42.91100", "2005-12-31": "45.87300", "2005-09-30": "54.86900", "2005-06-30": "60.23800", "2005-03-31": "66.06100"}, "Total Assets": {"2020-09-30": "3004.96100", "2020-06-30": "2164.55600", "2020-03-31": "2091.46300", "2019-12-31": "2205.86600", "2019-09-30": "2097.53700", "2019-06-30": "1567.56500", "2019-03-31": "1592.60400", "2018-12-31": "1503.32900", "2018-09-30": "1567.84500", "2018-06-30": "1580.91700", "2018-03-31": "1473.62700", "2017-12-31": "877.94900", "2017-09-30": "853.08300", "2017-06-30": "757.47100", "2017-03-31": "784.04800", "2016-12-31": "838.39600", "2016-09-30": "849.91200", "2016-06-30": "863.28600", "2016-03-31": "879.38600", "2015-12-31": "895.09500", "2015-09-30": "907.34000", "2015-06-30": "407.81500", "2015-03-31": "446.47300", "2014-12-31": "458.96500", "2014-09-30": "478.24800", "2014-06-30": "469.61500", "2014-03-31": "476.07200", "2013-12-31": "483.89800", "2013-09-30": "477.63000", "2013-06-30": "466.59100", "2013-03-31": "466.02800", "2012-12-31": "471.42200", "2012-09-30": "415.33000", "2012-06-30": "420.02900", "2012-03-31": "412.55500", "2011-12-31": "425.21600", "2011-09-30": "420.49000", "2011-06-30": "453.63500", "2011-03-31": "480.59300", "2010-12-31": "329.93600", "2010-09-30": "348.71600", "2010-06-30": "358.45200", "2010-03-31": "367.91000", "2009-12-31": "388.33300", "2009-09-30": "326.42100", "2009-06-30": "212.82100", "2009-03-31": "220.94000", "2008-12-31": "187.71700", "2008-09-30": "214.00000", "2008-06-30": "225.67500", "2008-03-31": "237.41400", "2007-12-31": "148.53000", "2007-09-30": "141.34500", "2007-06-30": "148.76700", "2007-03-31": "154.58200", "2006-12-31": "97.69500", "2006-09-30": "107.26100", "2006-06-30": "115.74000", "2006-03-31": "80.91700", "2005-12-31": "90.01900", "2005-09-30": "98.45700", "2005-06-30": "106.55600", "2005-03-31": "111.97400"}, "Total Current Liabilities": {"2020-09-30": "593.13800", "2020-06-30": "282.61500", "2020-03-31": "257.21900", "2019-12-31": "259.35700", "2019-09-30": "246.21100", "2019-06-30": "221.95200", "2019-03-31": "207.86900", "2018-12-31": "225.07200", "2018-09-30": "193.65200", "2018-06-30": "180.84700", "2018-03-31": "168.02200", "2017-12-31": "167.12900", "2017-09-30": "152.78900", "2017-06-30": "137.77900", "2017-03-31": "128.89500", "2016-12-31": "148.51600", "2016-09-30": "125.80800", "2016-06-30": "127.71400", "2016-03-31": "122.71000", "2015-12-31": "134.26600", "2015-09-30": "128.26100", "2015-06-30": "133.76000", "2015-03-31": "128.15200", "2014-12-31": "125.89300", "2014-09-30": "119.12900", "2014-06-30": "103.84100", "2014-03-31": "99.02900", "2013-12-31": "99.19800", "2013-09-30": "99.63700", "2013-06-30": "90.34800", "2013-03-31": "88.98700", "2012-12-31": "100.57700", "2012-09-30": "74.53600", "2012-06-30": "84.64400", "2012-03-31": "74.02500", "2011-12-31": "91.14000", "2011-09-30": "73.92300", "2011-06-30": "69.51400", "2011-03-31": "59.81700", "2010-12-31": "54.82100", "2010-09-30": "51.18300", "2010-06-30": "44.80400", "2010-03-31": "63.03600", "2009-12-31": "104.49800", "2009-09-30": "49.81200", "2009-06-30": "46.81700", "2009-03-31": "44.73500", "2008-12-31": "40.22000", "2008-09-30": "38.04300", "2008-06-30": "32.46200", "2008-03-31": "30.09800", "2007-12-31": "29.34800", "2007-09-30": "22.71800", "2007-06-30": "20.83200", "2007-03-31": "18.96300", "2006-12-31": "8.54900", "2006-09-30": "9.35300", "2006-06-30": "10.20400", "2006-03-31": "10.54100", "2005-12-31": "11.09800", "2005-09-30": "11.08900", "2005-06-30": "12.27200", "2005-03-31": "10.35400"}, "Long Term Debt": {"2020-09-30": "", "2020-06-30": "", "2020-03-31": "", "2019-12-31": "", "2019-09-30": "", "2019-06-30": "", "2019-03-31": "", "2018-12-31": "", "2018-09-30": "", "2018-06-30": "", "2018-03-31": "", "2017-12-31": "", "2017-09-30": "", "2017-06-30": "", "2017-03-31": "", "2016-12-31": "", "2016-09-30": "", "2016-06-30": "", "2016-03-31": "", "2015-12-31": "", "2015-09-30": "", "2015-06-30": "", "2015-03-31": "", "2014-12-31": "", "2014-09-30": "", "2014-06-30": "", "2014-03-31": "", "2013-12-31": "", "2013-09-30": "", "2013-06-30": "", "2013-03-31": "", "2012-12-31": "", "2012-09-30": "", "2012-06-30": "", "2012-03-31": "", "2011-12-31": "", "2011-09-30": "", "2011-06-30": "", "2011-03-31": "", "2010-12-31": "", "2010-09-30": "", "2010-06-30": "", "2010-03-31": "", "2009-12-31": "", "2009-09-30": "", "2009-06-30": "", "2009-03-31": "", "2008-12-31": "", "2008-09-30": "", "2008-06-30": "", "2008-03-31": "", "2007-12-31": "", "2007-09-30": "", "2007-06-30": "", "2007-03-31": "", "2006-12-31": "", "2006-09-30": "", "2006-06-30": "", "2006-03-31": "", "2005-12-31": "", "2005-09-30": "", "2005-06-30": "", "2005-03-31": ""}, "Other Non-Current Liabilities": {"2020-09-30": "88.79000", "2020-06-30": "4.20100", "2020-03-31": "3.47900", "2019-12-31": "2.61500", "2019-09-30": "2.41400", "2019-06-30": "2.35700", "2019-03-31": "10.29800", "2018-12-31": "4.31400", "2018-09-30": "", "2018-06-30": "", "2018-03-31": "", "2017-12-31": "2.63300", "2017-09-30": "", "2017-06-30": "", "2017-03-31": "", "2016-12-31": "", "2016-09-30": "", "2016-06-30": "", "2016-03-31": "", "2015-12-31": "", "2015-09-30": "", "2015-06-30": "", "2015-03-31": "", "2014-12-31": "", "2014-09-30": "", "2014-06-30": "", "2014-03-31": "", "2013-12-31": "", "2013-09-30": "", "2013-06-30": "", "2013-03-31": "", "2012-12-31": "", "2012-09-30": "", "2012-06-30": "", "2012-03-31": "", "2011-12-31": "", "2011-09-30": "", "2011-06-30": "", "2011-03-31": "", "2010-12-31": "", "2010-09-30": "", "2010-06-30": "", "2010-03-31": "", "2009-12-31": "", "2009-09-30": "", "2009-06-30": "", "2009-03-31": "", "2008-12-31": "", "2008-09-30": "", "2008-06-30": "", "2008-03-31": "", "2007-12-31": "", "2007-09-30": "", "2007-06-30": "", "2007-03-31": "", "2006-12-31": "", "2006-09-30": "", "2006-06-30": "", "2006-03-31": "", "2005-12-31": "", "2005-09-30": "", "2005-06-30": "", "2005-03-31": ""}, "Total Long Term Liabilities": {"2020-09-30": "153.79300", "2020-06-30": "67.86400", "2020-03-31": "68.62600", "2019-12-31": "70.22200", "2019-09-30": "71.72500", "2019-06-30": "73.78700", "2019-03-31": "71.32400", "2018-12-31": "4.31400", "2018-09-30": "9.67200", "2018-06-30": "17.63100", "2018-03-31": "26.26800", "2017-12-31": "33.25100", "2017-09-30": "40.58600", "2017-06-30": "46.16000", "2017-03-31": "51.77600", "2016-12-31": "55.79300", "2016-09-30": "61.81400", "2016-06-30": "67.04800", "2016-03-31": "72.57000", "2015-12-31": "74.91800", "2015-09-30": "82.84100", "2015-06-30": "94.43700", "2015-03-31": "109.03200", "2014-12-31": "122.23800", "2014-09-30": "133.93300", "2014-06-30": "139.94400", "2014-03-31": "146.04900", "2013-12-31": "154.51500", "2013-09-30": "143.61300", "2013-06-30": "139.12800", "2013-03-31": "143.77500", "2012-12-31": "144.69700", "2012-09-30": "118.21800", "2012-06-30": "116.86800", "2012-03-31": "118.34900", "2011-12-31": "115.22700", "2011-09-30": "115.32300", "2011-06-30": "120.09300", "2011-03-31": "115.94700", "2010-12-31": "113.59700", "2010-09-30": "107.74600", "2010-06-30": "95.09200", "2010-03-31": "82.74600", "2009-12-31": "77.63500", "2009-09-30": "61.06200", "2009-06-30": "65.91400", "2009-03-31": "68.71400", "2008-12-31": "68.47900", "2008-09-30": "70.14900", "2008-06-30": "69.09200", "2008-03-31": "69.25400", "2007-12-31": "65.19600", "2007-09-30": "53.95800", "2007-06-30": "53.47600", "2007-03-31": "54.03900", "2006-12-31": "0.91200", "2006-09-30": "1.16500", "2006-06-30": "1.72300", "2006-03-31": "2.40300", "2005-12-31": "3.46300", "2005-09-30": "4.62000", "2005-06-30": "5.77300", "2005-03-31": "4.77200"}, "Total Liabilities": {"2020-09-30": "746.93100", "2020-06-30": "350.47900", "2020-03-31": "325.84500", "2019-12-31": "329.57900", "2019-09-30": "317.93600", "2019-06-30": "295.73900", "2019-03-31": "279.19300", "2018-12-31": "229.38600", "2018-09-30": "203.32400", "2018-06-30": "198.47800", "2018-03-31": "194.29000", "2017-12-31": "200.38000", "2017-09-30": "193.37500", "2017-06-30": "183.93900", "2017-03-31": "180.67100", "2016-12-31": "204.30900", "2016-09-30": "187.62200", "2016-06-30": "194.76200", "2016-03-31": "195.28000", "2015-12-31": "209.18400", "2015-09-30": "211.10200", "2015-06-30": "228.19700", "2015-03-31": "237.18400", "2014-12-31": "248.13100", "2014-09-30": "253.06200", "2014-06-30": "243.78500", "2014-03-31": "245.07800", "2013-12-31": "253.71300", "2013-09-30": "243.25000", "2013-06-30": "229.47600", "2013-03-31": "232.76200", "2012-12-31": "245.27400", "2012-09-30": "192.75400", "2012-06-30": "201.51200", "2012-03-31": "192.37400", "2011-12-31": "206.36700", "2011-09-30": "189.24600", "2011-06-30": "189.60700", "2011-03-31": "175.76400", "2010-12-31": "168.41800", "2010-09-30": "158.92900", "2010-06-30": "139.89600", "2010-03-31": "145.78200", "2009-12-31": "182.13300", "2009-09-30": "110.87400", "2009-06-30": "112.73100", "2009-03-31": "113.44900", "2008-12-31": "108.69900", "2008-09-30": "108.19200", "2008-06-30": "101.55400", "2008-03-31": "99.35200", "2007-12-31": "94.54400", "2007-09-30": "76.67600", "2007-06-30": "74.30800", "2007-03-31": "73.00200", "2006-12-31": "9.46100", "2006-09-30": "10.51800", "2006-06-30": "11.92700", "2006-03-31": "12.94400", "2005-12-31": "14.56100", "2005-09-30": "15.70900", "2005-06-30": "18.04500", "2005-03-31": "15.12600"}, "Common Stock Net": {"2020-09-30": "0.17500", "2020-06-30": "0.17400", "2020-03-31": "0.17300", "2019-12-31": "0.17200", "2019-09-30": "0.17100", "2019-06-30": "0.16200", "2019-03-31": "0.16100", "2018-12-31": "0.16000", "2018-09-30": "0.16000", "2018-06-30": "0.15900", "2018-03-31": "0.15800", "2017-12-31": "0.14400", "2017-09-30": "0.14400", "2017-06-30": "0.14300", "2017-03-31": "0.14300", "2016-12-31": "0.14200", "2016-09-30": "0.14200", "2016-06-30": "0.14000", "2016-03-31": "0.14000", "2015-12-31": "0.14000", "2015-09-30": "0.13900", "2015-06-30": "0.12500", "2015-03-31": "0.12500", "2014-12-31": "0.12400", "2014-09-30": "0.12400", "2014-06-30": "0.12300", "2014-03-31": "0.12300", "2013-12-31": "0.12300", "2013-09-30": "0.12200", "2013-06-30": "0.12100", "2013-03-31": "0.12100", "2012-12-31": "0.12000", "2012-09-30": "0.11900", "2012-06-30": "0.11800", "2012-03-31": "0.11700", "2011-12-31": "0.11600", "2011-09-30": "0.11500", "2011-06-30": "0.11400", "2011-03-31": "0.11400", "2010-12-31": "0.10200", "2010-09-30": "0.10100", "2010-06-30": "0.10100", "2010-03-31": "0.10100", "2009-12-31": "0.10100", "2009-09-30": "0.10100", "2009-06-30": "0.08700", "2009-03-31": "0.08600", "2008-12-31": "0.08000", "2008-09-30": "0.08000", "2008-06-30": "0.07900", "2008-03-31": "0.07900", "2007-12-31": "0.06800", "2007-09-30": "0.06700", "2007-06-30": "0.05700", "2007-03-31": "0.05700", "2006-12-31": "0.05100", "2006-09-30": "0.05100", "2006-06-30": "0.05100", "2006-03-31": "0.04200", "2005-12-31": "0.04200", "2005-09-30": "0.04200", "2005-06-30": "0.04200", "2005-03-31": "0.04200"}, "Retained Earnings (Accumulated Deficit)": {"2020-09-30": "-1036.66300", "2020-06-30": "-1672.83000", "2020-03-31": "-1651.64000", "2019-12-31": "-1483.23800", "2019-09-30": "-1509.06800", "2019-06-30": "-1417.15500", "2019-03-31": "-1337.91700", "2018-12-31": "-1324.58800", "2018-09-30": "-1204.78300", "2018-06-30": "-1137.33700", "2018-03-31": "-1213.61000", "2017-12-31": "-1192.57000", "2017-09-30": "-1133.36900", "2017-06-30": "-1183.39000", "2017-03-31": "-1127.03000", "2016-12-31": "-1067.04000", "2016-09-30": "-1011.90200", "2016-06-30": "-980.15000", "2016-03-31": "-947.40700", "2015-12-31": "-926.92900", "2015-09-30": "-902.07300", "2015-06-30": "-875.63500", "2015-03-31": "-828.13300", "2014-12-31": "-806.44300", "2014-09-30": "-779.75900", "2014-06-30": "-764.19300", "2014-03-31": "-746.60300", "2013-12-31": "-730.30200", "2013-09-30": "-714.63100", "2013-06-30": "-690.94500", "2013-03-31": "-684.04600", "2012-12-31": "-667.78200", "2012-09-30": "-657.18600", "2012-06-30": "-643.53400", "2012-03-31": "-626.29800", "2011-12-31": "-614.00000", "2011-09-30": "-586.83500", "2011-06-30": "-546.15000", "2011-03-31": "-494.64400", "2010-12-31": "-461.97000", "2010-09-30": "-427.42400", "2010-06-30": "-392.56800", "2010-03-31": "-384.24500", "2009-12-31": "-395.70500", "2009-09-30": "-383.58800", "2009-06-30": "-363.76100", "2009-03-31": "-341.29000", "2008-12-31": "-314.02200", "2008-09-30": "-283.42500", "2008-06-30": "-261.66100", "2008-03-31": "-245.63300", "2007-12-31": "-228.52100", "2007-09-30": "-213.58000", "2007-06-30": "-198.96700", "2007-03-31": "-188.41700", "2006-12-31": "-179.58900", "2006-09-30": "-169.56900", "2006-06-30": "-160.92000", "2006-03-31": "-152.27700", "2005-12-31": "-143.57400", "2005-09-30": "-136.22500", "2005-06-30": "-130.05400", "2005-03-31": "-121.69400"}, "Comprehensive Income": {"2020-09-30": "0.85000", "2020-06-30": "1.46800", "2020-03-31": "3.47800", "2019-12-31": "0.22900", "2019-09-30": "0.30200", "2019-06-30": "0.48600", "2019-03-31": "0.21600", "2018-12-31": "-0.04000", "2018-09-30": "-0.30500", "2018-06-30": "-0.17400", "2018-03-31": "-0.26400", "2017-12-31": "63.83600", "2017-09-30": "17.99700", "2017-06-30": "8.35600", "2017-03-31": "3.91700", "2016-12-31": "-0.06300", "2016-09-30": "0.21500", "2016-06-30": "0.36800", "2016-03-31": "0.11000", "2015-12-31": "-0.68300", "2015-09-30": "0.00600", "2015-06-30": "0.01200", "2015-03-31": "-0.01100", "2014-12-31": "-0.02900", "2014-09-30": "0.50100", "2014-06-30": "0.75600", "2014-03-31": "0.00900", "2013-12-31": "-0.01100", "2013-09-30": "0.04700", "2013-06-30": "0.00000", "2013-03-31": "0.02700", "2012-12-31": "0.03700", "2012-09-30": "0.01300", "2012-06-30": "-0.03700", "2012-03-31": "-0.03500", "2011-12-31": "0.02000", "2011-09-30": "-1.61700", "2011-06-30": "-1.20400", "2011-03-31": "-1.16400", "2010-12-31": "-1.37300", "2010-09-30": "-1.53800", "2010-06-30": "-2.29100", "2010-03-31": "-1.00500", "2009-12-31": "-1.24900", "2009-09-30": "-0.47300", "2009-06-30": "-1.05400", "2009-03-31": "-1.57600", "2008-12-31": "-1.37800", "2008-09-30": "-2.10300", "2008-06-30": "-0.62600", "2008-03-31": "0.30000", "2007-12-31": "0.11500", "2007-09-30": "0.05100", "2007-06-30": "-0.13600", "2007-03-31": "-0.11300", "2006-12-31": "-0.03700", "2006-09-30": "-0.01500", "2006-06-30": "-0.12000", "2006-03-31": "-0.19600", "2005-12-31": "-0.17100", "2005-09-30": "-0.19900", "2005-06-30": "-0.14700", "2005-03-31": "-0.10800"}, "Other Share Holders Equity": {"2020-09-30": "", "2020-06-30": "", "2020-03-31": "", "2019-12-31": "", "2019-09-30": "", "2019-06-30": "", "2019-03-31": "", "2018-12-31": "", "2018-09-30": "", "2018-06-30": "", "2018-03-31": "", "2017-12-31": "", "2017-09-30": "", "2017-06-30": "", "2017-03-31": "", "2016-12-31": "", "2016-09-30": "", "2016-06-30": "", "2016-03-31": "", "2015-12-31": "", "2015-09-30": "", "2015-06-30": "", "2015-03-31": "", "2014-12-31": "", "2014-09-30": "", "2014-06-30": "", "2014-03-31": "", "2013-12-31": "", "2013-09-30": "", "2013-06-30": "", "2013-03-31": "", "2012-12-31": "", "2012-09-30": "", "2012-06-30": "", "2012-03-31": "", "2011-12-31": "", "2011-09-30": "", "2011-06-30": "", "2011-03-31": "", "2010-12-31": "", "2010-09-30": "", "2010-06-30": "", "2010-03-31": "", "2009-12-31": "", "2009-09-30": "", "2009-06-30": "", "2009-03-31": "", "2008-12-31": "", "2008-09-30": "", "2008-06-30": "", "2008-03-31": "", "2007-12-31": "", "2007-09-30": "", "2007-06-30": "", "2007-03-31": "", "2006-12-31": "", "2006-09-30": "", "2006-06-30": "", "2006-03-31": "", "2005-12-31": "", "2005-09-30": "", "2005-06-30": "", "2005-03-31": ""}, "Share Holder Equity": {"2020-09-30": "2258.03000", "2020-06-30": "1814.07700", "2020-03-31": "1765.61800", "2019-12-31": "1876.28700", "2019-09-30": "1779.60100", "2019-06-30": "1271.82600", "2019-03-31": "1313.41100", "2018-12-31": "1273.94300", "2018-09-30": "1364.52100", "2018-06-30": "1382.43900", "2018-03-31": "1279.33700", "2017-12-31": "677.56900", "2017-09-30": "659.70800", "2017-06-30": "573.53200", "2017-03-31": "603.37700", "2016-12-31": "634.08700", "2016-09-30": "662.29000", "2016-06-30": "668.52400", "2016-03-31": "684.10600", "2015-12-31": "685.91100", "2015-09-30": "696.23800", "2015-06-30": "179.61800", "2015-03-31": "209.28900", "2014-12-31": "210.83400", "2014-09-30": "225.18600", "2014-06-30": "225.83000", "2014-03-31": "230.99400", "2013-12-31": "230.18500", "2013-09-30": "234.38000", "2013-06-30": "237.11500", "2013-03-31": "233.26600", "2012-12-31": "226.14800", "2012-09-30": "222.57600", "2012-06-30": "218.51700", "2012-03-31": "220.18100", "2011-12-31": "218.84900", "2011-09-30": "231.24400", "2011-06-30": "264.02800", "2011-03-31": "304.82900", "2010-12-31": "161.51800", "2010-09-30": "189.78700", "2010-06-30": "218.55600", "2010-03-31": "222.12800", "2009-12-31": "206.20000", "2009-09-30": "215.54700", "2009-06-30": "100.09000", "2009-03-31": "107.49100", "2008-12-31": "79.01800", "2008-09-30": "105.80800", "2008-06-30": "124.12100", "2008-03-31": "138.06200", "2007-12-31": "53.98600", "2007-09-30": "64.66900", "2007-06-30": "74.45900", "2007-03-31": "81.58000", "2006-12-31": "88.23400", "2006-09-30": "96.74300", "2006-06-30": "103.81300", "2006-03-31": "67.97300", "2005-12-31": "75.45800", "2005-09-30": "82.74800", "2005-06-30": "88.51100", "2005-03-31": "96.84800"}, "Total Liabilities And Share Holders Equity": {"2020-09-30": "3004.96100", "2020-06-30": "2164.55600", "2020-03-31": "2091.46300", "2019-12-31": "2205.86600", "2019-09-30": "2097.53700", "2019-06-30": "1567.56500", "2019-03-31": "1592.60400", "2018-12-31": "1503.32900", "2018-09-30": "1567.84500", "2018-06-30": "1580.91700", "2018-03-31": "1473.62700", "2017-12-31": "877.94900", "2017-09-30": "853.08300", "2017-06-30": "757.47100", "2017-03-31": "784.04800", "2016-12-31": "838.39600", "2016-09-30": "849.91200", "2016-06-30": "863.28600", "2016-03-31": "879.38600", "2015-12-31": "895.09500", "2015-09-30": "907.34000", "2015-06-30": "407.81500", "2015-03-31": "446.47300", "2014-12-31": "458.96500", "2014-09-30": "478.24800", "2014-06-30": "469.61500", "2014-03-31": "476.07200", "2013-12-31": "483.89800", "2013-09-30": "477.63000", "2013-06-30": "466.59100", "2013-03-31": "466.02800", "2012-12-31": "471.42200", "2012-09-30": "415.33000", "2012-06-30": "420.02900", "2012-03-31": "412.55500", "2011-12-31": "425.21600", "2011-09-30": "420.49000", "2011-06-30": "453.63500", "2011-03-31": "480.59300", "2010-12-31": "329.93600", "2010-09-30": "348.71600", "2010-06-30": "358.45200", "2010-03-31": "367.91000", "2009-12-31": "388.33300", "2009-09-30": "326.42100", "2009-06-30": "212.82100", "2009-03-31": "220.94000", "2008-12-31": "187.71700", "2008-09-30": "214.00000", "2008-06-30": "225.67500", "2008-03-31": "237.41400", "2007-12-31": "148.53000", "2007-09-30": "141.34500", "2007-06-30": "148.76700", "2007-03-31": "154.58200", "2006-12-31": "97.69500", "2006-09-30": "107.26100", "2006-06-30": "115.74000", "2006-03-31": "80.91700", "2005-12-31": "90.01900", "2005-09-30": "98.45700", "2005-06-30": "106.55600", "2005-03-31": "111.97400"}}, "cash flow statement": {"Net Income/Loss": {"2019-12-31": "-158.65000", "2018-12-31": "-222.69300", "2017-12-31": "-125.53000", "2016-12-31": "-140.11100", "2015-12-31": "-120.48600", "2014-12-31": "-76.14100", "2013-12-31": "-62.52000", "2012-12-31": "-53.78200", "2011-12-31": "-152.03000", "2010-12-31": "-66.26500", "2009-12-31": "-81.68300", "2008-12-31": "-85.50100", "2007-12-31": "-48.93200", "2006-12-31": "-36.01500", "2005-12-31": "-29.43300"}, "Total Depreciation And Amortization - Cash Flow": {"2019-12-31": "28.59800", "2018-12-31": "23.50200", "2017-12-31": "24.76600", "2016-12-31": "22.78000", "2015-12-31": "17.35100", "2014-12-31": "12.34000", "2013-12-31": "10.49800", "2012-12-31": "8.73300", "2011-12-31": "16.64400", "2010-12-31": "6.99100", "2009-12-31": "6.88200", "2008-12-31": "5.08400", "2007-12-31": "2.54800", "2006-12-31": "2.41800", "2005-12-31": "2.33300"}, "Other Non-Cash Items": {"2019-12-31": "79.07800", "2018-12-31": "47.87200", "2017-12-31": "-3.33200", "2016-12-31": "52.47100", "2015-12-31": "41.83600", "2014-12-31": "40.61900", "2013-12-31": "31.40600", "2012-12-31": "25.34000", "2011-12-31": "19.98400", "2010-12-31": "14.33000", "2009-12-31": "11.84900", "2008-12-31": "10.41200", "2007-12-31": "7.22100", "2006-12-31": "4.68300", "2005-12-31": "1.24700"}, "Total Non-Cash Items": {"2019-12-31": "107.67600", "2018-12-31": "71.37400", "2017-12-31": "21.43400", "2016-12-31": "75.25100", "2015-12-31": "59.18700", "2014-12-31": "52.95900", "2013-12-31": "41.90400", "2012-12-31": "34.07300", "2011-12-31": "36.62800", "2010-12-31": "21.32100", "2009-12-31": "18.73100", "2008-12-31": "15.49600", "2007-12-31": "9.76900", "2006-12-31": "7.10100", "2005-12-31": "3.58000"}, "Change In Accounts Receivable": {"2019-12-31": "-89.72000", "2018-12-31": "-45.23300", "2017-12-31": "-22.84600", "2016-12-31": "-8.99800", "2015-12-31": "-13.68200", "2014-12-31": "-9.74000", "2013-12-31": "3.93500", "2012-12-31": "21.51200", "2011-12-31": "-35.67600", "2010-12-31": "60.84300", "2009-12-31": "-71.93600", "2008-12-31": "-2.19800", "2007-12-31": "-5.09000", "2006-12-31": "-0.21500", "2005-12-31": "0.79400"}, "Change In Inventories": {"2019-12-31": "-32.69300", "2018-12-31": "6.73900", "2017-12-31": "8.14600", "2016-12-31": "-11.16100", "2015-12-31": "-13.51200", "2014-12-31": "-16.37800", "2013-12-31": "10.67400", "2012-12-31": "-28.27800", "2011-12-31": "-9.46900", "2010-12-31": "", "2009-12-31": "", "2008-12-31": "", "2007-12-31": "", "2006-12-31": "", "2005-12-31": ""}, "Change In Accounts Payable": {"2019-12-31": "", "2018-12-31": "", "2017-12-31": "", "2016-12-31": "", "2015-12-31": "", "2014-12-31": "", "2013-12-31": "", "2012-12-31": "", "2011-12-31": "", "2010-12-31": "", "2009-12-31": "", "2008-12-31": "", "2007-12-31": "", "2006-12-31": "", "2005-12-31": ""}, "Change In Assets/Liabilities": {"2019-12-31": "9.65000", "2018-12-31": "-13.72300", "2017-12-31": "-0.10400", "2016-12-31": "-41.89100", "2015-12-31": "-51.24900", "2014-12-31": "-29.14700", "2013-12-31": "3.40400", "2012-12-31": "34.27400", "2011-12-31": "9.25100", "2010-12-31": "-15.37800", "2009-12-31": "69.51600", "2008-12-31": "3.40200", "2007-12-31": "79.82800", "2006-12-31": "-6.39600", "2005-12-31": "-0.64300"}, "Total Change In Assets/Liabilities": {"2019-12-31": "-112.76300", "2018-12-31": "-52.21700", "2017-12-31": "-14.80400", "2016-12-31": "-32.11100", "2015-12-31": "-71.90400", "2014-12-31": "-36.81700", "2013-12-31": "19.50600", "2012-12-31": "30.59000", "2011-12-31": "-8.62900", "2010-12-31": "51.75200", "2009-12-31": "1.19700", "2008-12-31": "7.37500", "2007-12-31": "78.99300", "2006-12-31": "-6.26700", "2005-12-31": "0.38100"}, "Cash Flow From Operating Activities": {"2019-12-31": "-163.73700", "2018-12-31": "-203.53600", "2017-12-31": "-118.90000", "2016-12-31": "-96.97100", "2015-12-31": "-133.20300", "2014-12-31": "-59.99900", "2013-12-31": "-1.11000", "2012-12-31": "10.88100", "2011-12-31": "-124.03100", "2010-12-31": "6.80800", "2009-12-31": "-61.75500", "2008-12-31": "-62.63000", "2007-12-31": "39.83000", "2006-12-31": "-35.18100", "2005-12-31": "-25.47200"}, "Net Change In Property, Plant, And Equipment": {"2019-12-31": "-70.75300", "2018-12-31": "-21.21900", "2017-12-31": "-28.72200", "2016-12-31": "-27.83500", "2015-12-31": "-13.39200", "2014-12-31": "-17.17600", "2013-12-31": "-22.15400", "2012-12-31": "-10.48500", "2011-12-31": "-11.25200", "2010-12-31": "-3.54800", "2009-12-31": "-4.58900", "2008-12-31": "-4.88400", "2007-12-31": "-4.28300", "2006-12-31": "-1.68000", "2005-12-31": "-1.40200"}, "Net Change In Intangible Assets": {"2019-12-31": "", "2018-12-31": "", "2017-12-31": "", "2016-12-31": "", "2015-12-31": "", "2014-12-31": "", "2013-12-31": "", "2012-12-31": "", "2011-12-31": "", "2010-12-31": "", "2009-12-31": "", "2008-12-31": "", "2007-12-31": "", "2006-12-31": "", "2005-12-31": ""}, "Net Acquisitions/Divestitures": {"2019-12-31": "", "2018-12-31": "-598.15100", "2017-12-31": "-41.65700", "2016-12-31": "", "2015-12-31": "", "2014-12-31": "", "2013-12-31": "", "2012-12-31": "", "2011-12-31": "", "2010-12-31": "", "2009-12-31": "", "2008-12-31": "", "2007-12-31": "", "2006-12-31": "", "2005-12-31": ""}, "Net Change In Short-term Investments": {"2019-12-31": "", "2018-12-31": "", "2017-12-31": "", "2016-12-31": "", "2015-12-31": "-5.00000", "2014-12-31": "0.00000", "2013-12-31": "0.00000", "2012-12-31": "", "2011-12-31": "", "2010-12-31": "", "2009-12-31": "", "2008-12-31": "", "2007-12-31": "", "2006-12-31": "", "2005-12-31": ""}, "Net Change In Long-Term Investments": {"2019-12-31": "-206.97600", "2018-12-31": "26.74000", "2017-12-31": "200.24000", "2016-12-31": "96.02800", "2015-12-31": "-357.45800", "2014-12-31": "53.79800", "2013-12-31": "-2.48200", "2012-12-31": "-69.09100", "2011-12-31": "19.57000", "2010-12-31": "-8.02200", "2009-12-31": "-142.82900", "2008-12-31": "-62.94400", "2007-12-31": "8.35600", "2006-12-31": "-9.08100", "2005-12-31": "27.23300"}, "Net Change In Investments - Total": {"2019-12-31": "-206.97600", "2018-12-31": "26.74000", "2017-12-31": "200.24000", "2016-12-31": "96.02800", "2015-12-31": "-362.45800", "2014-12-31": "53.79800", "2013-12-31": "-2.48200", "2012-12-31": "-69.09100", "2011-12-31": "19.57000", "2010-12-31": "-8.02200", "2009-12-31": "-142.82900", "2008-12-31": "-62.94400", "2007-12-31": "8.35600", "2006-12-31": "-9.08100", "2005-12-31": "27.23300"}, "Investing Activities - Other": {"2019-12-31": "", "2018-12-31": "", "2017-12-31": "", "2016-12-31": "", "2015-12-31": "", "2014-12-31": "", "2013-12-31": "", "2012-12-31": "", "2011-12-31": "-5.76400", "2010-12-31": "0.02600", "2009-12-31": "-0.02800", "2008-12-31": "", "2007-12-31": "", "2006-12-31": "", "2005-12-31": ""}, "Cash Flow From Investing Activities": {"2019-12-31": "-277.72900", "2018-12-31": "-592.63000", "2017-12-31": "129.86100", "2016-12-31": "68.19300", "2015-12-31": "-375.85000", "2014-12-31": "36.62200", "2013-12-31": "-24.63600", "2012-12-31": "-79.57600", "2011-12-31": "2.55400", "2010-12-31": "-11.54400", "2009-12-31": "-147.44600", "2008-12-31": "-67.82800", "2007-12-31": "4.07300", "2006-12-31": "-10.76100", "2005-12-31": "25.83100"}, "Net Long-Term Debt": {"2019-12-31": "", "2018-12-31": "", "2017-12-31": "", "2016-12-31": "", "2015-12-31": "", "2014-12-31": "", "2013-12-31": "", "2012-12-31": "", "2011-12-31": "", "2010-12-31": "", "2009-12-31": "", "2008-12-31": "", "2007-12-31": "", "2006-12-31": "", "2005-12-31": ""}, "Net Current Debt": {"2019-12-31": "", "2018-12-31": "", "2017-12-31": "", "2016-12-31": "", "2015-12-31": "", "2014-12-31": "", "2013-12-31": "", "2012-12-31": "", "2011-12-31": "", "2010-12-31": "", "2009-12-31": "", "2008-12-31": "", "2007-12-31": "", "2006-12-31": "", "2005-12-31": ""}, "Debt Issuance/Retirement Net - Total": {"2019-12-31": "", "2018-12-31": "", "2017-12-31": "", "2016-12-31": "", "2015-12-31": "", "2014-12-31": "", "2013-12-31": "", "2012-12-31": "", "2011-12-31": "", "2010-12-31": "", "2009-12-31": "", "2008-12-31": "", "2007-12-31": "", "2006-12-31": "", "2005-12-31": ""}, "Net Common Equity Issued/Repurchased": {"2019-12-31": "637.84200", "2018-12-31": "713.40700", "2017-12-31": "41.31100", "2016-12-31": "35.19600", "2015-12-31": "554.38100", "2014-12-31": "16.18800", "2013-12-31": "35.19900", "2012-12-31": "35.72400", "2011-12-31": "187.98400", "2010-12-31": "7.37700", "2009-12-31": "196.88700", "2008-12-31": "101.61400", "2007-12-31": "6.60400", "2006-12-31": "43.92300", "2005-12-31": "1.15200"}, "Net Total Equity Issued/Repurchased": {"2019-12-31": "637.84200", "2018-12-31": "713.40700", "2017-12-31": "41.31100", "2016-12-31": "35.19600", "2015-12-31": "554.38100", "2014-12-31": "16.18800", "2013-12-31": "35.19900", "2012-12-31": "35.72400", "2011-12-31": "187.98400", "2010-12-31": "7.37700", "2009-12-31": "196.88700", "2008-12-31": "101.61400", "2007-12-31": "6.60400", "2006-12-31": "43.92300", "2005-12-31": "1.15200"}, "Total Common And Preferred Stock Dividends Paid": {"2019-12-31": "", "2018-12-31": "", "2017-12-31": "", "2016-12-31": "", "2015-12-31": "", "2014-12-31": "", "2013-12-31": "", "2012-12-31": "", "2011-12-31": "", "2010-12-31": "", "2009-12-31": "", "2008-12-31": "", "2007-12-31": "", "2006-12-31": "", "2005-12-31": ""}, "Financial Activities - Other": {"2019-12-31": "", "2018-12-31": "", "2017-12-31": "", "2016-12-31": "", "2015-12-31": "", "2014-12-31": "", "2013-12-31": "", "2012-12-31": "", "2011-12-31": "", "2010-12-31": "", "2009-12-31": "", "2008-12-31": "", "2007-12-31": "", "2006-12-31": "", "2005-12-31": ""}, "Cash Flow From Financial Activities": {"2019-12-31": "637.84200", "2018-12-31": "713.40700", "2017-12-31": "41.31100", "2016-12-31": "35.19600", "2015-12-31": "554.38100", "2014-12-31": "16.18800", "2013-12-31": "35.19900", "2012-12-31": "35.72400", "2011-12-31": "187.98400", "2010-12-31": "7.37700", "2009-12-31": "196.88700", "2008-12-31": "101.61400", "2007-12-31": "6.60400", "2006-12-31": "43.92300", "2005-12-31": "1.15200"}, "Net Cash Flow": {"2019-12-31": "196.37600", "2018-12-31": "-82.75900", "2017-12-31": "52.27200", "2016-12-31": "6.41800", "2015-12-31": "45.32800", "2014-12-31": "-7.18900", "2013-12-31": "9.45300", "2012-12-31": "-32.97100", "2011-12-31": "66.50700", "2010-12-31": "2.64100", "2009-12-31": "-12.31400", "2008-12-31": "-28.84400", "2007-12-31": "50.50700", "2006-12-31": "-2.01900", "2005-12-31": "1.51100"}, "Stock-Based Compensation": {"2019-12-31": "127.34900", "2018-12-31": "78.86100", "2017-12-31": "63.80200", "2016-12-31": "52.47100", "2015-12-31": "41.83600", "2014-12-31": "40.61900", "2013-12-31": "31.40600", "2012-12-31": "25.34000", "2011-12-31": "19.98400", "2010-12-31": "14.33000", "2009-12-31": "11.84900", "2008-12-31": "10.41200", "2007-12-31": "7.92800", "2006-12-31": "4.73400", "2005-12-31": "0.01200"}, "Common Stock Dividends Paid": {"2019-12-31": "", "2018-12-31": "", "2017-12-31": "", "2016-12-31": "", "2015-12-31": "", "2014-12-31": "", "2013-12-31": "", "2012-12-31": "", "2011-12-31": "", "2010-12-31": "", "2009-12-31": "", "2008-12-31": "", "2007-12-31": "", "2006-12-31": "", "2005-12-31": ""}}, "cash flow statement, quarterly": {"Net Income/Loss": {"2020-09-30": 636.167, "2020-06-30": -21.19, "2020-03-31": "-168.40200", "2019-12-31": 25.83, "2019-09-30": -91.913, "2019-06-30": -79.238, "2019-03-31": "-13.32900", "2018-12-31": -119.805, "2018-09-30": -67.446, "2018-06-30": 76.273, "2018-03-31": "-111.71500", "2017-12-31": -59.201, "2017-09-30": 50.021, "2017-06-30": -56.36, "2017-03-31": "-59.99000", "2016-12-31": -55.138, "2016-09-30": -31.752, "2016-06-30": -32.743, "2016-03-31": "-20.47800", "2015-12-31": -24.856, "2015-09-30": -26.438, "2015-06-30": -47.502, "2015-03-31": "-21.69000", "2014-12-31": -26.684, "2014-09-30": -15.566, "2014-06-30": -17.59, "2014-03-31": "-16.30100", "2013-12-31": -15.671, "2013-09-30": -23.686, "2013-06-30": -6.899, "2013-03-31": "-16.26400", "2012-12-31": -10.596, "2012-09-30": -13.652, "2012-06-30": -17.236, "2012-03-31": "-12.29800", "2011-12-31": -27.165, "2011-09-30": -40.685, "2011-06-30": -51.506, "2011-03-31": "-32.67400", "2010-12-31": -34.546, "2010-09-30": -34.856, "2010-06-30": -8.323, "2010-03-31": "11.46000", "2009-12-31": -12.117, "2009-09-30": -19.827, "2009-06-30": -22.471, "2009-03-31": "-27.26800", "2008-12-31": -30.597, "2008-09-30": -21.764, "2008-06-30": -16.028, "2008-03-31": "-17.11200", "2007-12-31": -14.941, "2007-09-30": -14.613, "2007-06-30": -10.55, "2007-03-31": "-8.82800", "2006-12-31": -10.02, "2006-09-30": -8.649, "2006-06-30": -8.643, "2006-03-31": "-8.70300", "2005-12-31": -7.349, "2005-09-30": -6.171, "2005-06-30": -8.36, "2005-03-31": "-7.55300"}, "Total Depreciation And Amortization - Cash Flow": {"2020-09-30": 18.503, "2020-06-30": 17.794, "2020-03-31": "7.98200", "2019-12-31": 7.195, "2019-09-30": 6.665, "2019-06-30": 7.373, "2019-03-31": "7.36500", "2018-12-31": 5.841, "2018-09-30": 4.339, "2018-06-30": 6.458, "2018-03-31": "6.86400", "2017-12-31": 7.72, "2017-09-30": 6.866, "2017-06-30": 3.56, "2017-03-31": "6.62000", "2016-12-31": 5.192, "2016-09-30": 5.195, "2016-06-30": 5.82, "2016-03-31": "6.57300", "2015-12-31": 5.582, "2015-09-30": 4.098, "2015-06-30": 3.94, "2015-03-31": "3.73100", "2014-12-31": 2.567, "2014-09-30": 3.35, "2014-06-30": 3.254, "2014-03-31": "3.16900", "2013-12-31": 2.911, "2013-09-30": 2.513, "2013-06-30": 2.573, "2013-03-31": "2.50100", "2012-12-31": 2.401, "2012-09-30": 2.293, "2012-06-30": 2.098, "2012-03-31": "1.94100", "2011-12-31": 10.659, "2011-09-30": 2.089, "2011-06-30": 2.194, "2011-03-31": "1.70200", "2010-12-31": 1.419, "2010-09-30": 1.534, "2010-06-30": 1.824, "2010-03-31": "2.21400", "2009-12-31": 1.617, "2009-09-30": 1.682, "2009-06-30": 1.963, "2009-03-31": "1.62000", "2008-12-31": 1.561, "2008-09-30": 1.447, "2008-06-30": 1.231, "2008-03-31": "0.84500", "2007-12-31": 1.318, "2007-09-30": 0.576, "2007-06-30": 0.443, "2007-03-31": "0.21100", "2006-12-31": 0.282, "2006-09-30": 0.383, "2006-06-30": 0.949, "2006-03-31": "0.80400", "2005-12-31": 0.6, "2005-09-30": 0.59, "2005-06-30": 0.293, "2005-03-31": "0.85000"}, "Other Non-Cash Items": {"2020-09-30": 39.052, "2020-06-30": -35.894, "2020-03-31": "92.69600", "2019-12-31": -10.927, "2019-09-30": 33.565, "2019-06-30": 68.85, "2019-03-31": "-12.41000", "2018-12-31": 57.586, "2018-09-30": 44.578, "2018-06-30": -89.955, "2018-03-31": "35.66300", "2017-12-31": 36.555, "2017-09-30": -71.88, "2017-06-30": 17.528, "2017-03-31": "14.46500", "2016-12-31": 15.426, "2016-09-30": 12.76, "2016-06-30": 12.103, "2016-03-31": "12.18200", "2015-12-31": 13.116, "2015-09-30": 11.148, "2015-06-30": 9.837, "2015-03-31": "7.73500", "2014-12-31": 11.601, "2014-09-30": 10.279, "2014-06-30": 9.435, "2014-03-31": "9.30400", "2013-12-31": 9.789, "2013-09-30": 8.231, "2013-06-30": 6.78, "2013-03-31": "6.60600", "2012-12-31": 7.431, "2012-09-30": 6.272, "2012-06-30": 5.536, "2012-03-31": "6.10100", "2011-12-31": 5.964, "2011-09-30": 5.49, "2011-06-30": 4.262, "2011-03-31": "4.26800", "2010-12-31": 4.232, "2010-09-30": 3.736, "2010-06-30": 3.178, "2010-03-31": "3.18400", "2009-12-31": 3.36, "2009-09-30": 3.046, "2009-06-30": 2.729, "2009-03-31": "2.71400", "2008-12-31": 3.012, "2008-09-30": 2.426, "2008-06-30": 2.746, "2008-03-31": "2.22800", "2007-12-31": 1.804, "2007-09-30": 2.002, "2007-06-30": 2.041, "2007-03-31": "1.37400", "2006-12-31": 1.439, "2006-09-30": 1.291, "2006-06-30": 0.999, "2006-03-31": "0.95400", "2005-12-31": 0.286, "2005-09-30": 0.329, "2005-06-30": 0.622, "2005-03-31": "0.01000"}, "Total Non-Cash Items": {"2020-09-30": 57.555, "2020-06-30": -18.1, "2020-03-31": "100.67800", "2019-12-31": -3.732, "2019-09-30": 40.23, "2019-06-30": 76.223, "2019-03-31": "-5.04500", "2018-12-31": 63.427, "2018-09-30": 48.917, "2018-06-30": -83.497, "2018-03-31": "42.52700", "2017-12-31": 44.275, "2017-09-30": -65.014, "2017-06-30": 21.088, "2017-03-31": "21.08500", "2016-12-31": 20.618, "2016-09-30": 17.955, "2016-06-30": 17.923, "2016-03-31": "18.75500", "2015-12-31": 18.698, "2015-09-30": 15.246, "2015-06-30": 13.777, "2015-03-31": "11.46600", "2014-12-31": 14.168, "2014-09-30": 13.629, "2014-06-30": 12.689, "2014-03-31": "12.47300", "2013-12-31": 12.7, "2013-09-30": 10.744, "2013-06-30": 9.353, "2013-03-31": "9.10700", "2012-12-31": 9.832, "2012-09-30": 8.565, "2012-06-30": 7.634, "2012-03-31": "8.04200", "2011-12-31": 16.623, "2011-09-30": 7.579, "2011-06-30": 6.456, "2011-03-31": "5.97000", "2010-12-31": 5.651, "2010-09-30": 5.27, "2010-06-30": 5.002, "2010-03-31": "5.39800", "2009-12-31": 4.977, "2009-09-30": 4.728, "2009-06-30": 4.692, "2009-03-31": "4.33400", "2008-12-31": 4.573, "2008-09-30": 3.873, "2008-06-30": 3.977, "2008-03-31": "3.07300", "2007-12-31": 3.122, "2007-09-30": 2.578, "2007-06-30": 2.484, "2007-03-31": "1.58500", "2006-12-31": 1.721, "2006-09-30": 1.674, "2006-06-30": 1.948, "2006-03-31": "1.75800", "2005-12-31": 0.886, "2005-09-30": 0.919, "2005-06-30": 0.915, "2005-03-31": "0.86000"}, "Change In Accounts Receivable": {"2020-09-30": -3.093, "2020-06-30": -65.461, "2020-03-31": "11.38800", "2019-12-31": -45.683, "2019-09-30": -8.054, "2019-06-30": -25.309, "2019-03-31": "-10.67400", "2018-12-31": 6.239, "2018-09-30": -2.544, "2018-06-30": -31.397, "2018-03-31": "-17.53100", "2017-12-31": 5.658, "2017-09-30": -18.492, "2017-06-30": 1.747, "2017-03-31": "-11.75900", "2016-12-31": 3.193, "2016-09-30": -7.379, "2016-06-30": -5.35, "2016-03-31": "0.53800", "2015-12-31": 10.568, "2015-09-30": -18.248, "2015-06-30": 4.337, "2015-03-31": "-10.33900", "2014-12-31": 4.569, "2014-09-30": -8.912, "2014-06-30": 2.991, "2014-03-31": "-8.38800", "2013-12-31": -0.3, "2013-09-30": 18.461, "2013-06-30": -2.948, "2013-03-31": "-11.27800", "2012-12-31": 1.713, "2012-09-30": -3.603, "2012-06-30": 25.028, "2012-03-31": "-1.62600", "2011-12-31": -39.508, "2011-09-30": -4.436, "2011-06-30": -2.39, "2011-03-31": "10.65800", "2010-12-31": -4.017, "2010-09-30": -0.082, "2010-06-30": -1.365, "2010-03-31": "66.30700", "2009-12-31": -76.128, "2009-09-30": 2.023, "2009-06-30": 5.863, "2009-03-31": "-3.69400", "2008-12-31": -1.591, "2008-09-30": 0.997, "2008-06-30": -0.227, "2008-03-31": "-1.37700", "2007-12-31": -0.6, "2007-09-30": -0.403, "2007-06-30": -1.252, "2007-03-31": "-2.83500", "2006-12-31": -0.164, "2006-09-30": 0.025, "2006-06-30": -0.076, "2006-03-31": "", "2005-12-31": 0.189, "2005-09-30": -0.23, "2005-06-30": 0.266, "2005-03-31": "0.56900"}, "Change In Inventories": {"2020-09-30": -6.725, "2020-06-30": -5.262, "2020-03-31": "1.19200", "2019-12-31": 6.102, "2019-09-30": -18.884, "2019-06-30": -5.914, "2019-03-31": "-13.99700", "2018-12-31": 21.933, "2018-09-30": -4.239, "2018-06-30": 0.982, "2018-03-31": "-11.93700", "2017-12-31": 0.859, "2017-09-30": 8.41, "2017-06-30": -8.524, "2017-03-31": "7.40100", "2016-12-31": 3.521, "2016-09-30": 0.03, "2016-06-30": -11.625, "2016-03-31": "-3.08700", "2015-12-31": -12.448, "2015-09-30": 2.974, "2015-06-30": -4.42, "2015-03-31": "0.38200", "2014-12-31": -5.91, "2014-09-30": -7.05, "2014-06-30": -1.447, "2014-03-31": "-1.97100", "2013-12-31": -1.069, "2013-09-30": 12.657, "2013-06-30": -4.929, "2013-03-31": "4.01500", "2012-12-31": -3.451, "2012-09-30": -8.599, "2012-06-30": -9.944, "2012-03-31": "-6.28400", "2011-12-31": -6.041, "2011-09-30": -3.428, "2011-06-30": 0, "2011-03-31": "", "2010-12-31": 0, "2010-09-30": 0, "2010-06-30": 0, "2010-03-31": "", "2009-12-31": 0, "2009-09-30": 0, "2009-06-30": 0, "2009-03-31": "", "2008-12-31": 0, "2008-09-30": 0, "2008-06-30": 0, "2008-03-31": "", "2007-12-31": 0, "2007-09-30": 0, "2007-06-30": 0, "2007-03-31": "", "2006-12-31": 0, "2006-09-30": 0, "2006-06-30": 0, "2006-03-31": "", "2005-12-31": 0, "2005-09-30": 0, "2005-06-30": 0, "2005-03-31": ""}, "Change In Accounts Payable": {"2020-09-30": 0, "2020-06-30": 0, "2020-03-31": "", "2019-12-31": 0, "2019-09-30": 0, "2019-06-30": 0, "2019-03-31": "", "2018-12-31": 0, "2018-09-30": 0, "2018-06-30": 0, "2018-03-31": "", "2017-12-31": 0, "2017-09-30": 0, "2017-06-30": 0, "2017-03-31": "", "2016-12-31": 0, "2016-09-30": 0, "2016-06-30": 0, "2016-03-31": "", "2015-12-31": 0, "2015-09-30": 0, "2015-06-30": 0, "2015-03-31": "", "2014-12-31": 0, "2014-09-30": 0, "2014-06-30": 0, "2014-03-31": "", "2013-12-31": 0, "2013-09-30": 0, "2013-06-30": 0, "2013-03-31": "", "2012-12-31": 0, "2012-09-30": 0, "2012-06-30": 0, "2012-03-31": "", "2011-12-31": 0, "2011-09-30": 0, "2011-06-30": 0, "2011-03-31": "", "2010-12-31": 0, "2010-09-30": 0, "2010-06-30": 0, "2010-03-31": "", "2009-12-31": 0, "2009-09-30": 0, "2009-06-30": 0, "2009-03-31": "", "2008-12-31": 0, "2008-09-30": 0, "2008-06-30": 0, "2008-03-31": "", "2007-12-31": 0, "2007-09-30": 0, "2007-06-30": 0, "2007-03-31": "", "2006-12-31": 0, "2006-09-30": 0, "2006-06-30": 0, "2006-03-31": "", "2005-12-31": 0, "2005-09-30": 0, "2005-06-30": 0, "2005-03-31": ""}, "Change In Assets/Liabilities": {"2020-09-30": 138.863, "2020-06-30": 23.729, "2020-03-31": "-13.91500", "2019-12-31": 5.632, "2019-09-30": 17.975, "2019-06-30": 0.225, "2019-03-31": "-14.18200", "2018-12-31": 3.921, "2018-09-30": 14.196, "2018-06-30": 16.668, "2018-03-31": "-48.50800", "2017-12-31": 12.223, "2017-09-30": -0.442, "2017-06-30": -10.148, "2017-03-31": "-1.73700", "2016-12-31": -8.82, "2016-09-30": -12.299, "2016-06-30": -8.846, "2016-03-31": "-11.92600", "2015-12-31": -18.09, "2015-09-30": -4.33, "2015-06-30": -18.761, "2015-03-31": "-10.06800", "2014-12-31": -15.32, "2014-09-30": -0.56, "2014-06-30": -4.733, "2014-03-31": "-8.53400", "2013-12-31": 6.606, "2013-09-30": 7.692, "2013-06-30": -5.807, "2013-03-31": "-5.08700", "2012-12-31": 39.095, "2012-09-30": 2.184, "2012-06-30": -3.799, "2012-03-31": "-3.20600", "2011-12-31": 4.238, "2011-09-30": -5.596, "2011-06-30": 3.746, "2011-03-31": "6.86300", "2010-12-31": 12.151, "2010-09-30": 13.04, "2010-06-30": -6.551, "2010-03-31": "-34.01800", "2009-12-31": 69.527, "2009-09-30": -4.367, "2009-06-30": -2.009, "2009-03-31": "6.36500", "2008-12-31": 1.016, "2008-09-30": 2.913, "2008-06-30": -5.064, "2008-03-31": "4.53700", "2007-12-31": 16.466, "2007-09-30": 0.874, "2007-06-30": -1.636, "2007-03-31": "64.12400", "2006-12-31": -1.419, "2006-09-30": -0.971, "2006-06-30": -1.995, "2006-03-31": "-2.01100", "2005-12-31": -1.126, "2005-09-30": -1.321, "2005-06-30": 1.806, "2005-03-31": "-0.00200"}, "Total Change In Assets/Liabilities": {"2020-09-30": 129.045, "2020-06-30": -46.994, "2020-03-31": "-1.33500", "2019-12-31": -33.949, "2019-09-30": -8.963, "2019-06-30": -30.998, "2019-03-31": "-38.85300", "2018-12-31": 32.093, "2018-09-30": 7.413, "2018-06-30": -13.747, "2018-03-31": "-77.97600", "2017-12-31": 12.532, "2017-09-30": 6.762, "2017-06-30": -9.459, "2017-03-31": "-24.63900", "2016-12-31": 19.466, "2016-09-30": -17.792, "2016-06-30": -17.671, "2016-03-31": "-16.11400", "2015-12-31": -12.798, "2015-09-30": -29.367, "2015-06-30": -12.832, "2015-03-31": "-16.90700", "2014-12-31": -8.267, "2014-09-30": -9.854, "2014-06-30": 0.718, "2014-03-31": "-19.41400", "2013-12-31": 9.413, "2013-09-30": 42.68, "2013-06-30": -9.872, "2013-03-31": "-22.71500", "2012-12-31": 50.962, "2012-09-30": -19.647, "2012-06-30": 22.874, "2012-03-31": "-23.59900", "2011-12-31": -26.55, "2011-09-30": -9.009, "2011-06-30": 9.799, "2011-03-31": "17.13100", "2010-12-31": 6.937, "2010-09-30": 19.034, "2010-06-30": -1.936, "2010-03-31": "27.71700", "2009-12-31": -9.051, "2009-09-30": 0.443, "2009-06-30": 5.425, "2009-03-31": "4.38000", "2008-12-31": 0.387, "2008-09-30": 7.781, "2008-06-30": -3.533, "2008-03-31": "2.74000", "2007-12-31": 17.319, "2007-09-30": 2.068, "2007-06-30": -1.033, "2007-03-31": "60.63900", "2006-12-31": -1.391, "2006-09-30": -0.763, "2006-06-30": -2.428, "2006-03-31": "-1.68500", "2005-12-31": -0.673, "2005-09-30": -2.3, "2005-06-30": 2.837, "2005-03-31": "0.51700"}, "Cash Flow From Operating Activities": {"2020-09-30": 822.767, "2020-06-30": -86.284, "2020-03-31": "-69.05900", "2019-12-31": -11.851, "2019-09-30": -60.646, "2019-06-30": -34.013, "2019-03-31": "-57.22700", "2018-12-31": -24.285, "2018-09-30": -11.116, "2018-06-30": -20.971, "2018-03-31": "-147.16400", "2017-12-31": -2.394, "2017-09-30": -8.231, "2017-06-30": -44.731, "2017-03-31": "-63.54400", "2016-12-31": -15.054, "2016-09-30": -31.589, "2016-06-30": -32.491, "2016-03-31": "-17.83700", "2015-12-31": -18.956, "2015-09-30": -40.559, "2015-06-30": -46.557, "2015-03-31": "-27.13100", "2014-12-31": -20.783, "2014-09-30": -11.791, "2014-06-30": -4.183, "2014-03-31": "-23.24200", "2013-12-31": 6.442, "2013-09-30": 29.738, "2013-06-30": -7.418, "2013-03-31": "-29.87200", "2012-12-31": 50.198, "2012-09-30": -24.734, "2012-06-30": 13.272, "2012-03-31": "-27.85500", "2011-12-31": -37.092, "2011-09-30": -42.115, "2011-06-30": -35.251, "2011-03-31": "-9.57300", "2010-12-31": -21.958, "2010-09-30": -10.552, "2010-06-30": -5.257, "2010-03-31": "44.57500", "2009-12-31": -16.191, "2009-09-30": -14.656, "2009-06-30": -12.354, "2009-03-31": "-18.55400", "2008-12-31": -25.637, "2008-09-30": -10.11, "2008-06-30": -15.584, "2008-03-31": "-11.29900", "2007-12-31": 5.5, "2007-09-30": -9.967, "2007-06-30": -9.099, "2007-03-31": "53.39600", "2006-12-31": -9.69, "2006-09-30": -7.738, "2006-06-30": -9.123, "2006-03-31": "-8.63000", "2005-12-31": -7.136, "2005-09-30": -7.552, "2005-06-30": -4.608, "2005-03-31": "-6.17600"}, "Net Change In Property, Plant, And Equipment": {"2020-09-30": -18.753, "2020-06-30": -21.89, "2020-03-31": "-25.25600", "2019-12-31": -18.99, "2019-09-30": -18.432, "2019-06-30": -20.797, "2019-03-31": "-12.53400", "2018-12-31": -6.278, "2018-09-30": -5.451, "2018-06-30": -4.817, "2018-03-31": "-4.67300", "2017-12-31": 13.893, "2017-09-30": -5.059, "2017-06-30": -22.973, "2017-03-31": "-14.58300", "2016-12-31": -8.95, "2016-09-30": -8.201, "2016-06-30": -3.351, "2016-03-31": "-7.33300", "2015-12-31": -4.366, "2015-09-30": -4.069, "2015-06-30": -2.586, "2015-03-31": "-2.37100", "2014-12-31": -7.395, "2014-09-30": -2.641, "2014-06-30": -3.999, "2014-03-31": "-3.14100", "2013-12-31": -7.361, "2013-09-30": -6.402, "2013-06-30": -2.137, "2013-03-31": "-6.25400", "2012-12-31": -5.806, "2012-09-30": -2.353, "2012-06-30": -1.271, "2012-03-31": "-1.05500", "2011-12-31": -6.236, "2011-09-30": -3.431, "2011-06-30": -1.281, "2011-03-31": "-0.30400", "2010-12-31": -0.415, "2010-09-30": -0.876, "2010-06-30": -1.204, "2010-03-31": "-1.05300", "2009-12-31": -0.706, "2009-09-30": -0.677, "2009-06-30": -1.32, "2009-03-31": "-1.88600", "2008-12-31": -0.91, "2008-09-30": -1.303, "2008-06-30": -1.557, "2008-03-31": "-1.11400", "2007-12-31": -1.957, "2007-09-30": -0.908, "2007-06-30": -0.532, "2007-03-31": "-0.88600", "2006-12-31": -0.522, "2006-09-30": -0.452, "2006-06-30": -0.532, "2006-03-31": "-0.17400", "2005-12-31": -0.212, "2005-09-30": -0.597, "2005-06-30": -0.182, "2005-03-31": "-0.41100"}, "Net Change In Intangible Assets": {"2020-09-30": 0, "2020-06-30": 0, "2020-03-31": "", "2019-12-31": 0, "2019-09-30": 0, "2019-06-30": 0, "2019-03-31": "", "2018-12-31": 0, "2018-09-30": 0, "2018-06-30": 0, "2018-03-31": "", "2017-12-31": 0, "2017-09-30": 0, "2017-06-30": 0, "2017-03-31": "", "2016-12-31": 0, "2016-09-30": 0, "2016-06-30": 0, "2016-03-31": "", "2015-12-31": 0, "2015-09-30": 0, "2015-06-30": 0, "2015-03-31": "", "2014-12-31": 0, "2014-09-30": 0, "2014-06-30": 0, "2014-03-31": "", "2013-12-31": 0, "2013-09-30": 0, "2013-06-30": 0, "2013-03-31": "", "2012-12-31": 0, "2012-09-30": 0, "2012-06-30": 0, "2012-03-31": "", "2011-12-31": 0, "2011-09-30": 0, "2011-06-30": 0, "2011-03-31": "", "2010-12-31": 0, "2010-09-30": 0, "2010-06-30": 0, "2010-03-31": "", "2009-12-31": 0, "2009-09-30": 0, "2009-06-30": 0, "2009-03-31": "", "2008-12-31": 0, "2008-09-30": 0, "2008-06-30": 0, "2008-03-31": "", "2007-12-31": 0, "2007-09-30": 0, "2007-06-30": 0, "2007-03-31": "", "2006-12-31": 0, "2006-09-30": 0, "2006-06-30": 0, "2006-03-31": "", "2005-12-31": 0, "2005-09-30": 0, "2005-06-30": 0, "2005-03-31": ""}, "Net Acquisitions/Divestitures": {"2020-09-30": 0, "2020-06-30": 0, "2020-03-31": "", "2019-12-31": 0, "2019-09-30": 0, "2019-06-30": 0, "2019-03-31": "", "2018-12-31": 0, "2018-09-30": 0, "2018-06-30": 0, "2018-03-31": "-598.15100", "2017-12-31": -41.657, "2017-09-30": 0, "2017-06-30": 0, "2017-03-31": "", "2016-12-31": 0, "2016-09-30": 0, "2016-06-30": 0, "2016-03-31": "", "2015-12-31": 0, "2015-09-30": 0, "2015-06-30": 0, "2015-03-31": "", "2014-12-31": 0, "2014-09-30": 0, "2014-06-30": 0, "2014-03-31": "", "2013-12-31": 0, "2013-09-30": 0, "2013-06-30": 0, "2013-03-31": "", "2012-12-31": 0, "2012-09-30": 0, "2012-06-30": 0, "2012-03-31": "", "2011-12-31": 0, "2011-09-30": 0, "2011-06-30": 0, "2011-03-31": "", "2010-12-31": 0, "2010-09-30": 0, "2010-06-30": 0, "2010-03-31": "", "2009-12-31": 0, "2009-09-30": 0, "2009-06-30": 0, "2009-03-31": "", "2008-12-31": 0, "2008-09-30": 0, "2008-06-30": 0, "2008-03-31": "", "2007-12-31": 0, "2007-09-30": 0, "2007-06-30": 0, "2007-03-31": "", "2006-12-31": 0, "2006-09-30": 0, "2006-06-30": 0, "2006-03-31": "", "2005-12-31": 0, "2005-09-30": 0, "2005-06-30": 0, "2005-03-31": ""}, "Net Change In Short-term Investments": {"2020-09-30": 0, "2020-06-30": 0, "2020-03-31": "", "2019-12-31": 0, "2019-09-30": 0, "2019-06-30": 0, "2019-03-31": "", "2018-12-31": 0, "2018-09-30": 0, "2018-06-30": 0, "2018-03-31": "", "2017-12-31": 0, "2017-09-30": 0, "2017-06-30": 0, "2017-03-31": "", "2016-12-31": 0, "2016-09-30": 0, "2016-06-30": 0, "2016-03-31": "", "2015-12-31": 0, "2015-09-30": 0, "2015-06-30": -5, "2015-03-31": "", "2014-12-31": 0, "2014-09-30": 0, "2014-06-30": 0, "2014-03-31": "", "2013-12-31": 0, "2013-09-30": 0, "2013-06-30": 0, "2013-03-31": "", "2012-12-31": 0, "2012-09-30": 0, "2012-06-30": 0, "2012-03-31": "", "2011-12-31": 0, "2011-09-30": 0, "2011-06-30": 0, "2011-03-31": "", "2010-12-31": 0, "2010-09-30": 0, "2010-06-30": 0, "2010-03-31": "", "2009-12-31": 0, "2009-09-30": 0, "2009-06-30": 0, "2009-03-31": "", "2008-12-31": 0, "2008-09-30": 0, "2008-06-30": 0, "2008-03-31": "", "2007-12-31": 0, "2007-09-30": 0, "2007-06-30": 0, "2007-03-31": "", "2006-12-31": 0, "2006-09-30": 0, "2006-06-30": 0, "2006-03-31": "", "2005-12-31": 0, "2005-09-30": 0, "2005-06-30": 0, "2005-03-31": ""}, "Net Change In Long-Term Investments": {"2020-09-30": -21.574, "2020-06-30": -55.041, "2020-03-31": "47.07400", "2019-12-31": 84.144, "2019-09-30": -363.565, "2019-06-30": 23.426, "2019-03-31": "49.01900", "2018-12-31": -9.977, "2018-09-30": -56.109, "2018-06-30": -13.037, "2018-03-31": "105.86300", "2017-12-31": 47.643, "2017-09-30": -66.282, "2017-06-30": 184.493, "2017-03-31": "34.38600", "2016-12-31": -10.139, "2016-09-30": -34.18, "2016-06-30": 103.583, "2016-03-31": "36.76400", "2015-12-31": -490.599, "2015-09-30": 47.773, "2015-06-30": 62.614, "2015-03-31": "22.75400", "2014-12-31": 33.677, "2014-09-30": 20.871, "2014-06-30": -0.043, "2014-03-31": "-0.70700", "2013-12-31": -56.239, "2013-09-30": 55.888, "2013-06-30": -1.742, "2013-03-31": "-0.38900", "2012-12-31": -51.373, "2012-09-30": 9.869, "2012-06-30": -14.622, "2012-03-31": "-12.96500", "2011-12-31": 11.69, "2011-09-30": 80.589, "2011-06-30": 48.58, "2011-03-31": "-121.28900", "2010-12-31": 18.854, "2010-09-30": -16.923, "2010-06-30": 34.763, "2010-03-31": "-44.71600", "2009-12-31": -36.835, "2009-09-30": -70.855, "2009-06-30": -2.295, "2009-03-31": "-32.84400", "2008-12-31": 32.864, "2008-09-30": -1.584, "2008-06-30": -63.341, "2008-03-31": "-30.88300", "2007-12-31": 41.019, "2007-09-30": 16.565, "2007-06-30": -4.213, "2007-03-31": "-45.01500", "2006-12-31": -8.605, "2006-09-30": 0.753, "2006-06-30": -10.297, "2006-03-31": "9.06800", "2005-12-31": 7.569, "2005-09-30": 4.365, "2005-06-30": 8.555, "2005-03-31": "6.74400"}, "Net Change In Investments - Total": {"2020-09-30": -21.574, "2020-06-30": -55.041, "2020-03-31": "47.07400", "2019-12-31": 84.144, "2019-09-30": -363.565, "2019-06-30": 23.426, "2019-03-31": "49.01900", "2018-12-31": -9.977, "2018-09-30": -56.109, "2018-06-30": -13.037, "2018-03-31": "105.86300", "2017-12-31": 47.643, "2017-09-30": -66.282, "2017-06-30": 184.493, "2017-03-31": "34.38600", "2016-12-31": -10.139, "2016-09-30": -34.18, "2016-06-30": 103.583, "2016-03-31": "36.76400", "2015-12-31": -490.599, "2015-09-30": 47.773, "2015-06-30": 57.614, "2015-03-31": "22.75400", "2014-12-31": 33.677, "2014-09-30": 20.871, "2014-06-30": -0.043, "2014-03-31": "-0.70700", "2013-12-31": -56.239, "2013-09-30": 55.888, "2013-06-30": -1.742, "2013-03-31": "-0.38900", "2012-12-31": -51.373, "2012-09-30": 9.869, "2012-06-30": -14.622, "2012-03-31": "-12.96500", "2011-12-31": 11.69, "2011-09-30": 80.589, "2011-06-30": 48.58, "2011-03-31": "-121.28900", "2010-12-31": 18.854, "2010-09-30": -16.923, "2010-06-30": 34.763, "2010-03-31": "-44.71600", "2009-12-31": -36.835, "2009-09-30": -70.855, "2009-06-30": -2.295, "2009-03-31": "-32.84400", "2008-12-31": 32.864, "2008-09-30": -1.584, "2008-06-30": -63.341, "2008-03-31": "-30.88300", "2007-12-31": 41.019, "2007-09-30": 16.565, "2007-06-30": -4.213, "2007-03-31": "-45.01500", "2006-12-31": -8.605, "2006-09-30": 0.753, "2006-06-30": -10.297, "2006-03-31": "9.06800", "2005-12-31": 7.569, "2005-09-30": 4.365, "2005-06-30": 8.555, "2005-03-31": "6.74400"}, "Investing Activities - Other": {"2020-09-30": 0, "2020-06-30": 0, "2020-03-31": "", "2019-12-31": 0, "2019-09-30": 0, "2019-06-30": 0, "2019-03-31": "", "2018-12-31": 0, "2018-09-30": 0, "2018-06-30": 0, "2018-03-31": "", "2017-12-31": 0, "2017-09-30": 0, "2017-06-30": 0, "2017-03-31": "", "2016-12-31": 0, "2016-09-30": 0, "2016-06-30": 0, "2016-03-31": "", "2015-12-31": 0, "2015-09-30": 0, "2015-06-30": 0, "2015-03-31": "", "2014-12-31": 0, "2014-09-30": 0, "2014-06-30": 0, "2014-03-31": "", "2013-12-31": 0, "2013-09-30": 0, "2013-06-30": 0, "2013-03-31": "", "2012-12-31": 0, "2012-09-30": 0, "2012-06-30": 0, "2012-03-31": "", "2011-12-31": -0.002, "2011-09-30": -5.559, "2011-06-30": -0.203, "2011-03-31": "", "2010-12-31": -0.005, "2010-09-30": 0.031, "2010-06-30": 0, "2010-03-31": "", "2009-12-31": -0.028, "2009-09-30": 0, "2009-06-30": 0, "2009-03-31": "", "2008-12-31": 0, "2008-09-30": 0, "2008-06-30": 0, "2008-03-31": "", "2007-12-31": 0, "2007-09-30": 0, "2007-06-30": 0, "2007-03-31": "", "2006-12-31": 0, "2006-09-30": 0, "2006-06-30": 0, "2006-03-31": "", "2005-12-31": 0, "2005-09-30": 0, "2005-06-30": 0, "2005-03-31": ""}, "Cash Flow From Investing Activities": {"2020-09-30": -40.327, "2020-06-30": -76.931, "2020-03-31": "21.81800", "2019-12-31": 65.154, "2019-09-30": -381.997, "2019-06-30": 2.629, "2019-03-31": "36.48500", "2018-12-31": -16.255, "2018-09-30": -61.56, "2018-06-30": -17.854, "2018-03-31": "-496.96100", "2017-12-31": 19.879, "2017-09-30": -71.341, "2017-06-30": 161.52, "2017-03-31": "19.80300", "2016-12-31": -19.089, "2016-09-30": -42.381, "2016-06-30": 100.232, "2016-03-31": "29.43100", "2015-12-31": -494.965, "2015-09-30": 43.704, "2015-06-30": 55.028, "2015-03-31": "20.38300", "2014-12-31": 26.282, "2014-09-30": 18.23, "2014-06-30": -4.042, "2014-03-31": "-3.84800", "2013-12-31": -63.6, "2013-09-30": 49.486, "2013-06-30": -3.879, "2013-03-31": "-6.64300", "2012-12-31": -57.179, "2012-09-30": 7.516, "2012-06-30": -15.893, "2012-03-31": "-14.02000", "2011-12-31": 5.452, "2011-09-30": 71.599, "2011-06-30": 47.096, "2011-03-31": "-121.59300", "2010-12-31": 18.434, "2010-09-30": -17.768, "2010-06-30": 33.559, "2010-03-31": "-45.76900", "2009-12-31": -37.569, "2009-09-30": -71.532, "2009-06-30": -3.615, "2009-03-31": "-34.73000", "2008-12-31": 31.954, "2008-09-30": -2.887, "2008-06-30": -64.898, "2008-03-31": "-31.99700", "2007-12-31": 39.062, "2007-09-30": 15.657, "2007-06-30": -4.745, "2007-03-31": "-45.90100", "2006-12-31": -9.127, "2006-09-30": 0.301, "2006-06-30": -10.829, "2006-03-31": "8.89400", "2005-12-31": 7.357, "2005-09-30": 3.768, "2005-06-30": 8.373, "2005-03-31": "6.33300"}, "Net Long-Term Debt": {"2020-09-30": 0, "2020-06-30": 0, "2020-03-31": "", "2019-12-31": 0, "2019-09-30": 0, "2019-06-30": 0, "2019-03-31": "", "2018-12-31": 0, "2018-09-30": 0, "2018-06-30": 0, "2018-03-31": "", "2017-12-31": 0, "2017-09-30": 0, "2017-06-30": 0, "2017-03-31": "", "2016-12-31": 0, "2016-09-30": 0, "2016-06-30": 0, "2016-03-31": "", "2015-12-31": 0, "2015-09-30": 0, "2015-06-30": 0, "2015-03-31": "", "2014-12-31": 0, "2014-09-30": 0, "2014-06-30": 0, "2014-03-31": "", "2013-12-31": 0, "2013-09-30": 0, "2013-06-30": 0, "2013-03-31": "", "2012-12-31": 0, "2012-09-30": 0, "2012-06-30": 0, "2012-03-31": "", "2011-12-31": 0, "2011-09-30": 0, "2011-06-30": 0, "2011-03-31": "", "2010-12-31": 0, "2010-09-30": 0, "2010-06-30": 0, "2010-03-31": "", "2009-12-31": 0, "2009-09-30": 0, "2009-06-30": 0, "2009-03-31": "", "2008-12-31": 0, "2008-09-30": 0, "2008-06-30": 0, "2008-03-31": "", "2007-12-31": 0, "2007-09-30": 0, "2007-06-30": 0, "2007-03-31": "", "2006-12-31": 0, "2006-09-30": 0, "2006-06-30": 0, "2006-03-31": "", "2005-12-31": 0, "2005-09-30": 0, "2005-06-30": 0, "2005-03-31": ""}, "Net Current Debt": {"2020-09-30": 0, "2020-06-30": 0, "2020-03-31": "", "2019-12-31": 0, "2019-09-30": 0, "2019-06-30": 0, "2019-03-31": "", "2018-12-31": 0, "2018-09-30": 0, "2018-06-30": 0, "2018-03-31": "", "2017-12-31": 0, "2017-09-30": 0, "2017-06-30": 0, "2017-03-31": "", "2016-12-31": 0, "2016-09-30": 0, "2016-06-30": 0, "2016-03-31": "", "2015-12-31": 0, "2015-09-30": 0, "2015-06-30": 0, "2015-03-31": "", "2014-12-31": 0, "2014-09-30": 0, "2014-06-30": 0, "2014-03-31": "", "2013-12-31": 0, "2013-09-30": 0, "2013-06-30": 0, "2013-03-31": "", "2012-12-31": 0, "2012-09-30": 0, "2012-06-30": 0, "2012-03-31": "", "2011-12-31": 0, "2011-09-30": 0, "2011-06-30": 0, "2011-03-31": "", "2010-12-31": 0, "2010-09-30": 0, "2010-06-30": 0, "2010-03-31": "", "2009-12-31": 0, "2009-09-30": 0, "2009-06-30": 0, "2009-03-31": "", "2008-12-31": 0, "2008-09-30": 0, "2008-06-30": 0, "2008-03-31": "", "2007-12-31": 0, "2007-09-30": 0, "2007-06-30": 0, "2007-03-31": "", "2006-12-31": 0, "2006-09-30": 0, "2006-06-30": 0, "2006-03-31": "", "2005-12-31": 0, "2005-09-30": 0, "2005-06-30": 0, "2005-03-31": ""}, "Debt Issuance/Retirement Net - Total": {"2020-09-30": 0, "2020-06-30": 0, "2020-03-31": "", "2019-12-31": 0, "2019-09-30": 0, "2019-06-30": 0, "2019-03-31": "", "2018-12-31": 0, "2018-09-30": 0, "2018-06-30": 0, "2018-03-31": "", "2017-12-31": 0, "2017-09-30": 0, "2017-06-30": 0, "2017-03-31": "", "2016-12-31": 0, "2016-09-30": 0, "2016-06-30": 0, "2016-03-31": "", "2015-12-31": 0, "2015-09-30": 0, "2015-06-30": 0, "2015-03-31": "", "2014-12-31": 0, "2014-09-30": 0, "2014-06-30": 0, "2014-03-31": "", "2013-12-31": 0, "2013-09-30": 0, "2013-06-30": 0, "2013-03-31": "", "2012-12-31": 0, "2012-09-30": 0, "2012-06-30": 0, "2012-03-31": "", "2011-12-31": 0, "2011-09-30": 0, "2011-06-30": 0, "2011-03-31": "", "2010-12-31": 0, "2010-09-30": 0, "2010-06-30": 0, "2010-03-31": "", "2009-12-31": 0, "2009-09-30": 0, "2009-06-30": 0, "2009-03-31": "", "2008-12-31": 0, "2008-09-30": 0, "2008-06-30": 0, "2008-03-31": "", "2007-12-31": 0, "2007-09-30": 0, "2007-06-30": 0, "2007-03-31": "", "2006-12-31": 0, "2006-09-30": 0, "2006-06-30": 0, "2006-03-31": "", "2005-12-31": 0, "2005-09-30": 0, "2005-06-30": 0, "2005-03-31": ""}, "Net Common Equity Issued/Repurchased": {"2020-09-30": 19.502, "2020-06-30": 31.485, "2020-03-31": "21.78600", "2019-12-31": 27.793, "2019-09-30": 571.997, "2019-06-30": 11.226, "2019-03-31": "26.82600", "2018-12-31": 3.269, "2018-09-30": 28.846, "2018-06-30": 11.222, "2018-03-31": "670.07000", "2017-12-31": 15.32, "2017-09-30": 10.608, "2017-06-30": 4.548, "2017-03-31": "10.83500", "2016-12-31": 11.787, "2016-09-30": 12.911, "2016-06-30": 4.8, "2016-03-31": "5.69800", "2015-12-31": 2.102, "2015-09-30": 531.916, "2015-06-30": 7.971, "2015-03-31": "12.39200", "2014-12-31": 1.26, "2014-09-30": 4.898, "2014-06-30": 2.244, "2014-03-31": "7.78600", "2013-12-31": 1.745, "2013-09-30": 12.673, "2013-06-30": 3.995, "2013-03-31": "16.78600", "2012-12-31": 6.713, "2012-09-30": 11.389, "2012-06-30": 10.038, "2012-03-31": "7.58400", "2011-12-31": 7.169, "2011-09-30": 2.824, "2011-06-30": 6.483, "2011-03-31": "171.50800", "2010-12-31": 1.88, "2010-09-30": 1.598, "2010-06-30": 2.859, "2010-03-31": "1.04000", "2009-12-31": 0.186, "2009-09-30": 131.657, "2009-06-30": 11.819, "2009-03-31": "53.22500", "2008-12-31": 0.07, "2008-09-30": 2.502, "2008-06-30": 0.267, "2008-03-31": "98.77500", "2007-12-31": 1.683, "2007-09-30": 2.634, "2007-06-30": 1.411, "2007-03-31": "0.87600", "2006-12-31": 0.043, "2006-09-30": 0.183, "2006-06-30": 43.408, "2006-03-31": "0.28900", "2005-12-31": 0.029, "2005-09-30": 0.46, "2005-06-30": 0.062, "2005-03-31": "0.60100"}, "Net Total Equity Issued/Repurchased": {"2020-09-30": 19.502, "2020-06-30": 31.485, "2020-03-31": "21.78600", "2019-12-31": 27.793, "2019-09-30": 571.997, "2019-06-30": 11.226, "2019-03-31": "26.82600", "2018-12-31": 3.269, "2018-09-30": 28.846, "2018-06-30": 11.222, "2018-03-31": "670.07000", "2017-12-31": 15.32, "2017-09-30": 10.608, "2017-06-30": 4.548, "2017-03-31": "10.83500", "2016-12-31": 11.787, "2016-09-30": 12.911, "2016-06-30": 4.8, "2016-03-31": "5.69800", "2015-12-31": 2.102, "2015-09-30": 531.916, "2015-06-30": 7.971, "2015-03-31": "12.39200", "2014-12-31": 1.26, "2014-09-30": 4.898, "2014-06-30": 2.244, "2014-03-31": "7.78600", "2013-12-31": 1.745, "2013-09-30": 12.673, "2013-06-30": 3.995, "2013-03-31": "16.78600", "2012-12-31": 6.713, "2012-09-30": 11.389, "2012-06-30": 10.038, "2012-03-31": "7.58400", "2011-12-31": 7.169, "2011-09-30": 2.824, "2011-06-30": 6.483, "2011-03-31": "171.50800", "2010-12-31": 1.88, "2010-09-30": 1.598, "2010-06-30": 2.859, "2010-03-31": "1.04000", "2009-12-31": 0.186, "2009-09-30": 131.657, "2009-06-30": 11.819, "2009-03-31": "53.22500", "2008-12-31": 0.07, "2008-09-30": 2.502, "2008-06-30": 0.267, "2008-03-31": "98.77500", "2007-12-31": 1.683, "2007-09-30": 2.634, "2007-06-30": 1.411, "2007-03-31": "0.87600", "2006-12-31": 0.043, "2006-09-30": 0.183, "2006-06-30": 43.408, "2006-03-31": "0.28900", "2005-12-31": 0.029, "2005-09-30": 0.46, "2005-06-30": 0.062, "2005-03-31": "0.60100"}, "Total Common And Preferred Stock Dividends Paid": {"2020-09-30": 0, "2020-06-30": 0, "2020-03-31": "", "2019-12-31": 0, "2019-09-30": 0, "2019-06-30": 0, "2019-03-31": "", "2018-12-31": 0, "2018-09-30": 0, "2018-06-30": 0, "2018-03-31": "", "2017-12-31": 0, "2017-09-30": 0, "2017-06-30": 0, "2017-03-31": "", "2016-12-31": 0, "2016-09-30": 0, "2016-06-30": 0, "2016-03-31": "", "2015-12-31": 0, "2015-09-30": 0, "2015-06-30": 0, "2015-03-31": "", "2014-12-31": 0, "2014-09-30": 0, "2014-06-30": 0, "2014-03-31": "", "2013-12-31": 0, "2013-09-30": 0, "2013-06-30": 0, "2013-03-31": "", "2012-12-31": 0, "2012-09-30": 0, "2012-06-30": 0, "2012-03-31": "", "2011-12-31": 0, "2011-09-30": 0, "2011-06-30": 0, "2011-03-31": "", "2010-12-31": 0, "2010-09-30": 0, "2010-06-30": 0, "2010-03-31": "", "2009-12-31": 0, "2009-09-30": 0, "2009-06-30": 0, "2009-03-31": "", "2008-12-31": 0, "2008-09-30": 0, "2008-06-30": 0, "2008-03-31": "", "2007-12-31": 0, "2007-09-30": 0, "2007-06-30": 0, "2007-03-31": "", "2006-12-31": 0, "2006-09-30": 0, "2006-06-30": 0, "2006-03-31": "", "2005-12-31": 0, "2005-09-30": 0, "2005-06-30": 0, "2005-03-31": ""}, "Financial Activities - Other": {"2020-09-30": 0, "2020-06-30": 0, "2020-03-31": "", "2019-12-31": 0, "2019-09-30": 0, "2019-06-30": 0, "2019-03-31": "", "2018-12-31": 0, "2018-09-30": 0, "2018-06-30": 0, "2018-03-31": "", "2017-12-31": 0, "2017-09-30": 0, "2017-06-30": 0, "2017-03-31": "", "2016-12-31": 0, "2016-09-30": 0, "2016-06-30": 0, "2016-03-31": "", "2015-12-31": 0, "2015-09-30": 0, "2015-06-30": 0, "2015-03-31": "", "2014-12-31": 0, "2014-09-30": 0, "2014-06-30": 0, "2014-03-31": "", "2013-12-31": 0, "2013-09-30": 0, "2013-06-30": 0, "2013-03-31": "", "2012-12-31": 0, "2012-09-30": 0, "2012-06-30": 0, "2012-03-31": "", "2011-12-31": 0, "2011-09-30": 0, "2011-06-30": 0, "2011-03-31": "", "2010-12-31": 0, "2010-09-30": 0, "2010-06-30": 0, "2010-03-31": "", "2009-12-31": 0, "2009-09-30": 0, "2009-06-30": 0, "2009-03-31": "", "2008-12-31": 0, "2008-09-30": 0, "2008-06-30": 0, "2008-03-31": "", "2007-12-31": 0, "2007-09-30": 0, "2007-06-30": 0, "2007-03-31": "", "2006-12-31": 0, "2006-09-30": 0, "2006-06-30": 0, "2006-03-31": "", "2005-12-31": 0, "2005-09-30": 0, "2005-06-30": 0, "2005-03-31": ""}, "Cash Flow From Financial Activities": {"2020-09-30": 19.502, "2020-06-30": 31.485, "2020-03-31": "21.78600", "2019-12-31": 27.793, "2019-09-30": 571.997, "2019-06-30": 11.226, "2019-03-31": "26.82600", "2018-12-31": 3.269, "2018-09-30": 28.846, "2018-06-30": 11.222, "2018-03-31": "670.07000", "2017-12-31": 15.32, "2017-09-30": 10.608, "2017-06-30": 4.548, "2017-03-31": "10.83500", "2016-12-31": 11.787, "2016-09-30": 12.911, "2016-06-30": 4.8, "2016-03-31": "5.69800", "2015-12-31": 2.102, "2015-09-30": 531.916, "2015-06-30": 7.971, "2015-03-31": "12.39200", "2014-12-31": 1.26, "2014-09-30": 4.898, "2014-06-30": 2.244, "2014-03-31": "7.78600", "2013-12-31": 1.745, "2013-09-30": 12.673, "2013-06-30": 3.995, "2013-03-31": "16.78600", "2012-12-31": 6.713, "2012-09-30": 11.389, "2012-06-30": 10.038, "2012-03-31": "7.58400", "2011-12-31": 7.169, "2011-09-30": 2.824, "2011-06-30": 6.483, "2011-03-31": "171.50800", "2010-12-31": 1.88, "2010-09-30": 1.598, "2010-06-30": 2.859, "2010-03-31": "1.04000", "2009-12-31": 0.186, "2009-09-30": 131.657, "2009-06-30": 11.819, "2009-03-31": "53.22500", "2008-12-31": 0.07, "2008-09-30": 2.502, "2008-06-30": 0.267, "2008-03-31": "98.77500", "2007-12-31": 1.683, "2007-09-30": 2.634, "2007-06-30": 1.411, "2007-03-31": "0.87600", "2006-12-31": 0.043, "2006-09-30": 0.183, "2006-06-30": 43.408, "2006-03-31": "0.28900", "2005-12-31": 0.029, "2005-09-30": 0.46, "2005-06-30": 0.062, "2005-03-31": "0.60100"}, "Net Cash Flow": {"2020-09-30": 802.134, "2020-06-30": -131.796, "2020-03-31": "-25.44600", "2019-12-31": 81.096, "2019-09-30": 129.354, "2019-06-30": -20.158, "2019-03-31": "6.08400", "2018-12-31": -37.271, "2018-09-30": -43.83, "2018-06-30": -27.603, "2018-03-31": "25.94500", "2017-12-31": 32.805, "2017-09-30": -68.964, "2017-06-30": 121.337, "2017-03-31": "-32.90600", "2016-12-31": -22.356, "2016-09-30": -61.059, "2016-06-30": 72.541, "2016-03-31": "17.29200", "2015-12-31": -511.819, "2015-09-30": 535.061, "2015-06-30": 16.442, "2015-03-31": "5.64400", "2014-12-31": 6.759, "2014-09-30": 11.337, "2014-06-30": -5.981, "2014-03-31": "-19.30400", "2013-12-31": -55.413, "2013-09-30": 91.897, "2013-06-30": -7.302, "2013-03-31": "-19.72900", "2012-12-31": -0.268, "2012-09-30": -5.829, "2012-06-30": 7.417, "2012-03-31": "-34.29100", "2011-12-31": -24.471, "2011-09-30": 32.308, "2011-06-30": 18.328, "2011-03-31": "40.34200", "2010-12-31": -1.644, "2010-09-30": -26.722, "2010-06-30": 31.161, "2010-03-31": "-0.15400", "2009-12-31": -53.574, "2009-09-30": 45.469, "2009-06-30": -4.15, "2009-03-31": "-0.05900", "2008-12-31": 6.387, "2008-09-30": -10.495, "2008-06-30": -80.215, "2008-03-31": "55.47900", "2007-12-31": 46.245, "2007-09-30": 8.324, "2007-06-30": -12.433, "2007-03-31": "8.37100", "2006-12-31": -18.774, "2006-09-30": -7.254, "2006-06-30": 23.456, "2006-03-31": "0.55300", "2005-12-31": 0.25, "2005-09-30": -3.324, "2005-06-30": 3.827, "2005-03-31": "0.75800"}, "Stock-Based Compensation": {"2020-09-30": 39.052, "2020-06-30": 34.789, "2020-03-31": "33.61700", "2019-12-31": 47.602, "2019-09-30": 27.875, "2019-06-30": 26.157, "2019-03-31": "25.71500", "2018-12-31": 25.693, "2018-09-30": 20.813, "2018-06-30": 15.517, "2018-03-31": "16.83800", "2017-12-31": 15.903, "2017-09-30": 15.906, "2017-06-30": 17.528, "2017-03-31": "14.46500", "2016-12-31": 15.426, "2016-09-30": 12.76, "2016-06-30": 12.103, "2016-03-31": "12.18200", "2015-12-31": 13.116, "2015-09-30": 11.148, "2015-06-30": 9.837, "2015-03-31": "7.73500", "2014-12-31": 11.601, "2014-09-30": 10.279, "2014-06-30": 9.435, "2014-03-31": "9.30400", "2013-12-31": 9.789, "2013-09-30": 8.231, "2013-06-30": 6.78, "2013-03-31": "6.60600", "2012-12-31": 7.431, "2012-09-30": 6.272, "2012-06-30": 5.536, "2012-03-31": "6.10100", "2011-12-31": 5.964, "2011-09-30": 5.49, "2011-06-30": 4.262, "2011-03-31": "4.26800", "2010-12-31": 4.232, "2010-09-30": 3.736, "2010-06-30": 3.178, "2010-03-31": "3.18400", "2009-12-31": 3.36, "2009-09-30": 3.046, "2009-06-30": 2.729, "2009-03-31": "2.71400", "2008-12-31": 3.012, "2008-09-30": 2.426, "2008-06-30": 2.746, "2008-03-31": "2.22800", "2007-12-31": 2.511, "2007-09-30": 2.002, "2007-06-30": 2.041, "2007-03-31": "1.37400", "2006-12-31": 1.49, "2006-09-30": 1.291, "2006-06-30": 0.999, "2006-03-31": "0.95400", "2005-12-31": 0.002, "2005-09-30": 0, "2005-06-30": 0, "2005-03-31": "0.01000"}, "Common Stock Dividends Paid": {"2020-09-30": 0, "2020-06-30": 0, "2020-03-31": "", "2019-12-31": 0, "2019-09-30": 0, "2019-06-30": 0, "2019-03-31": "", "2018-12-31": 0, "2018-09-30": 0, "2018-06-30": 0, "2018-03-31": "", "2017-12-31": 0, "2017-09-30": 0, "2017-06-30": 0, "2017-03-31": "", "2016-12-31": 0, "2016-09-30": 0, "2016-06-30": 0, "2016-03-31": "", "2015-12-31": 0, "2015-09-30": 0, "2015-06-30": 0, "2015-03-31": "", "2014-12-31": 0, "2014-09-30": 0, "2014-06-30": 0, "2014-03-31": "", "2013-12-31": 0, "2013-09-30": 0, "2013-06-30": 0, "2013-03-31": "", "2012-12-31": 0, "2012-09-30": 0, "2012-06-30": 0, "2012-03-31": "", "2011-12-31": 0, "2011-09-30": 0, "2011-06-30": 0, "2011-03-31": "", "2010-12-31": 0, "2010-09-30": 0, "2010-06-30": 0, "2010-03-31": "", "2009-12-31": 0, "2009-09-30": 0, "2009-06-30": 0, "2009-03-31": "", "2008-12-31": 0, "2008-09-30": 0, "2008-06-30": 0, "2008-03-31": "", "2007-12-31": 0, "2007-09-30": 0, "2007-06-30": 0, "2007-03-31": "", "2006-12-31": 0, "2006-09-30": 0, "2006-06-30": 0, "2006-03-31": "", "2005-12-31": 0, "2005-09-30": 0, "2005-06-30": 0, "2005-03-31": ""}}, "financial ratios": {"Current Ratio": {"2019-12-31": "4.53680", "2018-12-31": "2.90390", "2017-12-31": "3.45280", "2016-12-31": "4.94660", "2015-12-31": "5.74280", "2014-12-31": "3.24070", "2013-12-31": "4.40790", "2012-12-31": "4.38330", "2011-12-31": "4.38430", "2010-12-31": "5.54740", "2009-12-31": "3.33570", "2008-12-31": "2.75280", "2007-12-31": "4.06680", "2006-12-31": "9.99290", "2005-12-31": "3.97780"}, "Long-term Debt / Capital": {"2019-12-31": "", "2018-12-31": "", "2017-12-31": "", "2016-12-31": "", "2015-12-31": "", "2014-12-31": "", "2013-12-31": "", "2012-12-31": "", "2011-12-31": "", "2010-12-31": "", "2009-12-31": "", "2008-12-31": "", "2007-12-31": "", "2006-12-31": "", "2005-12-31": ""}, "Debt/Equity Ratio": {"2019-12-31": "", "2018-12-31": "", "2017-12-31": "", "2016-12-31": "", "2015-12-31": "", "2014-12-31": "", "2013-12-31": "", "2012-12-31": "", "2011-12-31": "", "2010-12-31": "", "2009-12-31": "", "2008-12-31": "", "2007-12-31": "", "2006-12-31": "", "2005-12-31": ""}, "Gross Margin": {"2019-12-31": "95.20550", "2018-12-31": "86.51400", "2017-12-31": "88.77800", "2016-12-31": "89.87990", "2015-12-31": "88.88370", "2014-12-31": "89.86670", "2013-12-31": "92.14750", "2012-12-31": "93.61090", "2011-12-31": "96.71340", "2010-12-31": "100.00000", "2009-12-31": "100.00000", "2008-12-31": "100.00000", "2007-12-31": "100.00000", "2006-12-31": "100.00000", "2005-12-31": "100.00000"}, "Operating Margin": {"2019-12-31": "-24.05820", "2018-12-31": "-39.71250", "2017-12-31": "-40.60160", "2016-12-31": "-34.13270", "2015-12-31": "-35.91130", "2014-12-31": "-26.97850", "2013-12-31": "-23.34550", "2012-12-31": "-27.15880", "2011-12-31": "-152.34760", "2010-12-31": "-63.45770", "2009-12-31": "-163.29650", "2008-12-31": "-260.48930", "2007-12-31": "-248.19360", "2006-12-31": "-401.84910", "2005-12-31": "-328.69740"}, "EBIT Margin": {"2019-12-31": "-24.05820", "2018-12-31": "-39.71250", "2017-12-31": "-40.60160", "2016-12-31": "-34.13270", "2015-12-31": "-35.91130", "2014-12-31": "-26.97850", "2013-12-31": "-23.34550", "2012-12-31": "-27.15880", "2011-12-31": "-152.34760", "2010-12-31": "-63.45770", "2009-12-31": "-163.29650", "2008-12-31": "-260.48930", "2007-12-31": "-248.19360", "2006-12-31": "-401.84910", "2005-12-31": "-328.69740"}, "EBITDA Margin": {"2019-12-31": "-20.93860", "2018-12-31": "-36.12280", "2017-12-31": "-35.46610", "2016-12-31": "-28.68490", "2015-12-31": "-30.75960", "2014-12-31": "-22.67520", "2013-12-31": "-19.44670", "2012-12-31": "-23.01620", "2011-12-31": "-134.78660", "2010-12-31": "-56.95260", "2009-12-31": "-150.05290", "2008-12-31": "-246.06090", "2007-12-31": "-236.82870", "2006-12-31": "-377.68120", "2005-12-31": "-304.78630"}, "Pre-Tax Profit Margin": {"2019-12-31": "-17.30640", "2018-12-31": "-37.62730", "2017-12-31": "-32.94700", "2016-12-31": "-33.50760", "2015-12-31": "-35.77350", "2014-12-31": "-26.55240", "2013-12-31": "-23.21890", "2012-12-31": "-25.51180", "2011-12-31": "-160.40640", "2010-12-31": "-61.65910", "2009-12-31": "-157.18850", "2008-12-31": "-242.65240", "2007-12-31": "-218.25160", "2006-12-31": "-359.97000", "2005-12-31": "-301.66030"}, "Net Profit Margin": {"2019-12-31": "-17.30640", "2018-12-31": "-34.01450", "2017-12-31": "-26.03010", "2016-12-31": "-33.50760", "2015-12-31": "-35.77350", "2014-12-31": "-26.55240", "2013-12-31": "-23.21890", "2012-12-31": "-25.51180", "2011-12-31": "-160.40640", "2010-12-31": "-61.65910", "2009-12-31": "-157.18850", "2008-12-31": "-242.65240", "2007-12-31": "-218.25160", "2006-12-31": "-359.97000", "2005-12-31": "-301.66030"}, "Asset Turnover": {"2019-12-31": "0.41560", "2018-12-31": "0.43550", "2017-12-31": "0.54930", "2016-12-31": "0.49870", "2015-12-31": "0.37630", "2014-12-31": "0.62480", "2013-12-31": "0.55640", "2012-12-31": "0.44720", "2011-12-31": "0.22290", "2010-12-31": "0.32570", "2009-12-31": "0.13380", "2008-12-31": "0.18770", "2007-12-31": "0.15090", "2006-12-31": "0.10240", "2005-12-31": "0.10840"}, "Inventory Turnover Ratio": {"2019-12-31": "0.51150", "2018-12-31": "1.65840", "2017-12-31": "0.90230", "2016-12-31": "0.62120", "2015-12-31": "0.65730", "2014-12-31": "0.66880", "2013-12-31": "0.78100", "2012-12-31": "0.35680", "2011-12-31": "0.32900", "2010-12-31": "", "2009-12-31": "", "2008-12-31": "", "2007-12-31": "", "2006-12-31": "", "2005-12-31": ""}, "Receiveable Turnover": {"2019-12-31": "3.88440", "2018-12-31": "4.47560", "2017-12-31": "5.68870", "2016-12-31": "6.75210", "2015-12-31": "6.36320", "2014-12-31": "7.30630", "2013-12-31": "9.12510", "2012-12-31": "6.13970", "2011-12-31": "1.70480", "2010-12-31": "5.35720", "2009-12-31": "0.63780", "2008-12-31": "3.49770", "2007-12-31": "3.32350", "2006-12-31": "6.96240", "2005-12-31": "7.16900"}, "Days Sales In Receivables": {"2019-12-31": "93.96660", "2018-12-31": "81.55270", "2017-12-31": "64.16280", "2016-12-31": "54.05690", "2015-12-31": "57.36150", "2014-12-31": "49.95680", "2013-12-31": "39.99950", "2012-12-31": "59.44940", "2011-12-31": "214.10600", "2010-12-31": "68.13310", "2009-12-31": "572.25590", "2008-12-31": "104.35380", "2007-12-31": "109.82560", "2006-12-31": "52.42430", "2005-12-31": "50.91370"}, "ROE - Return On Equity": {"2019-12-31": "-8.45550", "2018-12-31": "-17.48060", "2017-12-31": "-18.52650", "2016-12-31": "-22.09650", "2015-12-31": "-17.56580", "2014-12-31": "-36.11420", "2013-12-31": "-27.16080", "2012-12-31": "-23.78180", "2011-12-31": "-69.46800", "2010-12-31": "-41.02640", "2009-12-31": "-39.61350", "2008-12-31": "-108.20450", "2007-12-31": "-90.63830", "2006-12-31": "-40.81850", "2005-12-31": "-39.00680"}, "Return On Tangible Equity": {"2019-12-31": "-9.90560", "2018-12-31": "-22.28550", "2017-12-31": "-18.52650", "2016-12-31": "-22.09650", "2015-12-31": "-17.56580", "2014-12-31": "-36.11420", "2013-12-31": "-27.16080", "2012-12-31": "-23.78180", "2011-12-31": "-69.46800", "2010-12-31": "-41.02640", "2009-12-31": "-39.61350", "2008-12-31": "-108.20450", "2007-12-31": "-90.63830", "2006-12-31": "-40.81760", "2005-12-31": "-39.00580"}, "ROA - Return On Assets": {"2019-12-31": "-7.19220", "2018-12-31": "-14.81330", "2017-12-31": "-14.29810", "2016-12-31": "-16.71180", "2015-12-31": "-13.46070", "2014-12-31": "-16.58970", "2013-12-31": "-12.92010", "2012-12-31": "-11.40850", "2011-12-31": "-35.75360", "2010-12-31": "-20.08420", "2009-12-31": "-21.03430", "2008-12-31": "-45.54780", "2007-12-31": "-32.94420", "2006-12-31": "-36.86470", "2005-12-31": "-32.69640"}, "ROI - Return On Investment": {"2019-12-31": "-8.45550", "2018-12-31": "-17.48060", "2017-12-31": "-18.52650", "2016-12-31": "-22.09650", "2015-12-31": "-17.56580", "2014-12-31": "-36.11420", "2013-12-31": "-27.16080", "2012-12-31": "-23.78180", "2011-12-31": "-69.46800", "2010-12-31": "-41.02640", "2009-12-31": "-39.61350", "2008-12-31": "-108.20450", "2007-12-31": "-90.63830", "2006-12-31": "-40.81760", "2005-12-31": "-39.00580"}, "Book Value Per Share": {"2019-12-31": "10.90900", "2018-12-31": "7.94910", "2017-12-31": "4.69250", "2016-12-31": "4.45930", "2015-12-31": "4.91080", "2014-12-31": "1.70060", "2013-12-31": "1.87730", "2012-12-31": "1.88910", "2011-12-31": "1.88630", "2010-12-31": "1.58960", "2009-12-31": "2.05060", "2008-12-31": "0.99030", "2007-12-31": "0.79950", "2006-12-31": "1.72910", "2005-12-31": "1.78050"}, "Operating Cash Flow Per Share": {"2019-12-31": 0.3016, "2018-12-31": -0.4605, "2017-12-31": -0.1415, "2016-12-31": 0.3421, "2015-12-31": -0.5449, "2014-12-31": -0.4771, "2013-12-31": -0.1014, "2012-12-31": 1.189, "2011-12-31": -1.1641, "2010-12-31": 0.7461, "2009-12-31": 0.1169, "2008-12-31": -1.4454, "2007-12-31": 1.3728, "2006-12-31": -0.1199, "2005-12-31": -0.6031}, "Free Cash Flow Per Share": {"2019-12-31": 0.0087, "2018-12-31": -0.3945, "2017-12-31": -0.1444, "2016-12-31": 0.2481, "2015-12-31": -0.5094, "2014-12-31": -0.434, "2013-12-31": -0.1948, "2012-12-31": 1.1996, "2011-12-31": -1.2285, "2010-12-31": 0.7615, "2009-12-31": 0.1284, "2008-12-31": -1.4376, "2007-12-31": 1.3375, "2006-12-31": -0.1212, "2005-12-31": -0.6363}}, "financial ratios, quarterly": {"Current Ratio": {"2020-09-30": "3.65180", "2020-06-30": "4.70810", "2020-03-31": "4.51150", "2019-12-31": "4.53680", "2019-09-30": "4.85910", "2019-06-30": "3.02740", "2019-03-31": "3.27030", "2018-12-31": "2.90390", "2018-09-30": "3.70230", "2018-06-30": "3.90290", "2018-03-31": "3.77650", "2017-12-31": "3.45280", "2017-09-30": "4.06160", "2017-06-30": "4.47100", "2017-03-31": "5.09120", "2016-12-31": "4.94660", "2016-09-30": "5.91620", "2016-06-30": "5.87710", "2016-03-31": "5.99900", "2015-12-31": "5.74280", "2015-09-30": "6.64870", "2015-06-30": "2.64740", "2015-03-31": "3.09720", "2014-12-31": "3.24070", "2014-09-30": "3.60270", "2014-06-30": "4.07370", "2014-03-31": "4.33560", "2013-12-31": "4.40790", "2013-09-30": "4.36560", "2013-06-30": "4.77460", "2013-03-31": "4.84270", "2012-12-31": "4.38330", "2012-09-30": "5.22670", "2012-06-30": "4.66770", "2012-03-31": "5.23280", "2011-12-31": "4.38430", "2011-09-30": "5.23400", "2011-06-30": "6.15250", "2011-03-31": "7.60850", "2010-12-31": "5.54740", "2010-09-30": "6.30420", "2010-06-30": "7.43580", "2010-03-31": "5.42580", "2009-12-31": "3.33570", "2009-09-30": "5.49840", "2009-06-30": "3.21230", "2009-03-31": "3.29750", "2008-12-31": "2.75280", "2008-09-30": "3.15280", "2008-06-30": "4.00430", "2008-03-31": "5.90550", "2007-12-31": "4.06680", "2007-09-30": "4.40770", "2007-06-30": "4.87630", "2007-03-31": "6.02810", "2006-12-31": "9.99290", "2006-09-30": "9.55920", "2006-06-30": "9.82470", "2006-03-31": "3.60550", "2005-12-31": "3.97780", "2005-09-30": "3.93070", "2005-06-30": "3.77430", "2005-03-31": "4.43430"}, "Long-term Debt / Capital": {"2020-09-30": "", "2020-06-30": "", "2020-03-31": "", "2019-12-31": "", "2019-09-30": "", "2019-06-30": "", "2019-03-31": "", "2018-12-31": "", "2018-09-30": "", "2018-06-30": "", "2018-03-31": "", "2017-12-31": "", "2017-09-30": "", "2017-06-30": "", "2017-03-31": "", "2016-12-31": "", "2016-09-30": "", "2016-06-30": "", "2016-03-31": "", "2015-12-31": "", "2015-09-30": "", "2015-06-30": "", "2015-03-31": "", "2014-12-31": "", "2014-09-30": "", "2014-06-30": "", "2014-03-31": "", "2013-12-31": "", "2013-09-30": "", "2013-06-30": "", "2013-03-31": "", "2012-12-31": "", "2012-09-30": "", "2012-06-30": "", "2012-03-31": "", "2011-12-31": "", "2011-09-30": "", "2011-06-30": "", "2011-03-31": "", "2010-12-31": "", "2010-09-30": "", "2010-06-30": "", "2010-03-31": "", "2009-12-31": "", "2009-09-30": "", "2009-06-30": "", "2009-03-31": "", "2008-12-31": "", "2008-09-30": "", "2008-06-30": "", "2008-03-31": "", "2007-12-31": "", "2007-09-30": "", "2007-06-30": "", "2007-03-31": "", "2006-12-31": "", "2006-09-30": "", "2006-06-30": "", "2006-03-31": "", "2005-12-31": "", "2005-09-30": "", "2005-06-30": "", "2005-03-31": ""}, "Debt/Equity Ratio": {"2020-09-30": "", "2020-06-30": "", "2020-03-31": "", "2019-12-31": "", "2019-09-30": "", "2019-06-30": "", "2019-03-31": "", "2018-12-31": "", "2018-09-30": "", "2018-06-30": "", "2018-03-31": "", "2017-12-31": "", "2017-09-30": "", "2017-06-30": "", "2017-03-31": "", "2016-12-31": "", "2016-09-30": "", "2016-06-30": "", "2016-03-31": "", "2015-12-31": "", "2015-09-30": "", "2015-06-30": "", "2015-03-31": "", "2014-12-31": "", "2014-09-30": "", "2014-06-30": "", "2014-03-31": "", "2013-12-31": "", "2013-09-30": "", "2013-06-30": "", "2013-03-31": "", "2012-12-31": "", "2012-09-30": "", "2012-06-30": "", "2012-03-31": "", "2011-12-31": "", "2011-09-30": "", "2011-06-30": "", "2011-03-31": "", "2010-12-31": "", "2010-09-30": "", "2010-06-30": "", "2010-03-31": "", "2009-12-31": "", "2009-09-30": "", "2009-06-30": "", "2009-03-31": "", "2008-12-31": "", "2008-09-30": "", "2008-06-30": "", "2008-03-31": "", "2007-12-31": "", "2007-09-30": "", "2007-06-30": "", "2007-03-31": "", "2006-12-31": "", "2006-09-30": "", "2006-06-30": "", "2006-03-31": "", "2005-12-31": "", "2005-09-30": "", "2005-06-30": "", "2005-03-31": ""}, "Gross Margin": {"2020-09-30": "92.62560", "2020-06-30": "82.64590", "2020-03-31": "87.45450", "2019-12-31": "95.88410", "2019-09-30": "94.92320", "2019-06-30": "95.01160", "2019-03-31": "94.72330", "2018-12-31": "79.60900", "2018-09-30": "89.57170", "2018-06-30": "88.65570", "2018-03-31": "88.80790", "2017-12-31": "87.91480", "2017-09-30": "89.49300", "2017-06-30": "88.56160", "2017-03-31": "89.13140", "2016-12-31": "89.00500", "2016-09-30": "89.48880", "2016-06-30": "89.50970", "2016-03-31": "91.40030", "2015-12-31": "88.89670", "2015-09-30": "87.98890", "2015-06-30": "88.87230", "2015-03-31": "89.79510", "2014-12-31": "88.46700", "2014-09-30": "89.94630", "2014-06-30": "90.14460", "2014-03-31": "91.02400", "2013-12-31": "89.85750", "2013-09-30": "92.31360", "2013-06-30": "93.53160", "2013-03-31": "92.85860", "2012-12-31": "94.45170", "2012-09-30": "93.26740", "2012-06-30": "92.83740", "2012-03-31": "93.63460", "2011-12-31": "95.10910", "2011-09-30": "96.49670", "2011-06-30": "100.00000", "2011-03-31": "100.00000", "2010-12-31": "100.00000", "2010-09-30": "100.00000", "2010-06-30": "100.00000", "2010-03-31": "100.00000", "2009-12-31": "100.00000", "2009-09-30": "100.00000", "2009-06-30": "100.00000", "2009-03-31": "100.00000", "2008-12-31": "100.00000", "2008-09-30": "100.00000", "2008-06-30": "100.00000", "2008-03-31": "100.00000", "2007-12-31": "100.00000", "2007-09-30": "100.00000", "2007-06-30": "100.00000", "2007-03-31": "100.00000", "2006-12-31": "100.00000", "2006-09-30": "100.00000", "2006-06-30": "100.00000", "2006-03-31": "100.00000", "2005-12-31": "100.00000", "2005-09-30": "100.00000", "2005-06-30": "100.00000", "2005-03-31": "100.00000"}, "Operating Margin": {"2020-09-30": "60.10810", "2020-06-30": "-33.80060", "2020-03-31": "-47.90970", "2019-12-31": "-13.25520", "2019-09-30": "-42.10010", "2019-06-30": "-17.72060", "2019-03-31": "-27.47810", "2018-12-31": "-51.75030", "2018-09-30": "-26.89940", "2018-06-30": "-17.79600", "2018-03-31": "-66.73950", "2017-12-31": "-34.73020", "2017-09-30": "-23.79830", "2017-06-30": "-54.77020", "2017-03-31": "-54.35490", "2016-12-31": "-53.05060", "2016-09-30": "-30.48680", "2016-06-30": "-35.05380", "2016-03-31": "-18.91230", "2015-12-31": "-26.89860", "2015-09-30": "-31.52060", "2015-06-30": "-61.69320", "2015-03-31": "-26.46520", "2014-12-31": "-37.30060", "2014-09-30": "-20.59910", "2014-06-30": "-25.82860", "2014-03-31": "-23.97940", "2013-12-31": "-23.26240", "2013-09-30": "-33.51320", "2013-06-30": "-9.52850", "2013-03-31": "-28.58460", "2012-12-31": "-16.75430", "2012-09-30": "-27.60680", "2012-06-30": "-35.41570", "2012-03-31": "-32.12350", "2011-12-31": "-38.24530", "2011-09-30": "-198.06930", "2011-06-30": "-396.70600", "2011-03-31": "-270.93910", "2010-12-31": "-428.38180", "2010-09-30": "-220.96180", "2010-06-30": "-24.06860", "2010-03-31": "23.48080", "2009-12-31": "-58.34450", "2009-09-30": "-176.65290", "2009-06-30": "-247.90600", "2009-03-31": "-309.12270", "2008-12-31": "-316.60710", "2008-09-30": "-288.63720", "2008-06-30": "-175.81970", "2008-03-31": "-268.20040", "2007-12-31": "-211.57480", "2007-09-30": "-353.56910", "2007-06-30": "-220.67370", "2007-03-31": "-237.29240", "2006-12-31": "-435.30780", "2006-09-30": "-408.64400", "2006-06-30": "-336.93660", "2006-03-31": "-439.84120", "2005-12-31": "-344.84670", "2005-09-30": "-259.80240", "2005-06-30": "-410.09090", "2005-03-31": "-315.19570"}, "EBIT Margin": {"2020-09-30": "60.10810", "2020-06-30": "-33.80060", "2020-03-31": "-47.90970", "2019-12-31": "-13.25520", "2019-09-30": "-42.10010", "2019-06-30": "-17.72060", "2019-03-31": "-27.47810", "2018-12-31": "-51.75030", "2018-09-30": "-26.89940", "2018-06-30": "-17.79600", "2018-03-31": "-66.73950", "2017-12-31": "-34.73020", "2017-09-30": "-23.79830", "2017-06-30": "-54.77020", "2017-03-31": "-54.35490", "2016-12-31": "-53.05060", "2016-09-30": "-30.48680", "2016-06-30": "-35.05380", "2016-03-31": "-18.91230", "2015-12-31": "-26.89860", "2015-09-30": "-31.52060", "2015-06-30": "-61.69320", "2015-03-31": "-26.46520", "2014-12-31": "-37.30060", "2014-09-30": "-20.59910", "2014-06-30": "-25.82860", "2014-03-31": "-23.97940", "2013-12-31": "-23.26240", "2013-09-30": "-33.51320", "2013-06-30": "-9.52850", "2013-03-31": "-28.58460", "2012-12-31": "-16.75430", "2012-09-30": "-27.60680", "2012-06-30": "-35.41570", "2012-03-31": "-32.12350", "2011-12-31": "-38.24530", "2011-09-30": "-198.06930", "2011-06-30": "-396.70600", "2011-03-31": "-270.93910", "2010-12-31": "-428.38190", "2010-09-30": "-220.96180", "2010-06-30": "-24.06860", "2010-03-31": "23.48080", "2009-12-31": "-58.34450", "2009-09-30": "-176.65290", "2009-06-30": "-247.90600", "2009-03-31": "-309.12270", "2008-12-31": "-316.60710", "2008-09-30": "-288.63720", "2008-06-30": "-175.81970", "2008-03-31": "-268.20040", "2007-12-31": "-211.57480", "2007-09-30": "-353.56910", "2007-06-30": "-220.67370", "2007-03-31": "-237.29240", "2006-12-31": "-435.30780", "2006-09-30": "-408.64400", "2006-06-30": "-336.93660", "2006-03-31": "-439.84120", "2005-12-31": "-344.84680", "2005-09-30": "-259.80240", "2005-06-30": "-410.09090", "2005-03-31": "-315.19570"}, "EBITDA Margin": {"2020-09-30": "", "2020-06-30": "", "2020-03-31": "", "2019-12-31": "", "2019-09-30": "", "2019-06-30": "", "2019-03-31": "", "2018-12-31": "", "2018-09-30": "", "2018-06-30": "", "2018-03-31": "", "2017-12-31": "", "2017-09-30": "", "2017-06-30": "", "2017-03-31": "", "2016-12-31": "", "2016-09-30": "", "2016-06-30": "", "2016-03-31": "", "2015-12-31": "", "2015-09-30": "", "2015-06-30": "", "2015-03-31": "", "2014-12-31": "", "2014-09-30": "", "2014-06-30": "", "2014-03-31": "", "2013-12-31": "", "2013-09-30": "", "2013-06-30": "", "2013-03-31": "", "2012-12-31": "", "2012-09-30": "", "2012-06-30": "", "2012-03-31": "", "2011-12-31": "", "2011-09-30": "", "2011-06-30": "", "2011-03-31": "", "2010-12-31": "", "2010-09-30": "", "2010-06-30": "", "2010-03-31": "", "2009-12-31": "", "2009-09-30": "", "2009-06-30": "", "2009-03-31": "", "2008-12-31": "", "2008-09-30": "", "2008-06-30": "", "2008-03-31": "", "2007-12-31": "", "2007-09-30": "", "2007-06-30": "", "2007-03-31": "", "2006-12-31": "", "2006-09-30": "", "2006-06-30": "", "2006-03-31": "", "2005-12-31": "", "2005-09-30": "", "2005-06-30": "", "2005-03-31": ""}, "Pre-Tax Profit Margin": {"2020-09-30": "60.22330", "2020-06-30": "-7.62240", "2020-03-31": "-71.80890", "2019-12-31": "8.91290", "2019-09-30": "-43.09840", "2019-06-30": "-36.27330", "2019-03-31": "-6.82840", "2018-12-31": "-82.20480", "2018-09-30": "-39.80900", "2018-06-30": "44.82090", "2018-03-31": "-79.46160", "2017-12-31": "-71.41550", "2017-09-30": "36.97290", "2017-06-30": "-52.07770", "2017-03-31": "-54.97060", "2016-12-31": "-52.37520", "2016-09-30": "-29.86600", "2016-06-30": "-34.32110", "2016-03-31": "-18.42290", "2015-12-31": "-26.59050", "2015-09-30": "-31.44690", "2015-06-30": "-61.61410", "2015-03-31": "-26.40070", "2014-12-31": "-35.90130", "2014-09-30": "-20.52130", "2014-06-30": "-25.75100", "2014-03-31": "-23.87690", "2013-12-31": "-23.24760", "2013-09-30": "-33.37510", "2013-06-30": "-9.37900", "2013-03-31": "-28.37010", "2012-12-31": "-16.57900", "2012-09-30": "-27.39600", "2012-06-30": "-35.30300", "2012-03-31": "-25.49070", "2011-12-31": "-55.56690", "2011-09-30": "-196.86920", "2011-06-30": "-394.56110", "2011-03-31": "-268.45780", "2010-12-31": "-424.08530", "2010-09-30": "-217.97260", "2010-06-30": "-22.56900", "2010-03-31": "24.66900", "2009-12-31": "-55.66170", "2009-09-30": "-170.24730", "2009-06-30": "-238.84990", "2009-03-31": "-298.27170", "2008-12-31": "-303.90350", "2008-09-30": "-269.38970", "2008-06-30": "-160.21590", "2008-03-31": "-241.52430", "2007-12-31": "-190.67130", "2007-09-30": "-315.13910", "2007-06-30": "-188.02350", "2007-03-31": "-203.59780", "2006-12-31": "-387.92110", "2006-09-30": "-354.32200", "2006-06-30": "-304.33100", "2006-03-31": "-406.49230", "2005-12-31": "-316.90360", "2005-09-30": "-234.46050", "2005-06-30": "-380.00000", "2005-03-31": "-289.83120"}, "Net Profit Margin": {"2020-09-30": "59.91790", "2020-06-30": "-7.62240", "2020-03-31": "-71.80890", "2019-12-31": "8.91290", "2019-09-30": "-43.09840", "2019-06-30": "-36.27330", "2019-03-31": "-6.82840", "2018-12-31": "-68.65110", "2018-09-30": "-39.80900", "2018-06-30": "44.82090", "2018-03-31": "-79.46160", "2017-12-31": "-45.67800", "2017-09-30": "36.97290", "2017-06-30": "-52.07770", "2017-03-31": "-54.97060", "2016-12-31": "-52.37520", "2016-09-30": "-29.86600", "2016-06-30": "-34.32110", "2016-03-31": "-18.42290", "2015-12-31": "-26.59050", "2015-09-30": "-31.44690", "2015-06-30": "-61.61410", "2015-03-31": "-26.40070", "2014-12-31": "-35.90130", "2014-09-30": "-20.52130", "2014-06-30": "-25.75100", "2014-03-31": "-23.87690", "2013-12-31": "-23.24760", "2013-09-30": "-33.37510", "2013-06-30": "-9.37900", "2013-03-31": "-28.37010", "2012-12-31": "-16.57910", "2012-09-30": "-27.39610", "2012-06-30": "-35.30300", "2012-03-31": "-25.49070", "2011-12-31": "-55.56690", "2011-09-30": "-196.86920", "2011-06-30": "-394.56110", "2011-03-31": "-268.45780", "2010-12-31": "-424.08530", "2010-09-30": "-217.97260", "2010-06-30": "-22.56900", "2010-03-31": "24.66900", "2009-12-31": "-55.66170", "2009-09-30": "-170.24730", "2009-06-30": "-238.84990", "2009-03-31": "-298.27170", "2008-12-31": "-303.90350", "2008-09-30": "-269.38970", "2008-06-30": "-160.21590", "2008-03-31": "-241.52430", "2007-12-31": "-190.67120", "2007-09-30": "-315.13910", "2007-06-30": "-188.02350", "2007-03-31": "-203.59780", "2006-12-31": "-387.92100", "2006-09-30": "-354.32200", "2006-06-30": "-304.33100", "2006-03-31": "-406.49230", "2005-12-31": "-316.90380", "2005-09-30": "-234.46050", "2005-06-30": "-380.00000", "2005-03-31": "-289.83120"}, "Asset Turnover": {"2020-09-30": "0.35330", "2020-06-30": "0.12840", "2020-03-31": "0.11210", "2019-12-31": "0.13140", "2019-09-30": "0.10170", "2019-06-30": "0.13940", "2019-03-31": "0.12260", "2018-12-31": "0.11610", "2018-09-30": "0.10810", "2018-06-30": "0.10760", "2018-03-31": "0.09540", "2017-12-31": "0.14760", "2017-09-30": "0.15860", "2017-06-30": "0.14290", "2017-03-31": "0.13920", "2016-12-31": "0.12560", "2016-09-30": "0.12510", "2016-06-30": "0.11050", "2016-03-31": "0.12640", "2015-12-31": "0.10440", "2015-09-30": "0.09270", "2015-06-30": "0.18900", "2015-03-31": "0.18400", "2014-12-31": "0.16190", "2014-09-30": "0.15860", "2014-06-30": "0.14550", "2014-03-31": "0.14340", "2013-12-31": "0.13930", "2013-09-30": "0.14860", "2013-06-30": "0.15760", "2013-03-31": "0.12300", "2012-12-31": "0.13560", "2012-09-30": "0.12000", "2012-06-30": "0.11620", "2012-03-31": "0.11690", "2011-12-31": "0.11500", "2011-09-30": "0.04910", "2011-06-30": "0.02880", "2011-03-31": "0.02530", "2010-12-31": "0.02470", "2010-09-30": "0.04590", "2010-06-30": "0.10290", "2010-03-31": "0.12630", "2009-12-31": "0.05610", "2009-09-30": "0.03570", "2009-06-30": "0.04420", "2009-03-31": "0.04140", "2008-12-31": "0.05360", "2008-09-30": "0.03780", "2008-06-30": "0.04430", "2008-03-31": "0.02980", "2007-12-31": "0.05280", "2007-09-30": "0.03280", "2007-06-30": "0.03770", "2007-03-31": "0.02800", "2006-12-31": "0.02640", "2006-09-30": "0.02280", "2006-06-30": "0.02450", "2006-03-31": "0.02650", "2005-12-31": "0.02580", "2005-09-30": "0.02670", "2005-06-30": "0.02060", "2005-03-31": "0.02330"}, "Inventory Turnover Ratio": {"2020-09-30": "0.80950", "2020-06-30": "0.53600", "2020-03-31": "0.34720", "2019-12-31": "0.13880", "2019-09-30": "0.11760", "2019-06-30": "0.14900", "2019-03-31": "0.15320", "2018-12-31": "0.66840", "2018-09-30": "0.23500", "2018-06-30": "0.27220", "2018-03-31": "0.21880", "2017-12-31": "0.26110", "2017-09-30": "0.23370", "2017-06-30": "0.17880", "2017-03-31": "0.19530", "2016-12-31": "0.16990", "2016-09-30": "0.15600", "2016-06-30": "0.13960", "2016-03-31": "0.15920", "2015-12-31": "0.18220", "2015-09-30": "0.22680", "2015-06-30": "0.18070", "2015-03-31": "0.19470", "2014-12-31": "0.19730", "2014-09-30": "0.20310", "2014-06-30": "0.22080", "2014-03-31": "0.21100", "2013-12-31": "0.25250", "2013-09-30": "0.20980", "2013-06-30": "0.12310", "2013-03-31": "0.12140", "2012-12-31": "0.09390", "2012-09-30": "0.09780", "2012-06-30": "0.13610", "2012-03-31": "0.19490", "2011-12-31": "0.25250", "2011-09-30": "0.21120", "2011-06-30": "", "2011-03-31": "", "2010-12-31": "", "2010-09-30": "", "2010-06-30": "", "2010-03-31": "", "2009-12-31": "", "2009-09-30": "", "2009-06-30": "", "2009-03-31": "", "2008-12-31": "", "2008-09-30": "", "2008-06-30": "", "2008-03-31": "", "2007-12-31": "", "2007-09-30": "", "2007-06-30": "", "2007-03-31": "", "2006-12-31": "", "2006-09-30": "", "2006-06-30": "", "2006-03-31": "", "2005-12-31": "", "2005-09-30": "", "2005-06-30": "", "2005-03-31": ""}, "Receiveable Turnover": {"2020-09-30": "3.61850", "2020-06-30": "0.95840", "2020-03-31": "1.04410", "2019-12-31": "1.22800", "2019-09-30": "1.12060", "2019-06-30": "1.19850", "2019-03-31": "1.24370", "2018-12-31": "1.19300", "2018-09-30": "1.11080", "2018-06-30": "1.13470", "2018-03-31": "1.18560", "2017-12-31": "1.52880", "2017-09-30": "1.49610", "2017-06-30": "1.50440", "2017-03-31": "1.48100", "2016-12-31": "1.70000", "2016-09-30": "1.63260", "2016-06-30": "1.65220", "2016-03-31": "2.12160", "2015-12-31": "1.76610", "2015-09-30": "1.32400", "2015-06-30": "1.70380", "2015-03-31": "1.65680", "2014-12-31": "1.89380", "2014-09-30": "1.73110", "2014-06-30": "1.95700", "2014-03-31": "1.80150", "2013-12-31": "2.28440", "2013-09-30": "2.41160", "2013-06-30": "1.52350", "2013-03-31": "1.24950", "2012-12-31": "1.86140", "2012-09-30": "1.35960", "2012-06-30": "1.50540", "2012-03-31": "0.84020", "2011-12-31": "0.87930", "2011-09-30": "1.25550", "2011-06-30": "1.06970", "2011-03-31": "1.23580", "2010-12-31": "0.40610", "2010-09-30": "0.98020", "2010-06-30": "2.25710", "2010-03-31": "2.86640", "2009-12-31": "0.26720", "2009-09-30": "2.17150", "2009-06-30": "1.17570", "2009-03-31": "0.65740", "2008-12-31": "0.99940", "2008-09-30": "0.93250", "2008-06-30": "1.04740", "2008-03-31": "0.79680", "2007-12-31": "1.16160", "2007-09-30": "0.73170", "2007-06-30": "0.92610", "2007-03-31": "0.95680", "2006-12-31": "1.79750", "2006-09-30": "1.68460", "2006-06-30": "1.84420", "2006-03-31": "2.04880", "2005-12-31": "1.70390", "2005-09-30": "1.62470", "2005-06-30": "1.42860", "2005-03-31": "1.70660"}, "Days Sales In Receivables": {"2020-09-30": "24.87210", "2020-06-30": "93.90950", "2020-03-31": "86.20030", "2019-12-31": "73.29120", "2019-09-30": "80.31690", "2019-06-30": "75.09260", "2019-03-31": "72.36690", "2018-12-31": "75.44020", "2018-09-30": "81.02040", "2018-06-30": "79.31830", "2018-03-31": "75.90950", "2017-12-31": "58.86860", "2017-09-30": "60.15830", "2017-06-30": "59.82650", "2017-03-31": "60.76940", "2016-12-31": "52.94250", "2016-09-30": "55.12760", "2016-06-30": "54.47240", "2016-03-31": "42.42080", "2015-12-31": "50.96120", "2015-09-30": "67.97530", "2015-06-30": "52.82380", "2015-03-31": "54.32080", "2014-12-31": "47.52470", "2014-09-30": "51.98910", "2014-06-30": "45.98950", "2014-03-31": "49.95740", "2013-12-31": "39.39710", "2013-09-30": "37.31940", "2013-06-30": "59.07420", "2013-03-31": "72.03080", "2012-12-31": "48.35150", "2012-09-30": "66.19600", "2012-06-30": "59.78490", "2012-03-31": "107.11200", "2011-12-31": "102.35110", "2011-09-30": "71.68730", "2011-06-30": "84.13280", "2011-03-31": "72.82970", "2010-12-31": "221.64120", "2010-09-30": "91.81790", "2010-06-30": "39.87500", "2010-03-31": "31.39880", "2009-12-31": "336.83130", "2009-09-30": "41.44510", "2009-06-30": "76.54970", "2009-03-31": "136.90990", "2008-12-31": "90.05360", "2008-09-30": "96.51690", "2008-06-30": "85.92460", "2008-03-31": "112.95410", "2007-12-31": "77.48090", "2007-09-30": "122.99550", "2007-06-30": "97.18590", "2007-03-31": "94.06830", "2006-12-31": "50.06970", "2006-09-30": "53.42480", "2006-06-30": "48.80280", "2006-03-31": "43.92810", "2005-12-31": "52.82020", "2005-09-30": "55.39510", "2005-06-30": "63.00000", "2005-03-31": "52.73600"}, "ROE - Return On Equity": {"2020-09-30": "28.17350", "2020-06-30": "-1.16810", "2020-03-31": "-9.53790", "2019-12-31": "1.37670", "2019-09-30": "-5.16480", "2019-06-30": "-6.23030", "2019-03-31": "-1.01480", "2018-12-31": "-9.40430", "2018-09-30": "-4.94280", "2018-06-30": "5.51730", "2018-03-31": "-8.73230", "2017-12-31": "-8.73730", "2017-09-30": "7.58230", "2017-06-30": "-9.82680", "2017-03-31": "-9.94240", "2016-12-31": "-8.69570", "2016-09-30": "-4.79430", "2016-06-30": "-4.89780", "2016-03-31": "-2.99340", "2015-12-31": "-3.62380", "2015-09-30": "-3.79730", "2015-06-30": "-26.44610", "2015-03-31": "-10.36370", "2014-12-31": "-12.65640", "2014-09-30": "-6.91250", "2014-06-30": "-7.78900", "2014-03-31": "-7.05690", "2013-12-31": "-6.80800", "2013-09-30": "-10.10580", "2013-06-30": "-2.90960", "2013-03-31": "-6.97230", "2012-12-31": "-4.68540", "2012-09-30": "-6.13360", "2012-06-30": "-7.88770", "2012-03-31": "-5.58540", "2011-12-31": "-12.41270", "2011-09-30": "-17.59400", "2011-06-30": "-19.50780", "2011-03-31": "-10.71880", "2010-12-31": "-21.38830", "2010-09-30": "-18.36590", "2010-06-30": "-3.80820", "2010-03-31": "5.15920", "2009-12-31": "-5.87630", "2009-09-30": "-9.19850", "2009-06-30": "-22.45080", "2009-03-31": "-25.36770", "2008-12-31": "-38.72160", "2008-09-30": "-20.56930", "2008-06-30": "-12.91320", "2008-03-31": "-12.39440", "2007-12-31": "-27.67570", "2007-09-30": "-22.59660", "2007-06-30": "-14.16910", "2007-03-31": "-10.82140", "2006-12-31": "-11.35640", "2006-09-30": "-8.94040", "2006-06-30": "-8.32570", "2006-03-31": "-12.80400", "2005-12-31": "-9.73940", "2005-09-30": "-7.45780", "2005-06-30": "-9.44540", "2005-03-31": "-7.79900"}, "Return On Tangible Equity": {"2020-09-30": "37.55690", "2020-06-30": "-1.70320", "2020-03-31": "-11.29500", "2019-12-31": "1.61280", "2019-09-30": "-6.10750", "2019-06-30": "-7.94640", "2019-03-31": "-1.28320", "2018-12-31": "-11.98920", "2018-09-30": "-6.05710", "2018-06-30": "6.74130", "2018-03-31": "-10.86380", "2017-12-31": "-8.73730", "2017-09-30": "7.58230", "2017-06-30": "-9.82680", "2017-03-31": "-9.94240", "2016-12-31": "-8.69560", "2016-09-30": "-4.79430", "2016-06-30": "-4.89780", "2016-03-31": "-2.99340", "2015-12-31": "-3.62380", "2015-09-30": "-3.79730", "2015-06-30": "-26.44610", "2015-03-31": "-10.36370", "2014-12-31": "-12.65640", "2014-09-30": "-6.91250", "2014-06-30": "-7.78900", "2014-03-31": "-7.05690", "2013-12-31": "-6.80800", "2013-09-30": "-10.10580", "2013-06-30": "-2.90960", "2013-03-31": "-6.97230", "2012-12-31": "-4.68540", "2012-09-30": "-6.13360", "2012-06-30": "-7.88770", "2012-03-31": "-5.58540", "2011-12-31": "-12.41270", "2011-09-30": "-17.59400", "2011-06-30": "-19.50780", "2011-03-31": "-10.71880", "2010-12-31": "-21.38830", "2010-09-30": "-18.36590", "2010-06-30": "-3.80820", "2010-03-31": "5.15920", "2009-12-31": "-5.87630", "2009-09-30": "-9.19850", "2009-06-30": "-22.45080", "2009-03-31": "-25.36770", "2008-12-31": "-38.72160", "2008-09-30": "-20.56930", "2008-06-30": "-12.91320", "2008-03-31": "-12.39440", "2007-12-31": "-27.67570", "2007-09-30": "-22.59660", "2007-06-30": "-14.16890", "2007-03-31": "-10.82130", "2006-12-31": "-11.35620", "2006-09-30": "-8.94020", "2006-06-30": "-8.32550", "2006-03-31": "-12.80360", "2005-12-31": "-9.73920", "2005-09-30": "-7.45760", "2005-06-30": "-9.44520", "2005-03-31": "-7.79880"}, "ROA - Return On Assets": {"2020-09-30": "21.17060", "2020-06-30": "-0.97900", "2020-03-31": "-8.05190", "2019-12-31": "1.17100", "2019-09-30": "-4.38190", "2019-06-30": "-5.05480", "2019-03-31": "-0.83690", "2018-12-31": "-7.96930", "2018-09-30": "-4.30180", "2018-06-30": "4.82460", "2018-03-31": "-7.58100", "2017-12-31": "-6.74310", "2017-09-30": "5.86360", "2017-06-30": "-7.44050", "2017-03-31": "-7.65130", "2016-12-31": "-6.57660", "2016-09-30": "-3.73590", "2016-06-30": "-3.79280", "2016-03-31": "-2.32870", "2015-12-31": "-2.77690", "2015-09-30": "-2.91380", "2015-06-30": "-11.64790", "2015-03-31": "-4.85810", "2014-12-31": "-5.81400", "2014-09-30": "-3.25480", "2014-06-30": "-3.74560", "2014-03-31": "-3.42410", "2013-12-31": "-3.23850", "2013-09-30": "-4.95910", "2013-06-30": "-1.47860", "2013-03-31": "-3.48990", "2012-12-31": "-2.24770", "2012-09-30": "-3.28700", "2012-06-30": "-4.10350", "2012-03-31": "-2.98090", "2011-12-31": "-6.38850", "2011-09-30": "-9.67560", "2011-06-30": "-11.35410", "2011-03-31": "-6.79870", "2010-12-31": "-10.47050", "2010-09-30": "-9.99550", "2010-06-30": "-2.32190", "2010-03-31": "3.11490", "2009-12-31": "-3.12030", "2009-09-30": "-6.07410", "2009-06-30": "-10.55860", "2009-03-31": "-12.34180", "2008-12-31": "-16.29950", "2008-09-30": "-10.17010", "2008-06-30": "-7.10220", "2008-03-31": "-7.20770", "2007-12-31": "-10.05930", "2007-09-30": "-10.33850", "2007-06-30": "-7.09160", "2007-03-31": "-5.71090", "2006-12-31": "-10.25640", "2006-09-30": "-8.06350", "2006-06-30": "-7.46760", "2006-03-31": "-10.75550", "2005-12-31": "-8.16380", "2005-09-30": "-6.26770", "2005-06-30": "-7.84560", "2005-03-31": "-6.74530"}, "ROI - Return On Investment": {"2020-09-30": "28.17350", "2020-06-30": "-1.16810", "2020-03-31": "-9.53790", "2019-12-31": "1.37670", "2019-09-30": "-5.16480", "2019-06-30": "-6.23030", "2019-03-31": "-1.01480", "2018-12-31": "-9.40430", "2018-09-30": "-4.94280", "2018-06-30": "5.51730", "2018-03-31": "-8.73230", "2017-12-31": "-8.73730", "2017-09-30": "7.58230", "2017-06-30": "-9.82680", "2017-03-31": "-9.94240", "2016-12-31": "-8.69560", "2016-09-30": "-4.79430", "2016-06-30": "-4.89780", "2016-03-31": "-2.99340", "2015-12-31": "-3.62380", "2015-09-30": "-3.79730", "2015-06-30": "-26.44610", "2015-03-31": "-10.36370", "2014-12-31": "-12.65640", "2014-09-30": "-6.91250", "2014-06-30": "-7.78900", "2014-03-31": "-7.05690", "2013-12-31": "-6.80800", "2013-09-30": "-10.10580", "2013-06-30": "-2.90960", "2013-03-31": "-6.97230", "2012-12-31": "-4.68540", "2012-09-30": "-6.13360", "2012-06-30": "-7.88770", "2012-03-31": "-5.58540", "2011-12-31": "-12.41270", "2011-09-30": "-17.59400", "2011-06-30": "-19.50780", "2011-03-31": "-10.71880", "2010-12-31": "-21.38830", "2010-09-30": "-18.36590", "2010-06-30": "-3.80820", "2010-03-31": "5.15920", "2009-12-31": "-5.87630", "2009-09-30": "-9.19850", "2009-06-30": "-22.45080", "2009-03-31": "-25.36770", "2008-12-31": "-38.72160", "2008-09-30": "-20.56930", "2008-06-30": "-12.91320", "2008-03-31": "-12.39440", "2007-12-31": "-27.67570", "2007-09-30": "-22.59660", "2007-06-30": "-14.16890", "2007-03-31": "-10.82130", "2006-12-31": "-11.35620", "2006-09-30": "-8.94020", "2006-06-30": "-8.32550", "2006-03-31": "-12.80360", "2005-12-31": "-9.73920", "2005-09-30": "-7.45760", "2005-06-30": "-9.44520", "2005-03-31": "-7.79880"}, "Book Value Per Share": {"2020-09-30": "12.88920", "2020-06-30": "10.43380", "2020-03-31": "10.22740", "2019-12-31": "10.90900", "2019-09-30": "10.40050", "2019-06-30": "7.86840", "2019-03-31": "8.15070", "2018-12-31": "7.94910", "2018-09-30": "8.52540", "2018-06-30": "8.71400", "2018-03-31": "8.08840", "2017-12-31": "4.69250", "2017-09-30": "4.58760", "2017-06-30": "4.01120", "2017-03-31": "4.23000", "2016-12-31": "4.45930", "2016-09-30": "4.68030", "2016-06-30": "4.75900", "2016-03-31": "4.88340", "2015-12-31": "4.91080", "2015-09-30": "4.99230", "2015-06-30": "1.43350", "2015-03-31": "1.67700", "2014-12-31": "1.70060", "2014-09-30": "1.81780", "2014-06-30": "1.83090", "2014-03-31": "1.87620", "2013-12-31": "1.87730", "2013-09-30": "1.91380", "2013-06-30": "1.95190", "2013-03-31": "1.92600", "2012-12-31": "1.88910", "2012-09-30": "1.87020", "2012-06-30": "1.85250", "2012-03-31": "1.88520", "2011-12-31": "1.88630", "2011-09-30": "2.01240", "2011-06-30": "2.30760", "2011-03-31": "2.68550", "2010-12-31": "1.58960", "2010-09-30": "1.87280", "2010-06-30": "2.16120", "2010-03-31": "2.20610", "2009-12-31": "2.05060", "2009-09-30": "2.14470", "2009-06-30": "1.15200", "2009-03-31": "1.25540", "2008-12-31": "0.99030", "2008-09-30": "1.32640", "2008-06-30": "1.56500", "2008-03-31": "1.74180", "2007-12-31": "0.79950", "2007-09-30": "0.96230", "2007-06-30": "1.30110", "2007-03-31": "1.43270", "2006-12-31": "1.72910", "2006-09-30": "1.89640", "2006-06-30": "2.03710", "2006-03-31": "1.60130", "2005-12-31": "1.78050", "2005-09-30": "1.95290", "2005-06-30": "2.09630", "2005-03-31": "2.29630"}, "Operating Cash Flow Per Share": {"2020-09-30": 4.5654, "2020-06-30": -0.4951, "2020-03-31": "-0.40070", "2019-12-31": -0.0859, "2019-09-30": -0.3383, "2019-06-30": -0.209, "2019-03-31": "-0.35620", "2018-12-31": -0.1658, "2018-09-30": -0.0961, "2018-06-30": -0.0612, "2018-03-31": "-0.96790", "2017-12-31": -0.0437, "2017-09-30": -0.0286, "2017-06-30": -0.3121, "2017-03-31": "-0.44610", "2016-12-31": -0.1077, "2016-09-30": -0.2225, "2016-06-30": -0.2313, "2016-03-31": "-0.12750", "2015-12-31": -0.1362, "2015-09-30": -0.3057, "2015-06-30": -0.371, "2015-03-31": "-0.21820", "2014-12-31": -0.1689, "2014-09-30": -0.0947, "2014-06-30": -0.0335, "2014-03-31": "-0.18910", "2013-12-31": 0.0528, "2013-09-30": 0.2455, "2013-06-30": -0.0594, "2013-03-31": "-0.24800", "2012-12-31": 0.4242, "2012-09-30": -0.2075, "2012-06-30": 0.115, "2012-03-31": "-0.23940", "2011-12-31": -0.3389, "2011-09-30": -0.3646, "2011-06-30": -0.305, "2011-03-31": "-0.08820", "2010-12-31": -0.2168, "2010-09-30": -0.1054, "2010-06-30": -0.043, "2010-03-31": "0.43260", "2009-12-31": -0.1912, "2009-09-30": -0.1289, "2009-06-30": -0.1365, "2009-03-31": "-0.22210", "2008-12-31": -0.3306, "2008-09-30": -0.1259, "2008-06-30": -0.1909, "2008-03-31": "-0.14820", "2007-12-31": 0.1293, "2007-09-30": -0.2558, "2007-06-30": -0.2027, "2007-03-31": "0.97900", "2006-12-31": -0.2231, "2006-09-30": -0.1454, "2006-06-30": -0.151, "2006-03-31": "-0.20350", "2005-12-31": -0.1698, "2005-09-30": -0.1777, "2005-06-30": -0.1088, "2005-03-31": "-0.14680"}, "Free Cash Flow Per Share": {"2020-09-30": 4.475, "2020-06-30": -0.6205, "2020-03-31": "-0.54720", "2019-12-31": -0.2055, "2019-09-30": -0.4398, "2019-06-30": -0.3374, "2019-03-31": "-0.43420", "2018-12-31": -0.2066, "2018-09-30": -0.1318, "2018-06-30": -0.0886, "2018-03-31": "-0.99860", "2017-12-31": 0.0435, "2017-09-30": -0.0534, "2017-06-30": -0.4728, "2017-03-31": "-0.54840", "2016-12-31": -0.1714, "2016-09-30": -0.2804, "2016-06-30": -0.255, "2016-03-31": "-0.17990", "2015-12-31": -0.1692, "2015-09-30": -0.3368, "2015-06-30": -0.3915, "2015-03-31": "-0.23730", "2014-12-31": -0.229, "2014-09-30": -0.1159, "2014-06-30": -0.0658, "2014-03-31": "-0.21470", "2013-12-31": -0.0082, "2013-09-30": 0.1933, "2013-06-30": -0.0766, "2013-03-31": "-0.29990", "2012-12-31": 0.3748, "2012-09-30": -0.2272, "2012-06-30": 0.1043, "2012-03-31": "-0.24850", "2011-12-31": -0.3947, "2011-09-30": -0.3944, "2011-06-30": -0.3161, "2011-03-31": "-0.09100", "2010-12-31": -0.2209, "2010-09-30": -0.114, "2010-06-30": -0.0552, "2010-03-31": "0.42240", "2009-12-31": -0.2001, "2009-09-30": -0.1333, "2009-06-30": -0.1511, "2009-03-31": "-0.24470", "2008-12-31": -0.3427, "2008-09-30": -0.1421, "2008-06-30": -0.21, "2008-03-31": "-0.16280", "2007-12-31": 0.0948, "2007-09-30": -0.2662, "2007-06-30": -0.2114, "2007-03-31": "0.96280", "2006-12-31": -0.2349, "2006-09-30": -0.154, "2006-06-30": -0.161, "2006-03-31": "-0.20760", "2005-12-31": -0.1749, "2005-09-30": -0.1917, "2005-06-30": -0.1131, "2005-03-31": "-0.15660"}}, "revenue": {"Seagen Annual Revenue (Millions of US $)": {"2019": "$917", "2018": "$655", "2017": "$482", "2016": "$418", "2015": "$337", "2014": "$287", "2013": "$269", "2012": "$211", "2011": "$95", "2010": "$107", "2009": "$52", "2008": "$35", "2007": "$22", "2006": "$10", "2005": "$10"}, "Seagen Quarterly Revenue (Millions of US $)": {"2020-09-30": "$1,062", "2020-06-30": "$278", "2020-03-31": "$235", "2019-12-31": "$290", "2019-09-30": "$213", "2019-06-30": "$218", "2019-03-31": "$195", "2018-12-31": "$175", "2018-09-30": "$169", "2018-06-30": "$170", "2018-03-31": "$141", "2017-12-31": "$130", "2017-09-30": "$135", "2017-06-30": "$108", "2017-03-31": "$109", "2016-12-31": "$105", "2016-09-30": "$106", "2016-06-30": "$95", "2016-03-31": "$111", "2015-12-31": "$93", "2015-09-30": "$84", "2015-06-30": "$77", "2015-03-31": "$82", "2014-12-31": "$74", "2014-09-30": "$76", "2014-06-30": "$68", "2014-03-31": "$68", "2013-12-31": "$67", "2013-09-30": "$71", "2013-06-30": "$74", "2013-03-31": "$57", "2012-12-31": "$64", "2012-09-30": "$50", "2012-06-30": "$49", "2012-03-31": "$48", "2011-12-31": "$49", "2011-09-30": "$21", "2011-06-30": "$13", "2011-03-31": "$12", "2010-12-31": "$8", "2010-09-30": "$16", "2010-06-30": "$37", "2010-03-31": "$46", "2009-12-31": "$22", "2009-09-30": "$12", "2009-06-30": "$9", "2009-03-31": "$9", "2008-12-31": "$10", "2008-09-30": "$8", "2008-06-30": "$10", "2008-03-31": "$7", "2007-12-31": "$8", "2007-09-30": "$5", "2007-06-30": "$6", "2007-03-31": "$4", "2006-12-31": "$3", "2006-09-30": "$2", "2006-06-30": "$3", "2006-03-31": "$2", "2005-12-31": "$2", "2005-09-30": "$3", "2005-06-30": "$2", "2005-03-31": "$3"}}, "gross-profit": {"Seagen Annual Gross Profit (Millions of US $)": {"2019": "$873", "2018": "$566", "2017": "$428", "2016": "$376", "2015": "$299", "2014": "$258", "2013": "$248", "2012": "$197", "2011": "$92", "2010": "$107", "2009": "$52", "2008": "$35", "2007": "$22", "2006": "$10", "2005": "$10"}, "Seagen Quarterly Gross Profit (Millions of US $)": {"2020-09-30": "$983", "2020-06-30": "$230", "2020-03-31": "$205", "2019-12-31": "$278", "2019-09-30": "$202", "2019-06-30": "$208", "2019-03-31": "$185", "2018-12-31": "$139", "2018-09-30": "$152", "2018-06-30": "$151", "2018-03-31": "$125", "2017-12-31": "$114", "2017-09-30": "$121", "2017-06-30": "$96", "2017-03-31": "$97", "2016-12-31": "$94", "2016-09-30": "$95", "2016-06-30": "$85", "2016-03-31": "$102", "2015-12-31": "$83", "2015-09-30": "$74", "2015-06-30": "$69", "2015-03-31": "$74", "2014-12-31": "$66", "2014-09-30": "$68", "2014-06-30": "$62", "2014-03-31": "$62", "2013-12-31": "$61", "2013-09-30": "$66", "2013-06-30": "$69", "2013-03-31": "$53", "2012-12-31": "$60", "2012-09-30": "$46", "2012-06-30": "$45", "2012-03-31": "$45", "2011-12-31": "$46", "2011-09-30": "$20", "2011-06-30": "$13", "2011-03-31": "$12", "2010-12-31": "$8", "2010-09-30": "$16", "2010-06-30": "$37", "2010-03-31": "$46", "2009-12-31": "$22", "2009-09-30": "$12", "2009-06-30": "$9", "2009-03-31": "$9", "2008-12-31": "$10", "2008-09-30": "$8", "2008-06-30": "$10", "2008-03-31": "$7", "2007-12-31": "$8", "2007-09-30": "$5", "2007-06-30": "$6", "2007-03-31": "$4", "2006-12-31": "$3", "2006-09-30": "$2", "2006-06-30": "$3", "2006-03-31": "$2", "2005-12-31": "$2", "2005-09-30": "$3", "2005-06-30": "$2", "2005-03-31": "$3"}}, "operating-income": {"Seagen Annual Operating Income (Millions of US $)": {"2019": "$-221", "2018": "$-260", "2017": "$-196", "2016": "$-143", "2015": "$-121", "2014": "$-77", "2013": "$-63", "2012": "$-57", "2011": "$-144", "2010": "$-68", "2009": "$-85", "2008": "$-92", "2007": "$-56", "2006": "$-40", "2005": "$-32"}, "Seagen Quarterly Operating Income (Millions of US $)": {"2020-09-30": "$638", "2020-06-30": "$-94", "2020-03-31": "$-112", "2019-12-31": "$-38", "2019-09-30": "$-90", "2019-06-30": "$-39", "2019-03-31": "$-54", "2018-12-31": "$-90", "2018-09-30": "$-46", "2018-06-30": "$-30", "2018-03-31": "$-94", "2017-12-31": "$-45", "2017-09-30": "$-32", "2017-06-30": "$-59", "2017-03-31": "$-59", "2016-12-31": "$-56", "2016-09-30": "$-32", "2016-06-30": "$-33", "2016-03-31": "$-21", "2015-12-31": "$-25", "2015-09-30": "$-27", "2015-06-30": "$-48", "2015-03-31": "$-22", "2014-12-31": "$-28", "2014-09-30": "$-16", "2014-06-30": "$-18", "2014-03-31": "$-16", "2013-12-31": "$-16", "2013-09-30": "$-24", "2013-06-30": "$-7", "2013-03-31": "$-16", "2012-12-31": "$-11", "2012-09-30": "$-14", "2012-06-30": "$-17", "2012-03-31": "$-15", "2011-12-31": "$-19", "2011-09-30": "$-41", "2011-06-30": "$-52", "2011-03-31": "$-33", "2010-12-31": "$-35", "2010-09-30": "$-35", "2010-06-30": "$-9", "2010-03-31": "$11", "2009-12-31": "$-13", "2009-09-30": "$-21", "2009-06-30": "$-23", "2009-03-31": "$-28", "2008-12-31": "$-32", "2008-09-30": "$-23", "2008-06-30": "$-18", "2008-03-31": "$-19", "2007-12-31": "$-17", "2007-09-30": "$-16", "2007-06-30": "$-12", "2007-03-31": "$-10", "2006-12-31": "$-11", "2006-09-30": "$-10", "2006-06-30": "$-10", "2006-03-31": "$-9", "2005-12-31": "$-8", "2005-09-30": "$-7", "2005-06-30": "$-9", "2005-03-31": "$-8"}}, "ebitda": {"Seagen Annual EBITDA (Millions of US $)": {"2019": "$-192", "2018": "$-236", "2017": "$-171", "2016": "$-120", "2015": "$-104", "2014": "$-65", "2013": "$-52", "2012": "$-49", "2011": "$-128", "2010": "$-61", "2009": "$-78", "2008": "$-87", "2007": "$-53", "2006": "$-38", "2005": "$-30"}, "Seagen Quarterly EBITDA (Millions of US $)": {"2020-09-30": "$657", "2020-06-30": "$-76", "2020-03-31": "$-104", "2019-12-31": "$-31", "2019-09-30": "$-83", "2019-06-30": "$-31", "2019-03-31": "$-46", "2018-12-31": "$-84", "2018-09-30": "$-41", "2018-06-30": "$-24", "2018-03-31": "$-87", "2017-12-31": "$-37", "2017-09-30": "$-25", "2017-06-30": "$-56", "2017-03-31": "$-53", "2016-12-31": "$-51", "2016-09-30": "$-27", "2016-06-30": "$-28", "2016-03-31": "$-14", "2015-12-31": "$-20", "2015-09-30": "$-22", "2015-06-30": "$-44", "2015-03-31": "$-18", "2014-12-31": "$-25", "2014-09-30": "$-12", "2014-06-30": "$-14", "2014-03-31": "$-13", "2013-12-31": "$-13", "2013-09-30": "$-21", "2013-06-30": "$-4", "2013-03-31": "$-14", "2012-12-31": "$-8", "2012-09-30": "$-11", "2012-06-30": "$-15", "2012-03-31": "$-14", "2011-12-31": "$-8", "2011-09-30": "$-39", "2011-06-30": "$-50", "2011-03-31": "$-31", "2010-12-31": "$-33", "2010-09-30": "$-34", "2010-06-30": "$-7", "2010-03-31": "$13", "2009-12-31": "$-11", "2009-09-30": "$-19", "2009-06-30": "$-21", "2009-03-31": "$-27", "2008-12-31": "$-30", "2008-09-30": "$-22", "2008-06-30": "$-16", "2008-03-31": "$-18", "2007-12-31": "$-15", "2007-09-30": "$-16", "2007-06-30": "$-12", "2007-03-31": "$-10", "2006-12-31": "$-11", "2006-09-30": "$-10", "2006-06-30": "$-9", "2006-03-31": "$-9", "2005-12-31": "$-7", "2005-09-30": "$-6", "2005-06-30": "$-9", "2005-03-31": "$-7"}}, "net-income": {"Seagen Annual Net Income (Millions of US $)": {"2019": "$-159", "2018": "$-223", "2017": "$-126", "2016": "$-140", "2015": "$-120", "2014": "$-76", "2013": "$-63", "2012": "$-54", "2011": "$-152", "2010": "$-66", "2009": "$-82", "2008": "$-86", "2007": "$-49", "2006": "$-36", "2005": "$-29"}, "Seagen Quarterly Net Income (Millions of US $)": {"2020-09-30": "$636", "2020-06-30": "$-21", "2020-03-31": "$-168", "2019-12-31": "$26", "2019-09-30": "$-92", "2019-06-30": "$-79", "2019-03-31": "$-13", "2018-12-31": "$-120", "2018-09-30": "$-67", "2018-06-30": "$76", "2018-03-31": "$-112", "2017-12-31": "$-59", "2017-09-30": "$50", "2017-06-30": "$-56", "2017-03-31": "$-60", "2016-12-31": "$-55", "2016-09-30": "$-32", "2016-06-30": "$-33", "2016-03-31": "$-20", "2015-12-31": "$-25", "2015-09-30": "$-26", "2015-06-30": "$-48", "2015-03-31": "$-22", "2014-12-31": "$-27", "2014-09-30": "$-16", "2014-06-30": "$-18", "2014-03-31": "$-16", "2013-12-31": "$-16", "2013-09-30": "$-24", "2013-06-30": "$-7", "2013-03-31": "$-16", "2012-12-31": "$-11", "2012-09-30": "$-14", "2012-06-30": "$-17", "2012-03-31": "$-12", "2011-12-31": "$-27", "2011-09-30": "$-41", "2011-06-30": "$-52", "2011-03-31": "$-33", "2010-12-31": "$-35", "2010-09-30": "$-35", "2010-06-30": "$-8", "2010-03-31": "$11", "2009-12-31": "$-12", "2009-09-30": "$-20", "2009-06-30": "$-22", "2009-03-31": "$-27", "2008-12-31": "$-31", "2008-09-30": "$-22", "2008-06-30": "$-16", "2008-03-31": "$-17", "2007-12-31": "$-15", "2007-09-30": "$-15", "2007-06-30": "$-11", "2007-03-31": "$-9", "2006-12-31": "$-10", "2006-09-30": "$-9", "2006-06-30": "$-9", "2006-03-31": "$-9", "2005-12-31": "$-7", "2005-09-30": "$-6", "2005-06-30": "$-8", "2005-03-31": "$-8"}}, "eps-earnings-per-share-diluted": {"Seagen Annual EPS": {"2019": "$-0.96", "2018": "$-1.41", "2017": "$-0.88", "2016": "$-1.00", "2015": "$-0.93", "2014": "$-0.62", "2013": "$-0.51", "2012": "$-0.46", "2011": "$-1.34", "2010": "$-0.66", "2009": "$-0.90", "2008": "$-1.09", "2007": "$-0.80", "2006": "$-0.74", "2005": "$-0.70"}, "Seagen Quarterly EPS": {"2020-09-30": "$3.50", "2020-06-30": "$-0.12", "2020-03-31": "$-0.98", "2019-12-31": "$0.16", "2019-09-30": "$-0.55", "2019-06-30": "$-0.49", "2019-03-31": "$-0.08", "2018-12-31": "$-0.73", "2018-09-30": "$-0.42", "2018-06-30": "$0.47", "2018-03-31": "$-0.73", "2017-12-31": "$-0.41", "2017-09-30": "$0.34", "2017-06-30": "$-0.39", "2017-03-31": "$-0.42", "2016-12-31": "$-0.39", "2016-09-30": "$-0.23", "2016-06-30": "$-0.23", "2016-03-31": "$-0.15", "2015-12-31": "$-0.17", "2015-09-30": "$-0.21", "2015-06-30": "$-0.38", "2015-03-31": "$-0.17", "2014-12-31": "$-0.22", "2014-09-30": "$-0.13", "2014-06-30": "$-0.14", "2014-03-31": "$-0.13", "2013-12-31": "$-0.12", "2013-09-30": "$-0.19", "2013-06-30": "$-0.06", "2013-03-31": "$-0.14", "2012-12-31": "$-0.08", "2012-09-30": "$-0.12", "2012-06-30": "$-0.15", "2012-03-31": "$-0.11", "2011-12-31": "$-0.24", "2011-09-30": "$-0.35", "2011-06-30": "$-0.45", "2011-03-31": "$-0.30", "2010-12-31": "$-0.35", "2010-09-30": "$-0.34", "2010-06-30": "$-0.08", "2010-03-31": "$0.11", "2009-12-31": "$-0.10", "2009-09-30": "$-0.21", "2009-06-30": "$-0.26", "2009-03-31": "$-0.33", "2008-12-31": "$-0.40", "2008-09-30": "$-0.27", "2008-06-30": "$-0.20", "2008-03-31": "$-0.22", "2007-12-31": "$-0.24", "2007-09-30": "$-0.22", "2007-06-30": "$-0.18", "2007-03-31": "$-0.16", "2006-12-31": "$-0.19", "2006-09-30": "$-0.17", "2006-06-30": "$-0.17", "2006-03-31": "$-0.21", "2005-12-31": "$-0.17", "2005-09-30": "$-0.15", "2005-06-30": "$-0.20", "2005-03-31": "$-0.18"}}, "shares-outstanding": {"Seagen Annual Shares Outstanding (Millions of Shares)": {"2019": "165", "2018": "158", "2017": "143", "2016": "141", "2015": "129", "2014": "123", "2013": "122", "2012": "118", "2011": "113", "2010": "101", "2009": "91", "2008": "79", "2007": "61", "2006": "49", "2005": "42"}, "Seagen Quarterly Shares Outstanding (Millions of Shares)": {"2020-09-30": "182", "2020-06-30": "173", "2020-03-31": "172", "2019-12-31": "165", "2019-09-30": "168", "2019-06-30": "161", "2019-03-31": "161", "2018-12-31": "158", "2018-09-30": "159", "2018-06-30": "163", "2018-03-31": "152", "2017-12-31": "143", "2017-09-30": "148", "2017-06-30": "143", "2017-03-31": "142", "2016-12-31": "141", "2016-09-30": "141", "2016-06-30": "140", "2016-03-31": "140", "2015-12-31": "129", "2015-09-30": "128", "2015-06-30": "125", "2015-03-31": "124", "2014-12-31": "123", "2014-09-30": "124", "2014-06-30": "123", "2014-03-31": "123", "2013-12-31": "122", "2013-09-30": "122", "2013-06-30": "121", "2013-03-31": "120", "2012-12-31": "118", "2012-09-30": "118", "2012-06-30": "117", "2012-03-31": "116", "2011-12-31": "113", "2011-09-30": "115", "2011-06-30": "114", "2011-03-31": "109", "2010-12-31": "101", "2010-09-30": "101", "2010-06-30": "101", "2010-03-31": "103", "2009-12-31": "91", "2009-09-30": "93", "2009-06-30": "86", "2009-03-31": "84", "2008-12-31": "79", "2008-09-30": "80", "2008-06-30": "79", "2008-03-31": "76", "2007-12-31": "61", "2007-09-30": "66", "2007-06-30": "57", "2007-03-31": "55", "2006-12-31": "49", "2006-09-30": "51", "2006-06-30": "50", "2006-03-31": "42", "2005-12-31": "42", "2005-09-30": "42", "2005-06-30": "42", "2005-03-31": "42"}}, "total-assets": {"Seagen Annual Total Assets (Millions of US $)": {"2019": "$2,206", "2018": "$1,503", "2017": "$878", "2016": "$838", "2015": "$895", "2014": "$459", "2013": "$484", "2012": "$471", "2011": "$425", "2010": "$330", "2009": "$388", "2008": "$188", "2007": "$149", "2006": "$98", "2005": "$90"}, "Seagen Quarterly Total Assets (Millions of US $)": {"2020-09-30": "$3,005", "2020-06-30": "$2,165", "2020-03-31": "$2,091", "2019-12-31": "$2,206", "2019-09-30": "$2,098", "2019-06-30": "$1,568", "2019-03-31": "$1,593", "2018-12-31": "$1,503", "2018-09-30": "$1,568", "2018-06-30": "$1,581", "2018-03-31": "$1,474", "2017-12-31": "$878", "2017-09-30": "$853", "2017-06-30": "$757", "2017-03-31": "$784", "2016-12-31": "$838", "2016-09-30": "$850", "2016-06-30": "$863", "2016-03-31": "$879", "2015-12-31": "$895", "2015-09-30": "$907", "2015-06-30": "$408", "2015-03-31": "$446", "2014-12-31": "$459", "2014-09-30": "$478", "2014-06-30": "$470", "2014-03-31": "$476", "2013-12-31": "$484", "2013-09-30": "$478", "2013-06-30": "$467", "2013-03-31": "$466", "2012-12-31": "$471", "2012-09-30": "$415", "2012-06-30": "$420", "2012-03-31": "$413", "2011-12-31": "$425", "2011-09-30": "$420", "2011-06-30": "$454", "2011-03-31": "$481", "2010-12-31": "$330", "2010-09-30": "$349", "2010-06-30": "$358", "2010-03-31": "$368", "2009-12-31": "$388", "2009-09-30": "$326", "2009-06-30": "$213", "2009-03-31": "$221", "2008-12-31": "$188", "2008-09-30": "$214", "2008-06-30": "$226", "2008-03-31": "$237", "2007-12-31": "$149", "2007-09-30": "$141", "2007-06-30": "$149", "2007-03-31": "$155", "2006-12-31": "$98", "2006-09-30": "$107", "2006-06-30": "$116", "2006-03-31": "$81", "2005-12-31": "$90", "2005-09-30": "$98", "2005-06-30": "$107", "2005-03-31": "$112"}}, "cash-on-hand": {"Seagen Annual Cash on Hand (Millions of US $)": {"2019": "$811", "2018": "$411", "2017": "$413", "2016": "$589", "2015": "$650", "2014": "$313", "2013": "$374", "2012": "$364", "2011": "$331", "2010": "$282", "2009": "$261", "2008": "$95", "2007": "$111", "2006": "$83", "2005": "$42"}, "Seagen Quarterly Cash on Hand (Millions of US $)": {"2020-09-30": "$1,718", "2020-06-30": "$896", "2020-03-31": "$799", "2019-12-31": "$811", "2019-09-30": "$870", "2019-06-30": "$376", "2019-03-31": "$418", "2018-12-31": "$411", "2018-09-30": "$463", "2018-06-30": "$448", "2018-03-31": "$400", "2017-12-31": "$413", "2017-09-30": "$450", "2017-06-30": "$452", "2017-03-31": "$506", "2016-12-31": "$589", "2016-09-30": "$592", "2016-06-30": "$609", "2016-03-31": "$609", "2015-12-31": "$650", "2015-09-30": "$736", "2015-06-30": "$250", "2015-03-31": "$296", "2014-12-31": "$313", "2014-09-30": "$340", "2014-06-30": "$349", "2014-03-31": "$355", "2013-12-31": "$374", "2013-09-30": "$374", "2013-06-30": "$338", "2013-03-31": "$344", "2012-12-31": "$364", "2012-09-30": "$314", "2012-06-30": "$330", "2012-03-31": "$309", "2011-12-31": "$331", "2011-09-30": "$362", "2011-06-30": "$411", "2011-03-31": "$443", "2010-12-31": "$282", "2010-09-30": "$303", "2010-06-30": "$313", "2010-03-31": "$318", "2009-12-31": "$261", "2009-09-30": "$266", "2009-06-30": "$141", "2009-03-31": "$132", "2008-12-31": "$95", "2008-09-30": "$105", "2008-06-30": "$114", "2008-03-31": "$167", "2007-12-31": "$111", "2007-09-30": "$92", "2007-06-30": "$94", "2007-03-31": "$109", "2006-12-31": "$83", "2006-09-30": "$87", "2006-06-30": "$97", "2006-03-31": "$36", "2005-12-31": "$42", "2005-09-30": "$41", "2005-06-30": "$44", "2005-03-31": "$44"}}, "long-term-debt": {"Seagen Annual Long Term Debt (Millions of US $)": {"2019": "$", "2018": "$", "2017": "$", "2016": "$", "2015": "$", "2014": "$", "2013": "$", "2012": "$", "2011": "$", "2010": "$", "2009": "$", "2008": "$", "2007": "$", "2006": "$", "2005": "$"}, "Seagen Quarterly Long Term Debt (Millions of US $)": {"2020-09-30": "", "2020-06-30": "", "2020-03-31": "", "2019-12-31": "", "2019-09-30": "", "2019-06-30": "", "2019-03-31": "", "2018-12-31": "", "2018-09-30": "", "2018-06-30": "", "2018-03-31": "", "2017-12-31": "", "2017-09-30": "", "2017-06-30": "", "2017-03-31": "", "2016-12-31": "", "2016-09-30": "", "2016-06-30": "", "2016-03-31": "", "2015-12-31": "", "2015-09-30": "", "2015-06-30": "", "2015-03-31": "", "2014-12-31": "", "2014-09-30": "", "2014-06-30": "", "2014-03-31": "", "2013-12-31": "", "2013-09-30": "", "2013-06-30": "", "2013-03-31": "", "2012-12-31": "", "2012-09-30": "", "2012-06-30": "", "2012-03-31": "", "2011-12-31": "", "2011-09-30": "", "2011-06-30": "", "2011-03-31": "", "2010-12-31": "", "2010-09-30": "", "2010-06-30": "", "2010-03-31": "", "2009-12-31": "", "2009-09-30": "", "2009-06-30": "", "2009-03-31": "", "2008-12-31": "", "2008-09-30": "", "2008-06-30": "", "2008-03-31": "", "2007-12-31": "", "2007-09-30": "", "2007-06-30": "", "2007-03-31": "", "2006-12-31": "", "2006-09-30": "", "2006-06-30": "", "2006-03-31": "", "2005-12-31": "", "2005-09-30": "", "2005-06-30": "", "2005-03-31": ""}}, "total-liabilities": {"Seagen Annual Total Liabilities (Millions of US $)": {"2019": "$330", "2018": "$229", "2017": "$200", "2016": "$204", "2015": "$209", "2014": "$248", "2013": "$254", "2012": "$245", "2011": "$206", "2010": "$168", "2009": "$182", "2008": "$109", "2007": "$95", "2006": "$9", "2005": "$15"}, "Seagen Quarterly Total Liabilities (Millions of US $)": {"2020-09-30": "$747", "2020-06-30": "$350", "2020-03-31": "$326", "2019-12-31": "$330", "2019-09-30": "$318", "2019-06-30": "$296", "2019-03-31": "$279", "2018-12-31": "$229", "2018-09-30": "$203", "2018-06-30": "$198", "2018-03-31": "$194", "2017-12-31": "$200", "2017-09-30": "$193", "2017-06-30": "$184", "2017-03-31": "$181", "2016-12-31": "$204", "2016-09-30": "$188", "2016-06-30": "$195", "2016-03-31": "$195", "2015-12-31": "$209", "2015-09-30": "$211", "2015-06-30": "$228", "2015-03-31": "$237", "2014-12-31": "$248", "2014-09-30": "$253", "2014-06-30": "$244", "2014-03-31": "$245", "2013-12-31": "$254", "2013-09-30": "$243", "2013-06-30": "$229", "2013-03-31": "$233", "2012-12-31": "$245", "2012-09-30": "$193", "2012-06-30": "$202", "2012-03-31": "$192", "2011-12-31": "$206", "2011-09-30": "$189", "2011-06-30": "$190", "2011-03-31": "$176", "2010-12-31": "$168", "2010-09-30": "$159", "2010-06-30": "$140", "2010-03-31": "$146", "2009-12-31": "$182", "2009-09-30": "$111", "2009-06-30": "$113", "2009-03-31": "$113", "2008-12-31": "$109", "2008-09-30": "$108", "2008-06-30": "$102", "2008-03-31": "$99", "2007-12-31": "$95", "2007-09-30": "$77", "2007-06-30": "$74", "2007-03-31": "$73", "2006-12-31": "$9", "2006-09-30": "$11", "2006-06-30": "$12", "2006-03-31": "$13", "2005-12-31": "$15", "2005-09-30": "$16", "2005-06-30": "$18", "2005-03-31": "$15"}}, "total-share-holder-equity": {"Seagen Annual Share Holder Equity (Millions of US $)": {"2019": "$1,876", "2018": "$1,274", "2017": "$678", "2016": "$634", "2015": "$686", "2014": "$211", "2013": "$230", "2012": "$226", "2011": "$219", "2010": "$162", "2009": "$206", "2008": "$79", "2007": "$54", "2006": "$88", "2005": "$75"}, "Seagen Quarterly Share Holder Equity (Millions of US $)": {"2020-09-30": "$2,258", "2020-06-30": "$1,814", "2020-03-31": "$1,766", "2019-12-31": "$1,876", "2019-09-30": "$1,780", "2019-06-30": "$1,272", "2019-03-31": "$1,313", "2018-12-31": "$1,274", "2018-09-30": "$1,365", "2018-06-30": "$1,382", "2018-03-31": "$1,279", "2017-12-31": "$678", "2017-09-30": "$660", "2017-06-30": "$574", "2017-03-31": "$603", "2016-12-31": "$634", "2016-09-30": "$662", "2016-06-30": "$669", "2016-03-31": "$684", "2015-12-31": "$686", "2015-09-30": "$696", "2015-06-30": "$180", "2015-03-31": "$209", "2014-12-31": "$211", "2014-09-30": "$225", "2014-06-30": "$226", "2014-03-31": "$231", "2013-12-31": "$230", "2013-09-30": "$234", "2013-06-30": "$237", "2013-03-31": "$233", "2012-12-31": "$226", "2012-09-30": "$223", "2012-06-30": "$219", "2012-03-31": "$220", "2011-12-31": "$219", "2011-09-30": "$231", "2011-06-30": "$264", "2011-03-31": "$305", "2010-12-31": "$162", "2010-09-30": "$190", "2010-06-30": "$219", "2010-03-31": "$222", "2009-12-31": "$206", "2009-09-30": "$216", "2009-06-30": "$100", "2009-03-31": "$107", "2008-12-31": "$79", "2008-09-30": "$106", "2008-06-30": "$124", "2008-03-31": "$138", "2007-12-31": "$54", "2007-09-30": "$65", "2007-06-30": "$74", "2007-03-31": "$82", "2006-12-31": "$88", "2006-09-30": "$97", "2006-06-30": "$104", "2006-03-31": "$68", "2005-12-31": "$75", "2005-09-30": "$83", "2005-06-30": "$89", "2005-03-31": "$97"}}, "profit-margins": {"current": "25.34%"}, "gross margin": {"2020-09-30": "90.94%", "2020-06-30": "90.06%", "2020-03-31": "93.41%", "2019-12-31": "95.31%", "2019-09-30": "91.64%", "2019-06-30": "90.36%", "2019-03-31": "88.43%", "2018-12-31": "86.56%", "2018-09-30": "88.85%", "2018-06-30": "88.72%", "2018-03-31": "88.72%", "2017-12-31": "88.80%", "2017-09-30": "89.28%", "2017-06-30": "89.25%", "2017-03-31": "89.40%", "2016-12-31": "90.17%", "2016-09-30": "90.12%", "2016-06-30": "89.82%", "2016-03-31": "89.86%", "2015-12-31": "89.29%", "2015-09-30": "89.27%", "2015-06-30": "89.64%", "2015-03-31": "90.00%", "2014-12-31": "90.21%", "2014-09-30": "90.68%", "2014-06-30": "91.61%", "2014-03-31": "92.14%", "2013-12-31": "92.57%", "2013-09-30": "93.23%", "2013-06-30": "93.06%", "2013-03-31": "92.73%", "2012-12-31": "92.89%", "2012-09-30": "92.86%", "2012-06-30": "93.41%", "2012-03-31": "94.66%", "2011-12-31": "95.79%", "2011-09-30": "98.15%", "2011-06-30": "100.00%", "2011-03-31": "100.00%", "2010-12-31": "100.00%", "2010-09-30": "100.00%", "2010-06-30": "100.00%", "2010-03-31": "100.00%", "2009-12-31": "100.00%", "2009-09-30": "100.00%", "2009-06-30": "100.00%", "2009-03-31": "100.00%", "2008-12-31": "100.00%", "2008-09-30": "100.00%", "2008-06-30": "100.00%", "2008-03-31": "100.00%", "2007-12-31": "100.00%", "2007-09-30": "100.00%", "2007-06-30": "100.00%", "2007-03-31": "100.00%", "2006-12-31": "100.00%", "2006-09-30": "100.00%", "2006-06-30": "100.00%", "2006-03-31": "100.00%", "2005-12-31": "100.00%"}, "operating margin": {"2020-09-30": "21.13%", "2020-06-30": "-32.87%", "2020-03-31": "-29.18%", "2019-12-31": "-24.13%", "2019-09-30": "-34.08%", "2019-06-30": "-30.25%", "2019-03-31": "-31.03%", "2018-12-31": "-39.69%", "2018-09-30": "-35.25%", "2018-06-30": "-34.90%", "2018-03-31": "-44.75%", "2017-12-31": "-40.46%", "2017-09-30": "-45.08%", "2017-06-30": "-48.13%", "2017-03-31": "-43.37%", "2016-12-31": "-34.05%", "2016-09-30": "-27.41%", "2016-06-30": "-27.68%", "2016-03-31": "-33.15%", "2015-12-31": "-36.31%", "2015-09-30": "-39.43%", "2015-06-30": "-36.89%", "2015-03-31": "-28.00%", "2014-12-31": "-27.27%", "2014-09-30": "-23.66%", "2014-06-30": "-27.01%", "2014-03-31": "-22.50%", "2013-12-31": "-23.42%", "2013-09-30": "-21.80%", "2013-06-30": "-19.59%", "2013-03-31": "-26.36%", "2012-12-31": "-27.01%", "2012-09-30": "-33.16%", "2012-06-30": "-55.09%", "2012-03-31": "-96.95%", "2011-12-31": "-152.63%", "2011-09-30": "-298.15%", "2011-06-30": "-316.33%", "2011-03-31": "-153.42%", "2010-12-31": "-63.55%", "2010-09-30": "-38.02%", "2010-06-30": "-27.35%", "2010-03-31": "-51.69%", "2009-12-31": "-163.46%", "2009-09-30": "-260.00%", "2009-06-30": "-294.44%", "2009-03-31": "-272.97%", "2008-12-31": "-262.86%", "2008-09-30": "-233.33%", "2008-06-30": "-233.33%", "2008-03-31": "-246.15%", "2007-12-31": "-239.13%", "2007-09-30": "-272.22%", "2007-06-30": "-286.67%", "2007-03-31": "-341.67%", "2006-12-31": "-400.00%", "2006-09-30": "-411.11%", "2006-06-30": "-340.00%", "2006-03-31": "-366.67%", "2005-12-31": "-320.00%"}, "ebitda margin": {"2020-09-30": "23.91%", "2020-06-30": "-28.94%", "2020-03-31": "-26.05%", "2019-12-31": "-20.85%", "2019-09-30": "-30.46%", "2019-06-30": "-26.68%", "2019-03-31": "-27.50%", "2018-12-31": "-36.03%", "2018-09-30": "-30.98%", "2018-06-30": "-30.03%", "2018-03-31": "-39.88%", "2017-12-31": "-35.48%", "2017-09-30": "-40.48%", "2017-06-30": "-43.69%", "2017-03-31": "-38.31%", "2016-12-31": "-28.78%", "2016-09-30": "-21.98%", "2016-06-30": "-21.93%", "2016-03-31": "-27.40%", "2015-12-31": "-30.95%", "2015-09-30": "-34.38%", "2015-06-30": "-32.04%", "2015-03-31": "-23.00%", "2014-12-31": "-22.38%", "2014-09-30": "-18.64%", "2014-06-30": "-22.26%", "2014-03-31": "-18.21%", "2013-12-31": "-19.33%", "2013-09-30": "-17.67%", "2013-06-30": "-15.10%", "2013-03-31": "-21.82%", "2012-12-31": "-22.75%", "2012-09-30": "-24.49%", "2012-06-30": "-45.51%", "2012-03-31": "-84.73%", "2011-12-31": "-134.74%", "2011-09-30": "-283.33%", "2011-06-30": "-302.04%", "2011-03-31": "-143.84%", "2010-12-31": "-57.01%", "2010-09-30": "-32.23%", "2010-06-30": "-20.51%", "2010-03-31": "-42.70%", "2009-12-31": "-150.00%", "2009-09-30": "-242.50%", "2009-06-30": "-277.78%", "2009-03-31": "-256.76%", "2008-12-31": "-245.71%", "2008-09-30": "-215.15%", "2008-06-30": "-216.67%", "2008-03-31": "-234.62%", "2007-12-31": "-230.43%", "2007-09-30": "-272.22%", "2007-06-30": "-286.67%", "2007-03-31": "-333.33%", "2006-12-31": "-390.00%", "2006-09-30": "-388.89%", "2006-06-30": "-310.00%", "2006-03-31": "-344.44%", "2005-12-31": "-290.00%"}, "pre tax profit margin": {"2020-09-30": "25.52%", "2020-06-30": "-25.10%", "2020-03-31": "-32.74%", "2019-12-31": "-17.25%", "2019-09-30": "-40.82%", "2019-06-30": "-39.89%", "2019-03-31": "-20.73%", "2018-12-31": "-37.56%", "2018-09-30": "-32.13%", "2018-06-30": "-13.72%", "2018-03-31": "-41.05%", "2017-12-31": "-32.99%", "2017-09-30": "-26.48%", "2017-06-30": "-47.43%", "2017-03-31": "-43.37%", "2016-12-31": "-33.57%", "2016-09-30": "-27.16%", "2016-06-30": "-27.15%", "2016-03-31": "-32.60%", "2015-12-31": "-36.01%", "2015-09-30": "-38.80%", "2015-06-30": "-36.57%", "2015-03-31": "-27.67%", "2014-12-31": "-26.92%", "2014-09-30": "-23.66%", "2014-06-30": "-27.01%", "2014-03-31": "-22.50%", "2013-12-31": "-23.42%", "2013-09-30": "-21.80%", "2013-06-30": "-19.59%", "2013-03-31": "-26.36%", "2012-12-31": "-25.59%", "2012-09-30": "-35.71%", "2012-06-30": "-58.08%", "2012-03-31": "-100.76%", "2011-12-31": "-161.05%", "2011-09-30": "-298.15%", "2011-06-30": "-316.33%", "2011-03-31": "-152.05%", "2010-12-31": "-62.62%", "2010-09-30": "-36.36%", "2010-06-30": "-24.79%", "2010-03-31": "-48.31%", "2009-12-31": "-155.77%", "2009-09-30": "-250.00%", "2009-06-30": "-283.33%", "2009-03-31": "-259.46%", "2008-12-31": "-245.71%", "2008-09-30": "-212.12%", "2008-06-30": "-210.00%", "2008-03-31": "-223.08%", "2007-12-31": "-217.39%", "2007-09-30": "-250.00%", "2007-06-30": "-260.00%", "2007-03-31": "-308.33%", "2006-12-31": "-370.00%", "2006-09-30": "-377.78%", "2006-06-30": "-310.00%", "2006-03-31": "-333.33%", "2005-12-31": "-290.00%"}, "net profit margin": {"2020-09-30": "25.36%", "2020-06-30": "-25.10%", "2020-03-31": "-32.74%", "2019-12-31": "-17.25%", "2019-09-30": "-37.95%", "2019-06-30": "-36.86%", "2019-03-31": "-17.49%", "2018-12-31": "-34.05%", "2018-09-30": "-26.56%", "2018-06-30": "-7.81%", "2018-03-31": "-34.44%", "2017-12-31": "-25.93%", "2017-09-30": "-26.48%", "2017-06-30": "-47.43%", "2017-03-31": "-43.37%", "2016-12-31": "-33.57%", "2016-09-30": "-27.16%", "2016-06-30": "-27.15%", "2016-03-31": "-32.60%", "2015-12-31": "-36.01%", "2015-09-30": "-38.80%", "2015-06-30": "-36.57%", "2015-03-31": "-27.67%", "2014-12-31": "-26.92%", "2014-09-30": "-23.66%", "2014-06-30": "-27.01%", "2014-03-31": "-22.50%", "2013-12-31": "-23.42%", "2013-09-30": "-21.80%", "2013-06-30": "-19.59%", "2013-03-31": "-26.36%", "2012-12-31": "-25.59%", "2012-09-30": "-35.71%", "2012-06-30": "-58.08%", "2012-03-31": "-100.76%", "2011-12-31": "-161.05%", "2011-09-30": "-298.15%", "2011-06-30": "-316.33%", "2011-03-31": "-152.05%", "2010-12-31": "-62.62%", "2010-09-30": "-36.36%", "2010-06-30": "-24.79%", "2010-03-31": "-48.31%", "2009-12-31": "-155.77%", "2009-09-30": "-250.00%", "2009-06-30": "-283.33%", "2009-03-31": "-259.46%", "2008-12-31": "-245.71%", "2008-09-30": "-212.12%", "2008-06-30": "-210.00%", "2008-03-31": "-223.08%", "2007-12-31": "-217.39%", "2007-09-30": "-250.00%", "2007-06-30": "-260.00%", "2007-03-31": "-308.33%", "2006-12-31": "-370.00%", "2006-09-30": "-377.78%", "2006-06-30": "-310.00%", "2006-03-31": "-333.33%", "2005-12-31": "-290.00%"}, "pe ratio": {"current": "90.77", "2021-02-05": "75.04", "2020-09-30": "77.04", "2020-06-30": "0.00", "2020-03-31": "0.00", "2019-12-31": "0.00", "2019-09-30": "0.00", "2019-06-30": "0.00", "2019-03-31": "0.00", "2018-12-31": "0.00", "2018-09-30": "0.00", "2018-06-30": "0.00", "2018-03-31": "0.00", "2017-12-31": "0.00", "2017-09-30": "0.00", "2017-06-30": "0.00", "2017-03-31": "0.00", "2016-12-31": "0.00", "2016-09-30": "0.00", "2016-06-30": "0.00", "2016-03-31": "0.00", "2015-12-31": "0.00", "2015-09-30": "0.00", "2015-06-30": "0.00", "2015-03-31": "0.00", "2014-12-31": "0.00", "2014-09-30": "0.00", "2014-06-30": "0.00", "2014-03-31": "0.00", "2013-12-31": "0.00", "2013-09-30": "0.00", "2013-06-30": "0.00", "2013-03-31": "0.00", "2012-12-31": "0.00", "2012-09-30": "0.00", "2012-06-30": "0.00", "2012-03-31": "0.00", "2011-12-31": "0.00", "2011-09-30": "0.00", "2011-06-30": "0.00", "2011-03-31": "0.00", "2010-12-31": "0.00", "2010-09-30": "0.00", "2010-06-30": "0.00", "2010-03-31": "0.00", "2009-12-31": "0.00", "2009-09-30": "0.00", "2009-06-30": "0.00", "2009-03-31": "0.00", "2008-12-31": "0.00", "2008-09-30": "0.00", "2008-06-30": "0.00", "2008-03-31": "0.00", "2007-12-31": "0.00", "2007-09-30": "0.00", "2007-06-30": "0.00", "2007-03-31": "0.00", "2006-12-31": "0.00"}, "price sales": {"2021-02-05": "18.06", "2020-09-30": "18.54", "2020-06-30": "28.40", "2020-03-31": "20.12", "2019-12-31": "20.45", "2019-09-30": "17.27", "2019-06-30": "14.61", "2019-03-31": "16.54", "2018-12-31": "13.70", "2018-09-30": "19.60", "2018-06-30": "17.54", "2018-03-31": "14.95", "2017-12-31": "16.00", "2017-09-30": "17.08", "2017-06-30": "17.10", "2017-03-31": "21.32", "2016-12-31": "17.73", "2016-09-30": "18.29", "2016-06-30": "14.15", "2016-03-31": "12.56", "2015-12-31": "16.88", "2015-09-30": "15.19", "2015-06-30": "19.41", "2015-03-31": "14.54", "2014-12-31": "13.81", "2014-09-30": "16.32", "2014-06-30": "17.03", "2014-03-31": "19.83", "2013-12-31": "17.98", "2013-09-30": "19.87", "2013-06-30": "15.38", "2013-03-31": "19.14", "2012-12-31": "12.92", "2012-09-30": "16.00", "2012-06-30": "17.59", "2012-03-31": "17.85", "2011-12-31": "19.92", "2011-09-30": "39.06", "2011-06-30": "44.10", "2011-03-31": "21.74", "2010-12-31": "14.17", "2010-09-30": "12.80", "2010-06-30": "10.16", "2010-03-31": "12.92", "2009-12-31": "17.44", "2009-09-30": "29.78", "2009-06-30": "21.70", "2009-03-31": "21.20", "2008-12-31": "19.93", "2008-09-30": "23.86", "2008-06-30": "20.28", "2008-03-31": "23.37", "2007-12-31": "30.32", "2007-09-30": "37.32", "2007-06-30": "35.19", "2007-03-31": "34.53", "2006-12-31": "25.61"}, "price book": {"current": "15.22", "2021-02-05": "14.79", "2020-09-30": "15.18", "2020-06-30": "16.29", "2020-03-31": "11.28", "2019-12-31": "10.47", "2019-09-30": "8.21", "2019-06-30": "8.80", "2019-03-31": "8.99", "2018-12-31": "7.13", "2018-09-30": "9.05", "2018-06-30": "7.62", "2018-03-31": "6.47", "2017-12-31": "11.40", "2017-09-30": "11.86", "2017-06-30": "12.90", "2017-03-31": "14.86", "2016-12-31": "11.83", "2016-09-30": "11.54", "2016-06-30": "8.49", "2016-03-31": "7.19", "2015-12-31": "9.14", "2015-09-30": "7.72", "2015-06-30": "33.76", "2015-03-31": "21.08", "2014-12-31": "18.89", "2014-09-30": "20.45", "2014-06-30": "20.89", "2014-03-31": "24.28", "2013-12-31": "21.25", "2013-09-30": "22.90", "2013-06-30": "16.12", "2013-03-31": "18.43", "2012-12-31": "12.27", "2012-09-30": "14.40", "2012-06-30": "13.71", "2012-03-31": "10.81", "2011-12-31": "8.86", "2011-09-30": "9.46", "2011-06-30": "8.89", "2011-03-31": "5.80", "2010-12-31": "9.40", "2010-09-30": "8.29", "2010-06-30": "5.55", "2010-03-31": "5.41", "2009-12-31": "4.95", "2009-09-30": "6.54", "2009-06-30": "8.44", "2009-03-31": "7.85", "2008-12-31": "9.03", "2008-09-30": "8.07", "2008-06-30": "5.41", "2008-03-31": "5.22", "2007-12-31": "14.26", "2007-09-30": "11.68", "2007-06-30": "7.54", "2007-03-31": "5.72", "2006-12-31": "3.08", "2006-09-30": "2.56", "2006-06-30": "2.26", "2006-03-31": "3.22"}, "price fcf": {"2021-02-05": "", "2020-09-30": "$3.10", "2020-06-30": "$-1.81", "2020-03-31": "$-1.53", "2019-12-31": "$-1.42", "2019-09-30": "$-1.42", "2019-06-30": "$-1.11", "2019-03-31": "$-0.86", "2018-12-31": "$-1.43", "2018-09-30": "$-1.18", "2018-06-30": "$-1.10", "2018-03-31": "$-1.48", "2017-12-31": "$-1.03", "2017-09-30": "$-1.25", "2017-06-30": "$-1.47", "2017-03-31": "$-1.26", "2016-12-31": "$-0.89", "2016-09-30": "$-0.88", "2016-06-30": "$-0.94", "2016-03-31": "$-1.08", "2015-12-31": "$-1.13", "2015-09-30": "$-1.19", "2015-06-30": "$-0.97", "2015-03-31": "$-0.65", "2014-12-31": "$-0.63", "2014-09-30": "$-0.40", "2014-06-30": "$-0.10", "2014-03-31": "$-0.11", "2013-12-31": "$-0.19", "2013-09-30": "$0.19", "2013-06-30": "$-0.23", "2013-03-31": "$-0.05", "2012-12-31": "$0.00", "2012-09-30": "$-0.77", "2012-06-30": "$-0.93", "2012-03-31": "$-1.35", "2011-12-31": "$-1.20", "2011-09-30": "$-1.02", "2011-06-30": "$-0.74", "2011-03-31": "$-0.48", "2010-12-31": "$0.03", "2010-09-30": "$0.05", "2010-06-30": "$0.03", "2010-03-31": "$-0.06", "2009-12-31": "$-0.73", "2009-09-30": "$-0.87", "2009-06-30": "$-0.88", "2009-03-31": "$-0.94", "2008-12-31": "$-0.86", "2008-09-30": "$-0.42", "2008-06-30": "$-0.54", "2008-03-31": "$-0.55", "2007-12-31": "$0.58", "2007-09-30": "$0.25", "2007-06-30": "$0.36", "2007-03-31": "$0.41", "2006-12-31": "$-0.76"}, "net worth": {"value": "$34.48B"}, "current ratio": {"current": "3.65", "2020-09-30": "3.65", "2020-06-30": "4.71", "2020-03-31": "4.51", "2019-12-31": "4.54", "2019-09-30": "4.86", "2019-06-30": "3.03", "2019-03-31": "3.27", "2018-12-31": "2.90", "2018-09-30": "3.70", "2018-06-30": "3.90", "2018-03-31": "3.78", "2017-12-31": "3.45", "2017-09-30": "4.06", "2017-06-30": "4.47", "2017-03-31": "5.09", "2016-12-31": "4.95", "2016-09-30": "5.92", "2016-06-30": "5.88", "2016-03-31": "6.00", "2015-12-31": "5.74", "2015-09-30": "6.65", "2015-06-30": "2.65", "2015-03-31": "3.10", "2014-12-31": "3.24", "2014-09-30": "3.60", "2014-06-30": "4.07", "2014-03-31": "4.34", "2013-12-31": "4.41", "2013-09-30": "4.37", "2013-06-30": "4.78", "2013-03-31": "4.84", "2012-12-31": "4.38", "2012-09-30": "5.23", "2012-06-30": "4.67", "2012-03-31": "5.23", "2011-12-31": "4.38", "2011-09-30": "5.23", "2011-06-30": "6.15", "2011-03-31": "7.61", "2010-12-31": "5.55", "2010-09-30": "6.30", "2010-06-30": "7.44", "2010-03-31": "5.43", "2009-12-31": "3.34", "2009-09-30": "5.50", "2009-06-30": "3.21", "2009-03-31": "3.30", "2008-12-31": "2.75", "2008-09-30": "3.15", "2008-06-30": "4.00", "2008-03-31": "5.91", "2007-12-31": "4.07", "2007-09-30": "4.41", "2007-06-30": "4.88", "2007-03-31": "6.03", "2006-12-31": "9.99", "2006-09-30": "9.56", "2006-06-30": "9.83", "2006-03-31": "3.61", "2005-12-31": "3.98", "2005-09-30": "3.93", "2005-06-30": "3.77", "2005-03-31": "4.43"}, "quick ratio": {"2020-09-30": "3.49", "2020-06-30": "4.39", "2020-03-31": "4.18", "2019-12-31": "4.21", "2019-09-30": "4.49", "2019-06-30": "2.70", "2019-03-31": "2.95", "2018-12-31": "2.67", "2018-09-30": "3.31", "2018-06-30": "3.51", "2018-03-31": "3.35", "2017-12-31": "3.09", "2017-09-30": "3.66", "2017-06-30": "3.97", "2017-03-31": "4.62", "2016-12-31": "4.49", "2016-09-30": "5.35", "2016-06-30": "5.32", "2016-03-31": "5.51", "2015-12-31": "5.32", "2015-09-30": "6.30", "2015-06-30": "2.29", "2015-03-31": "2.76", "2014-12-31": "2.90", "2014-09-30": "3.29", "2014-06-30": "3.78", "2014-03-31": "4.04", "2013-12-31": "4.14", "2013-09-30": "4.11", "2013-06-30": "4.35", "2013-03-31": "4.46", "2012-12-31": "4.01", "2012-09-30": "4.77", "2012-06-30": "4.36", "2012-03-31": "5.02", "2011-12-31": "4.28", "2011-09-30": "5.19", "2011-06-30": "0.00", "2011-03-31": "0.00", "2010-12-31": "0.00", "2010-09-30": "0.00", "2010-06-30": "0.00", "2010-03-31": "0.00", "2009-12-31": "0.00", "2009-09-30": "0.00", "2009-06-30": "0.00", "2009-03-31": "0.00", "2008-12-31": "0.00", "2008-09-30": "0.00", "2008-06-30": "0.00", "2008-03-31": "0.00", "2007-12-31": "0.00", "2007-09-30": "0.00", "2007-06-30": "0.00", "2007-03-31": "0.00", "2006-12-31": "0.00", "2006-09-30": "0.00", "2006-06-30": "0.00", "2006-03-31": "0.00", "2005-12-31": "0.00", "2005-09-30": "0.00", "2005-06-30": "0.00", "2005-03-31": "0.00"}, "debt equity ratio": {"current": "0.00", "2020-09-30": "0.33", "2020-06-30": "0.19", "2020-03-31": "0.19", "2019-12-31": "0.18", "2019-09-30": "0.18", "2019-06-30": "0.23", "2019-03-31": "0.21", "2018-12-31": "0.18", "2018-09-30": "0.15", "2018-06-30": "0.14", "2018-03-31": "0.15", "2017-12-31": "0.30", "2017-09-30": "0.29", "2017-06-30": "0.32", "2017-03-31": "0.30", "2016-12-31": "0.32", "2016-09-30": "0.28", "2016-06-30": "0.29", "2016-03-31": "0.29", "2015-12-31": "0.31", "2015-09-30": "0.30", "2015-06-30": "1.27", "2015-03-31": "1.13", "2014-12-31": "1.18", "2014-09-30": "1.12", "2014-06-30": "1.08", "2014-03-31": "1.06", "2013-12-31": "1.10", "2013-09-30": "1.04", "2013-06-30": "0.97", "2013-03-31": "1.00", "2012-12-31": "1.09", "2012-09-30": "0.87", "2012-06-30": "0.92", "2012-03-31": "0.87", "2011-12-31": "0.94", "2011-09-30": "0.82", "2011-06-30": "0.72", "2011-03-31": "0.58", "2010-12-31": "1.04", "2010-09-30": "0.84", "2010-06-30": "0.64", "2010-03-31": "0.66", "2009-12-31": "0.88", "2009-09-30": "0.51", "2009-06-30": "1.13", "2009-03-31": "1.06", "2008-12-31": "1.38", "2008-09-30": "1.02", "2008-06-30": "0.82", "2008-03-31": "0.72", "2007-12-31": "1.75", "2007-09-30": "1.19", "2007-06-30": "1.00", "2007-03-31": "0.90", "2006-12-31": "0.11", "2006-09-30": "0.11", "2006-06-30": "0.12", "2006-03-31": "0.19", "2005-12-31": "0.19", "2005-09-30": "0.19", "2005-06-30": "0.20", "2005-03-31": "0.16"}, "return on equity": {"2020-09-30": "24.53%", "2020-06-30": "-14.10%", "2020-03-31": "-18.70%", "2019-12-31": "-10.13%", "2019-09-30": "-21.56%", "2019-06-30": "-21.36%", "2019-03-31": "-9.30%", "2018-12-31": "-16.83%", "2018-09-30": "-13.78%", "2018-06-30": "-4.50%", "2018-03-31": "-22.19%", "2017-12-31": "-19.88%", "2017-09-30": "-19.59%", "2017-06-30": "-32.83%", "2017-03-31": "-28.04%", "2016-12-31": "-21.14%", "2016-09-30": "-16.29%", "2016-06-30": "-15.21%", "2016-03-31": "-21.19%", "2015-12-31": "-27.33%", "2015-09-30": "-37.96%", "2015-06-30": "-54.79%", "2015-03-31": "-38.12%", "2014-12-31": "-34.49%", "2014-09-30": "-28.95%", "2014-06-30": "-32.14%", "2014-03-31": "-27.04%", "2013-12-31": "-26.98%", "2013-09-30": "-24.95%", "2013-06-30": "-20.89%", "2013-03-31": "-25.75%", "2012-12-31": "-24.32%", "2012-09-30": "-31.78%", "2012-06-30": "-43.64%", "2012-03-31": "-56.53%", "2011-12-31": "-60.06%", "2011-09-30": "-66.94%", "2011-06-30": "-67.32%", "2011-03-31": "-50.68%", "2010-12-31": "-33.80%", "2010-09-30": "-21.03%", "2010-06-30": "-13.44%", "2010-03-31": "-23.12%", "2009-12-31": "-51.51%", "2009-09-30": "-79.68%", "2009-06-30": "-104.08%", "2009-03-31": "-92.31%", "2008-12-31": "-76.96%", "2008-09-30": "-66.35%", "2008-06-30": "-66.14%", "2008-03-31": "-70.09%", "2007-12-31": "-72.73%", "2007-09-30": "-58.25%", "2007-06-30": "-45.75%", "2007-03-31": "-39.89%", "2006-12-31": "-41.46%", "2006-09-30": "-39.53%", "2006-06-30": "-37.58%", "2006-03-31": "-38.10%", "2005-12-31": "-33.72%"}, "return on assets": {"2020-09-30": "19.99%", "2020-06-30": "-11.92%", "2020-03-31": "-15.72%", "2019-12-31": "-8.47%", "2019-09-30": "-17.98%", "2019-06-30": "-17.91%", "2019-03-31": "-7.94%", "2018-12-31": "-14.56%", "2018-09-30": "-11.78%", "2018-06-30": "-3.76%", "2018-03-31": "-17.87%", "2017-12-31": "-15.28%", "2017-09-30": "-14.98%", "2017-06-30": "-25.15%", "2017-03-31": "-21.59%", "2016-12-31": "-16.33%", "2016-09-30": "-12.62%", "2016-06-30": "-11.74%", "2016-03-31": "-15.41%", "2015-12-31": "-18.22%", "2015-09-30": "-22.16%", "2015-06-30": "-25.24%", "2015-03-31": "-17.92%", "2014-12-31": "-16.36%", "2014-09-30": "-13.84%", "2014-06-30": "-15.51%", "2014-03-31": "-13.23%", "2013-12-31": "-13.30%", "2013-09-30": "-12.33%", "2013-06-30": "-10.56%", "2013-03-31": "-13.09%", "2012-12-31": "-12.57%", "2012-09-30": "-16.74%", "2012-06-30": "-23.12%", "2012-03-31": "-30.84%", "2011-12-31": "-34.38%", "2011-09-30": "-38.22%", "2011-06-30": "-38.41%", "2011-03-31": "-29.25%", "2010-12-31": "-19.07%", "2010-09-30": "-12.03%", "2010-06-30": "-8.06%", "2010-03-31": "-13.28%", "2009-12-31": "-28.22%", "2009-09-30": "-42.19%", "2009-06-30": "-48.80%", "2009-03-31": "-45.23%", "2008-12-31": "-39.77%", "2008-09-30": "-33.90%", "2008-06-30": "-33.47%", "2008-03-31": "-34.32%", "2007-12-31": "-33.67%", "2007-09-30": "-33.15%", "2007-06-30": "-30.65%", "2007-03-31": "-31.09%", "2006-12-31": "-36.82%", "2006-09-30": "-34.52%", "2006-06-30": "-32.21%", "2006-03-31": "-31.91%", "2005-12-31": "-28.50%"}, "return on investments": {"2020-09-30": "inf%", "2020-06-30": "inf%", "2020-03-31": "inf%", "2019-12-31": "inf%", "2019-09-30": "inf%", "2019-06-30": "inf%", "2019-03-31": "inf%", "2018-12-31": "inf%", "2018-09-30": "inf%", "2018-06-30": "inf%", "2018-03-31": "inf%", "2017-12-31": "inf%", "2017-09-30": "inf%", "2017-06-30": "inf%", "2017-03-31": "inf%", "2016-12-31": "inf%", "2016-09-30": "inf%", "2016-06-30": "inf%", "2016-03-31": "inf%", "2015-12-31": "inf%", "2015-09-30": "inf%", "2015-06-30": "inf%", "2015-03-31": "inf%", "2014-12-31": "inf%", "2014-09-30": "inf%", "2014-06-30": "inf%", "2014-03-31": "inf%", "2013-12-31": "inf%", "2013-09-30": "inf%", "2013-06-30": "inf%", "2013-03-31": "inf%", "2012-12-31": "inf%", "2012-09-30": "inf%", "2012-06-30": "inf%", "2012-03-31": "inf%", "2011-12-31": "inf%", "2011-09-30": "inf%", "2011-06-30": "inf%", "2011-03-31": "inf%", "2010-12-31": "inf%", "2010-09-30": "inf%", "2010-06-30": "inf%", "2010-03-31": "inf%", "2009-12-31": "inf%", "2009-09-30": "inf%", "2009-06-30": "inf%", "2009-03-31": "inf%", "2008-12-31": "inf%", "2008-09-30": "inf%", "2008-06-30": "inf%", "2008-03-31": "inf%", "2007-12-31": "inf%", "2007-09-30": "inf%", "2007-06-30": "inf%", "2007-03-31": "inf%", "2006-12-31": "inf%", "2006-09-30": "inf%", "2006-06-30": "inf%", "2006-03-31": "inf%", "2005-12-31": "inf%"}, "return on tangible equity": {"2020-09-30": "31.37%", "2020-06-30": "-17.46%", "2020-03-31": "-22.38%", "2019-12-31": "-12.29%", "2019-09-30": "-26.78%", "2019-06-30": "-26.90%", "2019-03-31": "-11.58%", "2018-12-31": "-20.88%", "2018-09-30": "-16.40%", "2018-06-30": "-5.15%", "2018-03-31": "-24.08%", "2017-12-31": "-19.88%", "2017-09-30": "-19.59%", "2017-06-30": "-32.83%", "2017-03-31": "-28.04%", "2016-12-31": "-21.14%", "2016-09-30": "-16.29%", "2016-06-30": "-15.21%", "2016-03-31": "-21.19%", "2015-12-31": "-27.33%", "2015-09-30": "-37.96%", "2015-06-30": "-54.79%", "2015-03-31": "-38.12%", "2014-12-31": "-34.49%", "2014-09-30": "-28.95%", "2014-06-30": "-32.14%", "2014-03-31": "-27.04%", "2013-12-31": "-26.98%", "2013-09-30": "-24.95%", "2013-06-30": "-20.89%", "2013-03-31": "-25.75%", "2012-12-31": "-24.32%", "2012-09-30": "-31.78%", "2012-06-30": "-43.64%", "2012-03-31": "-56.53%", "2011-12-31": "-60.06%", "2011-09-30": "-66.94%", "2011-06-30": "-67.32%", "2011-03-31": "-50.68%", "2010-12-31": "-33.80%", "2010-09-30": "-21.03%", "2010-06-30": "-13.44%", "2010-03-31": "-23.12%", "2009-12-31": "-51.51%", "2009-09-30": "-79.68%", "2009-06-30": "-104.08%", "2009-03-31": "-92.31%", "2008-12-31": "-76.96%", "2008-09-30": "-66.35%", "2008-06-30": "-66.14%", "2008-03-31": "-70.09%", "2007-12-31": "-72.73%", "2007-09-30": "-58.25%", "2007-06-30": "-45.75%", "2007-03-31": "-39.89%", "2006-12-31": "-41.46%", "2006-09-30": "-39.53%", "2006-06-30": "-37.58%", "2006-03-31": "-38.10%", "2005-12-31": "-33.72%"}, "dividend yield history": {"last payout": "$0.00", "last yield": "0.00%"}}