{"ticker": "SEE", "price": {"title": "Sealed Air Historical Annual Stock Price Data", "value": 43.5, "historical": {"2021": {"Average Stock Price": "44.7218", "Year Open": "45.0000", "Year High": "47.3200", "Year Low": "42.2700", "Year Close": "43.5000", "Annual % Change": "-5.00%"}, "2020": {"Average Stock Price": "36.0719", "Year Open": "38.8700", "Year High": "46.2400", "Year Low": "17.5500", "Year Close": "45.7900", "Annual % Change": "14.96%"}, "2019": {"Average Stock Price": "41.8688", "Year Open": "35.3200", "Year High": "46.8400", "Year Low": "34.7300", "Year Close": "39.8300", "Annual % Change": "14.32%"}, "2018": {"Average Stock Price": "41.3206", "Year Open": "49.4200", "Year High": "49.6400", "Year Low": "30.7400", "Year Close": "34.8400", "Annual % Change": "-29.33%"}, "2017": {"Average Stock Price": "45.3373", "Year Open": "46.5000", "Year High": "50.2200", "Year Low": "41.7200", "Year Close": "49.3000", "Annual % Change": "8.73%"}, "2016": {"Average Stock Price": "46.1604", "Year Open": "43.0400", "Year High": "52.6800", "Year Low": "38.3600", "Year Close": "45.3400", "Annual % Change": "1.66%"}, "2015": {"Average Stock Price": "47.6326", "Year Open": "42.7000", "Year High": "55.4000", "Year Low": "39.4200", "Year Close": "44.6000", "Annual % Change": "5.11%"}, "2014": {"Average Stock Price": "34.4964", "Year Open": "33.7300", "Year High": "43.4700", "Year Low": "29.8600", "Year Close": "42.4300", "Annual % Change": "24.61%"}, "2013": {"Average Stock Price": "25.7102", "Year Open": "17.9400", "Year High": "34.1300", "Year Low": "17.9400", "Year Close": "34.0500", "Annual % Change": "94.46%"}, "2012": {"Average Stock Price": "17.0146", "Year Open": "17.3800", "Year High": "21.0400", "Year Low": "13.1100", "Year Close": "17.5100", "Annual % Change": "1.74%"}, "2011": {"Average Stock Price": "22.1707", "Year Open": "25.7600", "Year High": "28.5200", "Year Low": "15.6100", "Year Close": "17.2100", "Annual % Change": "-32.38%"}, "2010": {"Average Stock Price": "21.8678", "Year Open": "22.0200", "Year High": "25.5900", "Year Low": "18.8400", "Year Close": "25.4500", "Annual % Change": "16.42%"}, "2009": {"Average Stock Price": "18.0336", "Year Open": "15.2500", "Year High": "22.6500", "Year Low": "10.4300", "Year Close": "21.8600", "Annual % Change": "46.32%"}, "2008": {"Average Stock Price": "21.8446", "Year Open": "22.8100", "Year High": "28.1800", "Year Low": "12.6100", "Year Close": "14.9400", "Annual % Change": "-35.44%"}, "2007": {"Average Stock Price": "29.0156", "Year Open": "32.6000", "Year High": "33.7200", "Year Low": "22.4100", "Year Close": "23.1400", "Annual % Change": "-28.71%"}, "2006": {"Average Stock Price": "27.5745", "Year Open": "27.6850", "Year High": "32.7750", "Year Low": "22.9050", "Year Close": "32.4600", "Annual % Change": "15.58%"}, "2005": {"Average Stock Price": "25.4520", "Year Open": "26.8500", "Year High": "28.2150", "Year Low": "23.0100", "Year Close": "28.0850", "Annual % Change": "5.44%"}, "2004": {"Average Stock Price": "24.8626", "Year Open": "26.5200", "Year High": "27.2750", "Year Low": "22.1400", "Year Close": "26.6350", "Annual % Change": "-1.61%"}, "2003": {"Average Stock Price": "22.6568", "Year Open": "19.0500", "Year High": "27.2350", "Year Low": "17.7100", "Year Close": "27.0700", "Annual % Change": "45.15%"}, "2002": {"Average Stock Price": "16.6416", "Year Open": "20.4450", "Year High": "24.0650", "Year Low": "6.5750", "Year Close": "18.6500", "Annual % Change": "-8.62%"}, "2001": {"Average Stock Price": "19.2924", "Year Open": "15.5650", "Year High": "23.4500", "Year Low": "15.4050", "Year Close": "20.4100", "Annual % Change": "33.84%"}, "2000": {"Average Stock Price": "24.6137", "Year Open": "26.0950", "Year High": "30.3750", "Year Low": "13.3750", "Year Close": "15.2500", "Annual % Change": "-41.13%"}, "1999": {"Average Stock Price": "27.9804", "Year Open": "24.9050", "Year High": "33.8750", "Year Low": "22.5000", "Year Close": "25.9050", "Annual % Change": "1.47%"}, "1998": {"Average Stock Price": "24.3113", "Year Open": "30.8750", "Year High": "34.7500", "Year Low": "13.9400", "Year Close": "25.5300", "Annual % Change": "-17.31%"}, "1997": {"Average Stock Price": "24.3833", "Year Open": "20.7500", "Year High": "31.3450", "Year Low": "19.9400", "Year Close": "30.8750", "Annual % Change": "48.37%"}, "1996": {"Average Stock Price": "17.5874", "Year Open": "14.0600", "Year High": "21.8125", "Year Low": "13.0000", "Year Close": "20.8100", "Annual % Change": "48.64%"}, "1995": {"Average Stock Price": "11.9597", "Year Open": "9.0000", "Year High": "15.3150", "Year Low": "9.0000", "Year Close": "14.0000", "Annual % Change": "54.48%"}, "1994": {"Average Stock Price": "7.7431", "Year Open": "7.6550", "Year High": "9.0625", "Year Low": "6.7500", "Year Close": "9.0625", "Annual % Change": "14.64%"}, "1993": {"Average Stock Price": "6.4937", "Year Open": "6.3750", "Year High": "7.9050", "Year Low": "5.3750", "Year Close": "7.9050", "Annual % Change": "25.88%"}, "1992": {"Average Stock Price": "6.1067", "Year Open": "5.7350", "Year High": "7.0775", "Year Low": "5.1550", "Year Close": "6.2800", "Annual % Change": "11.03%"}, "1991": {"Average Stock Price": "4.3589", "Year Open": "3.0625", "Year High": "5.6563", "Year Low": "2.7500", "Year Close": "5.6563", "Annual % Change": "81.00%"}, "1990": {"Average Stock Price": "2.8371", "Year Open": "2.5775", "Year High": "3.8438", "Year Low": "2.3600", "Year Close": "3.1250", "Annual % Change": "22.67%"}, "1989": {"Average Stock Price": "3.6223", "Year Open": "5.5938", "Year High": "6.4525", "Year Low": "1.5625", "Year Close": "2.5475", "Annual % Change": "-55.21%"}, "1988": {"Average Stock Price": "5.3908", "Year Open": "4.5625", "Year High": "5.8900", "Year Low": "4.5475", "Year Close": "5.6875", "Annual % Change": "29.08%"}}}, "market cap": {"value": "$7.05B"}, "income statement": {"Revenue": {"2019-12-31": "4791.10000", "2018-12-31": "4732.70000", "2017-12-31": "4461.60000", "2016-12-31": "4211.30000", "2015-12-31": "4410.30000", "2014-12-31": "7750.50000", "2013-12-31": "7690.80000", "2012-12-31": "7559.20000", "2011-12-31": "5467.30000", "2010-12-31": "4490.10000", "2009-12-31": "4242.80000", "2008-12-31": "4843.50000", "2007-12-31": "4651.20000", "2006-12-31": "4327.90000", "2005-12-31": "4085.10000"}, "Cost Of Goods Sold": {"2019-12-31": "3226.30000", "2018-12-31": "3230.60000", "2017-12-31": "3049.50000", "2016-12-31": "2810.30000", "2015-12-31": "2955.10000", "2014-12-31": "5062.90000", "2013-12-31": "5100.90000", "2012-12-31": "5038.70000", "2011-12-31": "3886.70000", "2010-12-31": "3237.30000", "2009-12-31": "3024.30000", "2008-12-31": "3606.90000", "2007-12-31": "3350.10000", "2006-12-31": "3087.80000", "2005-12-31": "2927.10000"}, "Gross Profit": {"2019-12-31": "1564.80000", "2018-12-31": "1502.10000", "2017-12-31": "1412.10000", "2016-12-31": "1401.00000", "2015-12-31": "1455.20000", "2014-12-31": "2687.60000", "2013-12-31": "2589.90000", "2012-12-31": "2520.50000", "2011-12-31": "1580.60000", "2010-12-31": "1252.80000", "2009-12-31": "1218.50000", "2008-12-31": "1236.60000", "2007-12-31": "1301.10000", "2006-12-31": "1240.10000", "2005-12-31": "1158.00000"}, "Research And Development Expenses": {"2019-12-31": "", "2018-12-31": "", "2017-12-31": "", "2016-12-31": "", "2015-12-31": "", "2014-12-31": "", "2013-12-31": "", "2012-12-31": "", "2011-12-31": "", "2010-12-31": "", "2009-12-31": "", "2008-12-31": "", "2007-12-31": "", "2006-12-31": "", "2005-12-31": ""}, "SG&A Expenses": {"2019-12-31": "915.50000", "2018-12-31": "782.30000", "2017-12-31": "815.60000", "2016-12-31": "754.30000", "2015-12-31": "778.00000", "2014-12-31": "1849.40000", "2013-12-31": "1788.30000", "2012-12-31": "1775.10000", "2011-12-31": "1004.40000", "2010-12-31": "699.00000", "2009-12-31": "707.50000", "2008-12-31": "755.00000", "2007-12-31": "750.20000", "2006-12-31": "701.10000", "2005-12-31": "645.90000"}, "Other Operating Income Or Expenses": {"2019-12-31": "", "2018-12-31": "", "2017-12-31": "", "2016-12-31": "", "2015-12-31": "", "2014-12-31": "", "2013-12-31": "", "2012-12-31": "-1899.70000", "2011-12-31": "-64.80000", "2010-12-31": "", "2009-12-31": "", "2008-12-31": "", "2007-12-31": "", "2006-12-31": "", "2005-12-31": ""}, "Operating Expenses": {"2019-12-31": "4212.60000", "2018-12-31": "4076.40000", "2017-12-31": "3890.30000", "2016-12-31": "3582.40000", "2015-12-31": "3792.90000", "2014-12-31": "7096.90000", "2013-12-31": "7086.20000", "2012-12-31": "8988.70000", "2011-12-31": "5046.50000", "2010-12-31": "3955.10000", "2009-12-31": "3750.50000", "2008-12-31": "4447.00000", "2007-12-31": "4101.90000", "2006-12-31": "3801.80000", "2005-12-31": "3574.70000"}, "Operating Income": {"2019-12-31": "578.50000", "2018-12-31": "656.30000", "2017-12-31": "571.29980", "2016-12-31": "628.89970", "2015-12-31": "617.39970", "2014-12-31": "653.60010", "2013-12-31": "604.60010", "2012-12-31": "-1429.50000", "2011-12-31": "420.79980", "2010-12-31": "535.00000", "2009-12-31": "492.29980", "2008-12-31": "396.50000", "2007-12-31": "549.29980", "2006-12-31": "526.10010", "2005-12-31": "510.40010"}, "Total Non-Operating Income/Expense": {"2019-12-31": "-208.20000", "2018-12-31": "-198.50000", "2017-12-31": "-178.00000", "2016-12-31": "-241.00000", "2015-12-31": "-326.00000", "2014-12-31": "-386.40000", "2013-12-31": "-424.40000", "2012-12-31": "-454.90000", "2011-12-31": "-231.40000", "2010-12-31": "-191.60000", "2009-12-31": "-162.40000", "2008-12-31": "-174.20000", "2007-12-31": "-93.30000", "2006-12-31": "-126.00000", "2005-12-31": "-133.80000"}, "Pre-Tax Income": {"2019-12-31": "370.30000", "2018-12-31": "457.80000", "2017-12-31": "393.30000", "2016-12-31": "387.90000", "2015-12-31": "291.40000", "2014-12-31": "267.20000", "2013-12-31": "180.20000", "2012-12-31": "-1884.40000", "2011-12-31": "189.40000", "2010-12-31": "343.40000", "2009-12-31": "329.90000", "2008-12-31": "222.30000", "2007-12-31": "456.00000", "2006-12-31": "400.10000", "2005-12-31": "376.60000"}, "Income Taxes": {"2019-12-31": "76.60000", "2018-12-31": "307.50000", "2017-12-31": "330.50000", "2016-12-31": "95.60000", "2015-12-31": "132.60000", "2014-12-31": "9.10000", "2013-12-31": "84.90000", "2012-12-31": "-265.40000", "2011-12-31": "56.70000", "2010-12-31": "87.50000", "2009-12-31": "85.60000", "2008-12-31": "42.40000", "2007-12-31": "103.00000", "2006-12-31": "126.00000", "2005-12-31": "120.80000"}, "Income After Taxes": {"2019-12-31": "293.70000", "2018-12-31": "150.30000", "2017-12-31": "62.80000", "2016-12-31": "292.30000", "2015-12-31": "158.80000", "2014-12-31": "258.10000", "2013-12-31": "95.30000", "2012-12-31": "-1619.00000", "2011-12-31": "132.70000", "2010-12-31": "255.90000", "2009-12-31": "244.30000", "2008-12-31": "179.90000", "2007-12-31": "353.00000", "2006-12-31": "274.10000", "2005-12-31": "255.80000"}, "Other Income": {"2019-12-31": "", "2018-12-31": "", "2017-12-31": "", "2016-12-31": "", "2015-12-31": "", "2014-12-31": "", "2013-12-31": "", "2012-12-31": "", "2011-12-31": "", "2010-12-31": "", "2009-12-31": "", "2008-12-31": "", "2007-12-31": "", "2006-12-31": "", "2005-12-31": ""}, "Income From Continuous Operations": {"2019-12-31": "293.70000", "2018-12-31": "150.30000", "2017-12-31": "62.80000", "2016-12-31": "292.30000", "2015-12-31": "158.80000", "2014-12-31": "258.10000", "2013-12-31": "95.30000", "2012-12-31": "-1619.00000", "2011-12-31": "132.70000", "2010-12-31": "255.90000", "2009-12-31": "244.30000", "2008-12-31": "179.90000", "2007-12-31": "353.00000", "2006-12-31": "274.10000", "2005-12-31": "255.80000"}, "Income From Discontinued Operations": {"2019-12-31": "-30.70000", "2018-12-31": "42.80000", "2017-12-31": "752.10000", "2016-12-31": "194.10000", "2015-12-31": "176.60000", "2014-12-31": "", "2013-12-31": "30.50000", "2012-12-31": "207.60000", "2011-12-31": "16.40000", "2010-12-31": "", "2009-12-31": "", "2008-12-31": "", "2007-12-31": "", "2006-12-31": "", "2005-12-31": ""}, "Net Income": {"2019-12-31": "263.00000", "2018-12-31": "193.10000", "2017-12-31": "814.90000", "2016-12-31": "486.40000", "2015-12-31": "335.40000", "2014-12-31": "258.10000", "2013-12-31": "125.80000", "2012-12-31": "-1411.40000", "2011-12-31": "149.10000", "2010-12-31": "175.10000", "2009-12-31": "244.30000", "2008-12-31": "179.90000", "2007-12-31": "353.00000", "2006-12-31": "274.10000", "2005-12-31": "255.80000"}, "EBITDA": {"2019-12-31": "729.30000", "2018-12-31": "787.50010", "2017-12-31": "720.59980", "2016-12-31": "842.89970", "2015-12-31": "830.69960", "2014-12-31": "920.30010", "2013-12-31": "888.00010", "2012-12-31": "778.00000", "2011-12-31": "608.39980", "2010-12-31": "691.40000", "2009-12-31": "647.79980", "2008-12-31": "553.10000", "2007-12-31": "702.19980", "2006-12-31": "696.90010", "2005-12-31": "688.20010"}, "EBIT": {"2019-12-31": "578.50000", "2018-12-31": "656.30000", "2017-12-31": "571.29980", "2016-12-31": "628.89970", "2015-12-31": "617.39970", "2014-12-31": "653.60010", "2013-12-31": "604.60010", "2012-12-31": "-1429.50000", "2011-12-31": "420.79980", "2010-12-31": "535.00000", "2009-12-31": "492.29980", "2008-12-31": "396.50000", "2007-12-31": "549.29980", "2006-12-31": "526.10010", "2005-12-31": "510.40010"}, "Basic Shares Outstanding": {"2019-12-31": "154.30000", "2018-12-31": "159.40000", "2017-12-31": "186.90000", "2016-12-31": "194.30000", "2015-12-31": "203.90000", "2014-12-31": "210.00000", "2013-12-31": "194.60000", "2012-12-31": "192.80000", "2011-12-31": "167.00000", "2010-12-31": "158.30000", "2009-12-31": "157.20000", "2008-12-31": "157.60000", "2007-12-31": "160.00000", "2006-12-31": "160.80000", "2005-12-31": "163.90000"}, "Shares Outstanding": {"2019-12-31": "155.20000", "2018-12-31": "160.20000", "2017-12-31": "188.90000", "2016-12-31": "197.20000", "2015-12-31": "206.70000", "2014-12-31": "213.90000", "2013-12-31": "214.20000", "2012-12-31": "192.80000", "2011-12-31": "185.40000", "2010-12-31": "176.70000", "2009-12-31": "182.60000", "2008-12-31": "188.60000", "2007-12-31": "190.60000", "2006-12-31": "192.00000", "2005-12-31": "195.10000"}, "Basic EPS": {"2019-12-31": "1.70000", "2018-12-31": "1.21000", "2017-12-31": "4.33000", "2016-12-31": "2.49000", "2015-12-31": "1.63000", "2014-12-31": "1.22000", "2013-12-31": "0.65000", "2012-12-31": "-7.32000", "2011-12-31": "0.89000", "2010-12-31": "1.61000", "2009-12-31": "1.54000", "2008-12-31": "1.13000", "2007-12-31": "2.19000", "2006-12-31": "1.70000", "2005-12-31": "1.56000"}, "EPS - Earnings Per Share": {"2019-12-31": "1.69000", "2018-12-31": "1.20000", "2017-12-31": "4.29000", "2016-12-31": "2.46000", "2015-12-31": "1.62000", "2014-12-31": "1.20000", "2013-12-31": "0.58000", "2012-12-31": "-7.32000", "2011-12-31": "0.80000", "2010-12-31": "1.44000", "2009-12-31": "1.35000", "2008-12-31": "0.99000", "2007-12-31": "1.88000", "2006-12-31": "1.47000", "2005-12-31": "1.35000"}}, "income statement, quarterly": {"Revenue": {"2020-09-30": "1237.20000", "2020-06-30": "1151.20000", "2020-03-31": "1173.90000", "2019-12-31": "1298.90000", "2019-09-30": "1218.50000", "2019-06-30": "1161.00000", "2019-03-31": "1112.70000", "2018-12-31": "1260.30000", "2018-09-30": "1186.20000", "2018-06-30": "1155.20000", "2018-03-31": "1131.00000", "2017-12-31": "1227.80000", "2017-09-30": "1131.30000", "2017-06-30": "1070.30000", "2017-03-31": "1032.20000", "2016-12-31": "1101.40000", "2016-09-30": "1065.10000", "2016-06-30": "1038.90000", "2016-03-31": "1005.90000", "2015-12-31": "-867.30020", "2015-09-30": "1746.20000", "2015-06-30": "1785.00000", "2015-03-31": "1746.40000", "2014-12-31": "1973.70000", "2014-09-30": "1975.50000", "2014-06-30": "1973.60000", "2014-03-31": "1827.70000", "2013-12-31": "2012.50000", "2013-09-30": "1912.00000", "2013-06-30": "1937.40000", "2013-03-31": "1828.90000", "2012-12-31": "1888.90000", "2012-09-30": "1900.30000", "2012-06-30": "1924.60000", "2012-03-31": "1845.40000", "2011-12-31": "1879.10000", "2011-09-30": "1247.10000", "2011-06-30": "1212.60000", "2011-03-31": "1128.50000", "2010-12-31": "1209.20000", "2010-09-30": "1130.00000", "2010-06-30": "1089.70000", "2010-03-31": "1061.20000", "2009-12-31": "1146.40000", "2009-09-30": "1079.90000", "2009-06-30": "1028.00000", "2009-03-31": "988.50000", "2008-12-31": "1168.30000", "2008-09-30": "1219.00000", "2008-06-30": "1278.80000", "2008-03-31": "1177.40000", "2007-12-31": "1250.20000", "2007-09-30": "1160.90000", "2007-06-30": "1145.40000", "2007-03-31": "1094.70000", "2006-12-31": "1145.50000", "2006-09-30": "1081.40000", "2006-06-30": "1081.90000", "2006-03-31": "1019.10000", "2005-12-31": "1075.60000", "2005-09-30": "1019.70000", "2005-06-30": "1020.00000", "2005-03-31": "969.80000"}, "Cost Of Goods Sold": {"2020-09-30": "832.70000", "2020-06-30": "761.30000", "2020-03-31": "783.40000", "2019-12-31": "869.60010", "2019-09-30": "826.50000", "2019-06-30": "782.70000", "2019-03-31": "747.50000", "2018-12-31": "861.20020", "2018-09-30": "820.70000", "2018-06-30": "791.70000", "2018-03-31": "757.00000", "2017-12-31": "855.29990", "2017-09-30": "770.60000", "2017-06-30": "726.80000", "2017-03-31": "696.80000", "2016-12-31": "742.29990", "2016-09-30": "708.40000", "2016-06-30": "689.30000", "2016-03-31": "670.30000", "2015-12-31": "-372.49990", "2015-09-30": "1109.60000", "2015-06-30": "1121.20000", "2015-03-31": "1096.80000", "2014-12-31": "1301.40000", "2014-09-30": "1279.40000", "2014-06-30": "1294.00000", "2014-03-31": "1188.10000", "2013-12-31": "1343.80000", "2013-09-30": "1262.10000", "2013-06-30": "1278.30000", "2013-03-31": "1216.70000", "2012-12-31": "1261.40000", "2012-09-30": "1256.70000", "2012-06-30": "1296.30000", "2012-03-31": "1224.30000", "2011-12-31": "1267.50000", "2011-09-30": "911.40000", "2011-06-30": "888.30000", "2011-03-31": "819.50000", "2010-12-31": "877.40010", "2010-09-30": "809.50000", "2010-06-30": "789.20000", "2010-03-31": "761.20000", "2009-12-31": "812.80000", "2009-09-30": "768.80000", "2009-06-30": "739.90000", "2009-03-31": "702.80000", "2008-12-31": "860.69990", "2008-09-30": "925.30000", "2008-06-30": "948.60000", "2008-03-31": "872.30000", "2007-12-31": "906.70010", "2007-09-30": "840.80000", "2007-06-30": "822.10000", "2007-03-31": "780.50000", "2006-12-31": "806.10020", "2006-09-30": "771.60000", "2006-06-30": "774.60000", "2006-03-31": "735.50000", "2005-12-31": "778.80020", "2005-09-30": "731.90000", "2005-06-30": "724.10000", "2005-03-31": "692.30000"}, "Gross Profit": {"2020-09-30": "404.49990", "2020-06-30": "389.90000", "2020-03-31": "390.50000", "2019-12-31": "429.30000", "2019-09-30": "392.00000", "2019-06-30": "378.30000", "2019-03-31": "365.20000", "2018-12-31": "399.10010", "2018-09-30": "365.49990", "2018-06-30": "363.49990", "2018-03-31": "374.00000", "2017-12-31": "372.50020", "2017-09-30": "360.70010", "2017-06-30": "343.50010", "2017-03-31": "335.40000", "2016-12-31": "359.09990", "2016-09-30": "356.70000", "2016-06-30": "349.60000", "2016-03-31": "335.60000", "2015-12-31": "-494.80030", "2015-09-30": "636.60000", "2015-06-30": "663.80000", "2015-03-31": "649.60000", "2014-12-31": "672.29990", "2014-09-30": "696.10000", "2014-06-30": "679.60000", "2014-03-31": "639.60000", "2013-12-31": "668.70010", "2013-09-30": "649.90000", "2013-06-30": "659.10000", "2013-03-31": "612.20010", "2012-12-31": "627.50010", "2012-09-30": "643.60010", "2012-06-30": "628.29990", "2012-03-31": "621.10000", "2011-12-31": "611.59990", "2011-09-30": "335.70000", "2011-06-30": "324.30000", "2011-03-31": "309.00000", "2010-12-31": "331.80010", "2010-09-30": "320.50000", "2010-06-30": "300.49990", "2010-03-31": "299.99990", "2009-12-31": "333.59990", "2009-09-30": "311.10000", "2009-06-30": "288.10000", "2009-03-31": "285.70000", "2008-12-31": "307.60000", "2008-09-30": "293.70000", "2008-06-30": "330.20010", "2008-03-31": "305.10000", "2007-12-31": "343.50040", "2007-09-30": "320.10000", "2007-06-30": "323.30000", "2007-03-31": "314.20000", "2006-12-31": "339.39990", "2006-09-30": "309.80000", "2006-06-30": "307.30000", "2006-03-31": "283.60000", "2005-12-31": "296.79990", "2005-09-30": "287.80000", "2005-06-30": "295.90000", "2005-03-31": "277.50000"}, "Research And Development Expenses": {"2020-09-30": "", "2020-06-30": "", "2020-03-31": "", "2019-12-31": "", "2019-09-30": "", "2019-06-30": "", "2019-03-31": "", "2018-12-31": "", "2018-09-30": "", "2018-06-30": "", "2018-03-31": "", "2017-12-31": "", "2017-09-30": "", "2017-06-30": "", "2017-03-31": "", "2016-12-31": "", "2016-09-30": "", "2016-06-30": "", "2016-03-31": "", "2015-12-31": "", "2015-09-30": "", "2015-06-30": "", "2015-03-31": "", "2014-12-31": "", "2014-09-30": "", "2014-06-30": "", "2014-03-31": "", "2013-12-31": "", "2013-09-30": "", "2013-06-30": "", "2013-03-31": "", "2012-12-31": "", "2012-09-30": "", "2012-06-30": "", "2012-03-31": "", "2011-12-31": "", "2011-09-30": "", "2011-06-30": "", "2011-03-31": "", "2010-12-31": "", "2010-09-30": "", "2010-06-30": "", "2010-03-31": "", "2009-12-31": "", "2009-09-30": "", "2009-06-30": "", "2009-03-31": "", "2008-12-31": "", "2008-09-30": "", "2008-06-30": "", "2008-03-31": "", "2007-12-31": "", "2007-09-30": "", "2007-06-30": "", "2007-03-31": "", "2006-12-31": "", "2006-09-30": "", "2006-06-30": "", "2006-03-31": "", "2005-12-31": "", "2005-09-30": "", "2005-06-30": "", "2005-03-31": ""}, "SG&A Expenses": {"2020-09-30": "199.30000", "2020-06-30": "184.50000", "2020-03-31": "194.10000", "2019-12-31": "215.60000", "2019-09-30": "221.60000", "2019-06-30": "266.20000", "2019-03-31": "212.10000", "2018-12-31": "203.40000", "2018-09-30": "192.10000", "2018-06-30": "192.80000", "2018-03-31": "194.00000", "2017-12-31": "207.40000", "2017-09-30": "207.90000", "2017-06-30": "202.90000", "2017-03-31": "197.40000", "2016-12-31": "187.70000", "2016-09-30": "184.20000", "2016-06-30": "197.30000", "2016-03-31": "185.10000", "2015-12-31": "-469.80000", "2015-09-30": "400.20000", "2015-06-30": "416.90000", "2015-03-31": "430.70000", "2014-12-31": "469.30010", "2014-09-30": "469.80000", "2014-06-30": "462.40000", "2014-03-31": "447.90000", "2013-12-31": "450.89980", "2013-09-30": "434.70000", "2013-06-30": "450.00000", "2013-03-31": "452.70000", "2012-12-31": "431.30000", "2012-09-30": "429.20000", "2012-06-30": "458.10000", "2012-03-31": "456.50000", "2011-12-31": "455.40000", "2011-09-30": "179.40000", "2011-06-30": "186.10000", "2011-03-31": "183.50000", "2010-12-31": "178.60000", "2010-09-30": "173.30000", "2010-06-30": "171.60000", "2010-03-31": "175.50000", "2009-12-31": "192.00000", "2009-09-30": "180.00000", "2009-06-30": "169.30000", "2009-03-31": "166.20000", "2008-12-31": "172.10000", "2008-09-30": "193.20000", "2008-06-30": "203.30000", "2008-03-31": "186.40000", "2007-12-31": "197.50000", "2007-09-30": "185.80000", "2007-06-30": "189.00000", "2007-03-31": "177.90000", "2006-12-31": "187.10000", "2006-09-30": "170.10000", "2006-06-30": "176.40000", "2006-03-31": "167.50000", "2005-12-31": "160.70000", "2005-09-30": "156.40000", "2005-06-30": "169.50000", "2005-03-31": "159.30000"}, "Other Operating Income Or Expenses": {"2020-09-30": "", "2020-06-30": "", "2020-03-31": "", "2019-12-31": "", "2019-09-30": "", "2019-06-30": "", "2019-03-31": "", "2018-12-31": "", "2018-09-30": "", "2018-06-30": "", "2018-03-31": "", "2017-12-31": "", "2017-09-30": "", "2017-06-30": "", "2017-03-31": "", "2016-12-31": "", "2016-09-30": "", "2016-06-30": "", "2016-03-31": "", "2015-12-31": "", "2015-09-30": "", "2015-06-30": "", "2015-03-31": "", "2014-12-31": "", "2014-09-30": "", "2014-06-30": "", "2014-03-31": "-0.90000", "2013-12-31": "", "2013-09-30": "-0.30000", "2013-06-30": "0.00000", "2013-03-31": "-0.40000", "2012-12-31": "-560.60000", "2012-09-30": "-1335.60000", "2012-06-30": "-1.70000", "2012-03-31": "-1.80000", "2011-12-31": "-34.10000", "2011-09-30": "-24.10000", "2011-06-30": "-6.60000", "2011-03-31": "0.00000", "2010-12-31": "", "2010-09-30": "0.00000", "2010-06-30": "", "2010-03-31": "", "2009-12-31": "", "2009-09-30": "", "2009-06-30": "", "2009-03-31": "", "2008-12-31": "", "2008-09-30": "", "2008-06-30": "", "2008-03-31": "", "2007-12-31": "", "2007-09-30": "", "2007-06-30": "", "2007-03-31": "", "2006-12-31": "", "2006-09-30": "", "2006-06-30": "", "2006-03-31": "", "2005-12-31": "", "2005-09-30": "", "2005-06-30": "", "2005-03-31": ""}, "Operating Expenses": {"2020-09-30": "1042.70000", "2020-06-30": "965.20000", "2020-03-31": "987.10000", "2019-12-31": "1093.90000", "2019-09-30": "1064.50000", "2019-06-30": "1082.60000", "2019-03-31": "971.60000", "2018-12-31": "1094.90000", "2018-09-30": "1023.00000", "2018-06-30": "995.00000", "2018-03-31": "963.50000", "2017-12-31": "1069.50000", "2017-09-30": "987.80000", "2017-06-30": "931.89990", "2017-03-31": "901.10000", "2016-12-31": "935.10020", "2016-09-30": "898.00000", "2016-06-30": "891.30000", "2016-03-31": "857.99990", "2015-12-31": "-917.90000", "2015-09-30": "1570.00000", "2015-06-30": "1578.00000", "2015-03-31": "1562.80000", "2014-12-31": "1830.00000", "2014-09-30": "1791.00000", "2014-06-30": "1801.70000", "2014-03-31": "1674.20000", "2013-12-31": "1837.40000", "2013-09-30": "1775.70000", "2013-06-30": "1771.60000", "2013-03-31": "1701.50000", "2012-12-31": "2318.90000", "2012-09-30": "3091.30000", "2012-06-30": "1816.20000", "2012-03-31": "1762.30000", "2011-12-31": "1840.30000", "2011-09-30": "1117.20000", "2011-06-30": "1083.50000", "2011-03-31": "1005.50000", "2010-12-31": "1074.40000", "2010-09-30": "982.90000", "2010-06-30": "960.50010", "2010-03-31": "937.30000", "2009-12-31": "1022.30000", "2009-09-30": "949.70000", "2009-06-30": "909.90000", "2009-03-31": "868.60000", "2008-12-31": "1054.10000", "2008-09-30": "1179.80000", "2008-06-30": "1152.40000", "2008-03-31": "1060.70000", "2007-12-31": "1105.00000", "2007-09-30": "1026.80000", "2007-06-30": "1011.30000", "2007-03-31": "958.80000", "2006-12-31": "993.99970", "2006-09-30": "941.60000", "2006-06-30": "963.00000", "2006-03-31": "903.20000", "2005-12-31": "939.89980", "2005-09-30": "888.40000", "2005-06-30": "893.80000", "2005-03-31": "852.60000"}, "Operating Income": {"2020-09-30": "194.49990", "2020-06-30": "186.00000", "2020-03-31": "186.80000", "2019-12-31": "205.00010", "2019-09-30": "154.00000", "2019-06-30": "78.39990", "2019-03-31": "141.10000", "2018-12-31": "165.40010", "2018-09-30": "163.20000", "2018-06-30": "160.20000", "2018-03-31": "167.50000", "2017-12-31": "158.29970", "2017-09-30": "143.50010", "2017-06-30": "138.40010", "2017-03-31": "131.10000", "2016-12-31": "166.29960", "2016-09-30": "167.10000", "2016-06-30": "147.60000", "2016-03-31": "147.90010", "2015-12-31": "50.59990", "2015-09-30": "176.19980", "2015-06-30": "207.00000", "2015-03-31": "183.60010", "2014-12-31": "143.70000", "2014-09-30": "184.49990", "2014-06-30": "171.90000", "2014-03-31": "153.50000", "2013-12-31": "175.10010", "2013-09-30": "136.30000", "2013-06-30": "165.79990", "2013-03-31": "127.39990", "2012-12-31": "-429.99990", "2012-09-30": "-1191.00000", "2012-06-30": "108.39990", "2012-03-31": "83.10000", "2011-12-31": "38.79980", "2011-09-30": "129.89990", "2011-06-30": "129.10000", "2011-03-31": "123.00000", "2010-12-31": "134.80000", "2010-09-30": "147.10000", "2010-06-30": "129.19990", "2010-03-31": "123.90000", "2009-12-31": "124.09990", "2009-09-30": "130.20000", "2009-06-30": "118.10000", "2009-03-31": "119.90000", "2008-12-31": "114.20010", "2008-09-30": "39.20000", "2008-06-30": "126.40000", "2008-03-31": "116.70010", "2007-12-31": "145.20000", "2007-09-30": "134.10010", "2007-06-30": "134.10000", "2007-03-31": "135.89990", "2006-12-31": "151.50040", "2006-09-30": "139.80000", "2006-06-30": "118.90000", "2006-03-31": "115.90000", "2005-12-31": "135.70030", "2005-09-30": "131.30000", "2005-06-30": "126.20000", "2005-03-31": "117.20000"}, "Total Non-Operating Income/Expense": {"2020-09-30": "-45.30000", "2020-06-30": "-41.10000", "2020-03-31": "-39.60000", "2019-12-31": "-69.50000", "2019-09-30": "-51.70000", "2019-06-30": "-40.60000", "2019-03-31": "-46.40000", "2018-12-31": "-46.90000", "2018-09-30": "-54.20000", "2018-06-30": "-43.40000", "2018-03-31": "-54.00000", "2017-12-31": "-39.30000", "2017-09-30": "-37.30000", "2017-06-30": "-53.00000", "2017-03-31": "-48.40000", "2016-12-31": "-43.40000", "2016-09-30": "-49.20000", "2016-06-30": "-93.00000", "2016-03-31": "-55.40000", "2015-12-31": "-59.40000", "2015-09-30": "-50.20000", "2015-06-30": "-164.10000", "2015-03-31": "-52.30000", "2014-12-31": "-148.10000", "2014-09-30": "-87.00000", "2014-06-30": "-78.90000", "2014-03-31": "-72.40000", "2013-12-31": "-104.90000", "2013-09-30": "-90.00000", "2013-06-30": "-93.60000", "2013-03-31": "-135.90000", "2012-12-31": "-131.60000", "2012-09-30": "-95.30000", "2012-06-30": "-126.60000", "2012-03-31": "-101.40000", "2011-12-31": "-121.60000", "2011-09-30": "-29.80000", "2011-06-30": "-38.90000", "2011-03-31": "-41.10000", "2010-12-31": "-75.70000", "2010-09-30": "-41.60000", "2010-06-30": "-36.40000", "2010-03-31": "-37.90000", "2009-12-31": "-37.00000", "2009-09-30": "-50.90000", "2009-06-30": "-36.20000", "2009-03-31": "-38.30000", "2008-12-31": "-60.90000", "2008-09-30": "-35.70000", "2008-06-30": "-42.40000", "2008-03-31": "-35.20000", "2007-12-31": "-42.20000", "2007-09-30": "-28.70000", "2007-06-30": "-26.60000", "2007-03-31": "4.20000", "2006-12-31": "-29.70000", "2006-09-30": "-28.50000", "2006-06-30": "-33.90000", "2006-03-31": "-33.90000", "2005-12-31": "-32.90000", "2005-09-30": "-35.10000", "2005-06-30": "-32.20000", "2005-03-31": "-33.60000"}, "Pre-Tax Income": {"2020-09-30": "149.20000", "2020-06-30": "144.90000", "2020-03-31": "147.20000", "2019-12-31": "135.50000", "2019-09-30": "102.30000", "2019-06-30": "37.80000", "2019-03-31": "94.70000", "2018-12-31": "118.50000", "2018-09-30": "109.00000", "2018-06-30": "116.80000", "2018-03-31": "113.50000", "2017-12-31": "119.00000", "2017-09-30": "106.20000", "2017-06-30": "85.40000", "2017-03-31": "82.70000", "2016-12-31": "122.90000", "2016-09-30": "117.90000", "2016-06-30": "54.60000", "2016-03-31": "92.50000", "2015-12-31": "-8.80000", "2015-09-30": "126.00000", "2015-06-30": "42.90000", "2015-03-31": "131.30000", "2014-12-31": "-4.40000", "2014-09-30": "97.50000", "2014-06-30": "93.00000", "2014-03-31": "81.10000", "2013-12-31": "70.20000", "2013-09-30": "46.30000", "2013-06-30": "72.20000", "2013-03-31": "-8.50000", "2012-12-31": "-561.60000", "2012-09-30": "-1286.30000", "2012-06-30": "-18.20000", "2012-03-31": "-18.30000", "2011-12-31": "-82.80000", "2011-09-30": "100.10000", "2011-06-30": "90.20000", "2011-03-31": "81.90000", "2010-12-31": "59.10000", "2010-09-30": "105.50000", "2010-06-30": "92.80000", "2010-03-31": "86.00000", "2009-12-31": "87.10000", "2009-09-30": "79.30000", "2009-06-30": "81.90000", "2009-03-31": "81.60000", "2008-12-31": "53.30000", "2008-09-30": "3.50000", "2008-06-30": "84.00000", "2008-03-31": "81.50000", "2007-12-31": "103.00000", "2007-09-30": "105.40000", "2007-06-30": "107.50000", "2007-03-31": "140.10000", "2006-12-31": "121.80000", "2006-09-30": "111.30000", "2006-06-30": "85.00000", "2006-03-31": "82.00000", "2005-12-31": "102.80000", "2005-09-30": "96.20000", "2005-06-30": "94.00000", "2005-03-31": "83.60000"}, "Income Taxes": {"2020-09-30": "17.40000", "2020-06-30": "44.60000", "2020-03-31": "32.70000", "2019-12-31": "11.10000", "2019-09-30": "22.80000", "2019-06-30": "12.30000", "2019-03-31": "30.40000", "2018-12-31": "-80.90000", "2018-09-30": "33.40000", "2018-06-30": "33.50000", "2018-03-31": "321.50000", "2017-12-31": "94.00000", "2017-09-30": "43.70000", "2017-06-30": "56.40000", "2017-03-31": "136.40000", "2016-12-31": "-29.10000", "2016-09-30": "54.10000", "2016-06-30": "53.00000", "2016-03-31": "17.60000", "2015-12-31": "44.30000", "2015-09-30": "39.40000", "2015-06-30": "14.80000", "2015-03-31": "34.10000", "2014-12-31": "-70.70000", "2014-09-30": "36.70000", "2014-06-30": "32.90000", "2014-03-31": "10.20000", "2013-12-31": "65.00000", "2013-09-30": "11.20000", "2013-06-30": "17.90000", "2013-03-31": "-9.20000", "2012-12-31": "-210.00000", "2012-09-30": "-48.00000", "2012-06-30": "2.50000", "2012-03-31": "-9.90000", "2011-12-31": "-17.10000", "2011-09-30": "26.40000", "2011-06-30": "25.20000", "2011-03-31": "22.20000", "2010-12-31": "7.90000", "2010-09-30": "29.00000", "2010-06-30": "25.80000", "2010-03-31": "24.80000", "2009-12-31": "22.00000", "2009-09-30": "18.70000", "2009-06-30": "21.40000", "2009-03-31": "23.50000", "2008-12-31": "6.00000", "2008-09-30": "-5.70000", "2008-06-30": "21.40000", "2008-03-31": "20.70000", "2007-12-31": "23.30000", "2007-09-30": "33.00000", "2007-06-30": "33.60000", "2007-03-31": "13.10000", "2006-12-31": "38.50000", "2006-09-30": "34.10000", "2006-06-30": "27.20000", "2006-03-31": "26.20000", "2005-12-31": "29.70000", "2005-09-30": "32.00000", "2005-06-30": "31.30000", "2005-03-31": "27.80000"}, "Income After Taxes": {"2020-09-30": "131.80000", "2020-06-30": "100.30000", "2020-03-31": "114.50000", "2019-12-31": "124.40000", "2019-09-30": "79.50000", "2019-06-30": "25.50000", "2019-03-31": "64.30000", "2018-12-31": "199.40000", "2018-09-30": "75.60000", "2018-06-30": "83.30000", "2018-03-31": "-208.00000", "2017-12-31": "25.00000", "2017-09-30": "62.50000", "2017-06-30": "29.00000", "2017-03-31": "-53.70000", "2016-12-31": "152.00000", "2016-09-30": "63.80000", "2016-06-30": "1.60000", "2016-03-31": "74.90000", "2015-12-31": "-53.10000", "2015-09-30": "86.60000", "2015-06-30": "28.10000", "2015-03-31": "97.20000", "2014-12-31": "66.30000", "2014-09-30": "60.80000", "2014-06-30": "60.10000", "2014-03-31": "70.90000", "2013-12-31": "5.20000", "2013-09-30": "35.10000", "2013-06-30": "54.30000", "2013-03-31": "0.70000", "2012-12-31": "-351.59990", "2012-09-30": "-1238.30000", "2012-06-30": "-20.70000", "2012-03-31": "-8.40000", "2011-12-31": "-65.70000", "2011-09-30": "73.70000", "2011-06-30": "65.00000", "2011-03-31": "59.70000", "2010-12-31": "51.20000", "2010-09-30": "76.50000", "2010-06-30": "67.00000", "2010-03-31": "61.20000", "2009-12-31": "65.10000", "2009-09-30": "60.60000", "2009-06-30": "60.50000", "2009-03-31": "58.10000", "2008-12-31": "47.30000", "2008-09-30": "9.20000", "2008-06-30": "62.60000", "2008-03-31": "60.80000", "2007-12-31": "79.70000", "2007-09-30": "72.40000", "2007-06-30": "73.90000", "2007-03-31": "127.00000", "2006-12-31": "83.30000", "2006-09-30": "77.20000", "2006-06-30": "57.80000", "2006-03-31": "55.80000", "2005-12-31": "73.10000", "2005-09-30": "64.20000", "2005-06-30": "62.70000", "2005-03-31": "55.80000"}, "Other Income": {"2020-09-30": "", "2020-06-30": "", "2020-03-31": "", "2019-12-31": "", "2019-09-30": "", "2019-06-30": "", "2019-03-31": "", "2018-12-31": "", "2018-09-30": "", "2018-06-30": "", "2018-03-31": "", "2017-12-31": "", "2017-09-30": "", "2017-06-30": "", "2017-03-31": "", "2016-12-31": "", "2016-09-30": "", "2016-06-30": "", "2016-03-31": "", "2015-12-31": "", "2015-09-30": "", "2015-06-30": "", "2015-03-31": "", "2014-12-31": "", "2014-09-30": "", "2014-06-30": "", "2014-03-31": "", "2013-12-31": "", "2013-09-30": "", "2013-06-30": "", "2013-03-31": "", "2012-12-31": "", "2012-09-30": "", "2012-06-30": "", "2012-03-31": "", "2011-12-31": "", "2011-09-30": "", "2011-06-30": "", "2011-03-31": "", "2010-12-31": "", "2010-09-30": "", "2010-06-30": "", "2010-03-31": "", "2009-12-31": "", "2009-09-30": "", "2009-06-30": "", "2009-03-31": "", "2008-12-31": "", "2008-09-30": "", "2008-06-30": "", "2008-03-31": "", "2007-12-31": "", "2007-09-30": "", "2007-06-30": "", "2007-03-31": "", "2006-12-31": "", "2006-09-30": "", "2006-06-30": "", "2006-03-31": "", "2005-12-31": "", "2005-09-30": "", "2005-06-30": "", "2005-03-31": ""}, "Income From Continuous Operations": {"2020-09-30": "131.80000", "2020-06-30": "100.30000", "2020-03-31": "114.50000", "2019-12-31": "124.40000", "2019-09-30": "79.50000", "2019-06-30": "25.50000", "2019-03-31": "64.30000", "2018-12-31": "199.40000", "2018-09-30": "75.60000", "2018-06-30": "83.30000", "2018-03-31": "-208.00000", "2017-12-31": "25.00000", "2017-09-30": "62.50000", "2017-06-30": "29.00000", "2017-03-31": "-53.70000", "2016-12-31": "152.00000", "2016-09-30": "63.80000", "2016-06-30": "1.60000", "2016-03-31": "74.90000", "2015-12-31": "-53.10000", "2015-09-30": "86.60000", "2015-06-30": "28.10000", "2015-03-31": "97.20000", "2014-12-31": "66.30000", "2014-09-30": "60.80000", "2014-06-30": "60.10000", "2014-03-31": "70.90000", "2013-12-31": "5.20000", "2013-09-30": "35.10000", "2013-06-30": "54.30000", "2013-03-31": "0.70000", "2012-12-31": "-351.59990", "2012-09-30": "-1238.30000", "2012-06-30": "-20.70000", "2012-03-31": "-8.40000", "2011-12-31": "-65.70000", "2011-09-30": "73.70000", "2011-06-30": "65.00000", "2011-03-31": "59.70000", "2010-12-31": "51.20000", "2010-09-30": "76.50000", "2010-06-30": "67.00000", "2010-03-31": "61.20000", "2009-12-31": "65.10000", "2009-09-30": "60.60000", "2009-06-30": "60.50000", "2009-03-31": "58.10000", "2008-12-31": "47.30000", "2008-09-30": "9.20000", "2008-06-30": "62.60000", "2008-03-31": "60.80000", "2007-12-31": "79.70000", "2007-09-30": "72.40000", "2007-06-30": "73.90000", "2007-03-31": "127.00000", "2006-12-31": "83.30000", "2006-09-30": "77.20000", "2006-06-30": "57.80000", "2006-03-31": "55.80000", "2005-12-31": "73.10000", "2005-09-30": "64.20000", "2005-06-30": "62.70000", "2005-03-31": "55.80000"}, "Income From Discontinued Operations": {"2020-09-30": "2.20000", "2020-06-30": "-0.20000", "2020-03-31": "12.10000", "2019-12-31": "-20.10000", "2019-09-30": "-11.50000", "2019-06-30": "7.70000", "2019-03-31": "-6.80000", "2018-12-31": "0.90000", "2018-09-30": "3.40000", "2018-06-30": "31.10000", "2018-03-31": "7.40000", "2017-12-31": "-58.50000", "2017-09-30": "725.00000", "2017-06-30": "75.10000", "2017-03-31": "10.50000", "2016-12-31": "19.10000", "2016-09-30": "99.50000", "2016-06-30": "48.00000", "2016-03-31": "27.50000", "2015-12-31": "", "2015-09-30": "", "2015-06-30": "", "2015-03-31": "", "2014-12-31": "", "2014-09-30": "", "2014-06-30": "", "2014-03-31": "", "2013-12-31": "24.00000", "2013-09-30": "2.50000", "2013-06-30": "2.00000", "2013-03-31": "2.00000", "2012-12-31": "192.30000", "2012-09-30": "5.90000", "2012-06-30": "7.00000", "2012-03-31": "2.40000", "2011-12-31": "", "2011-09-30": "", "2011-06-30": "", "2011-03-31": "", "2010-12-31": "", "2010-09-30": "", "2010-06-30": "", "2010-03-31": "", "2009-12-31": "", "2009-09-30": "", "2009-06-30": "", "2009-03-31": "", "2008-12-31": "", "2008-09-30": "", "2008-06-30": "", "2008-03-31": "", "2007-12-31": "", "2007-09-30": "", "2007-06-30": "", "2007-03-31": "", "2006-12-31": "", "2006-09-30": "", "2006-06-30": "", "2006-03-31": "", "2005-12-31": "", "2005-09-30": "", "2005-06-30": "", "2005-03-31": ""}, "Net Income": {"2020-09-30": "134.00000", "2020-06-30": "100.10000", "2020-03-31": "126.60000", "2019-12-31": "104.30000", "2019-09-30": "68.00000", "2019-06-30": "33.20000", "2019-03-31": "57.50000", "2018-12-31": "200.30000", "2018-09-30": "79.00000", "2018-06-30": "114.40000", "2018-03-31": "-200.60000", "2017-12-31": "-33.50000", "2017-09-30": "787.50000", "2017-06-30": "104.10000", "2017-03-31": "-43.20000", "2016-12-31": "171.10000", "2016-09-30": "163.30000", "2016-06-30": "49.60000", "2016-03-31": "102.40000", "2015-12-31": "123.50000", "2015-09-30": "86.60000", "2015-06-30": "28.10000", "2015-03-31": "97.20000", "2014-12-31": "66.30000", "2014-09-30": "60.80000", "2014-06-30": "60.10000", "2014-03-31": "70.90000", "2013-12-31": "29.20000", "2013-09-30": "37.60000", "2013-06-30": "56.30000", "2013-03-31": "2.70000", "2012-12-31": "-159.30000", "2012-09-30": "-1232.40000", "2012-06-30": "-13.70000", "2012-03-31": "-6.00000", "2011-12-31": "-49.30000", "2011-09-30": "73.70000", "2011-06-30": "65.00000", "2011-03-31": "59.70000", "2010-12-31": "-29.60000", "2010-09-30": "76.50000", "2010-06-30": "67.00000", "2010-03-31": "61.20000", "2009-12-31": "65.10000", "2009-09-30": "60.60000", "2009-06-30": "60.50000", "2009-03-31": "58.10000", "2008-12-31": "47.30000", "2008-09-30": "9.20000", "2008-06-30": "62.60000", "2008-03-31": "60.80000", "2007-12-31": "79.70000", "2007-09-30": "72.40000", "2007-06-30": "73.90000", "2007-03-31": "127.00000", "2006-12-31": "83.30000", "2006-09-30": "77.20000", "2006-06-30": "57.80000", "2006-03-31": "55.80000", "2005-12-31": "73.10000", "2005-09-30": "64.20000", "2005-06-30": "62.70000", "2005-03-31": "55.80000"}, "EBITDA": {"2020-09-30": "238.29990", "2020-06-30": "228.80000", "2020-03-31": "229.90010", "2019-12-31": "248.50010", "2019-09-30": "195.30000", "2019-06-30": "111.69990", "2019-03-31": "173.80000", "2018-12-31": "198.20010", "2018-09-30": "195.90000", "2018-06-30": "193.09990", "2018-03-31": "200.30000", "2017-12-31": "193.19970", "2017-09-30": "175.40010", "2017-06-30": "168.10010", "2017-03-31": "183.90000", "2016-12-31": "219.09960", "2016-09-30": "221.70000", "2016-06-30": "205.10000", "2016-03-31": "197.00010", "2015-12-31": "101.89990", "2015-09-30": "228.99980", "2015-06-30": "261.40000", "2015-03-31": "238.40010", "2014-12-31": "205.40000", "2014-09-30": "247.29990", "2014-06-30": "243.40000", "2014-03-31": "224.20000", "2013-12-31": "232.60010", "2013-09-30": "206.00010", "2013-06-30": "245.79990", "2013-03-31": "203.59990", "2012-12-31": "197.70010", "2012-09-30": "222.60010", "2012-06-30": "191.09990", "2012-03-31": "166.60000", "2011-12-31": "116.29980", "2011-09-30": "166.79990", "2011-06-30": "166.10000", "2011-03-31": "159.20000", "2010-12-31": "175.90000", "2010-09-30": "185.00000", "2010-06-30": "166.49990", "2010-03-31": "164.00000", "2009-12-31": "164.29990", "2009-09-30": "170.50000", "2009-06-30": "154.40000", "2009-03-31": "158.60000", "2008-12-31": "138.90010", "2008-09-30": "82.50000", "2008-06-30": "169.90000", "2008-03-31": "161.80010", "2007-12-31": "172.79990", "2007-09-30": "176.20010", "2007-06-30": "176.10000", "2007-03-31": "177.09990", "2006-12-31": "194.60040", "2006-09-30": "181.70000", "2006-06-30": "162.60000", "2006-03-31": "158.00000", "2005-12-31": "180.90030", "2005-09-30": "174.30000", "2005-06-30": "170.80000", "2005-03-31": "162.20000"}, "EBIT": {"2020-09-30": "194.49990", "2020-06-30": "186.00000", "2020-03-31": "186.80000", "2019-12-31": "205.00010", "2019-09-30": "154.00000", "2019-06-30": "78.39990", "2019-03-31": "141.10000", "2018-12-31": "165.40010", "2018-09-30": "163.20000", "2018-06-30": "160.20000", "2018-03-31": "167.50000", "2017-12-31": "158.29960", "2017-09-30": "143.50010", "2017-06-30": "138.40010", "2017-03-31": "131.10000", "2016-12-31": "166.29960", "2016-09-30": "167.10000", "2016-06-30": "147.60000", "2016-03-31": "147.90010", "2015-12-31": "50.59970", "2015-09-30": "176.19980", "2015-06-30": "207.00000", "2015-03-31": "183.60010", "2014-12-31": "143.70020", "2014-09-30": "184.49990", "2014-06-30": "171.90000", "2014-03-31": "153.50000", "2013-12-31": "175.10020", "2013-09-30": "136.30000", "2013-06-30": "165.79990", "2013-03-31": "127.39990", "2012-12-31": "-429.99990", "2012-09-30": "-1191.00000", "2012-06-30": "108.39990", "2012-03-31": "83.10000", "2011-12-31": "38.79990", "2011-09-30": "129.89990", "2011-06-30": "129.10000", "2011-03-31": "123.00000", "2010-12-31": "134.80010", "2010-09-30": "147.10000", "2010-06-30": "129.19990", "2010-03-31": "123.90000", "2009-12-31": "124.09980", "2009-09-30": "130.20000", "2009-06-30": "118.10000", "2009-03-31": "119.90000", "2008-12-31": "114.20000", "2008-09-30": "39.20000", "2008-06-30": "126.40000", "2008-03-31": "116.70010", "2007-12-31": "145.19980", "2007-09-30": "134.10010", "2007-06-30": "134.10000", "2007-03-31": "135.89990", "2006-12-31": "151.50010", "2006-09-30": "139.80000", "2006-06-30": "118.90000", "2006-03-31": "115.90000", "2005-12-31": "135.70010", "2005-09-30": "131.30000", "2005-06-30": "126.20000", "2005-03-31": "117.20000"}, "Basic Shares Outstanding": {"2020-09-30": "155.50000", "2020-06-30": "155.60000", "2020-03-31": "154.50000", "2019-12-31": "154.30000", "2019-09-30": "154.00000", "2019-06-30": "154.50000", "2019-03-31": "154.80000", "2018-12-31": "159.40000", "2018-09-30": "157.20000", "2018-06-30": "159.70000", "2018-03-31": "165.30000", "2017-12-31": "186.90000", "2017-09-30": "186.90000", "2017-06-30": "192.50000", "2017-03-31": "193.40000", "2016-12-31": "194.30000", "2016-09-30": "194.10000", "2016-06-30": "195.60000", "2016-03-31": "195.20000", "2015-12-31": "203.90000", "2015-09-30": "202.90000", "2015-06-30": "208.50000", "2015-03-31": "208.90000", "2014-12-31": "210.00000", "2014-09-30": "210.40000", "2014-06-30": "213.50000", "2014-03-31": "206.70000", "2013-12-31": "194.60000", "2013-09-30": "194.90000", "2013-06-30": "194.80000", "2013-03-31": "193.80000", "2012-12-31": "192.80000", "2012-09-30": "193.20000", "2012-06-30": "193.00000", "2012-03-31": "191.90000", "2011-12-31": "167.00000", "2011-09-30": "159.30000", "2011-06-30": "159.20000", "2011-03-31": "158.70000", "2010-12-31": "158.30000", "2010-09-30": "158.30000", "2010-06-30": "158.30000", "2010-03-31": "157.80000", "2009-12-31": "157.20000", "2009-09-30": "157.40000", "2009-06-30": "157.30000", "2009-03-31": "156.70000", "2008-12-31": "157.60000", "2008-09-30": "156.40000", "2008-06-30": "158.00000", "2008-03-31": "159.70000", "2007-12-31": "160.00000", "2007-09-30": "159.90000", "2007-06-30": "160.00000", "2007-03-31": "159.90000", "2006-12-31": "160.80000", "2006-09-30": "160.40000", "2006-06-30": "161.50000", "2006-03-31": "163.00000", "2005-12-31": "163.90000", "2005-09-30": "165.60000", "2005-06-30": "166.60000", "2005-03-31": "167.40000"}, "Shares Outstanding": {"2020-09-30": "156.10000", "2020-06-30": "155.90000", "2020-03-31": "154.80000", "2019-12-31": "155.20000", "2019-09-30": "154.80000", "2019-06-30": "155.30000", "2019-03-31": "155.40000", "2018-12-31": "160.20000", "2018-09-30": "158.00000", "2018-06-30": "160.60000", "2018-03-31": "165.30000", "2017-12-31": "188.90000", "2017-09-30": "188.90000", "2017-06-30": "194.80000", "2017-03-31": "195.70000", "2016-12-31": "197.20000", "2016-09-30": "196.70000", "2016-06-30": "198.40000", "2016-03-31": "197.50000", "2015-12-31": "206.70000", "2015-09-30": "205.80000", "2015-06-30": "211.30000", "2015-03-31": "211.70000", "2014-12-31": "213.90000", "2014-09-30": "213.50000", "2014-06-30": "215.50000", "2014-03-31": "215.10000", "2013-12-31": "214.20000", "2013-09-30": "215.30000", "2013-06-30": "213.60000", "2013-03-31": "212.70000", "2012-12-31": "192.80000", "2012-09-30": "193.20000", "2012-06-30": "193.00000", "2012-03-31": "191.90000", "2011-12-31": "185.40000", "2011-09-30": "177.90000", "2011-06-30": "177.50000", "2011-03-31": "176.90000", "2010-12-31": "176.70000", "2010-09-30": "176.70000", "2010-06-30": "176.50000", "2010-03-31": "176.10000", "2009-12-31": "182.60000", "2009-09-30": "178.30000", "2009-06-30": "188.60000", "2009-03-31": "187.90000", "2008-12-31": "188.60000", "2008-09-30": "174.60000", "2008-06-30": "189.00000", "2008-03-31": "190.50000", "2007-12-31": "190.60000", "2007-09-30": "191.30000", "2007-06-30": "191.30000", "2007-03-31": "191.20000", "2006-12-31": "192.00000", "2006-09-30": "191.60000", "2006-06-30": "192.80000", "2006-03-31": "193.40000", "2005-12-31": "195.10000", "2005-09-30": "196.00000", "2005-06-30": "197.00000", "2005-03-31": "197.80000"}, "Basic EPS": {"2020-09-30": "0.86000", "2020-06-30": "0.64000", "2020-03-31": "0.82000", "2019-12-31": "0.67000", "2019-09-30": "0.44000", "2019-06-30": "0.22000", "2019-03-31": "0.37000", "2018-12-31": "1.21000", "2018-09-30": "0.50000", "2018-06-30": "0.71000", "2018-03-31": "-1.21000", "2017-12-31": "-0.17000", "2017-09-30": "4.19000", "2017-06-30": "0.53000", "2017-03-31": "-0.22000", "2016-12-31": "0.89000", "2016-09-30": "0.84000", "2016-06-30": "0.25000", "2016-03-31": "0.51000", "2015-12-31": "0.61000", "2015-09-30": "0.43000", "2015-06-30": "0.13000", "2015-03-31": "0.46000", "2014-12-31": "0.31000", "2014-09-30": "0.29000", "2014-06-30": "0.28000", "2014-03-31": "0.34000", "2013-12-31": "0.16000", "2013-09-30": "0.19000", "2013-06-30": "0.29000", "2013-03-31": "0.01000", "2012-12-31": "-0.84000", "2012-09-30": "-6.38000", "2012-06-30": "-0.07000", "2012-03-31": "-0.03000", "2011-12-31": "-0.35000", "2011-09-30": "0.46000", "2011-06-30": "0.41000", "2011-03-31": "0.37000", "2010-12-31": "0.33000", "2010-09-30": "0.48000", "2010-06-30": "0.42000", "2010-03-31": "0.38000", "2009-12-31": "0.41000", "2009-09-30": "0.38000", "2009-06-30": "0.38000", "2009-03-31": "0.37000", "2008-12-31": "0.30000", "2008-09-30": "0.06000", "2008-06-30": "0.39000", "2008-03-31": "0.38000", "2007-12-31": "0.49000", "2007-09-30": "0.45000", "2007-06-30": "0.46000", "2007-03-31": "0.79000", "2006-12-31": "0.52000", "2006-09-30": "0.48000", "2006-06-30": "0.36000", "2006-03-31": "0.34000", "2005-12-31": "0.46000", "2005-09-30": "0.39000", "2005-06-30": "0.37500", "2005-03-31": "0.33500"}, "EPS - Earnings Per Share": {"2020-09-30": "0.86000", "2020-06-30": "0.64000", "2020-03-31": "0.82000", "2019-12-31": "0.67000", "2019-09-30": "0.44000", "2019-06-30": "0.21000", "2019-03-31": "0.37000", "2018-12-31": "1.20000", "2018-09-30": "0.50000", "2018-06-30": "0.71000", "2018-03-31": "-1.21000", "2017-12-31": "-0.16000", "2017-09-30": "4.15000", "2017-06-30": "0.52000", "2017-03-31": "-0.22000", "2016-12-31": "0.87000", "2016-09-30": "0.83000", "2016-06-30": "0.25000", "2016-03-31": "0.51000", "2015-12-31": "0.61000", "2015-09-30": "0.42000", "2015-06-30": "0.13000", "2015-03-31": "0.46000", "2014-12-31": "0.31000", "2014-09-30": "0.28000", "2014-06-30": "0.28000", "2014-03-31": "0.33000", "2013-12-31": "0.13000", "2013-09-30": "0.18000", "2013-06-30": "0.26000", "2013-03-31": "0.01000", "2012-12-31": "-0.84000", "2012-09-30": "-6.38000", "2012-06-30": "-0.07000", "2012-03-31": "-0.03000", "2011-12-31": "-0.32000", "2011-09-30": "0.41000", "2011-06-30": "0.37000", "2011-03-31": "0.34000", "2010-12-31": "0.28000", "2010-09-30": "0.43000", "2010-06-30": "0.38000", "2010-03-31": "0.35000", "2009-12-31": "0.36000", "2009-09-30": "0.34000", "2009-06-30": "0.33000", "2009-03-31": "0.32000", "2008-12-31": "0.27000", "2008-09-30": "0.05000", "2008-06-30": "0.34000", "2008-03-31": "0.33000", "2007-12-31": "0.42000", "2007-09-30": "0.39000", "2007-06-30": "0.40000", "2007-03-31": "0.67000", "2006-12-31": "0.45000", "2006-09-30": "0.41000", "2006-06-30": "0.31000", "2006-03-31": "0.30000", "2005-12-31": "0.39000", "2005-09-30": "0.34000", "2005-06-30": "0.33000", "2005-03-31": "0.29000"}}, "balance sheet": {"Cash On Hand": {"2019-12-31": "262.40000", "2018-12-31": "271.70000", "2017-12-31": "594.00000", "2016-12-31": "333.70000", "2015-12-31": "351.70000", "2014-12-31": "286.40000", "2013-12-31": "992.40000", "2012-12-31": "679.60000", "2011-12-31": "703.60000", "2010-12-31": "675.60000", "2009-12-31": "694.50000", "2008-12-31": "128.90000", "2007-12-31": "430.30000", "2006-12-31": "407.00000", "2005-12-31": "499.90000"}, "Receivables": {"2019-12-31": "669.60000", "2018-12-31": "613.10000", "2017-12-31": "727.70000", "2016-12-31": "544.70000", "2015-12-31": "912.60000", "2014-12-31": "1405.80000", "2013-12-31": "1274.30000", "2012-12-31": "1313.90000", "2011-12-31": "1314.20000", "2010-12-31": "697.10000", "2009-12-31": "666.70000", "2008-12-31": "682.80000", "2007-12-31": "789.80000", "2006-12-31": "721.30000", "2005-12-31": "674.00000"}, "Inventory": {"2019-12-31": "570.30000", "2018-12-31": "544.90000", "2017-12-31": "506.80000", "2016-12-31": "456.70000", "2015-12-31": "660.80000", "2014-12-31": "688.50000", "2013-12-31": "730.20000", "2012-12-31": "728.90000", "2011-12-31": "777.50000", "2010-12-31": "495.80000", "2009-12-31": "469.40000", "2008-12-31": "564.30000", "2007-12-31": "581.70000", "2006-12-31": "509.40000", "2005-12-31": "409.10000"}, "Pre-Paid Expenses": {"2019-12-31": "58.90000", "2018-12-31": "124.50000", "2017-12-31": "33.90000", "2016-12-31": "54.50000", "2015-12-31": "280.30000", "2014-12-31": "131.50000", "2013-12-31": "84.90000", "2012-12-31": "86.60000", "2011-12-31": "119.70000", "2010-12-31": "25.30000", "2009-12-31": "66.70000", "2008-12-31": "66.20000", "2007-12-31": "21.90000", "2006-12-31": "18.20000", "2005-12-31": "11.40000"}, "Other Current Assets": {"2019-12-31": "2.80000", "2018-12-31": "0.60000", "2017-12-31": "4.00000", "2016-12-31": "825.70000", "2015-12-31": "10.30000", "2014-12-31": "106.40000", "2013-12-31": "", "2012-12-31": "87.30000", "2011-12-31": "279.00000", "2010-12-31": "", "2009-12-31": "", "2008-12-31": "", "2007-12-31": "", "2006-12-31": "", "2005-12-31": ""}, "Total Current Assets": {"2019-12-31": "1564.00000", "2018-12-31": "1554.80000", "2017-12-31": "1866.40000", "2016-12-31": "2215.30000", "2015-12-31": "2215.70000", "2014-12-31": "2618.60000", "2013-12-31": "3459.50000", "2012-12-31": "3289.30000", "2011-12-31": "3350.20000", "2010-12-31": "2040.00000", "2009-12-31": "2073.40000", "2008-12-31": "1672.70000", "2007-12-31": "1936.10000", "2006-12-31": "1756.70000", "2005-12-31": "1695.40000"}, "Property, Plant, And Equipment": {"2019-12-31": "1141.90000", "2018-12-31": "1036.20000", "2017-12-31": "998.40000", "2016-12-31": "889.60000", "2015-12-31": "945.70000", "2014-12-31": "943.00000", "2013-12-31": "1134.50000", "2012-12-31": "1194.20000", "2011-12-31": "1269.20000", "2010-12-31": "948.30000", "2009-12-31": "1010.70000", "2008-12-31": "1051.40000", "2007-12-31": "1080.10000", "2006-12-31": "970.10000", "2005-12-31": "911.20000"}, "Long-Term Investments": {"2019-12-31": "", "2018-12-31": "", "2017-12-31": "", "2016-12-31": "", "2015-12-31": "", "2014-12-31": "", "2013-12-31": "", "2012-12-31": "", "2011-12-31": "", "2010-12-31": "", "2009-12-31": "", "2008-12-31": "", "2007-12-31": "40.80000", "2006-12-31": "", "2005-12-31": ""}, "Goodwill And Intangible Assets": {"2019-12-31": "2399.00000", "2018-12-31": "2049.30000", "2017-12-31": "2023.40000", "2016-12-31": "1923.00000", "2015-12-31": "3693.80000", "2014-12-31": "3869.10000", "2013-12-31": "4131.50000", "2012-12-31": "4282.80000", "2011-12-31": "6245.30000", "2010-12-31": "2023.90000", "2009-12-31": "1948.70000", "2008-12-31": "1938.10000", "2007-12-31": "1969.70000", "2006-12-31": "1957.10000", "2005-12-31": "1908.80000"}, "Other Long-Term Assets": {"2019-12-31": "331.60000", "2018-12-31": "239.40000", "2017-12-31": "215.90000", "2016-12-31": "2190.50000", "2015-12-31": "345.10000", "2014-12-31": "399.60000", "2013-12-31": "387.40000", "2012-12-31": "415.10000", "2011-12-31": "455.00000", "2010-12-31": "207.60000", "2009-12-31": "241.30000", "2008-12-31": "239.70000", "2007-12-31": "248.40000", "2006-12-31": "161.60000", "2005-12-31": "218.40000"}, "Total Long-Term Assets": {"2019-12-31": "4201.20000", "2018-12-31": "3495.40000", "2017-12-31": "3413.90000", "2016-12-31": "5200.20000", "2015-12-31": "5189.30000", "2014-12-31": "5334.60000", "2013-12-31": "5716.50000", "2012-12-31": "6042.40000", "2011-12-31": "8081.80000", "2010-12-31": "3359.40000", "2009-12-31": "3346.70000", "2008-12-31": "3313.30000", "2007-12-31": "3502.20000", "2006-12-31": "3264.20000", "2005-12-31": "3168.80000"}, "Total Assets": {"2019-12-31": "5765.20000", "2018-12-31": "5050.20000", "2017-12-31": "5280.30000", "2016-12-31": "7415.50000", "2015-12-31": "7405.00000", "2014-12-31": "7953.20000", "2013-12-31": "9176.00000", "2012-12-31": "9331.70000", "2011-12-31": "11432.00000", "2010-12-31": "5399.40000", "2009-12-31": "5420.10000", "2008-12-31": "4986.00000", "2007-12-31": "5438.30000", "2006-12-31": "5020.90000", "2005-12-31": "4864.20000"}, "Total Current Liabilities": {"2019-12-31": "1436.20000", "2018-12-31": "1488.60000", "2017-12-31": "1378.20000", "2016-12-31": "2119.00000", "2015-12-31": "1807.10000", "2014-12-31": "1727.20000", "2013-12-31": "2700.80000", "2012-12-31": "2335.00000", "2011-12-31": "2506.20000", "2010-12-31": "1447.70000", "2009-12-31": "1433.80000", "2008-12-31": "1622.20000", "2007-12-31": "1741.60000", "2006-12-31": "1406.10000", "2005-12-31": "1533.50000"}, "Long Term Debt": {"2019-12-31": "3698.60000", "2018-12-31": "3236.50000", "2017-12-31": "3230.50000", "2016-12-31": "3762.60000", "2015-12-31": "4266.80000", "2014-12-31": "4282.00000", "2013-12-31": "4116.40000", "2012-12-31": "4540.80000", "2011-12-31": "4966.70000", "2010-12-31": "1399.20000", "2009-12-31": "1626.30000", "2008-12-31": "1289.90000", "2007-12-31": "1531.60000", "2006-12-31": "1826.60000", "2005-12-31": "1813.00000"}, "Other Non-Current Liabilities": {"2019-12-31": "730.20000", "2018-12-31": "653.30000", "2017-12-31": "490.80000", "2016-12-31": "919.30000", "2015-12-31": "729.00000", "2014-12-31": "704.10000", "2013-12-31": "647.90000", "2012-12-31": "644.90000", "2011-12-31": "567.00000", "2010-12-31": "142.90000", "2009-12-31": "153.30000", "2008-12-31": "142.50000", "2007-12-31": "135.60000", "2006-12-31": "125.80000", "2005-12-31": "101.70000"}, "Total Long Term Liabilities": {"2019-12-31": "4525.20000", "2018-12-31": "3910.20000", "2017-12-31": "3749.80000", "2016-12-31": "4686.80000", "2015-12-31": "5070.80000", "2014-12-31": "5063.20000", "2013-12-31": "5058.90000", "2012-12-31": "5552.40000", "2011-12-31": "5973.40000", "2010-12-31": "1550.10000", "2009-12-31": "1786.00000", "2008-12-31": "1438.20000", "2007-12-31": "1677.10000", "2006-12-31": "1960.00000", "2005-12-31": "1938.60000"}, "Total Liabilities": {"2019-12-31": "5961.40000", "2018-12-31": "5398.80000", "2017-12-31": "5128.00000", "2016-12-31": "6805.80000", "2015-12-31": "6877.90000", "2014-12-31": "6790.40000", "2013-12-31": "7759.70000", "2012-12-31": "7887.40000", "2011-12-31": "8479.60000", "2010-12-31": "2997.80000", "2009-12-31": "3219.80000", "2008-12-31": "3060.40000", "2007-12-31": "3418.70000", "2006-12-31": "3366.10000", "2005-12-31": "3472.10000"}, "Common Stock Net": {"2019-12-31": "23.20000", "2018-12-31": "23.20000", "2017-12-31": "23.00000", "2016-12-31": "22.80000", "2015-12-31": "22.60000", "2014-12-31": "22.50000", "2013-12-31": "22.40000", "2012-12-31": "22.30000", "2011-12-31": "22.10000", "2010-12-31": "18.80000", "2009-12-31": "18.70000", "2008-12-31": "18.60000", "2007-12-31": "18.60000", "2006-12-31": "9.50000", "2005-12-31": "9.50000"}, "Retained Earnings (Accumulated Deficit)": {"2019-12-31": "1998.50000", "2018-12-31": "1835.50000", "2017-12-31": "1735.20000", "2016-12-31": "1040.00000", "2015-12-31": "675.20000", "2014-12-31": "448.50000", "2013-12-31": "302.20000", "2012-12-31": "254.80000", "2011-12-31": "1766.50000", "2010-12-31": "1706.10000", "2009-12-31": "1531.10000", "2008-12-31": "1364.30000", "2007-12-31": "1260.80000", "2006-12-31": "972.40000", "2005-12-31": "715.10000"}, "Comprehensive Income": {"2019-12-31": "-909.00000", "2018-12-31": "-920.40000", "2017-12-31": "-844.90000", "2016-12-31": "-949.10000", "2015-12-31": "-820.00000", "2014-12-31": "-613.80000", "2013-12-31": "", "2012-12-31": "", "2011-12-31": "", "2010-12-31": "", "2009-12-31": "", "2008-12-31": "", "2007-12-31": "", "2006-12-31": "", "2005-12-31": ""}, "Other Share Holders Equity": {"2019-12-31": "", "2018-12-31": "", "2017-12-31": "", "2016-12-31": "", "2015-12-31": "", "2014-12-31": "", "2013-12-31": "-277.40000", "2012-12-31": "-164.90000", "2011-12-31": "-145.10000", "2010-12-31": "-110.30000", "2009-12-31": "-112.70000", "2008-12-31": "-177.60000", "2007-12-31": "-59.00000", "2006-12-31": "-124.80000", "2005-12-31": "-168.20000"}, "Share Holder Equity": {"2019-12-31": "-196.20000", "2018-12-31": "-348.60000", "2017-12-31": "152.30000", "2016-12-31": "609.70000", "2015-12-31": "527.10000", "2014-12-31": "1162.80000", "2013-12-31": "1416.30000", "2012-12-31": "1444.30000", "2011-12-31": "2952.40000", "2010-12-31": "2401.60000", "2009-12-31": "2200.30000", "2008-12-31": "1925.60000", "2007-12-31": "2019.60000", "2006-12-31": "1654.80000", "2005-12-31": "1392.10000"}, "Total Liabilities And Share Holders Equity": {"2019-12-31": "5765.20000", "2018-12-31": "5050.20000", "2017-12-31": "5280.30000", "2016-12-31": "7415.50000", "2015-12-31": "7405.00000", "2014-12-31": "7953.20000", "2013-12-31": "9176.00000", "2012-12-31": "9331.70000", "2011-12-31": "11432.00000", "2010-12-31": "5399.40000", "2009-12-31": "5420.10000", "2008-12-31": "4986.00000", "2007-12-31": "5438.30000", "2006-12-31": "5020.90000", "2005-12-31": "4864.20000"}}, "balance sheet, quarterly": {"Cash On Hand": {"2020-09-30": "316.80000", "2020-06-30": "289.70000", "2020-03-31": "274.60000", "2019-12-31": "262.40000", "2019-09-30": "200.00000", "2019-06-30": "222.20000", "2019-03-31": "236.00000", "2018-12-31": "271.70000", "2018-09-30": "191.30000", "2018-06-30": "180.10000", "2018-03-31": "326.90000", "2017-12-31": "594.00000", "2017-09-30": "1304.70000", "2017-06-30": "243.00000", "2017-03-31": "258.40000", "2016-12-31": "333.70000", "2016-09-30": "332.80000", "2016-06-30": "297.50000", "2016-03-31": "315.70000", "2015-12-31": "351.70000", "2015-09-30": "334.30000", "2015-06-30": "569.20000", "2015-03-31": "536.30000", "2014-12-31": "286.40000", "2014-09-30": "420.70000", "2014-06-30": "356.50000", "2014-03-31": "413.10000", "2013-12-31": "992.40000", "2013-09-30": "776.70000", "2013-06-30": "640.10000", "2013-03-31": "625.80000", "2012-12-31": "679.60000", "2012-09-30": "540.80000", "2012-06-30": "503.90000", "2012-03-31": "538.20000", "2011-12-31": "703.60000", "2011-09-30": "800.30000", "2011-06-30": "705.00000", "2011-03-31": "696.00000", "2010-12-31": "675.60000", "2010-09-30": "761.80000", "2010-06-30": "662.20000", "2010-03-31": "627.50000", "2009-12-31": "694.50000", "2009-09-30": "487.10000", "2009-06-30": "789.20000", "2009-03-31": "426.20000", "2008-12-31": "128.90000", "2008-09-30": "274.40000", "2008-06-30": "267.00000", "2008-03-31": "430.90000", "2007-12-31": "430.30000", "2007-09-30": "419.20000", "2007-06-30": "418.90000", "2007-03-31": "455.80000", "2006-12-31": "407.00000", "2006-09-30": "311.90000", "2006-06-30": "578.80000", "2006-03-31": "480.70000", "2005-12-31": "499.90000", "2005-09-30": "454.00000", "2005-06-30": "455.10000", "2005-03-31": "414.70000"}, "Receivables": {"2020-09-30": "663.80000", "2020-06-30": "600.40000", "2020-03-31": "581.70000", "2019-12-31": "669.60000", "2019-09-30": "571.70000", "2019-06-30": "630.30000", "2019-03-31": "593.40000", "2018-12-31": "613.10000", "2018-09-30": "630.20000", "2018-06-30": "615.40000", "2018-03-31": "577.80000", "2017-12-31": "727.70000", "2017-09-30": "638.90000", "2017-06-30": "403.50000", "2017-03-31": "534.50000", "2016-12-31": "544.70000", "2016-09-30": "948.60000", "2016-06-30": "1017.50000", "2016-03-31": "954.70000", "2015-12-31": "912.60000", "2015-09-30": "1081.60000", "2015-06-30": "1224.30000", "2015-03-31": "1164.20000", "2014-12-31": "1405.80000", "2014-09-30": "1405.30000", "2014-06-30": "1332.10000", "2014-03-31": "1066.20000", "2013-12-31": "1274.30000", "2013-09-30": "1349.70000", "2013-06-30": "1373.40000", "2013-03-31": "1325.30000", "2012-12-31": "1313.90000", "2012-09-30": "1354.50000", "2012-06-30": "1359.90000", "2012-03-31": "1330.60000", "2011-12-31": "1314.20000", "2011-09-30": "717.10000", "2011-06-30": "731.50000", "2011-03-31": "696.10000", "2010-12-31": "697.10000", "2010-09-30": "691.90000", "2010-06-30": "642.80000", "2010-03-31": "641.50000", "2009-12-31": "666.70000", "2009-09-30": "690.50000", "2009-06-30": "677.80000", "2009-03-31": "637.90000", "2008-12-31": "682.80000", "2008-09-30": "689.30000", "2008-06-30": "716.70000", "2008-03-31": "796.20000", "2007-12-31": "789.80000", "2007-09-30": "792.00000", "2007-06-30": "748.10000", "2007-03-31": "704.20000", "2006-12-31": "721.30000", "2006-09-30": "699.10000", "2006-06-30": "673.30000", "2006-03-31": "657.90000", "2005-12-31": "674.00000", "2005-09-30": "669.20000", "2005-06-30": "642.50000", "2005-03-31": "634.20000"}, "Inventory": {"2020-09-30": "630.90000", "2020-06-30": "638.20000", "2020-03-31": "568.20000", "2019-12-31": "570.30000", "2019-09-30": "618.30000", "2019-06-30": "596.10000", "2019-03-31": "597.40000", "2018-12-31": "544.90000", "2018-09-30": "605.40000", "2018-06-30": "580.20000", "2018-03-31": "563.80000", "2017-12-31": "506.80000", "2017-09-30": "547.70000", "2017-06-30": "532.10000", "2017-03-31": "507.00000", "2016-12-31": "456.70000", "2016-09-30": "766.00000", "2016-06-30": "748.00000", "2016-03-31": "736.50000", "2015-12-31": "660.80000", "2015-09-30": "765.50000", "2015-06-30": "765.20000", "2015-03-31": "744.30000", "2014-12-31": "688.50000", "2014-09-30": "765.70000", "2014-06-30": "783.50000", "2014-03-31": "774.00000", "2013-12-31": "730.20000", "2013-09-30": "829.90000", "2013-06-30": "819.40000", "2013-03-31": "803.90000", "2012-12-31": "728.90000", "2012-09-30": "861.00000", "2012-06-30": "883.30000", "2012-03-31": "891.00000", "2011-12-31": "777.50000", "2011-09-30": "575.90000", "2011-06-30": "601.80000", "2011-03-31": "559.00000", "2010-12-31": "495.80000", "2010-09-30": "539.10000", "2010-06-30": "512.40000", "2010-03-31": "502.10000", "2009-12-31": "469.40000", "2009-09-30": "513.20000", "2009-06-30": "529.30000", "2009-03-31": "549.00000", "2008-12-31": "564.30000", "2008-09-30": "635.90000", "2008-06-30": "655.10000", "2008-03-31": "642.40000", "2007-12-31": "581.70000", "2007-09-30": "604.20000", "2007-06-30": "572.60000", "2007-03-31": "545.60000", "2006-12-31": "509.40000", "2006-09-30": "470.60000", "2006-06-30": "440.20000", "2006-03-31": "429.70000", "2005-12-31": "409.10000", "2005-09-30": "434.40000", "2005-06-30": "454.00000", "2005-03-31": "453.60000"}, "Pre-Paid Expenses": {"2020-09-30": "55.20000", "2020-06-30": "103.10000", "2020-03-31": "133.90000", "2019-12-31": "58.90000", "2019-09-30": "201.40000", "2019-06-30": "127.40000", "2019-03-31": "127.80000", "2018-12-31": "124.50000", "2018-09-30": "167.90000", "2018-06-30": "154.60000", "2018-03-31": "195.00000", "2017-12-31": "33.90000", "2017-09-30": "63.60000", "2017-06-30": "251.90000", "2017-03-31": "95.80000", "2016-12-31": "54.50000", "2016-09-30": "321.70000", "2016-06-30": "293.60000", "2016-03-31": "308.70000", "2015-12-31": "280.30000", "2015-09-30": "199.30000", "2015-06-30": "88.30000", "2015-03-31": "92.60000", "2014-12-31": "131.50000", "2014-09-30": "219.20000", "2014-06-30": "314.40000", "2014-03-31": "319.40000", "2013-12-31": "84.90000", "2013-09-30": "95.60000", "2013-06-30": "114.90000", "2013-03-31": "123.20000", "2012-12-31": "86.60000", "2012-09-30": "99.10000", "2012-06-30": "144.00000", "2012-03-31": "97.80000", "2011-12-31": "119.70000", "2011-09-30": "", "2011-06-30": "", "2011-03-31": "", "2010-12-31": "25.30000", "2010-09-30": "", "2010-06-30": "", "2010-03-31": "", "2009-12-31": "66.70000", "2009-09-30": "", "2009-06-30": "", "2009-03-31": "", "2008-12-31": "66.20000", "2008-09-30": "", "2008-06-30": "", "2008-03-31": "", "2007-12-31": "21.90000", "2007-09-30": "", "2007-06-30": "", "2007-03-31": "", "2006-12-31": "18.20000", "2006-09-30": "", "2006-06-30": "", "2006-03-31": "", "2005-12-31": "11.40000", "2005-09-30": "", "2005-06-30": "", "2005-03-31": ""}, "Other Current Assets": {"2020-09-30": "0.70000", "2020-06-30": "0.70000", "2020-03-31": "1.80000", "2019-12-31": "2.80000", "2019-09-30": "", "2019-06-30": "0.60000", "2019-03-31": "0.60000", "2018-12-31": "0.60000", "2018-09-30": "0.60000", "2018-06-30": "0.70000", "2018-03-31": "1.70000", "2017-12-31": "4.00000", "2017-09-30": "20.80000", "2017-06-30": "3016.40000", "2017-03-31": "2891.80000", "2016-12-31": "825.70000", "2016-09-30": "7.00000", "2016-06-30": "3.40000", "2016-03-31": "3.50000", "2015-12-31": "10.30000", "2015-09-30": "5.50000", "2015-06-30": "5.80000", "2015-03-31": "47.30000", "2014-12-31": "106.40000", "2014-09-30": "", "2014-06-30": "", "2014-03-31": "", "2013-12-31": "", "2013-09-30": "", "2013-06-30": "", "2013-03-31": "", "2012-12-31": "87.30000", "2012-09-30": "264.10000", "2012-06-30": "", "2012-03-31": "", "2011-12-31": "279.00000", "2011-09-30": "36.20000", "2011-06-30": "33.90000", "2011-03-31": "28.30000", "2010-12-31": "", "2010-09-30": "38.10000", "2010-06-30": "41.40000", "2010-03-31": "71.10000", "2009-12-31": "", "2009-09-30": "73.40000", "2009-06-30": "305.70000", "2009-03-31": "295.40000", "2008-12-31": "", "2008-09-30": "95.20000", "2008-06-30": "139.20000", "2008-03-31": "145.50000", "2007-12-31": "", "2007-09-30": "123.90000", "2007-06-30": "120.90000", "2007-03-31": "119.50000", "2006-12-31": "", "2006-09-30": "119.50000", "2006-06-30": "121.70000", "2006-03-31": "115.30000", "2005-12-31": "", "2005-09-30": "114.90000", "2005-06-30": "117.90000", "2005-03-31": "117.30000"}, "Total Current Assets": {"2020-09-30": "1667.40000", "2020-06-30": "1632.10000", "2020-03-31": "1560.20000", "2019-12-31": "1564.00000", "2019-09-30": "1591.40000", "2019-06-30": "1576.60000", "2019-03-31": "1555.20000", "2018-12-31": "1554.80000", "2018-09-30": "1595.40000", "2018-06-30": "1531.00000", "2018-03-31": "1665.20000", "2017-12-31": "1866.40000", "2017-09-30": "2575.70000", "2017-06-30": "4446.90000", "2017-03-31": "4287.50000", "2016-12-31": "2215.30000", "2016-09-30": "2376.10000", "2016-06-30": "2360.00000", "2016-03-31": "2319.10000", "2015-12-31": "2215.70000", "2015-09-30": "2485.60000", "2015-06-30": "2745.00000", "2015-03-31": "2676.60000", "2014-12-31": "2618.60000", "2014-09-30": "2912.70000", "2014-06-30": "2887.40000", "2014-03-31": "2670.50000", "2013-12-31": "3459.50000", "2013-09-30": "3434.50000", "2013-06-30": "3332.20000", "2013-03-31": "3276.70000", "2012-12-31": "3289.30000", "2012-09-30": "3481.90000", "2012-06-30": "3039.10000", "2012-03-31": "3010.60000", "2011-12-31": "3350.20000", "2011-09-30": "2290.60000", "2011-06-30": "2207.80000", "2011-03-31": "2122.10000", "2010-12-31": "2040.00000", "2010-09-30": "2219.60000", "2010-06-30": "2056.60000", "2010-03-31": "2036.00000", "2009-12-31": "2073.40000", "2009-09-30": "1943.70000", "2009-06-30": "2302.00000", "2009-03-31": "1908.50000", "2008-12-31": "1672.70000", "2008-09-30": "1694.80000", "2008-06-30": "1778.00000", "2008-03-31": "2015.00000", "2007-12-31": "1936.10000", "2007-09-30": "1939.30000", "2007-06-30": "1860.50000", "2007-03-31": "1825.10000", "2006-12-31": "1756.70000", "2006-09-30": "1601.10000", "2006-06-30": "1814.00000", "2006-03-31": "1683.60000", "2005-12-31": "1695.40000", "2005-09-30": "1672.50000", "2005-06-30": "1669.50000", "2005-03-31": "1619.80000"}, "Property, Plant, And Equipment": {"2020-09-30": "1136.40000", "2020-06-30": "1115.20000", "2020-03-31": "1102.20000", "2019-12-31": "1141.90000", "2019-09-30": "1115.80000", "2019-06-30": "1050.10000", "2019-03-31": "1026.10000", "2018-12-31": "1036.20000", "2018-09-30": "1022.00000", "2018-06-30": "983.70000", "2018-03-31": "1013.60000", "2017-12-31": "998.40000", "2017-09-30": "951.00000", "2017-06-30": "926.70000", "2017-03-31": "910.10000", "2016-12-31": "889.60000", "2016-09-30": "1033.50000", "2016-06-30": "980.00000", "2016-03-31": "954.40000", "2015-12-31": "945.70000", "2015-09-30": "905.90000", "2015-06-30": "928.40000", "2015-03-31": "913.70000", "2014-12-31": "943.00000", "2014-09-30": "1024.30000", "2014-06-30": "1099.70000", "2014-03-31": "1118.40000", "2013-12-31": "1134.50000", "2013-09-30": "1145.40000", "2013-06-30": "1140.10000", "2013-03-31": "1181.40000", "2012-12-31": "1194.20000", "2012-09-30": "1233.90000", "2012-06-30": "1286.80000", "2012-03-31": "1329.80000", "2011-12-31": "1269.20000", "2011-09-30": "915.20000", "2011-06-30": "957.00000", "2011-03-31": "958.30000", "2010-12-31": "948.30000", "2010-09-30": "965.30000", "2010-06-30": "943.30000", "2010-03-31": "979.70000", "2009-12-31": "1010.70000", "2009-09-30": "1037.90000", "2009-06-30": "1037.20000", "2009-03-31": "1009.70000", "2008-12-31": "1051.40000", "2008-09-30": "1105.20000", "2008-06-30": "1140.40000", "2008-03-31": "1115.30000", "2007-12-31": "1080.10000", "2007-09-30": "1058.40000", "2007-06-30": "1028.00000", "2007-03-31": "991.60000", "2006-12-31": "970.10000", "2006-09-30": "934.90000", "2006-06-30": "924.60000", "2006-03-31": "913.10000", "2005-12-31": "911.20000", "2005-09-30": "924.30000", "2005-06-30": "939.40000", "2005-03-31": "972.50000"}, "Long-Term Investments": {"2020-09-30": "", "2020-06-30": "", "2020-03-31": "", "2019-12-31": "", "2019-09-30": "", "2019-06-30": "", "2019-03-31": "", "2018-12-31": "", "2018-09-30": "", "2018-06-30": "", "2018-03-31": "", "2017-12-31": "", "2017-09-30": "", "2017-06-30": "", "2017-03-31": "", "2016-12-31": "", "2016-09-30": "", "2016-06-30": "", "2016-03-31": "", "2015-12-31": "", "2015-09-30": "", "2015-06-30": "", "2015-03-31": "", "2014-12-31": "", "2014-09-30": "", "2014-06-30": "", "2014-03-31": "", "2013-12-31": "", "2013-09-30": "", "2013-06-30": "", "2013-03-31": "", "2012-12-31": "", "2012-09-30": "", "2012-06-30": "", "2012-03-31": "", "2011-12-31": "", "2011-09-30": "", "2011-06-30": "", "2011-03-31": "", "2010-12-31": "", "2010-09-30": "", "2010-06-30": "", "2010-03-31": "", "2009-12-31": "", "2009-09-30": "13.80000", "2009-06-30": "17.00000", "2009-03-31": "10.70000", "2008-12-31": "", "2008-09-30": "33.40000", "2008-06-30": "33.00000", "2008-03-31": "38.70000", "2007-12-31": "40.80000", "2007-09-30": "", "2007-06-30": "", "2007-03-31": "", "2006-12-31": "", "2006-09-30": "", "2006-06-30": "", "2006-03-31": "", "2005-12-31": "", "2005-09-30": "", "2005-06-30": "", "2005-03-31": ""}, "Goodwill And Intangible Assets": {"2020-09-30": "2375.30000", "2020-06-30": "2368.20000", "2020-03-31": "2371.70000", "2019-12-31": "2399.00000", "2019-09-30": "2395.20000", "2019-06-30": "2057.70000", "2019-03-31": "2053.30000", "2018-12-31": "2049.30000", "2018-09-30": "2054.20000", "2018-06-30": "2017.60000", "2018-03-31": "2030.50000", "2017-12-31": "2023.40000", "2017-09-30": "1943.10000", "2017-06-30": "1930.10000", "2017-03-31": "1924.00000", "2016-12-31": "1923.00000", "2016-09-30": "3655.30000", "2016-06-30": "3671.20000", "2016-03-31": "3713.00000", "2015-12-31": "3693.80000", "2015-09-30": "3729.80000", "2015-06-30": "3792.10000", "2015-03-31": "3792.10000", "2014-12-31": "3869.10000", "2014-09-30": "3966.60000", "2014-06-30": "4084.30000", "2014-03-31": "4105.90000", "2013-12-31": "4131.50000", "2013-09-30": "4203.80000", "2013-06-30": "4193.40000", "2013-03-31": "4252.40000", "2012-12-31": "4282.80000", "2012-09-30": "4889.80000", "2012-06-30": "6203.80000", "2012-03-31": "6376.30000", "2011-12-31": "6245.30000", "2011-09-30": "1947.60000", "2011-06-30": "1954.20000", "2011-03-31": "1952.10000", "2010-12-31": "2023.90000", "2010-09-30": "1947.80000", "2010-06-30": "1938.80000", "2010-03-31": "1941.40000", "2009-12-31": "1948.70000", "2009-09-30": "1949.70000", "2009-06-30": "1949.20000", "2009-03-31": "1932.60000", "2008-12-31": "1938.10000", "2008-09-30": "1963.10000", "2008-06-30": "1975.00000", "2008-03-31": "1975.60000", "2007-12-31": "1969.70000", "2007-09-30": "1987.30000", "2007-06-30": "1970.60000", "2007-03-31": "1967.10000", "2006-12-31": "1957.10000", "2006-09-30": "1959.00000", "2006-06-30": "1946.80000", "2006-03-31": "1940.30000", "2005-12-31": "1908.80000", "2005-09-30": "1945.30000", "2005-06-30": "1947.40000", "2005-03-31": "1949.10000"}, "Other Long-Term Assets": {"2020-09-30": "325.50000", "2020-06-30": "323.00000", "2020-03-31": "326.30000", "2019-12-31": "331.60000", "2019-09-30": "317.90000", "2019-06-30": "356.60000", "2019-03-31": "354.00000", "2018-12-31": "239.40000", "2018-09-30": "211.80000", "2018-06-30": "213.30000", "2018-03-31": "204.80000", "2017-12-31": "215.90000", "2017-09-30": "193.90000", "2017-06-30": "193.50000", "2017-03-31": "177.20000", "2016-12-31": "2190.50000", "2016-09-30": "362.50000", "2016-06-30": "345.20000", "2016-03-31": "351.20000", "2015-12-31": "345.10000", "2015-09-30": "362.30000", "2015-06-30": "369.50000", "2015-03-31": "370.50000", "2014-12-31": "399.60000", "2014-09-30": "372.90000", "2014-06-30": "380.30000", "2014-03-31": "592.10000", "2013-12-31": "387.40000", "2013-09-30": "398.80000", "2013-06-30": "400.50000", "2013-03-31": "412.30000", "2012-12-31": "415.10000", "2012-09-30": "453.60000", "2012-06-30": "452.60000", "2012-03-31": "469.70000", "2011-12-31": "455.00000", "2011-09-30": "297.90000", "2011-06-30": "296.10000", "2011-03-31": "290.50000", "2010-12-31": "207.60000", "2010-09-30": "276.40000", "2010-06-30": "253.00000", "2010-03-31": "235.10000", "2009-12-31": "241.30000", "2009-09-30": "240.00000", "2009-06-30": "330.80000", "2009-03-31": "319.40000", "2008-12-31": "239.70000", "2008-09-30": "486.80000", "2008-06-30": "455.20000", "2008-03-31": "414.00000", "2007-12-31": "248.40000", "2007-09-30": "365.30000", "2007-06-30": "338.90000", "2007-03-31": "333.10000", "2006-12-31": "161.60000", "2006-09-30": "349.60000", "2006-06-30": "345.60000", "2006-03-31": "345.00000", "2005-12-31": "218.40000", "2005-09-30": "283.50000", "2005-06-30": "272.40000", "2005-03-31": "278.70000"}, "Total Long-Term Assets": {"2020-09-30": "4160.80000", "2020-06-30": "4124.20000", "2020-03-31": "4110.80000", "2019-12-31": "4201.20000", "2019-09-30": "4085.00000", "2019-06-30": "3639.90000", "2019-03-31": "3599.80000", "2018-12-31": "3495.40000", "2018-09-30": "3401.60000", "2018-06-30": "3328.20000", "2018-03-31": "3375.90000", "2017-12-31": "3413.90000", "2017-09-30": "3363.70000", "2017-06-30": "3180.00000", "2017-03-31": "3133.70000", "2016-12-31": "5200.20000", "2016-09-30": "5229.70000", "2016-06-30": "5166.70000", "2016-03-31": "5220.20000", "2015-12-31": "5189.30000", "2015-09-30": "5100.70000", "2015-06-30": "5210.40000", "2015-03-31": "5176.90000", "2014-12-31": "5334.60000", "2014-09-30": "5441.80000", "2014-06-30": "5644.90000", "2014-03-31": "5899.80000", "2013-12-31": "5716.50000", "2013-09-30": "5909.29900", "2013-06-30": "5887.20100", "2013-03-31": "5996.60000", "2012-12-31": "6042.40000", "2012-09-30": "6695.80000", "2012-06-30": "8069.70100", "2012-03-31": "8310.39900", "2011-12-31": "8081.80000", "2011-09-30": "3327.70000", "2011-06-30": "3379.50000", "2011-03-31": "3368.20000", "2010-12-31": "3359.40000", "2010-09-30": "3352.00000", "2010-06-30": "3282.20000", "2010-03-31": "3299.90000", "2009-12-31": "3346.70000", "2009-09-30": "3389.10000", "2009-06-30": "3334.20000", "2009-03-31": "3272.40000", "2008-12-31": "3313.30000", "2008-09-30": "3588.50000", "2008-06-30": "3603.60000", "2008-03-31": "3543.60000", "2007-12-31": "3502.20000", "2007-09-30": "3411.00000", "2007-06-30": "3337.50000", "2007-03-31": "3291.80000", "2006-12-31": "3264.20000", "2006-09-30": "3243.50000", "2006-06-30": "3217.00000", "2006-03-31": "3198.40000", "2005-12-31": "3168.80000", "2005-09-30": "3153.10000", "2005-06-30": "3159.20000", "2005-03-31": "3200.30000"}, "Total Assets": {"2020-09-30": "5828.20000", "2020-06-30": "5756.30000", "2020-03-31": "5671.00000", "2019-12-31": "5765.20000", "2019-09-30": "5676.40000", "2019-06-30": "5216.50000", "2019-03-31": "5155.00000", "2018-12-31": "5050.20000", "2018-09-30": "4997.00000", "2018-06-30": "4859.20000", "2018-03-31": "5041.10000", "2017-12-31": "5280.30000", "2017-09-30": "5939.40000", "2017-06-30": "7626.90000", "2017-03-31": "7421.20000", "2016-12-31": "7415.50000", "2016-09-30": "7605.80000", "2016-06-30": "7526.70000", "2016-03-31": "7539.30000", "2015-12-31": "7405.00000", "2015-09-30": "7586.30000", "2015-06-30": "7955.40000", "2015-03-31": "7853.50000", "2014-12-31": "7953.20000", "2014-09-30": "8354.50000", "2014-06-30": "8532.30000", "2014-03-31": "8570.30000", "2013-12-31": "9176.00000", "2013-09-30": "9343.80000", "2013-06-30": "9219.40000", "2013-03-31": "9273.30000", "2012-12-31": "9331.70000", "2012-09-30": "10177.70000", "2012-06-30": "11108.80000", "2012-03-31": "11321.00000", "2011-12-31": "11432.00000", "2011-09-30": "5618.30000", "2011-06-30": "5587.30000", "2011-03-31": "5490.30000", "2010-12-31": "5399.40000", "2010-09-30": "5571.60000", "2010-06-30": "5338.80000", "2010-03-31": "5335.90000", "2009-12-31": "5420.10000", "2009-09-30": "5332.80000", "2009-06-30": "5636.20000", "2009-03-31": "5180.90000", "2008-12-31": "4986.00000", "2008-09-30": "5283.30000", "2008-06-30": "5381.60000", "2008-03-31": "5558.60000", "2007-12-31": "5438.30000", "2007-09-30": "5350.30000", "2007-06-30": "5198.00000", "2007-03-31": "5116.90000", "2006-12-31": "5020.90000", "2006-09-30": "4844.60000", "2006-06-30": "5031.00000", "2006-03-31": "4882.00000", "2005-12-31": "4864.20000", "2005-09-30": "4825.60000", "2005-06-30": "4828.70000", "2005-03-31": "4820.10000"}, "Total Current Liabilities": {"2020-09-30": "1313.20000", "2020-06-30": "1354.70000", "2020-03-31": "1367.80000", "2019-12-31": "1436.20000", "2019-09-30": "1502.30000", "2019-06-30": "1587.40000", "2019-03-31": "1481.10000", "2018-12-31": "1488.60000", "2018-09-30": "1566.60000", "2018-06-30": "1374.10000", "2018-03-31": "1422.80000", "2017-12-31": "1378.20000", "2017-09-30": "1516.90000", "2017-06-30": "3070.00000", "2017-03-31": "2661.60000", "2016-12-31": "2119.00000", "2016-09-30": "2283.80000", "2016-06-30": "1893.40000", "2016-03-31": "1899.90000", "2015-12-31": "1807.10000", "2015-09-30": "1983.20000", "2015-06-30": "1654.00000", "2015-03-31": "1594.20000", "2014-12-31": "1727.20000", "2014-09-30": "2020.30000", "2014-06-30": "2217.50000", "2014-03-31": "2125.40000", "2013-12-31": "2700.80000", "2013-09-30": "2631.70000", "2013-06-30": "2564.70000", "2013-03-31": "2513.80000", "2012-12-31": "2335.00000", "2012-09-30": "2915.80000", "2012-06-30": "2322.80000", "2012-03-31": "2234.30000", "2011-12-31": "2506.20000", "2011-09-30": "1535.80000", "2011-06-30": "1459.30000", "2011-03-31": "1441.00000", "2010-12-31": "1447.70000", "2010-09-30": "1445.10000", "2010-06-30": "1401.30000", "2010-03-31": "1386.90000", "2009-12-31": "1433.80000", "2009-09-30": "1453.50000", "2009-06-30": "1863.80000", "2009-03-31": "1536.80000", "2008-12-31": "1622.20000", "2008-09-30": "1739.80000", "2008-06-30": "1713.20000", "2008-03-31": "1729.60000", "2007-12-31": "1741.60000", "2007-09-30": "1694.40000", "2007-06-30": "1649.20000", "2007-03-31": "1342.50000", "2006-12-31": "1406.10000", "2006-09-30": "1339.40000", "2006-06-30": "1557.80000", "2006-03-31": "1505.70000", "2005-12-31": "1533.50000", "2005-09-30": "1515.70000", "2005-06-30": "1296.40000", "2005-03-31": "1255.50000"}, "Long Term Debt": {"2020-09-30": "3710.10000", "2020-06-30": "3692.70000", "2020-03-31": "3687.20000", "2019-12-31": "3698.60000", "2019-09-30": "3694.00000", "2019-06-30": "3291.70000", "2019-03-31": "3284.60000", "2018-12-31": "3236.50000", "2018-09-30": "3242.50000", "2018-06-30": "3217.10000", "2018-03-31": "3247.90000", "2017-12-31": "3230.50000", "2017-09-30": "3219.40000", "2017-06-30": "3790.10000", "2017-03-31": "3762.70000", "2016-12-31": "3762.60000", "2016-09-30": "4000.70000", "2016-06-30": "4259.10000", "2016-03-31": "4280.00000", "2015-12-31": "4266.80000", "2015-09-30": "4334.90000", "2015-06-30": "4369.00000", "2015-03-31": "4261.80000", "2014-12-31": "4282.00000", "2014-09-30": "4197.70000", "2014-06-30": "4054.90000", "2014-03-31": "4110.50000", "2013-12-31": "4116.40000", "2013-09-30": "4335.20000", "2013-06-30": "4351.70000", "2013-03-31": "4376.50000", "2012-12-31": "4540.80000", "2012-09-30": "4486.30000", "2012-06-30": "4935.60000", "2012-03-31": "4988.00000", "2011-12-31": "4966.70000", "2011-09-30": "1403.60000", "2011-06-30": "1401.90000", "2011-03-31": "1398.80000", "2010-12-31": "1399.20000", "2010-09-30": "1559.60000", "2010-06-30": "1559.30000", "2010-03-31": "1560.60000", "2009-12-31": "1626.30000", "2009-09-30": "1565.40000", "2009-06-30": "1565.20000", "2009-03-31": "1589.60000", "2008-12-31": "1289.90000", "2008-09-30": "1374.10000", "2008-06-30": "1365.50000", "2008-03-31": "1530.70000", "2007-12-31": "1531.60000", "2007-09-30": "1532.80000", "2007-06-30": "1533.40000", "2007-03-31": "1827.10000", "2006-12-31": "1826.60000", "2006-09-30": "1824.50000", "2006-06-30": "1832.40000", "2006-03-31": "1811.70000", "2005-12-31": "1813.00000", "2005-09-30": "1814.00000", "2005-06-30": "2059.60000", "2005-03-31": "2072.70000"}, "Other Non-Current Liabilities": {"2020-09-30": "694.40000", "2020-06-30": "688.70000", "2020-03-31": "706.60000", "2019-12-31": "730.20000", "2019-09-30": "706.50000", "2019-06-30": "658.00000", "2019-03-31": "660.90000", "2018-12-31": "653.30000", "2018-09-30": "615.10000", "2018-06-30": "621.00000", "2018-03-31": "707.80000", "2017-12-31": "490.80000", "2017-09-30": "437.80000", "2017-06-30": "422.90000", "2017-03-31": "397.80000", "2016-12-31": "919.30000", "2016-09-30": "709.90000", "2016-06-30": "725.80000", "2016-03-31": "734.70000", "2015-12-31": "729.00000", "2015-09-30": "679.90000", "2015-06-30": "701.40000", "2015-03-31": "692.90000", "2014-12-31": "704.10000", "2014-09-30": "577.90000", "2014-06-30": "612.70000", "2014-03-31": "626.30000", "2013-12-31": "647.90000", "2013-09-30": "646.80000", "2013-06-30": "620.10000", "2013-03-31": "631.50000", "2012-12-31": "644.90000", "2012-09-30": "546.80000", "2012-06-30": "576.80000", "2012-03-31": "613.30000", "2011-12-31": "567.00000", "2011-09-30": "145.80000", "2011-06-30": "143.50000", "2011-03-31": "154.90000", "2010-12-31": "142.90000", "2010-09-30": "160.80000", "2010-06-30": "146.80000", "2010-03-31": "150.10000", "2009-12-31": "153.30000", "2009-09-30": "141.40000", "2009-06-30": "136.10000", "2009-03-31": "134.30000", "2008-12-31": "142.50000", "2008-09-30": "151.70000", "2008-06-30": "168.40000", "2008-03-31": "164.80000", "2007-12-31": "135.60000", "2007-09-30": "155.70000", "2007-06-30": "152.10000", "2007-03-31": "154.40000", "2006-12-31": "125.80000", "2006-09-30": "129.80000", "2006-06-30": "134.70000", "2006-03-31": "128.30000", "2005-12-31": "101.70000", "2005-09-30": "120.40000", "2005-06-30": "95.30000", "2005-03-31": "107.70000"}, "Total Long Term Liabilities": {"2020-09-30": "4490.50000", "2020-06-30": "4471.70000", "2020-03-31": "4485.10000", "2019-12-31": "4525.20000", "2019-09-30": "4478.20000", "2019-06-30": "3970.30000", "2019-03-31": "3966.30000", "2018-12-31": "3910.20000", "2018-09-30": "3876.10000", "2018-06-30": "3857.50000", "2018-03-31": "3983.10000", "2017-12-31": "3749.80000", "2017-09-30": "3661.90000", "2017-06-30": "4217.40000", "2017-03-31": "4164.80000", "2016-12-31": "4686.80000", "2016-09-30": "4769.20000", "2016-06-30": "5046.30000", "2016-03-31": "5078.30000", "2015-12-31": "5070.80000", "2015-09-30": "5161.10000", "2015-06-30": "5226.70000", "2015-03-31": "5109.60000", "2014-12-31": "5063.20000", "2014-09-30": "5006.90000", "2014-06-30": "4899.20000", "2014-03-31": "4964.50000", "2013-12-31": "5058.90000", "2013-09-30": "5296.10000", "2013-06-30": "5281.40000", "2013-03-31": "5333.50000", "2012-12-31": "5552.40000", "2012-09-30": "5561.39900", "2012-06-30": "5923.90000", "2012-03-31": "6044.60000", "2011-12-31": "5973.40000", "2011-09-30": "1549.40000", "2011-06-30": "1555.30000", "2011-03-31": "1553.70000", "2010-12-31": "1550.10000", "2010-09-30": "1727.90000", "2010-06-30": "1713.30000", "2010-03-31": "1718.00000", "2009-12-31": "1786.00000", "2009-09-30": "1706.80000", "2009-06-30": "1701.30000", "2009-03-31": "1723.90000", "2008-12-31": "1438.20000", "2008-09-30": "1525.80000", "2008-06-30": "1533.90000", "2008-03-31": "1695.50000", "2007-12-31": "1677.10000", "2007-09-30": "1688.50000", "2007-06-30": "1685.50000", "2007-03-31": "1981.50000", "2006-12-31": "1960.00000", "2006-09-30": "1954.30000", "2006-06-30": "1967.10000", "2006-03-31": "1940.00000", "2005-12-31": "1938.60000", "2005-09-30": "1934.40000", "2005-06-30": "2175.90000", "2005-03-31": "2205.40000"}, "Total Liabilities": {"2020-09-30": "5803.70000", "2020-06-30": "5826.40000", "2020-03-31": "5852.90000", "2019-12-31": "5961.40000", "2019-09-30": "5980.50000", "2019-06-30": "5557.70000", "2019-03-31": "5447.40000", "2018-12-31": "5398.80000", "2018-09-30": "5442.70000", "2018-06-30": "5231.60000", "2018-03-31": "5405.90000", "2017-12-31": "5128.00000", "2017-09-30": "5178.80000", "2017-06-30": "7287.40000", "2017-03-31": "6826.40000", "2016-12-31": "6805.80000", "2016-09-30": "7053.00000", "2016-06-30": "6939.70000", "2016-03-31": "6978.20000", "2015-12-31": "6877.90000", "2015-09-30": "7144.30000", "2015-06-30": "6880.70000", "2015-03-31": "6703.80000", "2014-12-31": "6790.40000", "2014-09-30": "7027.20000", "2014-06-30": "7116.70000", "2014-03-31": "7089.90000", "2013-12-31": "7759.70000", "2013-09-30": "7927.80000", "2013-06-30": "7846.10000", "2013-03-31": "7847.30000", "2012-12-31": "7887.40000", "2012-09-30": "8477.20000", "2012-06-30": "8246.70000", "2012-03-31": "8278.90000", "2011-12-31": "8479.60000", "2011-09-30": "3085.20000", "2011-06-30": "3014.60000", "2011-03-31": "2994.70000", "2010-12-31": "2997.80000", "2010-09-30": "3173.00000", "2010-06-30": "3114.60000", "2010-03-31": "3104.90000", "2009-12-31": "3219.80000", "2009-09-30": "3160.30000", "2009-06-30": "3565.10000", "2009-03-31": "3260.70000", "2008-12-31": "3060.40000", "2008-09-30": "3265.60000", "2008-06-30": "3247.10000", "2008-03-31": "3425.10000", "2007-12-31": "3418.70000", "2007-09-30": "3382.90000", "2007-06-30": "3334.70000", "2007-03-31": "3324.00000", "2006-12-31": "3366.10000", "2006-09-30": "3293.70000", "2006-06-30": "3524.90000", "2006-03-31": "3445.70000", "2005-12-31": "3472.10000", "2005-09-30": "3450.10000", "2005-06-30": "3472.30000", "2005-03-31": "3460.90000"}, "Common Stock Net": {"2020-09-30": "23.20000", "2020-06-30": "23.20000", "2020-03-31": "23.20000", "2019-12-31": "23.20000", "2019-09-30": "23.20000", "2019-06-30": "23.20000", "2019-03-31": "23.20000", "2018-12-31": "23.20000", "2018-09-30": "23.20000", "2018-06-30": "23.20000", "2018-03-31": "23.20000", "2017-12-31": "23.00000", "2017-09-30": "23.00000", "2017-06-30": "23.00000", "2017-03-31": "23.00000", "2016-12-31": "22.80000", "2016-09-30": "22.70000", "2016-06-30": "22.70000", "2016-03-31": "22.70000", "2015-12-31": "22.60000", "2015-09-30": "22.60000", "2015-06-30": "22.60000", "2015-03-31": "22.60000", "2014-12-31": "22.50000", "2014-09-30": "22.50000", "2014-06-30": "22.50000", "2014-03-31": "22.50000", "2013-12-31": "22.40000", "2013-09-30": "22.40000", "2013-06-30": "22.50000", "2013-03-31": "22.50000", "2012-12-31": "22.30000", "2012-09-30": "22.30000", "2012-06-30": "22.30000", "2012-03-31": "22.30000", "2011-12-31": "22.10000", "2011-09-30": "18.90000", "2011-06-30": "18.90000", "2011-03-31": "18.90000", "2010-12-31": "18.80000", "2010-09-30": "18.70000", "2010-06-30": "18.70000", "2010-03-31": "18.70000", "2009-12-31": "18.70000", "2009-09-30": "18.70000", "2009-06-30": "18.60000", "2009-03-31": "18.60000", "2008-12-31": "18.60000", "2008-09-30": "18.60000", "2008-06-30": "18.60000", "2008-03-31": "18.60000", "2007-12-31": "18.60000", "2007-09-30": "18.60000", "2007-06-30": "18.60000", "2007-03-31": "18.50000", "2006-12-31": "9.50000", "2006-09-30": "9.50000", "2006-06-30": "9.50000", "2006-03-31": "9.50000", "2005-12-31": "9.50000", "2005-09-30": "9.50000", "2005-06-30": "9.50000", "2005-03-31": "9.50000"}, "Retained Earnings (Accumulated Deficit)": {"2020-09-30": "2283.80000", "2020-06-30": "2175.10000", "2020-03-31": "2099.90000", "2019-12-31": "1998.50000", "2019-09-30": "1919.20000", "2019-06-30": "1876.40000", "2019-03-31": "1868.00000", "2018-12-31": "1835.50000", "2018-09-30": "1646.70000", "2018-06-30": "1593.20000", "2018-03-31": "1502.90000", "2017-12-31": "1735.20000", "2017-09-30": "1796.00000", "2017-06-30": "1022.80000", "2017-03-31": "965.40000", "2016-12-31": "1040.00000", "2016-09-30": "900.30000", "2016-06-30": "758.60000", "2016-03-31": "740.80000", "2015-12-31": "675.20000", "2015-09-30": "577.90000", "2015-06-30": "517.90000", "2015-03-31": "517.60000", "2014-12-31": "448.50000", "2014-09-30": "383.90000", "2014-06-30": "352.60000", "2014-03-31": "319.70000", "2013-12-31": "302.20000", "2013-09-30": "274.50000", "2013-06-30": "262.40000", "2013-03-31": "231.90000", "2012-12-31": "254.80000", "2012-09-30": "438.40000", "2012-06-30": "1696.20000", "2012-03-31": "1735.20000", "2011-12-31": "1766.50000", "2011-09-30": "1841.10000", "2011-06-30": "1788.50000", "2011-03-31": "1744.80000", "2010-12-31": "1706.10000", "2010-09-30": "1675.90000", "2010-06-30": "1620.50000", "2010-03-31": "1573.10000", "2009-12-31": "1531.10000", "2009-09-30": "1486.00000", "2009-06-30": "1444.60000", "2009-03-31": "1403.30000", "2008-12-31": "1364.30000", "2008-09-30": "1336.00000", "2008-06-30": "1345.70000", "2008-03-31": "1302.30000", "2007-12-31": "1260.80000", "2007-09-30": "1197.30000", "2007-06-30": "1141.10000", "2007-03-31": "1083.30000", "2006-12-31": "972.40000", "2006-09-30": "869.30000", "2006-06-30": "804.10000", "2006-03-31": "758.60000", "2005-12-31": "715.10000", "2005-09-30": "642.00000", "2005-06-30": "577.80000", "2005-03-31": "515.00000"}, "Comprehensive Income": {"2020-09-30": "-998.90000", "2020-06-30": "-993.00000", "2020-03-31": "-1018.30000", "2019-12-31": "-909.00000", "2019-09-30": "-928.80000", "2019-06-30": "-911.40000", "2019-03-31": "-898.60000", "2018-12-31": "-920.40000", "2018-09-30": "-870.70000", "2018-06-30": "-858.80000", "2018-03-31": "-825.80000", "2017-12-31": "-844.90000", "2017-09-30": "-835.90000", "2017-06-30": "-920.60000", "2017-03-31": "-899.00000", "2016-12-31": "-949.10000", "2016-09-30": "-858.90000", "2016-06-30": "-843.50000", "2016-03-31": "-854.30000", "2015-12-31": "-820.00000", "2015-09-30": "-813.20000", "2015-06-30": "", "2015-03-31": "", "2014-12-31": "-613.80000", "2014-09-30": "", "2014-06-30": "", "2014-03-31": "", "2013-12-31": "", "2013-09-30": "", "2013-06-30": "", "2013-03-31": "", "2012-12-31": "", "2012-09-30": "", "2012-06-30": "", "2012-03-31": "", "2011-12-31": "", "2011-09-30": "", "2011-06-30": "", "2011-03-31": "", "2010-12-31": "", "2010-09-30": "", "2010-06-30": "", "2010-03-31": "", "2009-12-31": "", "2009-09-30": "", "2009-06-30": "", "2009-03-31": "", "2008-12-31": "", "2008-09-30": "", "2008-06-30": "", "2008-03-31": "", "2007-12-31": "", "2007-09-30": "", "2007-06-30": "", "2007-03-31": "", "2006-12-31": "", "2006-09-30": "", "2006-06-30": "", "2006-03-31": "", "2005-12-31": "", "2005-09-30": "", "2005-06-30": "", "2005-03-31": ""}, "Other Share Holders Equity": {"2020-09-30": "", "2020-06-30": "", "2020-03-31": "", "2019-12-31": "", "2019-09-30": "", "2019-06-30": "", "2019-03-31": "", "2018-12-31": "", "2018-09-30": "", "2018-06-30": "", "2018-03-31": "", "2017-12-31": "", "2017-09-30": "", "2017-06-30": "", "2017-03-31": "", "2016-12-31": "", "2016-09-30": "", "2016-06-30": "", "2016-03-31": "", "2015-12-31": "", "2015-09-30": "", "2015-06-30": "-684.10000", "2015-03-31": "-675.30000", "2014-12-31": "", "2014-09-30": "-380.80000", "2014-06-30": "-255.30000", "2014-03-31": "-274.90000", "2013-12-31": "-277.40000", "2013-09-30": "-249.00000", "2013-06-30": "-272.70000", "2013-03-31": "-181.60000", "2012-12-31": "-164.90000", "2012-09-30": "-93.30000", "2012-06-30": "-183.90000", "2012-03-31": "-37.30000", "2011-12-31": "-145.10000", "2011-09-30": "-119.30000", "2011-06-30": "-23.40000", "2011-03-31": "-50.40000", "2010-12-31": "-110.30000", "2010-09-30": "-86.50000", "2010-06-30": "-197.20000", "2010-03-31": "-137.60000", "2009-12-31": "-112.70000", "2009-09-30": "-80.10000", "2009-06-30": "-132.40000", "2009-03-31": "-235.00000", "2008-12-31": "-177.60000", "2008-09-30": "-52.70000", "2008-06-30": "47.80000", "2008-03-31": "38.80000", "2007-12-31": "-59.00000", "2007-09-30": "-42.60000", "2007-06-30": "-88.50000", "2007-03-31": "-100.80000", "2006-12-31": "-124.80000", "2006-09-30": "-124.60000", "2006-06-30": "-143.80000", "2006-03-31": "-171.90000", "2005-12-31": "-168.20000", "2005-09-30": "-147.40000", "2005-06-30": "-138.30000", "2005-03-31": "-104.60000"}, "Share Holder Equity": {"2020-09-30": "24.50000", "2020-06-30": "-70.10000", "2020-03-31": "-181.90000", "2019-12-31": "-196.20000", "2019-09-30": "-304.10000", "2019-06-30": "-341.20000", "2019-03-31": "-292.40000", "2018-12-31": "-348.60000", "2018-09-30": "-445.70000", "2018-06-30": "-372.40000", "2018-03-31": "-364.80000", "2017-12-31": "152.30000", "2017-09-30": "760.60000", "2017-06-30": "339.50000", "2017-03-31": "594.80000", "2016-12-31": "609.70000", "2016-09-30": "552.80000", "2016-06-30": "587.00000", "2016-03-31": "561.10000", "2015-12-31": "527.10000", "2015-09-30": "442.00000", "2015-06-30": "1074.70000", "2015-03-31": "1149.70000", "2014-12-31": "1162.80000", "2014-09-30": "1327.30000", "2014-06-30": "1415.60000", "2014-03-31": "1480.40000", "2013-12-31": "1416.30000", "2013-09-30": "1416.00000", "2013-06-30": "1373.30000", "2013-03-31": "1426.00000", "2012-12-31": "1444.30000", "2012-09-30": "1700.50000", "2012-06-30": "2862.10000", "2012-03-31": "3042.10000", "2011-12-31": "2952.40000", "2011-09-30": "2533.10000", "2011-06-30": "2572.70000", "2011-03-31": "2495.60000", "2010-12-31": "2401.60000", "2010-09-30": "2398.60000", "2010-06-30": "2224.20000", "2010-03-31": "2231.00000", "2009-12-31": "2200.30000", "2009-09-30": "2172.50000", "2009-06-30": "2071.10000", "2009-03-31": "1920.20000", "2008-12-31": "1925.60000", "2008-09-30": "2017.70000", "2008-06-30": "2134.50000", "2008-03-31": "2133.50000", "2007-12-31": "2019.60000", "2007-09-30": "1967.40000", "2007-06-30": "1863.30000", "2007-03-31": "1792.90000", "2006-12-31": "1654.80000", "2006-09-30": "1550.90000", "2006-06-30": "1506.10000", "2006-03-31": "1436.30000", "2005-12-31": "1392.10000", "2005-09-30": "1375.50000", "2005-06-30": "1356.40000", "2005-03-31": "1359.20000"}, "Total Liabilities And Share Holders Equity": {"2020-09-30": "5828.20000", "2020-06-30": "5756.30000", "2020-03-31": "5671.00000", "2019-12-31": "5765.20000", "2019-09-30": "5676.40000", "2019-06-30": "5216.50000", "2019-03-31": "5155.00000", "2018-12-31": "5050.20000", "2018-09-30": "4997.00000", "2018-06-30": "4859.20000", "2018-03-31": "5041.10000", "2017-12-31": "5280.30000", "2017-09-30": "5939.40000", "2017-06-30": "7626.90000", "2017-03-31": "7421.20000", "2016-12-31": "7415.50000", "2016-09-30": "7605.80000", "2016-06-30": "7526.70000", "2016-03-31": "7539.30000", "2015-12-31": "7405.00000", "2015-09-30": "7586.30000", "2015-06-30": "7955.40000", "2015-03-31": "7853.50000", "2014-12-31": "7953.20000", "2014-09-30": "8354.50000", "2014-06-30": "8532.30000", "2014-03-31": "8570.30000", "2013-12-31": "9176.00000", "2013-09-30": "9343.80000", "2013-06-30": "9219.40000", "2013-03-31": "9273.30000", "2012-12-31": "9331.70000", "2012-09-30": "10177.70000", "2012-06-30": "11108.80000", "2012-03-31": "11321.00000", "2011-12-31": "11432.00000", "2011-09-30": "5618.30000", "2011-06-30": "5587.30000", "2011-03-31": "5490.30000", "2010-12-31": "5399.40000", "2010-09-30": "5571.60000", "2010-06-30": "5338.80000", "2010-03-31": "5335.90000", "2009-12-31": "5420.10000", "2009-09-30": "5332.80000", "2009-06-30": "5636.20000", "2009-03-31": "5180.90000", "2008-12-31": "4986.00000", "2008-09-30": "5283.30000", "2008-06-30": "5381.60000", "2008-03-31": "5558.60000", "2007-12-31": "5438.30000", "2007-09-30": "5350.30000", "2007-06-30": "5198.00000", "2007-03-31": "5116.90000", "2006-12-31": "5020.90000", "2006-09-30": "4844.60000", "2006-06-30": "5031.00000", "2006-03-31": "4882.00000", "2005-12-31": "4864.20000", "2005-09-30": "4825.60000", "2005-06-30": "4828.70000", "2005-03-31": "4820.10000"}}, "cash flow statement": {"Net Income/Loss": {"2019-12-31": "263.00000", "2018-12-31": "193.10000", "2017-12-31": "814.90000", "2016-12-31": "486.40000", "2015-12-31": "335.40000", "2014-12-31": "258.10000", "2013-12-31": "95.30000", "2012-12-31": "-1619.00000", "2011-12-31": "132.70000", "2010-12-31": "255.90000", "2009-12-31": "244.30000", "2008-12-31": "179.90000", "2007-12-31": "353.00000", "2006-12-31": "274.10000", "2005-12-31": "255.80000"}, "Total Depreciation And Amortization - Cash Flow": {"2019-12-31": "150.80000", "2018-12-31": "131.20000", "2017-12-31": "149.30000", "2016-12-31": "214.00000", "2015-12-31": "213.30000", "2014-12-31": "266.70000", "2013-12-31": "283.40000", "2012-12-31": "2207.50000", "2011-12-31": "187.60000", "2010-12-31": "156.40000", "2009-12-31": "155.50000", "2008-12-31": "156.60000", "2007-12-31": "152.90000", "2006-12-31": "170.80000", "2005-12-31": "177.80000"}, "Other Non-Cash Items": {"2019-12-31": "62.80000", "2018-12-31": "46.30000", "2017-12-31": "-408.20000", "2016-12-31": "71.00000", "2015-12-31": "154.10000", "2014-12-31": "-586.50000", "2013-12-31": "205.30000", "2012-12-31": "-153.20000", "2011-12-31": "47.20000", "2010-12-31": "85.60000", "2009-12-31": "33.60000", "2008-12-31": "19.40000", "2007-12-31": "-38.20000", "2006-12-31": "-47.70000", "2005-12-31": "-31.40000"}, "Total Non-Cash Items": {"2019-12-31": "213.60000", "2018-12-31": "177.50000", "2017-12-31": "-258.90000", "2016-12-31": "285.00000", "2015-12-31": "367.40000", "2014-12-31": "-319.80000", "2013-12-31": "488.70000", "2012-12-31": "2054.30000", "2011-12-31": "234.80000", "2010-12-31": "242.00000", "2009-12-31": "189.10000", "2008-12-31": "176.00000", "2007-12-31": "114.70000", "2006-12-31": "123.10000", "2005-12-31": "146.40000"}, "Change In Accounts Receivable": {"2019-12-31": "38.10000", "2018-12-31": "-0.90000", "2017-12-31": "-81.40000", "2016-12-31": "-33.90000", "2015-12-31": "36.70000", "2014-12-31": "-27.80000", "2013-12-31": "35.50000", "2012-12-31": "-26.40000", "2011-12-31": "-102.00000", "2010-12-31": "-33.90000", "2009-12-31": "35.20000", "2008-12-31": "39.70000", "2007-12-31": "-23.70000", "2006-12-31": "-7.40000", "2005-12-31": "-36.70000"}, "Change In Inventories": {"2019-12-31": "19.60000", "2018-12-31": "-56.40000", "2017-12-31": "-51.80000", "2016-12-31": "-10.70000", "2015-12-31": "-38.30000", "2014-12-31": "-48.70000", "2013-12-31": "22.00000", "2012-12-31": "50.70000", "2011-12-31": "-2.20000", "2010-12-31": "-19.40000", "2009-12-31": "116.30000", "2008-12-31": "-23.60000", "2007-12-31": "-49.30000", "2006-12-31": "-33.60000", "2005-12-31": "-7.00000"}, "Change In Accounts Payable": {"2019-12-31": "-37.00000", "2018-12-31": "42.60000", "2017-12-31": "154.10000", "2016-12-31": "228.00000", "2015-12-31": "81.40000", "2014-12-31": "140.10000", "2013-12-31": "36.30000", "2012-12-31": "-84.30000", "2011-12-31": "-28.10000", "2010-12-31": "19.00000", "2009-12-31": "-68.40000", "2008-12-31": "-28.80000", "2007-12-31": "16.80000", "2006-12-31": "15.60000", "2005-12-31": "16.70000"}, "Change In Assets/Liabilities": {"2019-12-31": "-7.10000", "2018-12-31": "88.50000", "2017-12-31": "54.60000", "2016-12-31": "-55.20000", "2015-12-31": "167.30000", "2014-12-31": "-220.70000", "2013-12-31": "-37.40000", "2012-12-31": "18.90000", "2011-12-31": "127.90000", "2010-12-31": "19.50000", "2009-12-31": "35.50000", "2008-12-31": "61.20000", "2007-12-31": "-33.40000", "2006-12-31": "61.10000", "2005-12-31": "-11.90000"}, "Total Change In Assets/Liabilities": {"2019-12-31": "34.50000", "2018-12-31": "57.40000", "2017-12-31": "-131.60000", "2016-12-31": "135.50000", "2015-12-31": "279.30000", "2014-12-31": "-157.10000", "2013-12-31": "56.40000", "2012-12-31": "-41.10000", "2011-12-31": "-4.40000", "2010-12-31": "-14.80000", "2009-12-31": "118.60000", "2008-12-31": "48.50000", "2007-12-31": "-89.60000", "2006-12-31": "35.70000", "2005-12-31": "-38.90000"}, "Cash Flow From Operating Activities": {"2019-12-31": "511.10000", "2018-12-31": "428.00000", "2017-12-31": "424.40000", "2016-12-31": "906.90000", "2015-12-31": "982.10000", "2014-12-31": "-218.80000", "2013-12-31": "640.40000", "2012-12-31": "394.20000", "2011-12-31": "363.10000", "2010-12-31": "483.10000", "2009-12-31": "552.00000", "2008-12-31": "404.40000", "2007-12-31": "378.10000", "2006-12-31": "432.90000", "2005-12-31": "363.30000"}, "Net Change In Property, Plant, And Equipment": {"2019-12-31": "-192.10000", "2018-12-31": "-161.80000", "2017-12-31": "-181.10000", "2016-12-31": "-270.80000", "2015-12-31": "-151.10000", "2014-12-31": "-137.80000", "2013-12-31": "-104.40000", "2012-12-31": "-115.00000", "2011-12-31": "-111.30000", "2010-12-31": "-83.40000", "2009-12-31": "-73.10000", "2008-12-31": "-176.80000", "2007-12-31": "-208.90000", "2006-12-31": "-152.30000", "2005-12-31": "-93.60000"}, "Net Change In Intangible Assets": {"2019-12-31": "", "2018-12-31": "", "2017-12-31": "", "2016-12-31": "", "2015-12-31": "", "2014-12-31": "", "2013-12-31": "", "2012-12-31": "", "2011-12-31": "", "2010-12-31": "", "2009-12-31": "", "2008-12-31": "", "2007-12-31": "-43.30000", "2006-12-31": "", "2005-12-31": ""}, "Net Acquisitions/Divestitures": {"2019-12-31": "-452.80000", "2018-12-31": "-83.70000", "2017-12-31": "2037.70000", "2016-12-31": "2.00000", "2015-12-31": "67.10000", "2014-12-31": "-3.60000", "2013-12-31": "-1.00000", "2012-12-31": "", "2011-12-31": "-1983.70000", "2010-12-31": "-24.10000", "2009-12-31": "", "2008-12-31": "-2.90000", "2007-12-31": "-32.90000", "2006-12-31": "-53.30000", "2005-12-31": "-0.20000"}, "Net Change In Short-term Investments": {"2019-12-31": "", "2018-12-31": "", "2017-12-31": "", "2016-12-31": "", "2015-12-31": "", "2014-12-31": "", "2013-12-31": "", "2012-12-31": "", "2011-12-31": "", "2010-12-31": "", "2009-12-31": "", "2008-12-31": "", "2007-12-31": "", "2006-12-31": "", "2005-12-31": ""}, "Net Change In Long-Term Investments": {"2019-12-31": "-12.50000", "2018-12-31": "-7.50000", "2017-12-31": "", "2016-12-31": "", "2015-12-31": "", "2014-12-31": "", "2013-12-31": "", "2012-12-31": "", "2011-12-31": "-262.90000", "2010-12-31": "12.60000", "2009-12-31": "", "2008-12-31": "", "2007-12-31": "25.20000", "2006-12-31": "10.10000", "2005-12-31": "10.00000"}, "Net Change In Investments - Total": {"2019-12-31": "-12.50000", "2018-12-31": "-7.50000", "2017-12-31": "", "2016-12-31": "", "2015-12-31": "", "2014-12-31": "", "2013-12-31": "", "2012-12-31": "", "2011-12-31": "-262.90000", "2010-12-31": "12.60000", "2009-12-31": "", "2008-12-31": "", "2007-12-31": "25.20000", "2006-12-31": "10.10000", "2005-12-31": "10.00000"}, "Investing Activities - Other": {"2019-12-31": "-8.20000", "2018-12-31": "-13.70000", "2017-12-31": "-70.50000", "2016-12-31": "-46.00000", "2015-12-31": "24.00000", "2014-12-31": "15.10000", "2013-12-31": "-8.50000", "2012-12-31": "0.10000", "2011-12-31": "-7.80000", "2010-12-31": "-2.00000", "2009-12-31": "2.80000", "2008-12-31": "3.00000", "2007-12-31": "-14.20000", "2006-12-31": "-7.00000", "2005-12-31": "-5.10000"}, "Cash Flow From Investing Activities": {"2019-12-31": "-665.60000", "2018-12-31": "-266.70000", "2017-12-31": "1786.10000", "2016-12-31": "-314.80000", "2015-12-31": "-60.00000", "2014-12-31": "-126.30000", "2013-12-31": "-113.90000", "2012-12-31": "-114.90000", "2011-12-31": "-2365.70000", "2010-12-31": "-96.90000", "2009-12-31": "-70.30000", "2008-12-31": "-176.70000", "2007-12-31": "-274.10000", "2006-12-31": "-202.50000", "2005-12-31": "-88.90000"}, "Net Long-Term Debt": {"2019-12-31": "460.60000", "2018-12-31": "-1.60000", "2017-12-31": "-369.50000", "2016-12-31": "-27.10000", "2015-12-31": "100.70000", "2014-12-31": "-8.00000", "2013-12-31": "-233.20000", "2012-12-31": "-452.60000", "2011-12-31": "1908.60000", "2010-12-31": "-276.10000", "2009-12-31": "181.30000", "2008-12-31": "-395.70000", "2007-12-31": "-4.40000", "2006-12-31": "-249.60000", "2005-12-31": "-4.00000"}, "Net Current Debt": {"2019-12-31": "-127.50000", "2018-12-31": "224.00000", "2017-12-31": "-93.70000", "2016-12-31": "-154.20000", "2015-12-31": "111.20000", "2014-12-31": "79.10000", "2013-12-31": "53.20000", "2012-12-31": "7.20000", "2011-12-31": "-7.00000", "2010-12-31": "-4.40000", "2009-12-31": "-8.30000", "2008-12-31": "5.20000", "2007-12-31": "15.60000", "2006-12-31": "-2.20000", "2005-12-31": "-0.50000"}, "Debt Issuance/Retirement Net - Total": {"2019-12-31": "333.10000", "2018-12-31": "222.40000", "2017-12-31": "-463.20000", "2016-12-31": "-181.30000", "2015-12-31": "211.90000", "2014-12-31": "71.10000", "2013-12-31": "-180.00000", "2012-12-31": "-445.40000", "2011-12-31": "1901.60000", "2010-12-31": "-280.50000", "2009-12-31": "173.00000", "2008-12-31": "-390.50000", "2007-12-31": "11.20000", "2006-12-31": "-251.80000", "2005-12-31": "-4.50000"}, "Net Common Equity Issued/Repurchased": {"2019-12-31": "-78.10000", "2018-12-31": "-590.50000", "2017-12-31": "-1324.20000", "2016-12-31": "-247.70000", "2015-12-31": "-811.30000", "2014-12-31": "-187.00000", "2013-12-31": "", "2012-12-31": "-9.60000", "2011-12-31": "-12.20000", "2010-12-31": "-9.80000", "2009-12-31": "", "2008-12-31": "-95.10000", "2007-12-31": "-6.10000", "2006-12-31": "-49.60000", "2005-12-31": "-113.90000"}, "Net Total Equity Issued/Repurchased": {"2019-12-31": "-78.10000", "2018-12-31": "-590.50000", "2017-12-31": "-1324.20000", "2016-12-31": "-247.70000", "2015-12-31": "-811.30000", "2014-12-31": "-187.00000", "2013-12-31": "", "2012-12-31": "-9.60000", "2011-12-31": "-12.20000", "2010-12-31": "-9.80000", "2009-12-31": "", "2008-12-31": "-95.10000", "2007-12-31": "-6.10000", "2006-12-31": "-49.60000", "2005-12-31": "-113.90000"}, "Total Common And Preferred Stock Dividends Paid": {"2019-12-31": "-99.10000", "2018-12-31": "-104.10000", "2017-12-31": "-119.70000", "2016-12-31": "-121.60000", "2015-12-31": "-106.80000", "2014-12-31": "-110.90000", "2013-12-31": "-102.00000", "2012-12-31": "-100.90000", "2011-12-31": "-87.40000", "2010-12-31": "-79.70000", "2009-12-31": "-75.70000", "2008-12-31": "-76.40000", "2007-12-31": "-64.60000", "2006-12-31": "-48.60000", "2005-12-31": ""}, "Financial Activities - Other": {"2019-12-31": "-16.00000", "2018-12-31": "-6.10000", "2017-12-31": "17.40000", "2016-12-31": "6.10000", "2015-12-31": "-82.50000", "2014-12-31": "-94.40000", "2013-12-31": "-37.90000", "2012-12-31": "-29.20000", "2011-12-31": "214.40000", "2010-12-31": "-3.00000", "2009-12-31": "-7.00000", "2008-12-31": "-0.90000", "2007-12-31": "", "2006-12-31": "", "2005-12-31": ""}, "Cash Flow From Financial Activities": {"2019-12-31": "139.90000", "2018-12-31": "-478.30000", "2017-12-31": "-1889.70000", "2016-12-31": "-544.50000", "2015-12-31": "-788.70000", "2014-12-31": "-321.20000", "2013-12-31": "-319.90000", "2012-12-31": "-585.10000", "2011-12-31": "2016.40000", "2010-12-31": "-373.00000", "2009-12-31": "90.30000", "2008-12-31": "-562.90000", "2007-12-31": "-59.50000", "2006-12-31": "-350.00000", "2005-12-31": "-118.40000"}, "Net Cash Flow": {"2019-12-31": "-9.30000", "2018-12-31": "-322.30000", "2017-12-31": "207.40000", "2016-12-31": "8.40000", "2015-12-31": "73.00000", "2014-12-31": "-703.70000", "2013-12-31": "312.80000", "2012-12-31": "-24.00000", "2011-12-31": "28.00000", "2010-12-31": "-18.90000", "2009-12-31": "565.60000", "2008-12-31": "-301.40000", "2007-12-31": "57.20000", "2006-12-31": "-82.70000", "2005-12-31": "97.80000"}, "Stock-Based Compensation": {"2019-12-31": "32.90000", "2018-12-31": "29.20000", "2017-12-31": "44.90000", "2016-12-31": "59.90000", "2015-12-31": "61.20000", "2014-12-31": "54.10000", "2013-12-31": "24.10000", "2012-12-31": "16.90000", "2011-12-31": "25.00000", "2010-12-31": "30.60000", "2009-12-31": "38.80000", "2008-12-31": "16.50000", "2007-12-31": "15.90000", "2006-12-31": "", "2005-12-31": ""}, "Common Stock Dividends Paid": {"2019-12-31": "-99.10000", "2018-12-31": "-104.10000", "2017-12-31": "-119.70000", "2016-12-31": "-121.60000", "2015-12-31": "-106.80000", "2014-12-31": "-110.90000", "2013-12-31": "-102.00000", "2012-12-31": "-100.90000", "2011-12-31": "-87.40000", "2010-12-31": "-79.70000", "2009-12-31": "-75.70000", "2008-12-31": "-76.40000", "2007-12-31": "-64.60000", "2006-12-31": "-48.60000", "2005-12-31": ""}}, "cash flow statement, quarterly": {"Net Income/Loss": {"2020-09-30": 134, "2020-06-30": 100.1, "2020-03-31": "126.60000", "2019-12-31": 104.3, "2019-09-30": 68, "2019-06-30": 33.2, "2019-03-31": "57.50000", "2018-12-31": 200.3, "2018-09-30": 79, "2018-06-30": 114.4, "2018-03-31": "-200.60000", "2017-12-31": -33.5, "2017-09-30": 787.4, "2017-06-30": 104.2, "2017-03-31": "-43.20000", "2016-12-31": 171.1, "2016-09-30": 163.3, "2016-06-30": 49.6, "2016-03-31": "102.40000", "2015-12-31": 123.5, "2015-09-30": 86.6, "2015-06-30": 28.1, "2015-03-31": "97.20000", "2014-12-31": 66.3, "2014-09-30": 60.8, "2014-06-30": 60.1, "2014-03-31": "70.90000", "2013-12-31": 5.2, "2013-09-30": 35.1, "2013-06-30": 54.3, "2013-03-31": "0.70000", "2012-12-31": -351.7, "2012-09-30": -1238.3, "2012-06-30": -20.6, "2012-03-31": "-8.40000", "2011-12-31": -65.7, "2011-09-30": 73.7, "2011-06-30": 65, "2011-03-31": "59.70000", "2010-12-31": 51.3, "2010-09-30": 76.5, "2010-06-30": 66.9, "2010-03-31": "61.20000", "2009-12-31": 65.1, "2009-09-30": 60.6, "2009-06-30": 60.5, "2009-03-31": "58.10000", "2008-12-31": 47.3, "2008-09-30": 9.2, "2008-06-30": 62.6, "2008-03-31": "60.80000", "2007-12-31": 79.7, "2007-09-30": 72.4, "2007-06-30": 73.9, "2007-03-31": "127.00000", "2006-12-31": 83.3, "2006-09-30": 77.2, "2006-06-30": 57.8, "2006-03-31": "55.80000", "2005-12-31": 73, "2005-09-30": 64.2, "2005-06-30": 62.8, "2005-03-31": "55.80000"}, "Total Depreciation And Amortization - Cash Flow": {"2020-09-30": 43.8, "2020-06-30": 42.8, "2020-03-31": "43.10000", "2019-12-31": 43.5, "2019-09-30": 41.3, "2019-06-30": 33.3, "2019-03-31": "32.70000", "2018-12-31": 32.8, "2018-09-30": 32.7, "2018-06-30": 32.9, "2018-03-31": "32.80000", "2017-12-31": 34.9, "2017-09-30": 31.9, "2017-06-30": 29.7, "2017-03-31": "52.80000", "2016-12-31": 52.8, "2016-09-30": 54.6, "2016-06-30": 57.5, "2016-03-31": "49.10000", "2015-12-31": 51.3, "2015-09-30": 52.8, "2015-06-30": 54.4, "2015-03-31": "54.80000", "2014-12-31": 61.7, "2014-09-30": 62.8, "2014-06-30": 71.5, "2014-03-31": "70.70000", "2013-12-31": 57.5, "2013-09-30": 69.7, "2013-06-30": 80, "2013-03-31": "76.20000", "2012-12-31": 627.7, "2012-09-30": 1413.6, "2012-06-30": 82.7, "2012-03-31": "83.50000", "2011-12-31": 77.5, "2011-09-30": 36.9, "2011-06-30": 37, "2011-03-31": "36.20000", "2010-12-31": 41.1, "2010-09-30": 37.9, "2010-06-30": 37.3, "2010-03-31": "40.10000", "2009-12-31": 40.2, "2009-09-30": 40.3, "2009-06-30": 36.3, "2009-03-31": "38.70000", "2008-12-31": 24.7, "2008-09-30": 43.3, "2008-06-30": 43.5, "2008-03-31": "45.10000", "2007-12-31": 27.6, "2007-09-30": 42.1, "2007-06-30": 42, "2007-03-31": "41.20000", "2006-12-31": 43.1, "2006-09-30": 41.9, "2006-06-30": 43.7, "2006-03-31": "42.10000", "2005-12-31": 45.2, "2005-09-30": 43, "2005-06-30": 44.6, "2005-03-31": "45.00000"}, "Other Non-Cash Items": {"2020-09-30": 8.9, "2020-06-30": 23.3, "2020-03-31": "10.10000", "2019-12-31": 4.2, "2019-09-30": 39, "2019-06-30": -23.6, "2019-03-31": "43.20000", "2018-12-31": -29, "2018-09-30": 19.1, "2018-06-30": 7.9, "2018-03-31": "48.30000", "2017-12-31": 44.8, "2017-09-30": -618.4, "2017-06-30": 33.3, "2017-03-31": "132.10000", "2016-12-31": -70.4, "2016-09-30": 27.8, "2016-06-30": 99.6, "2016-03-31": "14.00000", "2015-12-31": -272.1, "2015-09-30": 31.2, "2015-06-30": 117.3, "2015-03-31": "277.70000", "2014-12-31": 226.8999, "2014-09-30": 60.9001, "2014-06-30": 53.5, "2014-03-31": "-927.80000", "2013-12-31": 124.1, "2013-09-30": 21.2, "2013-06-30": 34.1, "2013-03-31": "25.90000", "2012-12-31": -106.2, "2012-09-30": -66.8, "2012-06-30": 12.8, "2012-03-31": "7.00000", "2011-12-31": 8.5, "2011-09-30": 10, "2011-06-30": 16.8, "2011-03-31": "11.90000", "2010-12-31": 71.4, "2010-09-30": -5.5, "2010-06-30": 15.2, "2010-03-31": "4.50000", "2009-12-31": 17.5, "2009-09-30": 5, "2009-06-30": 1.4, "2009-03-31": "9.70000", "2008-12-31": 5, "2008-09-30": 13.5, "2008-06-30": 12.6, "2008-03-31": "-11.70000", "2007-12-31": 0.1, "2007-09-30": -1.7, "2007-06-30": -0.5, "2007-03-31": "-36.10000", "2006-12-31": -42, "2006-09-30": -2.1, "2006-06-30": -1.6, "2006-03-31": "-2.00000", "2005-12-31": -28.6, "2005-09-30": -0.3, "2005-06-30": -1.6, "2005-03-31": "-0.90000"}, "Total Non-Cash Items": {"2020-09-30": 52.7, "2020-06-30": 66.1, "2020-03-31": "53.20000", "2019-12-31": 47.7, "2019-09-30": 80.3, "2019-06-30": 9.7, "2019-03-31": "75.90000", "2018-12-31": 3.8, "2018-09-30": 51.8, "2018-06-30": 40.8, "2018-03-31": "81.10000", "2017-12-31": 79.7, "2017-09-30": -586.5, "2017-06-30": 63, "2017-03-31": "184.90000", "2016-12-31": -17.6, "2016-09-30": 82.4, "2016-06-30": 157.1, "2016-03-31": "63.10000", "2015-12-31": -220.8, "2015-09-30": 84, "2015-06-30": 171.7, "2015-03-31": "332.50000", "2014-12-31": 288.5999, "2014-09-30": 123.7001, "2014-06-30": 125, "2014-03-31": "-857.10000", "2013-12-31": 181.6, "2013-09-30": 90.9, "2013-06-30": 114.1, "2013-03-31": "102.10000", "2012-12-31": 521.5, "2012-09-30": 1346.8, "2012-06-30": 95.5, "2012-03-31": "90.50000", "2011-12-31": 86, "2011-09-30": 46.9, "2011-06-30": 53.8, "2011-03-31": "48.10000", "2010-12-31": 112.5, "2010-09-30": 32.4, "2010-06-30": 52.5, "2010-03-31": "44.60000", "2009-12-31": 57.7, "2009-09-30": 45.3, "2009-06-30": 37.7, "2009-03-31": "48.40000", "2008-12-31": 29.7, "2008-09-30": 56.8, "2008-06-30": 56.1, "2008-03-31": "33.40000", "2007-12-31": 27.7, "2007-09-30": 40.4, "2007-06-30": 41.5, "2007-03-31": "5.10000", "2006-12-31": 1.1, "2006-09-30": 39.8, "2006-06-30": 42.1, "2006-03-31": "40.10000", "2005-12-31": 16.6, "2005-09-30": 42.7, "2005-06-30": 43, "2005-03-31": "44.10000"}, "Change In Accounts Receivable": {"2020-09-30": -9.2, "2020-06-30": 7.6, "2020-03-31": "-33.60000", "2019-12-31": 40.6, "2019-09-30": 1.7, "2019-06-30": -22.4, "2019-03-31": "18.20000", "2018-12-31": 30.1, "2018-09-30": -6.8, "2018-06-30": -28, "2018-03-31": "3.80000", "2017-12-31": 6.1, "2017-09-30": -29.2, "2017-06-30": -55, "2017-03-31": "-3.30000", "2016-12-31": 24.6, "2016-09-30": 25.4, "2016-06-30": -61.6, "2016-03-31": "-22.30000", "2015-12-31": 83.7, "2015-09-30": 0.9, "2015-06-30": -56.4, "2015-03-31": "8.50000", "2014-12-31": 34.7, "2014-09-30": -6.4, "2014-06-30": -47, "2014-03-31": "-9.10000", "2013-12-31": 70.2, "2013-09-30": 39.4, "2013-06-30": -78.7, "2013-03-31": "4.60000", "2012-12-31": 40.6, "2012-09-30": -35.6, "2012-06-30": -95.3, "2012-03-31": "63.90000", "2011-12-31": -80.1, "2011-09-30": -12.7, "2011-06-30": -30.8, "2011-03-31": "21.60000", "2010-12-31": -7.5, "2010-09-30": -20.9, "2010-06-30": -31.6, "2010-03-31": "26.10000", "2009-12-31": 17.2, "2009-09-30": 4.6, "2009-06-30": -3.2, "2009-03-31": "16.60000", "2008-12-31": -64.9, "2008-09-30": -5.7, "2008-06-30": 83.4, "2008-03-31": "26.90000", "2007-12-31": 7.2, "2007-09-30": -21.2, "2007-06-30": -35, "2007-03-31": "25.30000", "2006-12-31": -8.8, "2006-09-30": -16.9, "2006-06-30": -4.3, "2006-03-31": "22.60000", "2005-12-31": -6, "2005-09-30": -27.3, "2005-06-30": -18.2, "2005-03-31": "14.80000"}, "Change In Inventories": {"2020-09-30": 14.5, "2020-06-30": -59.1, "2020-03-31": "-25.80000", "2019-12-31": 56.8, "2019-09-30": 6.9, "2019-06-30": 7.8, "2019-03-31": "-51.90000", "2018-12-31": 56.8, "2018-09-30": -20.6, "2018-06-30": -42, "2018-03-31": "-50.60000", "2017-12-31": 42.8, "2017-09-30": -11.8, "2017-06-30": -18.5, "2017-03-31": "-64.30000", "2016-12-31": 82.8, "2016-09-30": -15.9, "2016-06-30": -16.1, "2016-03-31": "-61.50000", "2015-12-31": 89, "2015-09-30": -28.2, "2015-06-30": -18.5, "2015-03-31": "-80.60000", "2014-12-31": 62.8, "2014-09-30": -19.4, "2014-06-30": -5.7, "2014-03-31": "-86.40000", "2013-12-31": 127.3, "2013-09-30": 5.6, "2013-06-30": -33.2, "2013-03-31": "-77.70000", "2012-12-31": 129.3, "2012-09-30": 10.7, "2012-06-30": -9.6, "2012-03-31": "-79.70000", "2011-12-31": 79.9, "2011-09-30": 1.5, "2011-06-30": -35.3, "2011-03-31": "-48.30000", "2010-12-31": 40.8, "2010-09-30": -4.1, "2010-06-30": -23.4, "2010-03-31": "-32.70000", "2009-12-31": 47.5, "2009-09-30": 26.3, "2009-06-30": 48.3, "2009-03-31": "-5.80000", "2008-12-31": 34, "2008-09-30": -13.4, "2008-06-30": -9.6, "2008-03-31": "-34.60000", "2007-12-31": 26.2, "2007-09-30": -20.5, "2007-06-30": -19.9, "2007-03-31": "-35.10000", "2006-12-31": 15.6, "2006-09-30": -22.5, "2006-06-30": -5, "2006-03-31": "-21.70000", "2005-12-31": 22.5, "2005-09-30": 16.5, "2005-06-30": -4.4, "2005-03-31": "-41.60000"}, "Change In Accounts Payable": {"2020-09-30": -17, "2020-06-30": 1.8, "2020-03-31": "0.30000", "2019-12-31": 19.2, "2019-09-30": -45.8, "2019-06-30": -15.5, "2019-03-31": "5.10000", "2018-12-31": -2.4, "2018-09-30": -13.7, "2018-06-30": 51.4, "2018-03-31": "7.30000", "2017-12-31": 18.9, "2017-09-30": -10.2, "2017-06-30": 89.3, "2017-03-31": "56.10000", "2016-12-31": 87.5, "2016-09-30": 50.2, "2016-06-30": 51.3, "2016-03-31": "39.00000", "2015-12-31": -38.2, "2015-09-30": 12.2, "2015-06-30": 32.4, "2015-03-31": "75.00000", "2014-12-31": -19, "2014-09-30": 90.1, "2014-06-30": 15.6, "2014-03-31": "53.40000", "2013-12-31": -11.9, "2013-09-30": -40.1, "2013-06-30": -11.2, "2013-03-31": "99.50000", "2012-12-31": -66.9, "2012-09-30": -27.3, "2012-06-30": 11.4, "2012-03-31": "-1.50000", "2011-12-31": -39, "2011-09-30": -12.1, "2011-06-30": -3.5, "2011-03-31": "26.50000", "2010-12-31": -4.3, "2010-09-30": -12.4, "2010-06-30": 23.5, "2010-03-31": "12.20000", "2009-12-31": -12.3, "2009-09-30": 4.1, "2009-06-30": -6.8, "2009-03-31": "-53.40000", "2008-12-31": -18.6, "2008-09-30": -1.1, "2008-06-30": 5.9, "2008-03-31": "-15.00000", "2007-12-31": 2.2, "2007-09-30": 9.3, "2007-06-30": 0.3, "2007-03-31": "5.00000", "2006-12-31": 2.1, "2006-09-30": 15.8, "2006-06-30": 5, "2006-03-31": "-7.30000", "2005-12-31": 10.6, "2005-09-30": -29.4, "2005-06-30": 37.1, "2005-03-31": "-1.60000"}, "Change In Assets/Liabilities": {"2020-09-30": 23.1, "2020-06-30": 29.9, "2020-03-31": "-102.80000", "2019-12-31": -13, "2019-09-30": -39.5, "2019-06-30": 98, "2019-03-31": "-52.60000", "2018-12-31": 61.1, "2018-09-30": 41.2, "2018-06-30": -79.3, "2018-03-31": "65.50000", "2017-12-31": 185, "2017-09-30": 41.5, "2017-06-30": -58.9, "2017-03-31": "-113.00000", "2016-12-31": 82.8, "2016-09-30": -23.9, "2016-06-30": -8.1, "2016-03-31": "-106.00000", "2015-12-31": 211.8, "2015-09-30": 89.3, "2015-06-30": -26.3, "2015-03-31": "-107.50000", "2014-12-31": -187.4, "2014-09-30": 42.2, "2014-06-30": 28.7, "2014-03-31": "-104.20000", "2013-12-31": -2, "2013-09-30": 79.1, "2013-06-30": 52.5, "2013-03-31": "-167.00000", "2012-12-31": 56.7, "2012-09-30": 70.1, "2012-06-30": 50.1, "2012-03-31": "-158.00000", "2011-12-31": 105, "2011-09-30": 59.6, "2011-06-30": 3.7, "2011-03-31": "-40.40000", "2010-12-31": 30.3, "2010-09-30": 22.2, "2010-06-30": 12.6, "2010-03-31": "-45.60000", "2009-12-31": 7.6, "2009-09-30": 15.8, "2009-06-30": 23.5, "2009-03-31": "-11.40000", "2008-12-31": 32.1, "2008-09-30": 66.3, "2008-06-30": 19.4, "2008-03-31": "-56.60000", "2007-12-31": -52.3, "2007-09-30": 21.1, "2007-06-30": 28.4, "2007-03-31": "-30.60000", "2006-12-31": 27, "2006-09-30": 20, "2006-06-30": 44.8, "2006-03-31": "-30.70000", "2005-12-31": -15.9, "2005-09-30": 17, "2005-06-30": 25.9, "2005-03-31": "-38.90000"}, "Total Change In Assets/Liabilities": {"2020-09-30": 10.5, "2020-06-30": 5.8, "2020-03-31": "-138.80000", "2019-12-31": 107.9, "2019-09-30": -66.4, "2019-06-30": 61.3, "2019-03-31": "-68.30000", "2018-12-31": 73.9, "2018-09-30": -17.4, "2018-06-30": -84.9, "2018-03-31": "85.80000", "2017-12-31": 45.7, "2017-09-30": -9.7, "2017-06-30": -43.1, "2017-03-31": "-124.50000", "2016-12-31": 285, "2016-09-30": 35.8, "2016-06-30": -34.5, "2016-03-31": "-150.80000", "2015-12-31": 378.5, "2015-09-30": 74.2, "2015-06-30": -68.8, "2015-03-31": "-104.60000", "2014-12-31": -108.9, "2014-09-30": 106.5, "2014-06-30": -8.4, "2014-03-31": "-146.30000", "2013-12-31": 183.6, "2013-09-30": 84, "2013-06-30": -70.6, "2013-03-31": "-140.60000", "2012-12-31": 159.7, "2012-09-30": 17.9, "2012-06-30": -43.4, "2012-03-31": "-175.30000", "2011-12-31": 65.8, "2011-09-30": 36.3, "2011-06-30": -65.9, "2011-03-31": "-40.60000", "2010-12-31": 30.1, "2010-09-30": -6.5, "2010-06-30": -15.9, "2010-03-31": "-22.50000", "2009-12-31": 70.5, "2009-09-30": 58.9, "2009-06-30": 39.5, "2009-03-31": "-50.30000", "2008-12-31": 1.3, "2008-09-30": 25.3, "2008-06-30": 84.4, "2008-03-31": "-62.50000", "2007-12-31": 47.2, "2007-09-30": -20.2, "2007-06-30": -65.5, "2007-03-31": "-51.10000", "2006-12-31": 54.7, "2006-09-30": -14.4, "2006-06-30": 23.8, "2006-03-31": "-28.40000", "2005-12-31": 38, "2005-09-30": -31.6, "2005-06-30": 18.4, "2005-03-31": "-63.70000"}, "Cash Flow From Operating Activities": {"2020-09-30": 197.2, "2020-06-30": 172, "2020-03-31": "41.00000", "2019-12-31": 259.9, "2019-09-30": 81.9, "2019-06-30": 104.2, "2019-03-31": "65.10000", "2018-12-31": 278, "2018-09-30": 113.4, "2018-06-30": 70.3, "2018-03-31": "-33.70000", "2017-12-31": 91.9, "2017-09-30": 191.2, "2017-06-30": 124.1, "2017-03-31": "17.20000", "2016-12-31": 438.5, "2016-09-30": 281.5, "2016-06-30": 172.2, "2016-03-31": "14.70000", "2015-12-31": 281.2, "2015-09-30": 244.8, "2015-06-30": 131, "2015-03-31": "325.10000", "2014-12-31": 246, "2014-09-30": 291, "2014-06-30": 176.7, "2014-03-31": "-932.50000", "2013-12-31": 370.4, "2013-09-30": 210, "2013-06-30": 97.8, "2013-03-31": "-37.80000", "2012-12-31": 329.5, "2012-09-30": 126.4, "2012-06-30": 31.5, "2012-03-31": "-93.20000", "2011-12-31": 86.1, "2011-09-30": 156.9, "2011-06-30": 52.9, "2011-03-31": "67.20000", "2010-12-31": 193.9, "2010-09-30": 102.4, "2010-06-30": 103.5, "2010-03-31": "83.30000", "2009-12-31": 193.3, "2009-09-30": 164.8, "2009-06-30": 137.7, "2009-03-31": "56.20000", "2008-12-31": 78.3, "2008-09-30": 91.3, "2008-06-30": 203.1, "2008-03-31": "31.70000", "2007-12-31": 154.6, "2007-09-30": 92.6, "2007-06-30": 49.9, "2007-03-31": "81.00000", "2006-12-31": 139.1, "2006-09-30": 102.6, "2006-06-30": 123.7, "2006-03-31": "67.50000", "2005-12-31": 127.6, "2005-09-30": 75.3, "2005-06-30": 124.2, "2005-03-31": "36.20000"}, "Net Change In Property, Plant, And Equipment": {"2020-09-30": -32.6, "2020-06-30": -39, "2020-03-31": "-39.40000", "2019-12-31": -47.8, "2019-09-30": -47.1, "2019-06-30": -44.7, "2019-03-31": "-52.50000", "2018-12-31": -34, "2018-09-30": -62.4, "2018-06-30": -30.1, "2018-03-31": "-35.30000", "2017-12-31": -59, "2017-09-30": -32.5, "2017-06-30": -39.2, "2017-03-31": "-50.40000", "2016-12-31": -89, "2016-09-30": -76.5, "2016-06-30": -54.8, "2016-03-31": "-50.50000", "2015-12-31": -71.2, "2015-09-30": -48.7, "2015-06-30": -35.9, "2015-03-31": "4.70000", "2014-12-31": -52.7, "2014-09-30": -31.2, "2014-06-30": -26.9, "2014-03-31": "-27.00000", "2013-12-31": -30.6, "2013-09-30": -30.2, "2013-06-30": -19.4, "2013-03-31": "-24.20000", "2012-12-31": -18.6, "2012-09-30": -30.6, "2012-06-30": -34.8, "2012-03-31": "-31.00000", "2011-12-31": -38.2, "2011-09-30": -27.2, "2011-06-30": -26.7, "2011-03-31": "-19.20000", "2010-12-31": -25.8, "2010-09-30": -19.5, "2010-06-30": -25.1, "2010-03-31": "-13.00000", "2009-12-31": -15, "2009-09-30": -15.9, "2009-06-30": -19.5, "2009-03-31": "-22.70000", "2008-12-31": -38.5, "2008-09-30": -42.6, "2008-06-30": -55.3, "2008-03-31": "-40.40000", "2007-12-31": -52.5, "2007-09-30": -46, "2007-06-30": -59.6, "2007-03-31": "-50.80000", "2006-12-31": -56.6, "2006-09-30": -35.6, "2006-06-30": -36.4, "2006-03-31": "-23.70000", "2005-12-31": -29.4, "2005-09-30": -24.9, "2005-06-30": -20, "2005-03-31": "-19.30000"}, "Net Change In Intangible Assets": {"2020-09-30": 0, "2020-06-30": 0, "2020-03-31": "", "2019-12-31": 0, "2019-09-30": 0, "2019-06-30": 0, "2019-03-31": "", "2018-12-31": 0, "2018-09-30": 0, "2018-06-30": 0, "2018-03-31": "", "2017-12-31": 0, "2017-09-30": 0, "2017-06-30": 0, "2017-03-31": "", "2016-12-31": 0, "2016-09-30": 0, "2016-06-30": 0, "2016-03-31": "", "2015-12-31": 0, "2015-09-30": 0, "2015-06-30": 0, "2015-03-31": "", "2014-12-31": 0, "2014-09-30": 0, "2014-06-30": 0, "2014-03-31": "", "2013-12-31": 0, "2013-09-30": 0, "2013-06-30": 0, "2013-03-31": "", "2012-12-31": 0, "2012-09-30": 0, "2012-06-30": 0, "2012-03-31": "", "2011-12-31": 0, "2011-09-30": 0, "2011-06-30": 0, "2011-03-31": "", "2010-12-31": 0, "2010-09-30": 0, "2010-06-30": 0, "2010-03-31": "", "2009-12-31": 0, "2009-09-30": 0, "2009-06-30": 0, "2009-03-31": "", "2008-12-31": 0, "2008-09-30": 0, "2008-06-30": 0, "2008-03-31": "", "2007-12-31": -43.3, "2007-09-30": 0, "2007-06-30": 0, "2007-03-31": "", "2006-12-31": 0, "2006-09-30": 0, "2006-06-30": 0, "2006-03-31": "", "2005-12-31": 0, "2005-09-30": 0, "2005-06-30": 0, "2005-03-31": ""}, "Net Acquisitions/Divestitures": {"2020-09-30": -2.7, "2020-06-30": 4.2, "2020-03-31": "", "2019-12-31": -0.2, "2019-09-30": -429.5, "2019-06-30": -21.9, "2019-03-31": "-1.20000", "2018-12-31": -15.9, "2018-09-30": -67.8, "2018-06-30": -0.9, "2018-03-31": "0.90000", "2017-12-31": 37.6, "2017-09-30": 2003.6, "2017-06-30": -5.8, "2017-03-31": "2.30000", "2016-12-31": 7.8, "2016-09-30": -5.8, "2016-06-30": -4.2, "2016-03-31": "4.20000", "2015-12-31": 16.5, "2015-09-30": -16.5, "2015-06-30": 75.6, "2015-03-31": "-8.50000", "2014-12-31": 0, "2014-09-30": -3.6, "2014-06-30": 0, "2014-03-31": "", "2013-12-31": 0.5, "2013-09-30": -1.5, "2013-06-30": 0, "2013-03-31": "", "2012-12-31": 2.6, "2012-09-30": -2.6, "2012-06-30": 0, "2012-03-31": "", "2011-12-31": -1983.7, "2011-09-30": 0, "2011-06-30": 0, "2011-03-31": "", "2010-12-31": -16.5, "2010-09-30": 0, "2010-06-30": -7.6, "2010-03-31": "", "2009-12-31": 0.7, "2009-09-30": 0, "2009-06-30": -0.7, "2009-03-31": "", "2008-12-31": 0, "2008-09-30": 0, "2008-06-30": -2.9, "2008-03-31": "", "2007-12-31": -0.2, "2007-09-30": -25, "2007-06-30": 0, "2007-03-31": "-7.70000", "2006-12-31": -1.2, "2006-09-30": -10.9, "2006-06-30": 0.1, "2006-03-31": "-41.30000", "2005-12-31": 0, "2005-09-30": 0, "2005-06-30": 0, "2005-03-31": "-0.20000"}, "Net Change In Short-term Investments": {"2020-09-30": 0, "2020-06-30": 0, "2020-03-31": "", "2019-12-31": 0, "2019-09-30": 0, "2019-06-30": 0, "2019-03-31": "", "2018-12-31": 0, "2018-09-30": 0, "2018-06-30": 0, "2018-03-31": "", "2017-12-31": 0, "2017-09-30": 0, "2017-06-30": 0, "2017-03-31": "", "2016-12-31": 0, "2016-09-30": 0, "2016-06-30": 0, "2016-03-31": "", "2015-12-31": 0, "2015-09-30": 0, "2015-06-30": 0, "2015-03-31": "", "2014-12-31": 0, "2014-09-30": 0, "2014-06-30": 0, "2014-03-31": "", "2013-12-31": 0, "2013-09-30": 0, "2013-06-30": 0, "2013-03-31": "", "2012-12-31": 0, "2012-09-30": 0, "2012-06-30": 0, "2012-03-31": "", "2011-12-31": 0, "2011-09-30": 0, "2011-06-30": 0, "2011-03-31": "", "2010-12-31": 0, "2010-09-30": 0, "2010-06-30": 0, "2010-03-31": "", "2009-12-31": 0, "2009-09-30": 0, "2009-06-30": 0, "2009-03-31": "", "2008-12-31": 0, "2008-09-30": 0, "2008-06-30": 0, "2008-03-31": "", "2007-12-31": 0, "2007-09-30": 0, "2007-06-30": 0, "2007-03-31": "", "2006-12-31": 0, "2006-09-30": 0, "2006-06-30": 0, "2006-03-31": "", "2005-12-31": 0, "2005-09-30": 0, "2005-06-30": 0, "2005-03-31": ""}, "Net Change In Long-Term Investments": {"2020-09-30": 1, "2020-06-30": 0.7, "2020-03-31": "12.20000", "2019-12-31": -2.2, "2019-09-30": -10.3, "2019-06-30": 0, "2019-03-31": "", "2018-12-31": 0, "2018-09-30": 0, "2018-06-30": -7.5, "2018-03-31": "", "2017-12-31": 0, "2017-09-30": 0, "2017-06-30": 0, "2017-03-31": "", "2016-12-31": 0, "2016-09-30": 0, "2016-06-30": 0, "2016-03-31": "", "2015-12-31": 0, "2015-09-30": 0, "2015-06-30": 0, "2015-03-31": "", "2014-12-31": 0, "2014-09-30": 0, "2014-06-30": 0, "2014-03-31": "", "2013-12-31": 0, "2013-09-30": 0, "2013-06-30": 0, "2013-03-31": "", "2012-12-31": 0, "2012-09-30": 0, "2012-06-30": 0, "2012-03-31": "", "2011-12-31": -262.9, "2011-09-30": 0, "2011-06-30": 0, "2011-03-31": "", "2010-12-31": 6.4, "2010-09-30": 5.1, "2010-06-30": 1.1, "2010-03-31": "", "2009-12-31": 0, "2009-09-30": 0, "2009-06-30": 0, "2009-03-31": "", "2008-12-31": 0, "2008-09-30": 0, "2008-06-30": 0, "2008-03-31": "", "2007-12-31": 0.1, "2007-09-30": -5.1, "2007-06-30": 0.1, "2007-03-31": "30.10000", "2006-12-31": 50.7, "2006-09-30": -36.9, "2006-06-30": -5.3, "2006-03-31": "1.60000", "2005-12-31": -7.1, "2005-09-30": -37, "2005-06-30": 37, "2005-03-31": "17.10000"}, "Net Change In Investments - Total": {"2020-09-30": 1, "2020-06-30": 0.7, "2020-03-31": "12.20000", "2019-12-31": -2.2, "2019-09-30": -10.3, "2019-06-30": 0, "2019-03-31": "", "2018-12-31": 0, "2018-09-30": 0, "2018-06-30": -7.5, "2018-03-31": "", "2017-12-31": 0, "2017-09-30": 0, "2017-06-30": 0, "2017-03-31": "", "2016-12-31": 0, "2016-09-30": 0, "2016-06-30": 0, "2016-03-31": "", "2015-12-31": 0, "2015-09-30": 0, "2015-06-30": 0, "2015-03-31": "", "2014-12-31": 0, "2014-09-30": 0, "2014-06-30": 0, "2014-03-31": "", "2013-12-31": 0, "2013-09-30": 0, "2013-06-30": 0, "2013-03-31": "", "2012-12-31": 0, "2012-09-30": 0, "2012-06-30": 0, "2012-03-31": "", "2011-12-31": -262.9, "2011-09-30": 0, "2011-06-30": 0, "2011-03-31": "", "2010-12-31": 6.4, "2010-09-30": 5.1, "2010-06-30": 1.1, "2010-03-31": "", "2009-12-31": 0, "2009-09-30": 0, "2009-06-30": 0, "2009-03-31": "", "2008-12-31": 0, "2008-09-30": 0, "2008-06-30": 0, "2008-03-31": "", "2007-12-31": 0.1, "2007-09-30": -5.1, "2007-06-30": 0.1, "2007-03-31": "30.10000", "2006-12-31": 50.7, "2006-09-30": -36.9, "2006-06-30": -5.3, "2006-03-31": "1.60000", "2005-12-31": -7.1, "2005-09-30": -37, "2005-06-30": 37, "2005-03-31": "17.10000"}, "Investing Activities - Other": {"2020-09-30": 0.4, "2020-06-30": -8.4, "2020-03-31": "2.50000", "2019-12-31": 0, "2019-09-30": -4.1, "2019-06-30": -0.6, "2019-03-31": "-3.50000", "2018-12-31": -5.6, "2018-09-30": -0.2, "2018-06-30": -6.3, "2018-03-31": "-1.60000", "2017-12-31": -69.4, "2017-09-30": -12.4, "2017-06-30": 18.5, "2017-03-31": "-7.20000", "2016-12-31": -2.9, "2016-09-30": -11.8, "2016-06-30": -8.9, "2016-03-31": "-22.40000", "2015-12-31": 2.5, "2015-09-30": -18.1, "2015-06-30": 7.6, "2015-03-31": "32.00000", "2014-12-31": 6, "2014-09-30": 3.3, "2014-06-30": 5.8, "2014-03-31": "", "2013-12-31": -8.8, "2013-09-30": 0, "2013-06-30": 0.3, "2013-03-31": "", "2012-12-31": -1.8, "2012-09-30": 3.6, "2012-06-30": -3.5, "2012-03-31": "1.80000", "2011-12-31": -9.5, "2011-09-30": 0.6, "2011-06-30": 0.5, "2011-03-31": "0.60000", "2010-12-31": -4.1, "2010-09-30": 0.5, "2010-06-30": 0.4, "2010-03-31": "1.20000", "2009-12-31": 1.3, "2009-09-30": 2.4, "2009-06-30": 0.3, "2009-03-31": "-1.20000", "2008-12-31": 0.8, "2008-09-30": 2.3, "2008-06-30": 0.5, "2008-03-31": "-0.60000", "2007-12-31": 4.1, "2007-09-30": -14.6, "2007-06-30": -7.6, "2007-03-31": "3.90000", "2006-12-31": -0.7, "2006-09-30": -0.3, "2006-06-30": -3.3, "2006-03-31": "-2.70000", "2005-12-31": -5.1, "2005-09-30": 0, "2005-06-30": 0, "2005-03-31": ""}, "Cash Flow From Investing Activities": {"2020-09-30": -33.9, "2020-06-30": -42.5, "2020-03-31": "-24.70000", "2019-12-31": -50.2, "2019-09-30": -491, "2019-06-30": -67.2, "2019-03-31": "-57.20000", "2018-12-31": -55.5, "2018-09-30": -130.4, "2018-06-30": -44.8, "2018-03-31": "-36.00000", "2017-12-31": -90.8, "2017-09-30": 1958.7, "2017-06-30": -26.5, "2017-03-31": "-55.30000", "2016-12-31": -84.1, "2016-09-30": -94.1, "2016-06-30": -67.9, "2016-03-31": "-68.70000", "2015-12-31": -52.2, "2015-09-30": -83.3, "2015-06-30": 47.3, "2015-03-31": "28.20000", "2014-12-31": -46.7, "2014-09-30": -31.5, "2014-06-30": -21.1, "2014-03-31": "-27.00000", "2013-12-31": -38.9, "2013-09-30": -31.7, "2013-06-30": -19.1, "2013-03-31": "-24.20000", "2012-12-31": -17.8, "2012-09-30": -29.6, "2012-06-30": -38.3, "2012-03-31": "-29.20000", "2011-12-31": -2294.3, "2011-09-30": -26.6, "2011-06-30": -26.2, "2011-03-31": "-18.60000", "2010-12-31": -40, "2010-09-30": -13.9, "2010-06-30": -31.2, "2010-03-31": "-11.80000", "2009-12-31": -13, "2009-09-30": -13.5, "2009-06-30": -19.9, "2009-03-31": "-23.90000", "2008-12-31": -37.7, "2008-09-30": -40.3, "2008-06-30": -57.7, "2008-03-31": "-41.00000", "2007-12-31": -91.8, "2007-09-30": -90.7, "2007-06-30": -67.1, "2007-03-31": "-24.50000", "2006-12-31": -7.8, "2006-09-30": -83.7, "2006-06-30": -44.9, "2006-03-31": "-66.10000", "2005-12-31": -41.6, "2005-09-30": -61.9, "2005-06-30": 17, "2005-03-31": "-2.40000"}, "Net Long-Term Debt": {"2020-09-30": -5.6, "2020-06-30": -2.9, "2020-03-31": "-3.00000", "2019-12-31": -7.5, "2019-09-30": 471.8, "2019-06-30": -1.4, "2019-03-31": "-2.30000", "2018-12-31": -1.6, "2018-09-30": -105.7, "2018-06-30": -23.9, "2018-03-31": "129.60000", "2017-12-31": 21.5, "2017-09-30": -643.2, "2017-06-30": 252.2, "2017-03-31": "", "2016-12-31": -99.8, "2016-09-30": 37.7, "2016-06-30": 35, "2016-03-31": "", "2015-12-31": 100.7, "2015-09-30": -69.6, "2015-06-30": 69.6, "2015-03-31": "", "2014-12-31": -8, "2014-09-30": 0, "2014-06-30": 200.4, "2014-03-31": "-200.40000", "2013-12-31": -202.2, "2013-09-30": -0.4, "2013-06-30": -27.6, "2013-03-31": "-3.00000", "2012-12-31": -382.5, "2012-09-30": -11.3, "2012-06-30": -31.6, "2012-03-31": "-27.20000", "2011-12-31": 1913.4, "2011-09-30": 0.9, "2011-06-30": -3.9, "2011-03-31": "-1.80000", "2010-12-31": -196.6, "2010-09-30": -4.3, "2010-06-30": -4.2, "2010-03-31": "-71.00000", "2009-12-31": 61.4, "2009-09-30": -434.1, "2009-06-30": 254.9, "2009-03-31": "299.10000", "2008-12-31": -175, "2008-09-30": 8.5, "2008-06-30": -228.3, "2008-03-31": "-0.90000", "2007-12-31": -1.7, "2007-09-30": 0, "2007-06-30": -1.3, "2007-03-31": "-1.40000", "2006-12-31": 2.3, "2006-09-30": -263.2, "2006-06-30": 20.3, "2006-03-31": "-9.00000", "2005-12-31": -1, "2005-09-30": -1, "2005-06-30": -1, "2005-03-31": "-1.00000"}, "Net Current Debt": {"2020-09-30": -78.1, "2020-06-30": -89.8, "2020-03-31": "69.40000", "2019-12-31": -107.8, "2019-09-30": -52.8, "2019-06-30": 11.8, "2019-03-31": "21.30000", "2018-12-31": -71.8, "2018-09-30": 295.8, "2018-06-30": 0, "2018-03-31": "", "2017-12-31": -93.7, "2017-09-30": 0, "2017-06-30": -10.2, "2017-03-31": "10.20000", "2016-12-31": -154.2, "2016-09-30": 0, "2016-06-30": -106.8, "2016-03-31": "106.80000", "2015-12-31": -145.6, "2015-09-30": 256.8, "2015-06-30": 39.1, "2015-03-31": "-39.10000", "2014-12-31": -154.7, "2014-09-30": -128.4, "2014-06-30": -241.2, "2014-03-31": "603.40000", "2013-12-31": 9.8, "2013-09-30": 1.7, "2013-06-30": 4, "2013-03-31": "37.70000", "2012-12-31": 7.2, "2012-09-30": -17.1, "2012-06-30": 17.1, "2012-03-31": "", "2011-12-31": -6.1, "2011-09-30": 11.8, "2011-06-30": 1.6, "2011-03-31": "-14.30000", "2010-12-31": 3.6, "2010-09-30": 4.1, "2010-06-30": 2, "2010-03-31": "-14.10000", "2009-12-31": 6.3, "2009-09-30": -25.1, "2009-06-30": 10.8, "2009-03-31": "-0.30000", "2008-12-31": -1.8, "2008-09-30": -8.4, "2008-06-30": 6.9, "2008-03-31": "8.50000", "2007-12-31": 2.5, "2007-09-30": 0.3, "2007-06-30": 16.3, "2007-03-31": "-3.50000", "2006-12-31": 4.7, "2006-09-30": -0.5, "2006-06-30": -0.7, "2006-03-31": "-5.70000", "2005-12-31": 0.8, "2005-09-30": -5.7, "2005-06-30": 0.4, "2005-03-31": "4.00000"}, "Debt Issuance/Retirement Net - Total": {"2020-09-30": -83.7, "2020-06-30": -92.7, "2020-03-31": "66.40000", "2019-12-31": -115.3, "2019-09-30": 419, "2019-06-30": 10.4, "2019-03-31": "19.00000", "2018-12-31": -73.4, "2018-09-30": 190.1, "2018-06-30": -23.9, "2018-03-31": "129.60000", "2017-12-31": -72.2, "2017-09-30": -643.2, "2017-06-30": 242, "2017-03-31": "10.20000", "2016-12-31": -254, "2016-09-30": 37.7, "2016-06-30": -71.8, "2016-03-31": "106.80000", "2015-12-31": -44.9, "2015-09-30": 187.2, "2015-06-30": 108.7, "2015-03-31": "-39.10000", "2014-12-31": -162.7, "2014-09-30": -128.4, "2014-06-30": -40.8, "2014-03-31": "403.00000", "2013-12-31": -192.4, "2013-09-30": 1.3, "2013-06-30": -23.6, "2013-03-31": "34.70000", "2012-12-31": -375.3, "2012-09-30": -28.4, "2012-06-30": -14.5, "2012-03-31": "-27.20000", "2011-12-31": 1907.3, "2011-09-30": 12.7, "2011-06-30": -2.3, "2011-03-31": "-16.10000", "2010-12-31": -193, "2010-09-30": -0.2, "2010-06-30": -2.2, "2010-03-31": "-85.10000", "2009-12-31": 67.7, "2009-09-30": -459.2, "2009-06-30": 265.7, "2009-03-31": "298.80000", "2008-12-31": -176.8, "2008-09-30": 0.1, "2008-06-30": -221.4, "2008-03-31": "7.60000", "2007-12-31": 0.8, "2007-09-30": 0.3, "2007-06-30": 15, "2007-03-31": "-4.90000", "2006-12-31": 7, "2006-09-30": -263.7, "2006-06-30": 19.6, "2006-03-31": "-14.70000", "2005-12-31": -0.2, "2005-09-30": -6.7, "2005-06-30": -0.6, "2005-03-31": "3.00000"}, "Net Common Equity Issued/Repurchased": {"2020-09-30": -20, "2020-06-30": 0, "2020-03-31": "", "2019-12-31": -10.8, "2019-09-30": 0, "2019-06-30": -49.6, "2019-03-31": "-17.70000", "2018-12-31": -48.4, "2018-09-30": -128.1, "2018-06-30": -96, "2018-03-31": "-318.00000", "2017-12-31": -545, "2017-09-30": -452.4, "2017-06-30": -305.3, "2017-03-31": "-21.50000", "2016-12-31": -8, "2016-09-30": -165.4, "2016-06-30": -20, "2016-03-31": "-54.30000", "2015-12-31": -116.9, "2015-09-30": -537.3, "2015-06-30": -81.7, "2015-03-31": "-75.40000", "2014-12-31": -50.1, "2014-09-30": -4.1, "2014-06-30": -130.2, "2014-03-31": "-2.60000", "2013-12-31": 3.9, "2013-09-30": 0, "2013-06-30": 0, "2013-03-31": "-3.90000", "2012-12-31": -0.2, "2012-09-30": -0.1, "2012-06-30": 0.7, "2012-03-31": "-10.00000", "2011-12-31": 0.6, "2011-09-30": 0, "2011-06-30": -0.8, "2011-03-31": "-12.00000", "2010-12-31": -9.8, "2010-09-30": 0, "2010-06-30": 0, "2010-03-31": "", "2009-12-31": 0, "2009-09-30": 0, "2009-06-30": 0, "2009-03-31": "", "2008-12-31": 0, "2008-09-30": -10.4, "2008-06-30": -57.6, "2008-03-31": "-27.10000", "2007-12-31": 0, "2007-09-30": -2.3, "2007-06-30": -4.5, "2007-03-31": "0.70000", "2006-12-31": -2, "2006-09-30": -42.8, "2006-06-30": -6.5, "2006-03-31": "1.70000", "2005-12-31": -39.7, "2005-09-30": -38.1, "2005-06-30": -34.8, "2005-03-31": "-1.30000"}, "Net Total Equity Issued/Repurchased": {"2020-09-30": -20, "2020-06-30": 0, "2020-03-31": "", "2019-12-31": -10.8, "2019-09-30": 0, "2019-06-30": -49.6, "2019-03-31": "-17.70000", "2018-12-31": -48.4, "2018-09-30": -128.1, "2018-06-30": -96, "2018-03-31": "-318.00000", "2017-12-31": -545, "2017-09-30": -452.4, "2017-06-30": -305.3, "2017-03-31": "-21.50000", "2016-12-31": -8, "2016-09-30": -165.4, "2016-06-30": -20, "2016-03-31": "-54.30000", "2015-12-31": -116.9, "2015-09-30": -537.3, "2015-06-30": -81.7, "2015-03-31": "-75.40000", "2014-12-31": -50.1, "2014-09-30": -4.1, "2014-06-30": -130.2, "2014-03-31": "-2.60000", "2013-12-31": 3.9, "2013-09-30": 0, "2013-06-30": 0, "2013-03-31": "-3.90000", "2012-12-31": -0.2, "2012-09-30": -0.1, "2012-06-30": 0.7, "2012-03-31": "-10.00000", "2011-12-31": 0.6, "2011-09-30": 0, "2011-06-30": -0.8, "2011-03-31": "-12.00000", "2010-12-31": -9.8, "2010-09-30": 0, "2010-06-30": 0, "2010-03-31": "", "2009-12-31": 0, "2009-09-30": 0, "2009-06-30": 0, "2009-03-31": "", "2008-12-31": 0, "2008-09-30": -10.4, "2008-06-30": -57.6, "2008-03-31": "-27.10000", "2007-12-31": 0, "2007-09-30": -2.3, "2007-06-30": -4.5, "2007-03-31": "0.70000", "2006-12-31": -2, "2006-09-30": -42.8, "2006-06-30": -6.5, "2006-03-31": "1.70000", "2005-12-31": -39.7, "2005-09-30": -38.1, "2005-06-30": -34.8, "2005-03-31": "-1.30000"}, "Total Common And Preferred Stock Dividends Paid": {"2020-09-30": -24.9, "2020-06-30": -25, "2020-03-31": "-25.70000", "2019-12-31": -24.7, "2019-09-30": -24.7, "2019-06-30": -24.7, "2019-03-31": "-25.00000", "2018-12-31": -24.8, "2018-09-30": -25.3, "2018-06-30": -26.2, "2018-03-31": "-27.80000", "2017-12-31": -27.3, "2017-09-30": -30.6, "2017-06-30": -30.4, "2017-03-31": "-31.40000", "2016-12-31": -31.5, "2016-09-30": -33.1, "2016-06-30": -30.8, "2016-03-31": "-26.20000", "2015-12-31": -25.6, "2015-09-30": -26.4, "2015-06-30": -27.3, "2015-03-31": "-27.50000", "2014-12-31": -27, "2014-09-30": -27.9, "2014-06-30": -27.6, "2014-03-31": "-28.40000", "2013-12-31": -25.6, "2013-09-30": -25.5, "2013-06-30": -25.5, "2013-03-31": "-25.40000", "2012-12-31": -25.2, "2012-09-30": -25.3, "2012-06-30": -25.2, "2012-03-31": "-25.20000", "2011-12-31": -25, "2011-09-30": -20.8, "2011-06-30": -20.8, "2011-03-31": "-20.80000", "2010-12-31": -20.7, "2010-09-30": -20.7, "2010-06-30": -19.2, "2010-03-31": "-19.10000", "2009-12-31": -18.6, "2009-09-30": -19.1, "2009-06-30": -19, "2009-03-31": "-19.00000", "2008-12-31": -19, "2008-09-30": -18.9, "2008-06-30": -19.1, "2008-03-31": "-19.40000", "2007-12-31": -16.2, "2007-09-30": -16.1, "2007-06-30": -16.2, "2007-03-31": "-16.10000", "2006-12-31": -12.1, "2006-09-30": -12.1, "2006-06-30": -12.2, "2006-03-31": "-12.20000", "2005-12-31": 0, "2005-09-30": 0, "2005-06-30": 0, "2005-03-31": ""}, "Financial Activities - Other": {"2020-09-30": -0.3, "2020-06-30": 0, "2020-03-31": "-11.20000", "2019-12-31": -4.7, "2019-09-30": -0.7, "2019-06-30": -0.3, "2019-03-31": "-10.30000", "2018-12-31": 2.5, "2018-09-30": -8.2, "2018-06-30": -0.4, "2018-03-31": "", "2017-12-31": 0, "2017-09-30": 17.1, "2017-06-30": 2.1, "2017-03-31": "-1.80000", "2016-12-31": -1.5, "2016-09-30": 7.3, "2016-06-30": 0.5, "2016-03-31": "-0.20000", "2015-12-31": 39, "2015-09-30": 1.4, "2015-06-30": -108.7, "2015-03-31": "-14.20000", "2014-12-31": -82.1, "2014-09-30": -12.4, "2014-06-30": 0.1, "2014-03-31": "", "2013-12-31": -4, "2013-09-30": 0, "2013-06-30": 0.5, "2013-03-31": "-34.40000", "2012-12-31": -28.3, "2012-09-30": -1.8, "2012-06-30": 0.1, "2012-03-31": "0.80000", "2011-12-31": 217.9, "2011-09-30": -5.3, "2011-06-30": 0.2, "2011-03-31": "1.60000", "2010-12-31": -1, "2010-09-30": -2, "2010-06-30": 0, "2010-03-31": "", "2009-12-31": -7, "2009-09-30": 7, "2009-06-30": -7, "2009-03-31": "", "2008-12-31": -0.9, "2008-09-30": 0, "2008-06-30": 0, "2008-03-31": "", "2007-12-31": 0, "2007-09-30": 0, "2007-06-30": 0, "2007-03-31": "", "2006-12-31": 0, "2006-09-30": 0, "2006-06-30": 0, "2006-03-31": "", "2005-12-31": 0, "2005-09-30": 0, "2005-06-30": 0, "2005-03-31": ""}, "Cash Flow From Financial Activities": {"2020-09-30": -128.9, "2020-06-30": -117.7, "2020-03-31": "29.50000", "2019-12-31": -155.5, "2019-09-30": 393.6, "2019-06-30": -64.2, "2019-03-31": "-34.00000", "2018-12-31": -144.1, "2018-09-30": 28.5, "2018-06-30": -146.5, "2018-03-31": "-216.20000", "2017-12-31": -644.5, "2017-09-30": -1109.1, "2017-06-30": -91.6, "2017-03-31": "-44.50000", "2016-12-31": -295, "2016-09-30": -153.5, "2016-06-30": -122.1, "2016-03-31": "26.10000", "2015-12-31": -148.4, "2015-09-30": -375.1, "2015-06-30": -109, "2015-03-31": "-156.20000", "2014-12-31": -321.9, "2014-09-30": -172.8, "2014-06-30": -198.5, "2014-03-31": "372.00000", "2013-12-31": -218.1, "2013-09-30": -24.2, "2013-06-30": -48.6, "2013-03-31": "-29.00000", "2012-12-31": -429, "2012-09-30": -55.6, "2012-06-30": -38.9, "2012-03-31": "-61.60000", "2011-12-31": 2100.8, "2011-09-30": -13.4, "2011-06-30": -23.7, "2011-03-31": "-47.30000", "2010-12-31": -224.5, "2010-09-30": -22.9, "2010-06-30": -21.4, "2010-03-31": "-104.20000", "2009-12-31": 42.1, "2009-09-30": -471.3, "2009-06-30": 239.7, "2009-03-31": "279.80000", "2008-12-31": -196.7, "2008-09-30": -29.2, "2008-06-30": -298.1, "2008-03-31": "-38.90000", "2007-12-31": -15.4, "2007-09-30": -18.1, "2007-06-30": -5.7, "2007-03-31": "-20.30000", "2006-12-31": -7.1, "2006-09-30": -318.6, "2006-06-30": 0.9, "2006-03-31": "-25.20000", "2005-12-31": -39.9, "2005-09-30": -44.8, "2005-06-30": -35.4, "2005-03-31": "1.70000"}, "Net Cash Flow": {"2020-09-30": 27.1, "2020-06-30": 15.1, "2020-03-31": "12.20000", "2019-12-31": 62.4, "2019-09-30": -22.2, "2019-06-30": -13.8, "2019-03-31": "-35.70000", "2018-12-31": 80.4, "2018-09-30": 11.2, "2018-06-30": -146.8, "2018-03-31": "-267.10000", "2017-12-31": -737.9, "2017-09-30": 1034, "2017-06-30": -14.6, "2017-03-31": "-74.10000", "2016-12-31": 36.1, "2016-09-30": 34.3, "2016-06-30": -23.2, "2016-03-31": "-38.80000", "2015-12-31": 75.6, "2015-09-30": -234.7, "2015-06-30": 32.5, "2015-03-31": "199.60000", "2014-12-31": -132, "2014-09-30": 64.2, "2014-06-30": -56.6, "2014-03-31": "-579.30000", "2013-12-31": 215.7, "2013-09-30": 136.6, "2013-06-30": 14.3, "2013-03-31": "-53.80000", "2012-12-31": 138.8, "2012-09-30": 49.6, "2012-06-30": -35, "2012-03-31": "-177.40000", "2011-12-31": -96.7, "2011-09-30": 95.3, "2011-06-30": 9, "2011-03-31": "20.40000", "2010-12-31": -86.2, "2010-09-30": 99.6, "2010-06-30": 34.7, "2010-03-31": "-67.00000", "2009-12-31": 207.4, "2009-09-30": -302.1, "2009-06-30": 363, "2009-03-31": "297.30000", "2008-12-31": -145.5, "2008-09-30": 7.4, "2008-06-30": -163.9, "2008-03-31": "0.60000", "2007-12-31": 55.8, "2007-09-30": -4.7, "2007-06-30": -36.7, "2007-03-31": "42.80000", "2006-12-31": 145.9, "2006-09-30": -303.8, "2006-06-30": 92.8, "2006-03-31": "-17.60000", "2005-12-31": 38.8, "2005-09-30": -38.1, "2005-06-30": 77.4, "2005-03-31": "19.70000"}, "Stock-Based Compensation": {"2020-09-30": 12, "2020-06-30": 10.3, "2020-03-31": "8.90000", "2019-12-31": 8.9, "2019-09-30": 10.8, "2019-06-30": 4.8, "2019-03-31": "8.40000", "2018-12-31": 6.3, "2018-09-30": 8.3, "2018-06-30": 8.2, "2018-03-31": "6.40000", "2017-12-31": 6.2, "2017-09-30": 15.7, "2017-06-30": 14.1, "2017-03-31": "8.90000", "2016-12-31": 15.3, "2016-09-30": 14.6, "2016-06-30": 20.3, "2016-03-31": "9.70000", "2015-12-31": 12.1, "2015-09-30": 15.9, "2015-06-30": 14.9, "2015-03-31": "18.30000", "2014-12-31": 17.3, "2014-09-30": 10.4, "2014-06-30": 11.9, "2014-03-31": "14.50000", "2013-12-31": 3.7, "2013-09-30": 5.5, "2013-06-30": 7.3, "2013-03-31": "7.60000", "2012-12-31": 0, "2012-09-30": 6.4, "2012-06-30": 6, "2012-03-31": "4.50000", "2011-12-31": -6.7, "2011-09-30": 13.8, "2011-06-30": 7.4, "2011-03-31": "10.50000", "2010-12-31": 8.6, "2010-09-30": 8.5, "2010-06-30": 6, "2010-03-31": "7.50000", "2009-12-31": 17.4, "2009-09-30": 7.7, "2009-06-30": 7.4, "2009-03-31": "6.30000", "2008-12-31": 16.5, "2008-09-30": 0, "2008-06-30": 0, "2008-03-31": "", "2007-12-31": 15.9, "2007-09-30": 0, "2007-06-30": 0, "2007-03-31": "", "2006-12-31": 0, "2006-09-30": 0, "2006-06-30": 0, "2006-03-31": "", "2005-12-31": 0, "2005-09-30": 0, "2005-06-30": 0, "2005-03-31": ""}, "Common Stock Dividends Paid": {"2020-09-30": -24.9, "2020-06-30": -25, "2020-03-31": "-25.70000", "2019-12-31": -24.7, "2019-09-30": -24.7, "2019-06-30": -24.7, "2019-03-31": "-25.00000", "2018-12-31": -24.8, "2018-09-30": -25.3, "2018-06-30": -26.2, "2018-03-31": "-27.80000", "2017-12-31": -27.3, "2017-09-30": -30.6, "2017-06-30": -30.4, "2017-03-31": "-31.40000", "2016-12-31": -31.5, "2016-09-30": -33.1, "2016-06-30": -30.8, "2016-03-31": "-26.20000", "2015-12-31": -25.6, "2015-09-30": -26.4, "2015-06-30": -27.3, "2015-03-31": "-27.50000", "2014-12-31": -27, "2014-09-30": -27.9, "2014-06-30": -27.6, "2014-03-31": "-28.40000", "2013-12-31": -25.6, "2013-09-30": -25.5, "2013-06-30": -25.5, "2013-03-31": "-25.40000", "2012-12-31": -25.2, "2012-09-30": -25.3, "2012-06-30": -25.2, "2012-03-31": "-25.20000", "2011-12-31": -25, "2011-09-30": -20.8, "2011-06-30": -20.8, "2011-03-31": "-20.80000", "2010-12-31": -20.7, "2010-09-30": -20.7, "2010-06-30": -19.2, "2010-03-31": "-19.10000", "2009-12-31": -18.6, "2009-09-30": -19.1, "2009-06-30": -19, "2009-03-31": "-19.00000", "2008-12-31": -19, "2008-09-30": -18.9, "2008-06-30": -19.1, "2008-03-31": "-19.40000", "2007-12-31": -16.2, "2007-09-30": -16.1, "2007-06-30": -16.2, "2007-03-31": "-16.10000", "2006-12-31": -12.1, "2006-09-30": -12.1, "2006-06-30": -12.2, "2006-03-31": "-12.20000", "2005-12-31": 0, "2005-09-30": 0, "2005-06-30": 0, "2005-03-31": ""}}, "financial ratios": {"Current Ratio": {"2019-12-31": "1.08900", "2018-12-31": "1.04450", "2017-12-31": "1.35420", "2016-12-31": "1.04540", "2015-12-31": "1.22610", "2014-12-31": "1.51610", "2013-12-31": "1.28090", "2012-12-31": "1.40870", "2011-12-31": "1.33680", "2010-12-31": "1.40910", "2009-12-31": "1.44610", "2008-12-31": "1.03110", "2007-12-31": "1.11170", "2006-12-31": "1.24930", "2005-12-31": "1.10560"}, "Long-term Debt / Capital": {"2019-12-31": "1.05600", "2018-12-31": "1.12070", "2017-12-31": "0.95500", "2016-12-31": "0.86060", "2015-12-31": "0.89000", "2014-12-31": "0.78640", "2013-12-31": "0.74400", "2012-12-31": "0.75870", "2011-12-31": "0.62720", "2010-12-31": "0.36810", "2009-12-31": "0.42500", "2008-12-31": "0.40120", "2007-12-31": "0.43130", "2006-12-31": "0.52470", "2005-12-31": "0.56570"}, "Debt/Equity Ratio": {"2019-12-31": "-19.44040", "2018-12-31": "-9.96620", "2017-12-31": "21.39200", "2016-12-31": "6.79450", "2015-12-31": "8.65410", "2014-12-31": "3.80660", "2013-12-31": "3.10630", "2012-12-31": "3.17230", "2011-12-31": "1.69460", "2010-12-31": "0.59510", "2009-12-31": "0.75490", "2008-12-31": "0.76810", "2007-12-31": "0.92680", "2006-12-31": "1.11940", "2005-12-31": "1.49140"}, "Gross Margin": {"2019-12-31": "32.66060", "2018-12-31": "31.73880", "2017-12-31": "31.65010", "2016-12-31": "33.26760", "2015-12-31": "32.99550", "2014-12-31": "34.67650", "2013-12-31": "33.67530", "2012-12-31": "33.34350", "2011-12-31": "28.91010", "2010-12-31": "27.90140", "2009-12-31": "28.71920", "2008-12-31": "25.53110", "2007-12-31": "27.97340", "2006-12-31": "28.65360", "2005-12-31": "28.34690"}, "Operating Margin": {"2019-12-31": "12.07450", "2018-12-31": "13.86740", "2017-12-31": "12.80480", "2016-12-31": "14.93360", "2015-12-31": "13.99900", "2014-12-31": "8.43300", "2013-12-31": "7.86130", "2012-12-31": "-18.91070", "2011-12-31": "7.69670", "2010-12-31": "11.91510", "2009-12-31": "11.60320", "2008-12-31": "8.18620", "2007-12-31": "11.80990", "2006-12-31": "12.15600", "2005-12-31": "12.49420"}, "EBIT Margin": {"2019-12-31": "12.07450", "2018-12-31": "13.86740", "2017-12-31": "12.80480", "2016-12-31": "14.93360", "2015-12-31": "13.99900", "2014-12-31": "8.43300", "2013-12-31": "7.86130", "2012-12-31": "-18.91070", "2011-12-31": "7.69670", "2010-12-31": "11.91510", "2009-12-31": "11.60320", "2008-12-31": "8.18620", "2007-12-31": "11.80990", "2006-12-31": "12.15600", "2005-12-31": "12.49420"}, "EBITDA Margin": {"2019-12-31": "15.22200", "2018-12-31": "16.63960", "2017-12-31": "16.15120", "2016-12-31": "20.01520", "2015-12-31": "18.83550", "2014-12-31": "11.87410", "2013-12-31": "11.54630", "2012-12-31": "10.29210", "2011-12-31": "11.12800", "2010-12-31": "15.39830", "2009-12-31": "15.26820", "2008-12-31": "11.41940", "2007-12-31": "15.09720", "2006-12-31": "16.10250", "2005-12-31": "16.84660"}, "Pre-Tax Profit Margin": {"2019-12-31": "7.72890", "2018-12-31": "9.67310", "2017-12-31": "8.81520", "2016-12-31": "9.21090", "2015-12-31": "6.60730", "2014-12-31": "3.44750", "2013-12-31": "2.34310", "2012-12-31": "-24.92860", "2011-12-31": "3.46420", "2010-12-31": "7.64790", "2009-12-31": "7.77550", "2008-12-31": "4.58970", "2007-12-31": "9.80390", "2006-12-31": "9.24470", "2005-12-31": "9.21890"}, "Net Profit Margin": {"2019-12-31": "5.48930", "2018-12-31": "4.08010", "2017-12-31": "18.26480", "2016-12-31": "11.54990", "2015-12-31": "7.60490", "2014-12-31": "3.33010", "2013-12-31": "1.63570", "2012-12-31": "-18.67130", "2011-12-31": "2.72710", "2010-12-31": "3.89970", "2009-12-31": "5.75800", "2008-12-31": "3.71430", "2007-12-31": "7.58940", "2006-12-31": "6.33330", "2005-12-31": "6.26180"}, "Asset Turnover": {"2019-12-31": "0.83100", "2018-12-31": "0.93710", "2017-12-31": "0.84500", "2016-12-31": "0.56790", "2015-12-31": "0.59560", "2014-12-31": "0.97450", "2013-12-31": "0.83810", "2012-12-31": "0.81010", "2011-12-31": "0.47820", "2010-12-31": "0.83160", "2009-12-31": "0.78280", "2008-12-31": "0.97140", "2007-12-31": "0.85530", "2006-12-31": "0.86200", "2005-12-31": "0.83980"}, "Inventory Turnover Ratio": {"2019-12-31": "5.65720", "2018-12-31": "5.92880", "2017-12-31": "6.01720", "2016-12-31": "6.15350", "2015-12-31": "4.47200", "2014-12-31": "7.35350", "2013-12-31": "6.98560", "2012-12-31": "6.91270", "2011-12-31": "4.99900", "2010-12-31": "6.52940", "2009-12-31": "6.44290", "2008-12-31": "6.39180", "2007-12-31": "5.75920", "2006-12-31": "6.06160", "2005-12-31": "7.15500"}, "Receiveable Turnover": {"2019-12-31": "7.15520", "2018-12-31": "7.71930", "2017-12-31": "6.13110", "2016-12-31": "7.73140", "2015-12-31": "4.83270", "2014-12-31": "5.51320", "2013-12-31": "6.03530", "2012-12-31": "5.75330", "2011-12-31": "4.16020", "2010-12-31": "6.44110", "2009-12-31": "6.36390", "2008-12-31": "7.09360", "2007-12-31": "5.88910", "2006-12-31": "6.00010", "2005-12-31": "6.06100"}, "Days Sales In Receivables": {"2019-12-31": "51.01210", "2018-12-31": "47.28410", "2017-12-31": "59.53260", "2016-12-31": "47.21000", "2015-12-31": "75.52750", "2014-12-31": "66.20440", "2013-12-31": "60.47740", "2012-12-31": "63.44240", "2011-12-31": "87.73670", "2010-12-31": "56.66720", "2009-12-31": "57.35490", "2008-12-31": "51.45490", "2007-12-31": "61.97910", "2006-12-31": "60.83190", "2005-12-31": "60.22130"}, "ROE - Return On Equity": {"2019-12-31": "-149.69420", "2018-12-31": "-43.11530", "2017-12-31": "41.23450", "2016-12-31": "47.94160", "2015-12-31": "30.12710", "2014-12-31": "22.19640", "2013-12-31": "6.72880", "2012-12-31": "-112.09580", "2011-12-31": "4.49460", "2010-12-31": "10.65540", "2009-12-31": "11.10300", "2008-12-31": "9.34250", "2007-12-31": "17.47870", "2006-12-31": "16.56390", "2005-12-31": "18.37510"}, "Return On Tangible Equity": {"2019-12-31": "-11.31710", "2018-12-31": "-6.26800", "2017-12-31": "-3.35630", "2016-12-31": "-22.25690", "2015-12-31": "-5.01470", "2014-12-31": "-9.53700", "2013-12-31": "-3.50990", "2012-12-31": "57.03720", "2011-12-31": "-4.02990", "2010-12-31": "67.75220", "2009-12-31": "97.09850", "2008-12-31": "-1439.21400", "2007-12-31": "707.41620", "2006-12-31": "-90.67150", "2005-12-31": "-49.50650"}, "ROA - Return On Assets": {"2019-12-31": "5.09440", "2018-12-31": "2.97610", "2017-12-31": "1.18930", "2016-12-31": "3.94170", "2015-12-31": "2.14450", "2014-12-31": "3.24520", "2013-12-31": "1.03860", "2012-12-31": "-17.34950", "2011-12-31": "1.16080", "2010-12-31": "4.73940", "2009-12-31": "4.50730", "2008-12-31": "3.60810", "2007-12-31": "6.49100", "2006-12-31": "5.45920", "2005-12-31": "5.25880"}, "ROI - Return On Investment": {"2019-12-31": "8.38570", "2018-12-31": "5.20450", "2017-12-31": "1.85650", "2016-12-31": "6.68530", "2015-12-31": "3.31250", "2014-12-31": "4.74030", "2013-12-31": "1.72250", "2012-12-31": "-27.05050", "2011-12-31": "1.67570", "2010-12-31": "6.73280", "2009-12-31": "6.38430", "2008-12-31": "5.59480", "2007-12-31": "9.94030", "2006-12-31": "7.87330", "2005-12-31": "7.98100"}, "Book Value Per Share": {"2019-12-31": "-1.26980", "2018-12-31": "-2.23960", "2017-12-31": "0.90330", "2016-12-31": "3.15120", "2015-12-31": "2.68910", "2014-12-31": "5.52320", "2013-12-31": "7.21870", "2012-12-31": "7.42350", "2011-12-31": "15.37210", "2010-12-31": "15.07540", "2009-12-31": "13.84380", "2008-12-31": "12.19640", "2007-12-31": "12.49540", "2006-12-31": "20.51700", "2005-12-31": "8.54550"}, "Operating Cash Flow Per Share": {"2019-12-31": 0.6215, "2018-12-31": 0.425, "2017-12-31": -2.3522, "2016-12-31": -0.1524, "2015-12-31": 5.7742, "2014-12-31": -4.0126, "2013-12-31": 0.9451, "2012-12-31": 0.0861, "2011-12-31": -0.7755, "2010-12-31": -0.289, "2009-12-31": 0.8788, "2008-12-31": 0.1605, "2007-12-31": -0.271, "2006-12-31": 0.3926, "2005-12-31": 1.8621}, "Free Cash Flow Per Share": {"2019-12-31": 0.3937, "2018-12-31": 0.3737, "2017-12-31": -1.9377, "2016-12-31": -0.7946, "2015-12-31": 5.6874, "2014-12-31": -4.1694, "2013-12-31": 1.0542, "2012-12-31": 0.09, "2011-12-31": -0.9039, "2010-12-31": -0.3607, "2009-12-31": 1.4159, "2008-12-31": 0.3191, "2007-12-31": -0.5738, "2006-12-31": 0.0791, "2005-12-31": 1.3824}}, "financial ratios, quarterly": {"Current Ratio": {"2020-09-30": "1.26970", "2020-06-30": "1.20480", "2020-03-31": "1.14070", "2019-12-31": "1.08900", "2019-09-30": "1.05930", "2019-06-30": "0.99320", "2019-03-31": "1.05000", "2018-12-31": "1.04450", "2018-09-30": "1.01840", "2018-06-30": "1.11420", "2018-03-31": "1.17040", "2017-12-31": "1.35420", "2017-09-30": "1.69800", "2017-06-30": "1.44850", "2017-03-31": "1.61090", "2016-12-31": "1.04540", "2016-09-30": "1.04040", "2016-06-30": "1.24640", "2016-03-31": "1.22060", "2015-12-31": "1.22610", "2015-09-30": "1.25330", "2015-06-30": "1.65960", "2015-03-31": "1.67900", "2014-12-31": "1.51610", "2014-09-30": "1.44170", "2014-06-30": "1.30210", "2014-03-31": "1.25650", "2013-12-31": "1.28090", "2013-09-30": "1.30510", "2013-06-30": "1.29930", "2013-03-31": "1.30350", "2012-12-31": "1.40870", "2012-09-30": "1.19410", "2012-06-30": "1.30840", "2012-03-31": "1.34740", "2011-12-31": "1.33680", "2011-09-30": "1.49150", "2011-06-30": "1.51290", "2011-03-31": "1.47270", "2010-12-31": "1.40910", "2010-09-30": "1.53590", "2010-06-30": "1.46760", "2010-03-31": "1.46800", "2009-12-31": "1.44610", "2009-09-30": "1.33730", "2009-06-30": "1.23510", "2009-03-31": "1.24190", "2008-12-31": "1.03110", "2008-09-30": "0.97410", "2008-06-30": "1.03780", "2008-03-31": "1.16500", "2007-12-31": "1.11170", "2007-09-30": "1.14450", "2007-06-30": "1.12810", "2007-03-31": "1.35950", "2006-12-31": "1.24930", "2006-09-30": "1.19540", "2006-06-30": "1.16450", "2006-03-31": "1.11820", "2005-12-31": "1.10560", "2005-09-30": "1.10350", "2005-06-30": "1.28780", "2005-03-31": "1.29020"}, "Long-term Debt / Capital": {"2020-09-30": "0.99340", "2020-06-30": "1.01940", "2020-03-31": "1.05190", "2019-12-31": "1.05600", "2019-09-30": "1.08970", "2019-06-30": "1.11560", "2019-03-31": "1.09770", "2018-12-31": "1.12070", "2018-09-30": "1.15940", "2018-06-30": "1.13090", "2018-03-31": "1.12650", "2017-12-31": "0.95500", "2017-09-30": "0.80890", "2017-06-30": "0.91780", "2017-03-31": "0.86350", "2016-12-31": "0.86060", "2016-09-30": "0.87860", "2016-06-30": "0.87890", "2016-03-31": "0.88410", "2015-12-31": "0.89000", "2015-09-30": "0.90750", "2015-06-30": "0.80260", "2015-03-31": "0.78750", "2014-12-31": "0.78640", "2014-09-30": "0.75980", "2014-06-30": "0.74120", "2014-03-31": "0.73520", "2013-12-31": "0.74400", "2013-09-30": "0.75380", "2013-06-30": "0.76010", "2013-03-31": "0.75420", "2012-12-31": "0.75870", "2012-09-30": "0.72510", "2012-06-30": "0.63300", "2012-03-31": "0.62120", "2011-12-31": "0.62720", "2011-09-30": "0.35650", "2011-06-30": "0.35270", "2011-03-31": "0.35920", "2010-12-31": "0.36810", "2010-09-30": "0.39400", "2010-06-30": "0.41210", "2010-03-31": "0.41160", "2009-12-31": "0.42500", "2009-09-30": "0.41880", "2009-06-30": "0.43040", "2009-03-31": "0.45290", "2008-12-31": "0.40120", "2008-09-30": "0.40510", "2008-06-30": "0.39010", "2008-03-31": "0.41770", "2007-12-31": "0.43130", "2007-09-30": "0.43790", "2007-06-30": "0.45140", "2007-03-31": "0.50470", "2006-12-31": "0.52470", "2006-09-30": "0.54050", "2006-06-30": "0.54890", "2006-03-31": "0.55780", "2005-12-31": "0.56570", "2005-09-30": "0.56870", "2005-06-30": "0.60290", "2005-03-31": "0.60400"}, "Debt/Equity Ratio": {"2020-09-30": "152.62450", "2020-06-30": "-54.15410", "2020-03-31": "-21.29960", "2019-12-31": "-19.44040", "2019-09-30": "-12.86810", "2019-06-30": "-10.51760", "2019-03-31": "-12.20080", "2018-12-31": "-9.96620", "2018-09-30": "-7.97820", "2018-06-30": "-8.95730", "2018-03-31": "-9.33440", "2017-12-31": "21.39200", "2017-09-30": "4.34580", "2017-06-30": "13.09460", "2017-03-31": "6.98740", "2016-12-31": "6.79450", "2016-09-30": "8.43250", "2016-06-30": "7.86490", "2016-03-31": "8.36700", "2015-12-31": "8.65410", "2015-09-30": "10.52060", "2015-06-30": "4.15310", "2015-03-31": "3.78210", "2014-12-31": "3.80660", "2014-09-30": "3.47770", "2014-06-30": "3.36870", "2014-03-31": "3.24650", "2013-12-31": "3.10630", "2013-09-30": "3.24180", "2013-06-30": "3.33620", "2013-03-31": "3.23130", "2012-12-31": "3.17230", "2012-09-30": "2.90340", "2012-06-30": "1.74240", "2012-03-31": "1.65150", "2011-12-31": "1.69460", "2011-09-30": "0.56360", "2011-06-30": "0.54950", "2011-03-31": "0.56610", "2010-12-31": "0.59510", "2010-09-30": "0.66200", "2010-06-30": "0.71230", "2010-03-31": "0.70910", "2009-12-31": "0.75490", "2009-09-30": "0.73620", "2009-06-30": "0.98910", "2009-03-31": "0.92490", "2008-12-31": "0.76810", "2008-09-30": "0.82310", "2008-06-30": "0.77810", "2008-03-31": "0.88190", "2007-12-31": "0.92680", "2007-09-30": "0.95000", "2007-06-30": "1.00160", "2007-03-31": "1.03160", "2006-12-31": "1.11940", "2006-09-30": "1.18900", "2006-06-30": "1.39690", "2006-03-31": "1.44360", "2005-12-31": "1.49140", "2005-09-30": "1.51220", "2005-06-30": "1.54040", "2005-03-31": "1.54560"}, "Gross Margin": {"2020-09-30": "32.69480", "2020-06-30": "33.86900", "2020-03-31": "33.26520", "2019-12-31": "33.05100", "2019-09-30": "32.17070", "2019-06-30": "32.58400", "2019-03-31": "32.82110", "2018-12-31": "31.66710", "2018-09-30": "30.81270", "2018-06-30": "31.46640", "2018-03-31": "33.06810", "2017-12-31": "30.33880", "2017-09-30": "31.88370", "2017-06-30": "32.09380", "2017-03-31": "32.49370", "2016-12-31": "32.60400", "2016-09-30": "33.48980", "2016-06-30": "33.65100", "2016-03-31": "33.36320", "2015-12-31": "57.05060", "2015-09-30": "36.45630", "2015-06-30": "37.18770", "2015-03-31": "37.19650", "2014-12-31": "34.06290", "2014-09-30": "35.23670", "2014-06-30": "34.43450", "2014-03-31": "34.99480", "2013-12-31": "33.22730", "2013-09-30": "33.99060", "2013-06-30": "34.01980", "2013-03-31": "33.47370", "2012-12-31": "33.22040", "2012-09-30": "33.86830", "2012-06-30": "32.64570", "2012-03-31": "33.65670", "2011-12-31": "32.54750", "2011-09-30": "26.91850", "2011-06-30": "26.74420", "2011-03-31": "27.38150", "2010-12-31": "27.43960", "2010-09-30": "28.36280", "2010-06-30": "27.57640", "2010-03-31": "28.26990", "2009-12-31": "29.09980", "2009-09-30": "28.80820", "2009-06-30": "28.02530", "2009-03-31": "28.90240", "2008-12-31": "26.32890", "2008-09-30": "24.09350", "2008-06-30": "25.82110", "2008-03-31": "25.91300", "2007-12-31": "27.47560", "2007-09-30": "27.57340", "2007-06-30": "28.22600", "2007-03-31": "28.70190", "2006-12-31": "29.62900", "2006-09-30": "28.64810", "2006-06-30": "28.40370", "2006-03-31": "27.82850", "2005-12-31": "27.59390", "2005-09-30": "28.22400", "2005-06-30": "29.00980", "2005-03-31": "28.61420"}, "Operating Margin": {"2020-09-30": "15.72100", "2020-06-30": "16.15710", "2020-03-31": "15.91280", "2019-12-31": "15.78260", "2019-09-30": "12.63850", "2019-06-30": "6.75280", "2019-03-31": "12.68090", "2018-12-31": "13.12390", "2018-09-30": "13.75820", "2018-06-30": "13.86770", "2018-03-31": "14.80990", "2017-12-31": "12.89300", "2017-09-30": "12.68450", "2017-06-30": "12.93100", "2017-03-31": "12.70100", "2016-12-31": "15.09890", "2016-09-30": "15.68870", "2016-06-30": "14.20730", "2016-03-31": "14.70330", "2015-12-31": "-5.83420", "2015-09-30": "10.09050", "2015-06-30": "11.59660", "2015-03-31": "10.51310", "2014-12-31": "7.28070", "2014-09-30": "9.33940", "2014-06-30": "8.71000", "2014-03-31": "8.39850", "2013-12-31": "8.70060", "2013-09-30": "7.12870", "2013-06-30": "8.55790", "2013-03-31": "6.96590", "2012-12-31": "-22.76460", "2012-09-30": "-62.67430", "2012-06-30": "5.63230", "2012-03-31": "4.50310", "2011-12-31": "2.06480", "2011-09-30": "10.41620", "2011-06-30": "10.64650", "2011-03-31": "10.89940", "2010-12-31": "11.14790", "2010-09-30": "13.01770", "2010-06-30": "11.85650", "2010-03-31": "11.67550", "2009-12-31": "10.82520", "2009-09-30": "12.05670", "2009-06-30": "11.48830", "2009-03-31": "12.12950", "2008-12-31": "9.77490", "2008-09-30": "3.21570", "2008-06-30": "9.88430", "2008-03-31": "9.91170", "2007-12-31": "11.61410", "2007-09-30": "11.55140", "2007-06-30": "11.70770", "2007-03-31": "12.41440", "2006-12-31": "13.22570", "2006-09-30": "12.92770", "2006-06-30": "10.98990", "2006-03-31": "11.37280", "2005-12-31": "12.61620", "2005-09-30": "12.87630", "2005-06-30": "12.37260", "2005-03-31": "12.08500"}, "EBIT Margin": {"2020-09-30": "15.72100", "2020-06-30": "16.15710", "2020-03-31": "15.91280", "2019-12-31": "15.78260", "2019-09-30": "12.63850", "2019-06-30": "6.75280", "2019-03-31": "12.68090", "2018-12-31": "13.12390", "2018-09-30": "13.75820", "2018-06-30": "13.86770", "2018-03-31": "14.80990", "2017-12-31": "12.89300", "2017-09-30": "12.68450", "2017-06-30": "12.93100", "2017-03-31": "12.70100", "2016-12-31": "15.09890", "2016-09-30": "15.68870", "2016-06-30": "14.20730", "2016-03-31": "14.70330", "2015-12-31": "-5.83420", "2015-09-30": "10.09050", "2015-06-30": "11.59660", "2015-03-31": "10.51310", "2014-12-31": "7.28080", "2014-09-30": "9.33940", "2014-06-30": "8.71000", "2014-03-31": "8.39850", "2013-12-31": "8.70060", "2013-09-30": "7.12870", "2013-06-30": "8.55790", "2013-03-31": "6.96590", "2012-12-31": "-22.76460", "2012-09-30": "-62.67430", "2012-06-30": "5.63230", "2012-03-31": "4.50310", "2011-12-31": "2.06480", "2011-09-30": "10.41620", "2011-06-30": "10.64650", "2011-03-31": "10.89940", "2010-12-31": "11.14790", "2010-09-30": "13.01770", "2010-06-30": "11.85650", "2010-03-31": "11.67550", "2009-12-31": "10.82520", "2009-09-30": "12.05670", "2009-06-30": "11.48830", "2009-03-31": "12.12950", "2008-12-31": "9.77490", "2008-09-30": "3.21570", "2008-06-30": "9.88430", "2008-03-31": "9.91170", "2007-12-31": "11.61410", "2007-09-30": "11.55140", "2007-06-30": "11.70770", "2007-03-31": "12.41440", "2006-12-31": "13.22570", "2006-09-30": "12.92770", "2006-06-30": "10.98990", "2006-03-31": "11.37280", "2005-12-31": "12.61620", "2005-09-30": "12.87630", "2005-06-30": "12.37260", "2005-03-31": "12.08500"}, "EBITDA Margin": {"2020-09-30": "", "2020-06-30": "", "2020-03-31": "", "2019-12-31": "", "2019-09-30": "", "2019-06-30": "", "2019-03-31": "", "2018-12-31": "", "2018-09-30": "", "2018-06-30": "", "2018-03-31": "", "2017-12-31": "", "2017-09-30": "", "2017-06-30": "", "2017-03-31": "", "2016-12-31": "", "2016-09-30": "", "2016-06-30": "", "2016-03-31": "", "2015-12-31": "", "2015-09-30": "", "2015-06-30": "", "2015-03-31": "", "2014-12-31": "", "2014-09-30": "", "2014-06-30": "", "2014-03-31": "", "2013-12-31": "", "2013-09-30": "", "2013-06-30": "", "2013-03-31": "", "2012-12-31": "", "2012-09-30": "", "2012-06-30": "", "2012-03-31": "", "2011-12-31": "", "2011-09-30": "", "2011-06-30": "", "2011-03-31": "", "2010-12-31": "", "2010-09-30": "", "2010-06-30": "", "2010-03-31": "", "2009-12-31": "", "2009-09-30": "", "2009-06-30": "", "2009-03-31": "", "2008-12-31": "", "2008-09-30": "", "2008-06-30": "", "2008-03-31": "", "2007-12-31": "", "2007-09-30": "", "2007-06-30": "", "2007-03-31": "", "2006-12-31": "", "2006-09-30": "", "2006-06-30": "", "2006-03-31": "", "2005-12-31": "", "2005-09-30": "", "2005-06-30": "", "2005-03-31": ""}, "Pre-Tax Profit Margin": {"2020-09-30": "12.05950", "2020-06-30": "12.58690", "2020-03-31": "12.53940", "2019-12-31": "10.43190", "2019-09-30": "8.39560", "2019-06-30": "3.25580", "2019-03-31": "8.51080", "2018-12-31": "9.40250", "2018-09-30": "9.18900", "2018-06-30": "10.11080", "2018-03-31": "10.03540", "2017-12-31": "9.69210", "2017-09-30": "9.38740", "2017-06-30": "7.97910", "2017-03-31": "8.01200", "2016-12-31": "11.15850", "2016-09-30": "11.06940", "2016-06-30": "5.25560", "2016-03-31": "9.19570", "2015-12-31": "1.01460", "2015-09-30": "7.21570", "2015-06-30": "2.40340", "2015-03-31": "7.51830", "2014-12-31": "-0.22290", "2014-09-30": "4.93550", "2014-06-30": "4.71220", "2014-03-31": "4.43730", "2013-12-31": "3.48820", "2013-09-30": "2.42150", "2013-06-30": "3.72660", "2013-03-31": "-0.46480", "2012-12-31": "-29.73160", "2012-09-30": "-67.68930", "2012-06-30": "-0.94570", "2012-03-31": "-0.99170", "2011-12-31": "-4.40640", "2011-09-30": "8.02660", "2011-06-30": "7.43860", "2011-03-31": "7.25740", "2010-12-31": "4.88750", "2010-09-30": "9.33630", "2010-06-30": "8.51610", "2010-03-31": "8.10400", "2009-12-31": "7.59770", "2009-09-30": "7.34330", "2009-06-30": "7.96690", "2009-03-31": "8.25490", "2008-12-31": "4.56220", "2008-09-30": "0.28710", "2008-06-30": "6.56870", "2008-03-31": "6.92200", "2007-12-31": "8.23870", "2007-09-30": "9.07920", "2007-06-30": "9.38540", "2007-03-31": "12.79800", "2006-12-31": "10.63290", "2006-09-30": "10.29220", "2006-06-30": "7.85650", "2006-03-31": "8.04630", "2005-12-31": "9.55750", "2005-09-30": "9.43410", "2005-06-30": "9.21570", "2005-03-31": "8.62030"}, "Net Profit Margin": {"2020-09-30": "10.83090", "2020-06-30": "8.69530", "2020-03-31": "10.78460", "2019-12-31": "8.02990", "2019-09-30": "5.58060", "2019-06-30": "2.85960", "2019-03-31": "5.16760", "2018-12-31": "15.89300", "2018-09-30": "6.65990", "2018-06-30": "9.90300", "2018-03-31": "-17.73650", "2017-12-31": "-2.72850", "2017-09-30": "69.61020", "2017-06-30": "9.72620", "2017-03-31": "-4.18520", "2016-12-31": "15.53480", "2016-09-30": "15.33190", "2016-06-30": "4.77430", "2016-03-31": "10.17990", "2015-12-31": "-14.23960", "2015-09-30": "4.95930", "2015-06-30": "1.57420", "2015-03-31": "5.56570", "2014-12-31": "3.35920", "2014-09-30": "3.07770", "2014-06-30": "3.04520", "2014-03-31": "3.87920", "2013-12-31": "1.45090", "2013-09-30": "1.96650", "2013-06-30": "2.90600", "2013-03-31": "0.14760", "2012-12-31": "-8.43350", "2012-09-30": "-64.85290", "2012-06-30": "-0.71180", "2012-03-31": "-0.32510", "2011-12-31": "-2.62360", "2011-09-30": "5.90970", "2011-06-30": "5.36040", "2011-03-31": "5.29020", "2010-12-31": "-2.44790", "2010-09-30": "6.76990", "2010-06-30": "6.14850", "2010-03-31": "5.76710", "2009-12-31": "5.67860", "2009-09-30": "5.61160", "2009-06-30": "5.88520", "2009-03-31": "5.87760", "2008-12-31": "4.04860", "2008-09-30": "0.75470", "2008-06-30": "4.89520", "2008-03-31": "5.16390", "2007-12-31": "6.37500", "2007-09-30": "6.23650", "2007-06-30": "6.45190", "2007-03-31": "11.60140", "2006-12-31": "7.27190", "2006-09-30": "7.13890", "2006-06-30": "5.34250", "2006-03-31": "5.47540", "2005-12-31": "6.79620", "2005-09-30": "6.29600", "2005-06-30": "6.14710", "2005-03-31": "5.75380"}, "Asset Turnover": {"2020-09-30": "0.21230", "2020-06-30": "0.20000", "2020-03-31": "0.20700", "2019-12-31": "0.22530", "2019-09-30": "0.21470", "2019-06-30": "0.22260", "2019-03-31": "0.21580", "2018-12-31": "0.24960", "2018-09-30": "0.23740", "2018-06-30": "0.23770", "2018-03-31": "0.22440", "2017-12-31": "0.23250", "2017-09-30": "0.19050", "2017-06-30": "0.14030", "2017-03-31": "0.13910", "2016-12-31": "0.14850", "2016-09-30": "0.14000", "2016-06-30": "0.13800", "2016-03-31": "0.13340", "2015-12-31": "-0.11710", "2015-09-30": "0.23020", "2015-06-30": "0.22440", "2015-03-31": "0.22240", "2014-12-31": "0.24820", "2014-09-30": "0.23650", "2014-06-30": "0.23130", "2014-03-31": "0.21330", "2013-12-31": "0.21930", "2013-09-30": "0.20460", "2013-06-30": "0.21010", "2013-03-31": "0.19720", "2012-12-31": "0.20240", "2012-09-30": "0.18670", "2012-06-30": "0.17330", "2012-03-31": "0.16300", "2011-12-31": "0.16440", "2011-09-30": "0.22200", "2011-06-30": "0.21700", "2011-03-31": "0.20550", "2010-12-31": "0.22400", "2010-09-30": "0.20280", "2010-06-30": "0.20410", "2010-03-31": "0.19890", "2009-12-31": "0.21150", "2009-09-30": "0.20250", "2009-06-30": "0.18240", "2009-03-31": "0.19080", "2008-12-31": "0.23430", "2008-09-30": "0.23070", "2008-06-30": "0.23760", "2008-03-31": "0.21180", "2007-12-31": "0.22990", "2007-09-30": "0.21700", "2007-06-30": "0.22040", "2007-03-31": "0.21390", "2006-12-31": "0.22810", "2006-09-30": "0.22320", "2006-06-30": "0.21500", "2006-03-31": "0.20870", "2005-12-31": "0.22110", "2005-09-30": "0.21130", "2005-06-30": "0.21120", "2005-03-31": "0.20120"}, "Inventory Turnover Ratio": {"2020-09-30": "1.31990", "2020-06-30": "1.19290", "2020-03-31": "1.37870", "2019-12-31": "1.52480", "2019-09-30": "1.33670", "2019-06-30": "1.31300", "2019-03-31": "1.25130", "2018-12-31": "1.58050", "2018-09-30": "1.35560", "2018-06-30": "1.36450", "2018-03-31": "1.34270", "2017-12-31": "1.68760", "2017-09-30": "1.40700", "2017-06-30": "1.36590", "2017-03-31": "1.37440", "2016-12-31": "1.62540", "2016-09-30": "0.92480", "2016-06-30": "0.92150", "2016-03-31": "0.91010", "2015-12-31": "-0.56370", "2015-09-30": "1.44950", "2015-06-30": "1.46520", "2015-03-31": "1.47360", "2014-12-31": "1.89020", "2014-09-30": "1.67090", "2014-06-30": "1.65160", "2014-03-31": "1.53500", "2013-12-31": "1.84030", "2013-09-30": "1.52080", "2013-06-30": "1.56000", "2013-03-31": "1.51350", "2012-12-31": "1.73060", "2012-09-30": "1.45960", "2012-06-30": "1.46760", "2012-03-31": "1.37410", "2011-12-31": "1.63020", "2011-09-30": "1.58260", "2011-06-30": "1.47610", "2011-03-31": "1.46600", "2010-12-31": "1.76970", "2010-09-30": "1.50160", "2010-06-30": "1.54020", "2010-03-31": "1.51600", "2009-12-31": "1.73160", "2009-09-30": "1.49810", "2009-06-30": "1.39790", "2009-03-31": "1.28010", "2008-12-31": "1.52530", "2008-09-30": "1.45510", "2008-06-30": "1.44800", "2008-03-31": "1.35790", "2007-12-31": "1.55870", "2007-09-30": "1.39160", "2007-06-30": "1.43570", "2007-03-31": "1.43050", "2006-12-31": "1.58250", "2006-09-30": "1.63960", "2006-06-30": "1.75970", "2006-03-31": "1.71170", "2005-12-31": "1.90370", "2005-09-30": "1.68490", "2005-06-30": "1.59490", "2005-03-31": "1.52620"}, "Receiveable Turnover": {"2020-09-30": "1.86380", "2020-06-30": "1.91740", "2020-03-31": "2.01810", "2019-12-31": "1.93980", "2019-09-30": "2.13140", "2019-06-30": "1.84200", "2019-03-31": "1.87510", "2018-12-31": "2.05560", "2018-09-30": "1.88230", "2018-06-30": "1.87720", "2018-03-31": "1.95740", "2017-12-31": "1.68720", "2017-09-30": "1.77070", "2017-06-30": "2.65250", "2017-03-31": "1.93120", "2016-12-31": "2.02200", "2016-09-30": "1.12280", "2016-06-30": "1.02100", "2016-03-31": "1.05360", "2015-12-31": "-0.95040", "2015-09-30": "1.61450", "2015-06-30": "1.45800", "2015-03-31": "1.50010", "2014-12-31": "1.40400", "2014-09-30": "1.40580", "2014-06-30": "1.48160", "2014-03-31": "1.71420", "2013-12-31": "1.57930", "2013-09-30": "1.41660", "2013-06-30": "1.41070", "2013-03-31": "1.38000", "2012-12-31": "1.43760", "2012-09-30": "1.40300", "2012-06-30": "1.41530", "2012-03-31": "1.38690", "2011-12-31": "1.42980", "2011-09-30": "1.73910", "2011-06-30": "1.65770", "2011-03-31": "1.62120", "2010-12-31": "1.73460", "2010-09-30": "1.63320", "2010-06-30": "1.69520", "2010-03-31": "1.65420", "2009-12-31": "1.71950", "2009-09-30": "1.56390", "2009-06-30": "1.51670", "2009-03-31": "1.54960", "2008-12-31": "1.71100", "2008-09-30": "1.76850", "2008-06-30": "1.78430", "2008-03-31": "1.47880", "2007-12-31": "1.58290", "2007-09-30": "1.46580", "2007-06-30": "1.53110", "2007-03-31": "1.55450", "2006-12-31": "1.58810", "2006-09-30": "1.54680", "2006-06-30": "1.60690", "2006-03-31": "1.54900", "2005-12-31": "1.59580", "2005-09-30": "1.52380", "2005-06-30": "1.58750", "2005-03-31": "1.52920"}, "Days Sales In Receivables": {"2020-09-30": "48.28810", "2020-06-30": "46.93890", "2020-03-31": "44.59750", "2019-12-31": "46.39620", "2019-09-30": "42.22650", "2019-06-30": "48.86050", "2019-03-31": "47.99680", "2018-12-31": "43.78240", "2018-09-30": "47.81490", "2018-06-30": "47.94500", "2018-03-31": "45.97880", "2017-12-31": "53.34180", "2017-09-30": "50.82740", "2017-06-30": "33.92970", "2017-03-31": "46.60430", "2016-12-31": "44.50970", "2016-09-30": "80.15590", "2016-06-30": "88.14610", "2016-03-31": "85.41900", "2015-12-31": "-94.70080", "2015-09-30": "55.74620", "2015-06-30": "61.72940", "2015-03-31": "59.99660", "2014-12-31": "64.10400", "2014-09-30": "64.02280", "2014-06-30": "60.74640", "2014-03-31": "52.50210", "2013-12-31": "56.98730", "2013-09-30": "63.53190", "2013-06-30": "63.79990", "2013-03-31": "65.21790", "2012-12-31": "62.60310", "2012-09-30": "64.15040", "2012-06-30": "63.59300", "2012-03-31": "64.89330", "2011-12-31": "62.94400", "2011-09-30": "51.75130", "2011-06-30": "54.29240", "2011-03-31": "55.51530", "2010-12-31": "51.88470", "2010-09-30": "55.10710", "2010-06-30": "53.08980", "2010-03-31": "54.40540", "2009-12-31": "52.34040", "2009-09-30": "57.54700", "2009-06-30": "59.34050", "2009-03-31": "58.07890", "2008-12-31": "52.59950", "2008-09-30": "50.89170", "2008-06-30": "50.44030", "2008-03-31": "60.86120", "2007-12-31": "56.85650", "2007-09-30": "61.40060", "2007-06-30": "58.78210", "2007-03-31": "57.89530", "2006-12-31": "56.67130", "2006-09-30": "58.18290", "2006-06-30": "56.00980", "2006-03-31": "58.10130", "2005-12-31": "56.39640", "2005-09-30": "59.06440", "2005-06-30": "56.69120", "2005-03-31": "58.85540"}, "ROE - Return On Equity": {"2020-09-30": "537.95650", "2020-06-30": "-143.08160", "2020-03-31": "-62.94670", "2019-12-31": "-63.40470", "2019-09-30": "-26.14270", "2019-06-30": "-7.47360", "2019-03-31": "-21.99040", "2018-12-31": "-57.20020", "2018-09-30": "-16.96210", "2018-06-30": "-22.36840", "2018-03-31": "57.01760", "2017-12-31": "16.41500", "2017-09-30": "8.21720", "2017-06-30": "8.54200", "2017-03-31": "-9.02820", "2016-12-31": "24.93030", "2016-09-30": "11.54130", "2016-06-30": "0.27260", "2016-03-31": "13.34880", "2015-12-31": "-10.07400", "2015-09-30": "19.59280", "2015-06-30": "2.61470", "2015-03-31": "8.45440", "2014-12-31": "5.70180", "2014-09-30": "4.58070", "2014-06-30": "4.24550", "2014-03-31": "4.78920", "2013-12-31": "0.36720", "2013-09-30": "2.47880", "2013-06-30": "3.95400", "2013-03-31": "0.04910", "2012-12-31": "-24.34400", "2012-09-30": "-72.81980", "2012-06-30": "-0.72320", "2012-03-31": "-0.27610", "2011-12-31": "-2.22530", "2011-09-30": "2.90950", "2011-06-30": "2.52650", "2011-03-31": "2.39220", "2010-12-31": "2.13190", "2010-09-30": "3.18940", "2010-06-30": "3.01230", "2010-03-31": "2.74320", "2009-12-31": "2.95870", "2009-09-30": "2.78940", "2009-06-30": "2.92120", "2009-03-31": "3.02570", "2008-12-31": "2.45640", "2008-09-30": "0.45600", "2008-06-30": "2.93280", "2008-03-31": "2.84980", "2007-12-31": "3.94630", "2007-09-30": "3.68000", "2007-06-30": "3.96610", "2007-03-31": "7.08350", "2006-12-31": "5.03380", "2006-09-30": "4.97780", "2006-06-30": "3.83770", "2006-03-31": "3.88500", "2005-12-31": "5.25110", "2005-09-30": "4.66740", "2005-06-30": "4.62250", "2005-03-31": "4.10540"}, "Return On Tangible Equity": {"2020-09-30": "-5.60660", "2020-06-30": "-4.11350", "2020-03-31": "-4.48390", "2019-12-31": "-4.79350", "2019-09-30": "-2.94520", "2019-06-30": "-1.06300", "2019-03-31": "-2.74120", "2018-12-31": "-8.31560", "2018-09-30": "-3.02410", "2018-06-30": "-3.48540", "2018-03-31": "8.68370", "2017-12-31": "-1.33610", "2017-09-30": "-5.28540", "2017-06-30": "-1.82320", "2017-03-31": "4.04000", "2016-12-31": "-11.57390", "2016-09-30": "-2.05640", "2016-06-30": "-0.05190", "2016-03-31": "-2.37630", "2015-12-31": "1.67680", "2015-09-30": "-2.63400", "2015-06-30": "-1.03410", "2015-03-31": "-3.67850", "2014-12-31": "-2.44980", "2014-09-30": "-2.30360", "2014-06-30": "-2.25200", "2014-03-31": "-2.70040", "2013-12-31": "-0.19150", "2013-09-30": "-1.25910", "2013-06-30": "-1.92550", "2013-03-31": "-0.02480", "2012-12-31": "12.38680", "2012-09-30": "38.82670", "2012-06-30": "0.61940", "2012-03-31": "0.25190", "2011-12-31": "1.99520", "2011-09-30": "12.58750", "2011-06-30": "10.50930", "2011-03-31": "10.98440", "2010-12-31": "13.55570", "2010-09-30": "16.96980", "2010-06-30": "23.47590", "2010-03-31": "21.13260", "2009-12-31": "25.87440", "2009-09-30": "27.19930", "2009-06-30": "49.63080", "2009-03-31": "-468.54740", "2008-12-31": "-378.40370", "2008-09-30": "16.84990", "2008-06-30": "39.24770", "2008-03-31": "38.50540", "2007-12-31": "159.71980", "2007-09-30": "-363.81640", "2007-06-30": "-68.87240", "2007-03-31": "-72.90470", "2006-12-31": "-27.55540", "2006-09-30": "-18.91690", "2006-06-30": "-13.11550", "2006-03-31": "-11.07140", "2005-12-31": "-14.14750", "2005-09-30": "-11.26710", "2005-06-30": "-10.60910", "2005-03-31": "-9.45920"}, "ROA - Return On Assets": {"2020-09-30": "2.26140", "2020-06-30": "1.74240", "2020-03-31": "2.01900", "2019-12-31": "2.15780", "2019-09-30": "1.40050", "2019-06-30": "0.48880", "2019-03-31": "1.24730", "2018-12-31": "3.94840", "2018-09-30": "1.51290", "2018-06-30": "1.71430", "2018-03-31": "-4.12610", "2017-12-31": "0.47350", "2017-09-30": "1.05230", "2017-06-30": "0.38020", "2017-03-31": "-0.72360", "2016-12-31": "2.04980", "2016-09-30": "0.83880", "2016-06-30": "0.02130", "2016-03-31": "0.99350", "2015-12-31": "-0.71710", "2015-09-30": "1.14150", "2015-06-30": "0.35320", "2015-03-31": "1.23770", "2014-12-31": "0.83360", "2014-09-30": "0.72780", "2014-06-30": "0.70440", "2014-03-31": "0.82730", "2013-12-31": "0.05670", "2013-09-30": "0.37570", "2013-06-30": "0.58900", "2013-03-31": "0.00750", "2012-12-31": "-3.76780", "2012-09-30": "-12.16680", "2012-06-30": "-0.18630", "2012-03-31": "-0.07420", "2011-12-31": "-0.57470", "2011-09-30": "1.31180", "2011-06-30": "1.16340", "2011-03-31": "1.08740", "2010-12-31": "0.94830", "2010-09-30": "1.37300", "2010-06-30": "1.25500", "2010-03-31": "1.14690", "2009-12-31": "1.20110", "2009-09-30": "1.13640", "2009-06-30": "1.07340", "2009-03-31": "1.12140", "2008-12-31": "0.94870", "2008-09-30": "0.17410", "2008-06-30": "1.16320", "2008-03-31": "1.09380", "2007-12-31": "1.46550", "2007-09-30": "1.35320", "2007-06-30": "1.42170", "2007-03-31": "2.48200", "2006-12-31": "1.65910", "2006-09-30": "1.59350", "2006-06-30": "1.14890", "2006-03-31": "1.14300", "2005-12-31": "1.50280", "2005-09-30": "1.33040", "2005-06-30": "1.29850", "2005-03-31": "1.15770"}, "ROI - Return On Investment": {"2020-09-30": "3.52920", "2020-06-30": "2.76870", "2020-03-31": "3.26650", "2019-12-31": "3.55190", "2019-09-30": "2.34520", "2019-06-30": "0.86430", "2019-03-31": "2.14890", "2018-12-31": "6.90470", "2018-09-30": "2.70310", "2018-06-30": "2.92830", "2018-03-31": "-7.21450", "2017-12-31": "0.73900", "2017-09-30": "1.57040", "2017-06-30": "0.70220", "2017-03-31": "-1.23240", "2016-12-31": "3.47640", "2016-09-30": "1.40110", "2016-06-30": "0.03300", "2016-03-31": "1.54720", "2015-12-31": "-1.10770", "2015-09-30": "1.81290", "2015-06-30": "0.51620", "2015-03-31": "1.79620", "2014-12-31": "1.21770", "2014-09-30": "1.10050", "2014-06-30": "1.09860", "2014-03-31": "1.26810", "2013-12-31": "0.09400", "2013-09-30": "0.61030", "2013-06-30": "0.94850", "2013-03-31": "0.01210", "2012-12-31": "-5.87460", "2012-09-30": "-20.01520", "2012-06-30": "-0.26550", "2012-03-31": "-0.10460", "2011-12-31": "-0.82960", "2011-09-30": "1.87210", "2011-06-30": "1.63540", "2011-03-31": "1.53300", "2010-12-31": "1.34710", "2010-09-30": "1.93270", "2010-06-30": "1.77080", "2010-03-31": "1.61410", "2009-12-31": "1.70120", "2009-09-30": "1.62120", "2009-06-30": "1.66380", "2009-03-31": "1.65540", "2008-12-31": "1.47100", "2008-09-30": "0.27120", "2008-06-30": "1.78860", "2008-03-31": "1.65930", "2007-12-31": "2.24430", "2007-09-30": "2.06850", "2007-06-30": "2.17560", "2007-03-31": "3.50830", "2006-12-31": "2.39270", "2006-09-30": "2.28710", "2006-06-30": "1.73130", "2006-03-31": "1.71800", "2005-12-31": "2.28070", "2005-09-30": "2.01290", "2005-06-30": "1.83550", "2005-03-31": "1.62590"}, "Book Value Per Share": {"2020-09-30": "0.15790", "2020-06-30": "-0.45030", "2020-03-31": "-1.16860", "2019-12-31": "-1.26980", "2019-09-30": "-1.96810", "2019-06-30": "-2.20780", "2019-03-31": "-1.87730", "2018-12-31": "-2.23960", "2018-09-30": "-2.84000", "2018-06-30": "-2.32900", "2018-03-31": "-2.25720", "2017-12-31": "0.90330", "2017-09-30": "4.21630", "2017-06-30": "1.78650", "2017-03-31": "3.03740", "2016-12-31": "3.15120", "2016-09-30": "2.85970", "2016-06-30": "2.98390", "2016-03-31": "2.84600", "2015-12-31": "2.68910", "2015-09-30": "2.23630", "2015-06-30": "5.14380", "2015-03-31": "5.45860", "2014-12-31": "5.52320", "2014-09-30": "6.26430", "2014-06-30": "6.67750", "2014-03-31": "6.85680", "2013-12-31": "7.21870", "2013-09-30": "7.21900", "2013-06-30": "7.01210", "2013-03-31": "7.28200", "2012-12-31": "7.42350", "2012-09-30": "8.74640", "2012-06-30": "14.74390", "2012-03-31": "15.67670", "2011-12-31": "15.37210", "2011-09-30": "15.80160", "2011-06-30": "16.05830", "2011-03-31": "15.58250", "2010-12-31": "15.07540", "2010-09-30": "15.02770", "2010-06-30": "13.94260", "2010-03-31": "13.99120", "2009-12-31": "13.84380", "2009-09-30": "13.67550", "2009-06-30": "13.05010", "2009-03-31": "12.10710", "2008-12-31": "12.19640", "2008-09-30": "12.78430", "2008-06-30": "13.48710", "2008-03-31": "13.28670", "2007-12-31": "12.49540", "2007-09-30": "12.18020", "2007-06-30": "11.53030", "2007-03-31": "11.10050", "2006-12-31": "20.51700", "2006-09-30": "9.61300", "2006-06-30": "9.24370", "2006-03-31": "8.80850", "2005-12-31": "8.54550", "2005-09-30": "8.36120", "2005-06-30": "8.17210", "2005-03-31": "8.11930"}, "Operating Cash Flow Per Share": {"2020-09-30": 1.2615, "2020-06-30": 1.1014, "2020-03-31": "0.26490", "2019-12-31": 1.6705, "2019-09-30": 0.5326, "2019-06-30": 0.6712, "2019-03-31": "0.41890", "2018-12-31": 1.7223, "2018-09-30": 0.7215, "2018-06-30": 0.4318, "2018-03-31": "-0.20390", "2017-12-31": 0.4865, "2017-09-30": 1.0348, "2017-06-30": 0.6375, "2017-03-31": "0.08790", "2016-12-31": 2.2176, "2016-09-30": 1.4393, "2016-06-30": 0.8676, "2016-03-31": "0.07440", "2015-12-31": 1.3456, "2015-09-30": 1.2472, "2015-06-30": 0.6228, "2015-03-31": "1.53570", "2014-12-31": 1.1541, "2014-09-30": 1.3302, "2014-06-30": 0.828, "2014-03-31": "-4.33520", "2013-12-31": 1.7356, "2013-09-30": 0.9732, "2013-06-30": 0.4586, "2013-03-31": "-0.17770", "2012-12-31": 1.7097, "2012-09-30": 0.6546, "2012-06-30": 0.166, "2012-03-31": "-0.48570", "2011-12-31": 0.4014, "2011-09-30": 0.8805, "2011-06-30": 0.2967, "2011-03-31": "0.37990", "2010-12-31": 1.0973, "2010-09-30": 0.5783, "2010-06-30": 0.5854, "2010-03-31": "0.47300", "2009-12-31": 1.0112, "2009-09-30": 0.9837, "2009-06-30": 0.729, "2009-03-31": "0.29910", "2008-12-31": 0.2765, "2008-09-30": 0.6254, "2008-06-30": 1.0759, "2008-03-31": "0.16640", "2007-12-31": 0.8154, "2007-09-30": 0.484, "2007-06-30": 0.2607, "2007-03-31": "0.42360", "2006-12-31": 0.7213, "2006-09-30": 0.5417, "2006-06-30": 0.6427, "2006-03-31": "0.34900", "2005-12-31": 0.6595, "2005-09-30": 0.3884, "2005-06-30": 0.6312, "2005-03-31": "0.18300"}, "Free Cash Flow Per Share": {"2020-09-30": 1.0533, "2020-06-30": 0.8531, "2020-03-31": "0.01030", "2019-12-31": 1.3648, "2019-09-30": 0.2263, "2019-06-30": 0.3832, "2019-03-31": "0.08110", "2018-12-31": 1.5212, "2018-09-30": 0.3198, "2018-06-30": 0.2381, "2018-03-31": "-0.41740", "2017-12-31": 0.1742, "2017-09-30": 0.8484, "2017-06-30": 0.435, "2017-03-31": "-0.16960", "2016-12-31": 1.7687, "2016-09-30": 1.0457, "2016-06-30": 0.5926, "2016-03-31": "-0.18130", "2015-12-31": 1.0028, "2015-09-30": 1.0066, "2015-06-30": 0.453, "2015-03-31": "1.55790", "2014-12-31": 0.9085, "2014-09-30": 1.1817, "2014-06-30": 0.7034, "2014-03-31": "-4.46070", "2013-12-31": 1.591, "2013-09-30": 0.8345, "2013-06-30": 0.3683, "2013-03-31": "-0.29150", "2012-12-31": 1.6122, "2012-09-30": 0.4965, "2012-06-30": -0.0134, "2012-03-31": "-0.64720", "2011-12-31": 0.2119, "2011-09-30": 0.7282, "2011-06-30": 0.1467, "2011-03-31": "0.27130", "2010-12-31": 0.9513, "2010-09-30": 0.4682, "2010-06-30": 0.4433, "2010-03-31": "0.39920", "2009-12-31": 0.9368, "2009-09-30": 0.8816, "2009-06-30": 0.626, "2009-03-31": "0.17830", "2008-12-31": 0.1312, "2008-09-30": 0.3396, "2008-06-30": 0.7817, "2008-03-31": "-0.04570", "2007-12-31": 0.5369, "2007-09-30": 0.2436, "2007-06-30": -0.0507, "2007-03-31": "0.15790", "2006-12-31": 0.4276, "2006-09-30": 0.3539, "2006-06-30": 0.4535, "2006-03-31": "0.22650", "2005-12-31": 0.5074, "2005-09-30": 0.2603, "2005-06-30": 0.5293, "2005-03-31": "0.08540"}}, "revenue": {"Sealed Air Annual Revenue (Millions of US $)": {"2019": "$4,791", "2018": "$4,733", "2017": "$4,462", "2016": "$4,211", "2015": "$4,410", "2014": "$7,751", "2013": "$7,691", "2012": "$7,559", "2011": "$5,467", "2010": "$4,490", "2009": "$4,243", "2008": "$4,844", "2007": "$4,651", "2006": "$4,328", "2005": "$4,085"}, "Sealed Air Quarterly Revenue (Millions of US $)": {"2020-09-30": "$1,237", "2020-06-30": "$1,151", "2020-03-31": "$1,174", "2019-12-31": "$1,299", "2019-09-30": "$1,219", "2019-06-30": "$1,161", "2019-03-31": "$1,113", "2018-12-31": "$1,260", "2018-09-30": "$1,186", "2018-06-30": "$1,155", "2018-03-31": "$1,131", "2017-12-31": "$1,228", "2017-09-30": "$1,131", "2017-06-30": "$1,070", "2017-03-31": "$1,032", "2016-12-31": "$1,101", "2016-09-30": "$1,065", "2016-06-30": "$1,039", "2016-03-31": "$1,006", "2015-12-31": "$-867", "2015-09-30": "$1,746", "2015-06-30": "$1,785", "2015-03-31": "$1,746", "2014-12-31": "$1,974", "2014-09-30": "$1,976", "2014-06-30": "$1,974", "2014-03-31": "$1,828", "2013-12-31": "$2,013", "2013-09-30": "$1,912", "2013-06-30": "$1,937", "2013-03-31": "$1,829", "2012-12-31": "$1,889", "2012-09-30": "$1,900", "2012-06-30": "$1,925", "2012-03-31": "$1,845", "2011-12-31": "$1,879", "2011-09-30": "$1,247", "2011-06-30": "$1,213", "2011-03-31": "$1,129", "2010-12-31": "$1,209", "2010-09-30": "$1,130", "2010-06-30": "$1,090", "2010-03-31": "$1,061", "2009-12-31": "$1,146", "2009-09-30": "$1,080", "2009-06-30": "$1,028", "2009-03-31": "$989", "2008-12-31": "$1,168", "2008-09-30": "$1,219", "2008-06-30": "$1,279", "2008-03-31": "$1,177", "2007-12-31": "$1,250", "2007-09-30": "$1,161", "2007-06-30": "$1,145", "2007-03-31": "$1,095", "2006-12-31": "$1,146", "2006-09-30": "$1,081", "2006-06-30": "$1,082", "2006-03-31": "$1,019", "2005-12-31": "$1,076", "2005-09-30": "$1,020", "2005-06-30": "$1,020", "2005-03-31": "$970"}}, "gross-profit": {"Sealed Air Annual Gross Profit (Millions of US $)": {"2019": "$1,565", "2018": "$1,502", "2017": "$1,412", "2016": "$1,401", "2015": "$1,455", "2014": "$2,688", "2013": "$2,590", "2012": "$2,521", "2011": "$1,581", "2010": "$1,253", "2009": "$1,219", "2008": "$1,237", "2007": "$1,301", "2006": "$1,240", "2005": "$1,158"}, "Sealed Air Quarterly Gross Profit (Millions of US $)": {"2020-09-30": "$405", "2020-06-30": "$390", "2020-03-31": "$391", "2019-12-31": "$429", "2019-09-30": "$392", "2019-06-30": "$378", "2019-03-31": "$365", "2018-12-31": "$399", "2018-09-30": "$366", "2018-06-30": "$364", "2018-03-31": "$374", "2017-12-31": "$373", "2017-09-30": "$361", "2017-06-30": "$344", "2017-03-31": "$335", "2016-12-31": "$359", "2016-09-30": "$357", "2016-06-30": "$350", "2016-03-31": "$336", "2015-12-31": "$-495", "2015-09-30": "$637", "2015-06-30": "$664", "2015-03-31": "$650", "2014-12-31": "$672", "2014-09-30": "$696", "2014-06-30": "$680", "2014-03-31": "$640", "2013-12-31": "$669", "2013-09-30": "$650", "2013-06-30": "$659", "2013-03-31": "$612", "2012-12-31": "$628", "2012-09-30": "$644", "2012-06-30": "$628", "2012-03-31": "$621", "2011-12-31": "$612", "2011-09-30": "$336", "2011-06-30": "$324", "2011-03-31": "$309", "2010-12-31": "$332", "2010-09-30": "$321", "2010-06-30": "$301", "2010-03-31": "$300", "2009-12-31": "$334", "2009-09-30": "$311", "2009-06-30": "$288", "2009-03-31": "$286", "2008-12-31": "$308", "2008-09-30": "$294", "2008-06-30": "$330", "2008-03-31": "$305", "2007-12-31": "$344", "2007-09-30": "$320", "2007-06-30": "$323", "2007-03-31": "$314", "2006-12-31": "$339", "2006-09-30": "$310", "2006-06-30": "$307", "2006-03-31": "$284", "2005-12-31": "$297", "2005-09-30": "$288", "2005-06-30": "$296", "2005-03-31": "$278"}}, "operating-income": {"Sealed Air Annual Operating Income (Millions of US $)": {"2019": "$579", "2018": "$656", "2017": "$571", "2016": "$629", "2015": "$617", "2014": "$654", "2013": "$605", "2012": "$-1,430", "2011": "$421", "2010": "$535", "2009": "$492", "2008": "$397", "2007": "$549", "2006": "$526", "2005": "$510"}, "Sealed Air Quarterly Operating Income (Millions of US $)": {"2020-09-30": "$195", "2020-06-30": "$186", "2020-03-31": "$187", "2019-12-31": "$205", "2019-09-30": "$154", "2019-06-30": "$78", "2019-03-31": "$141", "2018-12-31": "$165", "2018-09-30": "$163", "2018-06-30": "$160", "2018-03-31": "$168", "2017-12-31": "$158", "2017-09-30": "$144", "2017-06-30": "$138", "2017-03-31": "$131", "2016-12-31": "$166", "2016-09-30": "$167", "2016-06-30": "$148", "2016-03-31": "$148", "2015-12-31": "$51", "2015-09-30": "$176", "2015-06-30": "$207", "2015-03-31": "$184", "2014-12-31": "$144", "2014-09-30": "$185", "2014-06-30": "$172", "2014-03-31": "$154", "2013-12-31": "$175", "2013-09-30": "$136", "2013-06-30": "$166", "2013-03-31": "$127", "2012-12-31": "$-430", "2012-09-30": "$-1,191", "2012-06-30": "$108", "2012-03-31": "$83", "2011-12-31": "$39", "2011-09-30": "$130", "2011-06-30": "$129", "2011-03-31": "$123", "2010-12-31": "$135", "2010-09-30": "$147", "2010-06-30": "$129", "2010-03-31": "$124", "2009-12-31": "$124", "2009-09-30": "$130", "2009-06-30": "$118", "2009-03-31": "$120", "2008-12-31": "$114", "2008-09-30": "$39", "2008-06-30": "$126", "2008-03-31": "$117", "2007-12-31": "$145", "2007-09-30": "$134", "2007-06-30": "$134", "2007-03-31": "$136", "2006-12-31": "$152", "2006-09-30": "$140", "2006-06-30": "$119", "2006-03-31": "$116", "2005-12-31": "$136", "2005-09-30": "$131", "2005-06-30": "$126", "2005-03-31": "$117"}}, "ebitda": {"Sealed Air Annual EBITDA (Millions of US $)": {"2019": "$729", "2018": "$788", "2017": "$721", "2016": "$843", "2015": "$831", "2014": "$920", "2013": "$888", "2012": "$778", "2011": "$608", "2010": "$691", "2009": "$648", "2008": "$553", "2007": "$702", "2006": "$697", "2005": "$688"}, "Sealed Air Quarterly EBITDA (Millions of US $)": {"2020-09-30": "$238", "2020-06-30": "$229", "2020-03-31": "$230", "2019-12-31": "$249", "2019-09-30": "$195", "2019-06-30": "$112", "2019-03-31": "$174", "2018-12-31": "$198", "2018-09-30": "$196", "2018-06-30": "$193", "2018-03-31": "$200", "2017-12-31": "$193", "2017-09-30": "$175", "2017-06-30": "$168", "2017-03-31": "$184", "2016-12-31": "$219", "2016-09-30": "$222", "2016-06-30": "$205", "2016-03-31": "$197", "2015-12-31": "$102", "2015-09-30": "$229", "2015-06-30": "$261", "2015-03-31": "$238", "2014-12-31": "$205", "2014-09-30": "$247", "2014-06-30": "$243", "2014-03-31": "$224", "2013-12-31": "$233", "2013-09-30": "$206", "2013-06-30": "$246", "2013-03-31": "$204", "2012-12-31": "$198", "2012-09-30": "$223", "2012-06-30": "$191", "2012-03-31": "$167", "2011-12-31": "$116", "2011-09-30": "$167", "2011-06-30": "$166", "2011-03-31": "$159", "2010-12-31": "$176", "2010-09-30": "$185", "2010-06-30": "$167", "2010-03-31": "$164", "2009-12-31": "$164", "2009-09-30": "$171", "2009-06-30": "$154", "2009-03-31": "$159", "2008-12-31": "$139", "2008-09-30": "$83", "2008-06-30": "$170", "2008-03-31": "$162", "2007-12-31": "$173", "2007-09-30": "$176", "2007-06-30": "$176", "2007-03-31": "$177", "2006-12-31": "$195", "2006-09-30": "$182", "2006-06-30": "$163", "2006-03-31": "$158", "2005-12-31": "$181", "2005-09-30": "$174", "2005-06-30": "$171", "2005-03-31": "$162"}}, "net-income": {"Sealed Air Annual Net Income (Millions of US $)": {"2019": "$263", "2018": "$193", "2017": "$815", "2016": "$486", "2015": "$335", "2014": "$258", "2013": "$126", "2012": "$-1,411", "2011": "$149", "2010": "$175", "2009": "$244", "2008": "$180", "2007": "$353", "2006": "$274", "2005": "$256"}, "Sealed Air Quarterly Net Income (Millions of US $)": {"2020-09-30": "$134", "2020-06-30": "$100", "2020-03-31": "$127", "2019-12-31": "$104", "2019-09-30": "$68", "2019-06-30": "$33", "2019-03-31": "$58", "2018-12-31": "$200", "2018-09-30": "$79", "2018-06-30": "$114", "2018-03-31": "$-201", "2017-12-31": "$-34", "2017-09-30": "$788", "2017-06-30": "$104", "2017-03-31": "$-43", "2016-12-31": "$171", "2016-09-30": "$163", "2016-06-30": "$50", "2016-03-31": "$102", "2015-12-31": "$124", "2015-09-30": "$87", "2015-06-30": "$28", "2015-03-31": "$97", "2014-12-31": "$66", "2014-09-30": "$61", "2014-06-30": "$60", "2014-03-31": "$71", "2013-12-31": "$29", "2013-09-30": "$38", "2013-06-30": "$56", "2013-03-31": "$3", "2012-12-31": "$-159", "2012-09-30": "$-1,232", "2012-06-30": "$-14", "2012-03-31": "$-6", "2011-12-31": "$-49", "2011-09-30": "$74", "2011-06-30": "$65", "2011-03-31": "$60", "2010-12-31": "$-30", "2010-09-30": "$77", "2010-06-30": "$67", "2010-03-31": "$61", "2009-12-31": "$65", "2009-09-30": "$61", "2009-06-30": "$61", "2009-03-31": "$58", "2008-12-31": "$47", "2008-09-30": "$9", "2008-06-30": "$63", "2008-03-31": "$61", "2007-12-31": "$80", "2007-09-30": "$72", "2007-06-30": "$74", "2007-03-31": "$127", "2006-12-31": "$83", "2006-09-30": "$77", "2006-06-30": "$58", "2006-03-31": "$56", "2005-12-31": "$73", "2005-09-30": "$64", "2005-06-30": "$63", "2005-03-31": "$56"}}, "eps-earnings-per-share-diluted": {"Sealed Air Annual EPS": {"2019": "$1.69", "2018": "$1.20", "2017": "$4.29", "2016": "$2.46", "2015": "$1.62", "2014": "$1.20", "2013": "$0.58", "2012": "$-7.32", "2011": "$0.80", "2010": "$1.44", "2009": "$1.35", "2008": "$0.99", "2007": "$1.88", "2006": "$1.47", "2005": "$1.35"}, "Sealed Air Quarterly EPS": {"2020-09-30": "$0.86", "2020-06-30": "$0.64", "2020-03-31": "$0.82", "2019-12-31": "$0.67", "2019-09-30": "$0.44", "2019-06-30": "$0.21", "2019-03-31": "$0.37", "2018-12-31": "$1.20", "2018-09-30": "$0.50", "2018-06-30": "$0.71", "2018-03-31": "$-1.21", "2017-12-31": "$-0.16", "2017-09-30": "$4.15", "2017-06-30": "$0.52", "2017-03-31": "$-0.22", "2016-12-31": "$0.87", "2016-09-30": "$0.83", "2016-06-30": "$0.25", "2016-03-31": "$0.51", "2015-12-31": "$0.61", "2015-09-30": "$0.42", "2015-06-30": "$0.13", "2015-03-31": "$0.46", "2014-12-31": "$0.31", "2014-09-30": "$0.28", "2014-06-30": "$0.28", "2014-03-31": "$0.33", "2013-12-31": "$0.13", "2013-09-30": "$0.18", "2013-06-30": "$0.26", "2013-03-31": "$0.01", "2012-12-31": "$-0.84", "2012-09-30": "$-6.38", "2012-06-30": "$-0.07", "2012-03-31": "$-0.03", "2011-12-31": "$-0.32", "2011-09-30": "$0.41", "2011-06-30": "$0.37", "2011-03-31": "$0.34", "2010-12-31": "$0.28", "2010-09-30": "$0.43", "2010-06-30": "$0.38", "2010-03-31": "$0.35", "2009-12-31": "$0.36", "2009-09-30": "$0.34", "2009-06-30": "$0.33", "2009-03-31": "$0.32", "2008-12-31": "$0.27", "2008-09-30": "$0.05", "2008-06-30": "$0.34", "2008-03-31": "$0.33", "2007-12-31": "$0.42", "2007-09-30": "$0.39", "2007-06-30": "$0.40", "2007-03-31": "$0.67", "2006-12-31": "$0.45", "2006-09-30": "$0.41", "2006-06-30": "$0.31", "2006-03-31": "$0.30", "2005-12-31": "$0.39", "2005-09-30": "$0.34", "2005-06-30": "$0.33", "2005-03-31": "$0.29"}}, "shares-outstanding": {"Sealed Air Annual Shares Outstanding (Millions of Shares)": {"2019": "155", "2018": "160", "2017": "189", "2016": "197", "2015": "207", "2014": "214", "2013": "214", "2012": "193", "2011": "185", "2010": "177", "2009": "183", "2008": "189", "2007": "191", "2006": "192", "2005": "195"}, "Sealed Air Quarterly Shares Outstanding (Millions of Shares)": {"2020-09-30": "156", "2020-06-30": "156", "2020-03-31": "155", "2019-12-31": "155", "2019-09-30": "155", "2019-06-30": "155", "2019-03-31": "155", "2018-12-31": "160", "2018-09-30": "158", "2018-06-30": "161", "2018-03-31": "165", "2017-12-31": "189", "2017-09-30": "189", "2017-06-30": "195", "2017-03-31": "196", "2016-12-31": "197", "2016-09-30": "197", "2016-06-30": "198", "2016-03-31": "198", "2015-12-31": "207", "2015-09-30": "206", "2015-06-30": "211", "2015-03-31": "212", "2014-12-31": "214", "2014-09-30": "214", "2014-06-30": "216", "2014-03-31": "215", "2013-12-31": "214", "2013-09-30": "215", "2013-06-30": "214", "2013-03-31": "213", "2012-12-31": "193", "2012-09-30": "193", "2012-06-30": "193", "2012-03-31": "192", "2011-12-31": "185", "2011-09-30": "178", "2011-06-30": "178", "2011-03-31": "177", "2010-12-31": "177", "2010-09-30": "177", "2010-06-30": "177", "2010-03-31": "176", "2009-12-31": "183", "2009-09-30": "178", "2009-06-30": "189", "2009-03-31": "188", "2008-12-31": "189", "2008-09-30": "175", "2008-06-30": "189", "2008-03-31": "191", "2007-12-31": "191", "2007-09-30": "191", "2007-06-30": "191", "2007-03-31": "191", "2006-12-31": "192", "2006-09-30": "192", "2006-06-30": "193", "2006-03-31": "193", "2005-12-31": "195", "2005-09-30": "196", "2005-06-30": "197", "2005-03-31": "198"}}, "total-assets": {"Sealed Air Annual Total Assets (Millions of US $)": {"2019": "$5,765", "2018": "$5,050", "2017": "$5,280", "2016": "$7,416", "2015": "$7,405", "2014": "$7,953", "2013": "$9,176", "2012": "$9,332", "2011": "$11,432", "2010": "$5,399", "2009": "$5,420", "2008": "$4,986", "2007": "$5,438", "2006": "$5,021", "2005": "$4,864"}, "Sealed Air Quarterly Total Assets (Millions of US $)": {"2020-09-30": "$5,828", "2020-06-30": "$5,756", "2020-03-31": "$5,671", "2019-12-31": "$5,765", "2019-09-30": "$5,676", "2019-06-30": "$5,217", "2019-03-31": "$5,155", "2018-12-31": "$5,050", "2018-09-30": "$4,997", "2018-06-30": "$4,859", "2018-03-31": "$5,041", "2017-12-31": "$5,280", "2017-09-30": "$5,939", "2017-06-30": "$7,627", "2017-03-31": "$7,421", "2016-12-31": "$7,416", "2016-09-30": "$7,606", "2016-06-30": "$7,527", "2016-03-31": "$7,539", "2015-12-31": "$7,405", "2015-09-30": "$7,586", "2015-06-30": "$7,955", "2015-03-31": "$7,854", "2014-12-31": "$7,953", "2014-09-30": "$8,355", "2014-06-30": "$8,532", "2014-03-31": "$8,570", "2013-12-31": "$9,176", "2013-09-30": "$9,344", "2013-06-30": "$9,219", "2013-03-31": "$9,273", "2012-12-31": "$9,332", "2012-09-30": "$10,178", "2012-06-30": "$11,109", "2012-03-31": "$11,321", "2011-12-31": "$11,432", "2011-09-30": "$5,618", "2011-06-30": "$5,587", "2011-03-31": "$5,490", "2010-12-31": "$5,399", "2010-09-30": "$5,572", "2010-06-30": "$5,339", "2010-03-31": "$5,336", "2009-12-31": "$5,420", "2009-09-30": "$5,333", "2009-06-30": "$5,636", "2009-03-31": "$5,181", "2008-12-31": "$4,986", "2008-09-30": "$5,283", "2008-06-30": "$5,382", "2008-03-31": "$5,559", "2007-12-31": "$5,438", "2007-09-30": "$5,350", "2007-06-30": "$5,198", "2007-03-31": "$5,117", "2006-12-31": "$5,021", "2006-09-30": "$4,845", "2006-06-30": "$5,031", "2006-03-31": "$4,882", "2005-12-31": "$4,864", "2005-09-30": "$4,826", "2005-06-30": "$4,829", "2005-03-31": "$4,820"}}, "cash-on-hand": {"Sealed Air Annual Cash on Hand (Millions of US $)": {"2019": "$262", "2018": "$272", "2017": "$594", "2016": "$334", "2015": "$352", "2014": "$286", "2013": "$992", "2012": "$680", "2011": "$704", "2010": "$676", "2009": "$695", "2008": "$129", "2007": "$430", "2006": "$407", "2005": "$500"}, "Sealed Air Quarterly Cash on Hand (Millions of US $)": {"2020-09-30": "$317", "2020-06-30": "$290", "2020-03-31": "$275", "2019-12-31": "$262", "2019-09-30": "$200", "2019-06-30": "$222", "2019-03-31": "$236", "2018-12-31": "$272", "2018-09-30": "$191", "2018-06-30": "$180", "2018-03-31": "$327", "2017-12-31": "$594", "2017-09-30": "$1,305", "2017-06-30": "$243", "2017-03-31": "$258", "2016-12-31": "$334", "2016-09-30": "$333", "2016-06-30": "$298", "2016-03-31": "$316", "2015-12-31": "$352", "2015-09-30": "$334", "2015-06-30": "$569", "2015-03-31": "$536", "2014-12-31": "$286", "2014-09-30": "$421", "2014-06-30": "$357", "2014-03-31": "$413", "2013-12-31": "$992", "2013-09-30": "$777", "2013-06-30": "$640", "2013-03-31": "$626", "2012-12-31": "$680", "2012-09-30": "$541", "2012-06-30": "$504", "2012-03-31": "$538", "2011-12-31": "$704", "2011-09-30": "$800", "2011-06-30": "$705", "2011-03-31": "$696", "2010-12-31": "$676", "2010-09-30": "$762", "2010-06-30": "$662", "2010-03-31": "$628", "2009-12-31": "$695", "2009-09-30": "$487", "2009-06-30": "$789", "2009-03-31": "$426", "2008-12-31": "$129", "2008-09-30": "$274", "2008-06-30": "$267", "2008-03-31": "$431", "2007-12-31": "$430", "2007-09-30": "$419", "2007-06-30": "$419", "2007-03-31": "$456", "2006-12-31": "$407", "2006-09-30": "$312", "2006-06-30": "$579", "2006-03-31": "$481", "2005-12-31": "$500", "2005-09-30": "$454", "2005-06-30": "$455", "2005-03-31": "$415"}}, "long-term-debt": {"Sealed Air Annual Long Term Debt (Millions of US $)": {"2019": "$3,699", "2018": "$3,237", "2017": "$3,231", "2016": "$3,763", "2015": "$4,267", "2014": "$4,282", "2013": "$4,116", "2012": "$4,541", "2011": "$4,967", "2010": "$1,399", "2009": "$1,626", "2008": "$1,290", "2007": "$1,532", "2006": "$1,827", "2005": "$1,813"}, "Sealed Air Quarterly Long Term Debt (Millions of US $)": {"2020-09-30": "$3,710", "2020-06-30": "$3,693", "2020-03-31": "$3,687", "2019-12-31": "$3,699", "2019-09-30": "$3,694", "2019-06-30": "$3,292", "2019-03-31": "$3,285", "2018-12-31": "$3,237", "2018-09-30": "$3,243", "2018-06-30": "$3,217", "2018-03-31": "$3,248", "2017-12-31": "$3,231", "2017-09-30": "$3,219", "2017-06-30": "$3,790", "2017-03-31": "$3,763", "2016-12-31": "$3,763", "2016-09-30": "$4,001", "2016-06-30": "$4,259", "2016-03-31": "$4,280", "2015-12-31": "$4,267", "2015-09-30": "$4,335", "2015-06-30": "$4,369", "2015-03-31": "$4,262", "2014-12-31": "$4,282", "2014-09-30": "$4,198", "2014-06-30": "$4,055", "2014-03-31": "$4,111", "2013-12-31": "$4,116", "2013-09-30": "$4,335", "2013-06-30": "$4,352", "2013-03-31": "$4,377", "2012-12-31": "$4,541", "2012-09-30": "$4,486", "2012-06-30": "$4,936", "2012-03-31": "$4,988", "2011-12-31": "$4,967", "2011-09-30": "$1,404", "2011-06-30": "$1,402", "2011-03-31": "$1,399", "2010-12-31": "$1,399", "2010-09-30": "$1,560", "2010-06-30": "$1,559", "2010-03-31": "$1,561", "2009-12-31": "$1,626", "2009-09-30": "$1,565", "2009-06-30": "$1,565", "2009-03-31": "$1,590", "2008-12-31": "$1,290", "2008-09-30": "$1,374", "2008-06-30": "$1,366", "2008-03-31": "$1,531", "2007-12-31": "$1,532", "2007-09-30": "$1,533", "2007-06-30": "$1,533", "2007-03-31": "$1,827", "2006-12-31": "$1,827", "2006-09-30": "$1,825", "2006-06-30": "$1,832", "2006-03-31": "$1,812", "2005-12-31": "$1,813", "2005-09-30": "$1,814", "2005-06-30": "$2,060", "2005-03-31": "$2,073"}}, "total-liabilities": {"Sealed Air Annual Total Liabilities (Millions of US $)": {"2019": "$5,961", "2018": "$5,399", "2017": "$5,128", "2016": "$6,806", "2015": "$6,878", "2014": "$6,790", "2013": "$7,760", "2012": "$7,887", "2011": "$8,480", "2010": "$2,998", "2009": "$3,220", "2008": "$3,060", "2007": "$3,419", "2006": "$3,366", "2005": "$3,472"}, "Sealed Air Quarterly Total Liabilities (Millions of US $)": {"2020-09-30": "$5,804", "2020-06-30": "$5,826", "2020-03-31": "$5,853", "2019-12-31": "$5,961", "2019-09-30": "$5,981", "2019-06-30": "$5,558", "2019-03-31": "$5,447", "2018-12-31": "$5,399", "2018-09-30": "$5,443", "2018-06-30": "$5,232", "2018-03-31": "$5,406", "2017-12-31": "$5,128", "2017-09-30": "$5,179", "2017-06-30": "$7,287", "2017-03-31": "$6,826", "2016-12-31": "$6,806", "2016-09-30": "$7,053", "2016-06-30": "$6,940", "2016-03-31": "$6,978", "2015-12-31": "$6,878", "2015-09-30": "$7,144", "2015-06-30": "$6,881", "2015-03-31": "$6,704", "2014-12-31": "$6,790", "2014-09-30": "$7,027", "2014-06-30": "$7,117", "2014-03-31": "$7,090", "2013-12-31": "$7,760", "2013-09-30": "$7,928", "2013-06-30": "$7,846", "2013-03-31": "$7,847", "2012-12-31": "$7,887", "2012-09-30": "$8,477", "2012-06-30": "$8,247", "2012-03-31": "$8,279", "2011-12-31": "$8,480", "2011-09-30": "$3,085", "2011-06-30": "$3,015", "2011-03-31": "$2,995", "2010-12-31": "$2,998", "2010-09-30": "$3,173", "2010-06-30": "$3,115", "2010-03-31": "$3,105", "2009-12-31": "$3,220", "2009-09-30": "$3,160", "2009-06-30": "$3,565", "2009-03-31": "$3,261", "2008-12-31": "$3,060", "2008-09-30": "$3,266", "2008-06-30": "$3,247", "2008-03-31": "$3,425", "2007-12-31": "$3,419", "2007-09-30": "$3,383", "2007-06-30": "$3,335", "2007-03-31": "$3,324", "2006-12-31": "$3,366", "2006-09-30": "$3,294", "2006-06-30": "$3,525", "2006-03-31": "$3,446", "2005-12-31": "$3,472", "2005-09-30": "$3,450", "2005-06-30": "$3,472", "2005-03-31": "$3,461"}}, "total-share-holder-equity": {"Sealed Air Annual Share Holder Equity (Millions of US $)": {"2019": "$-196", "2018": "$-349", "2017": "$152", "2016": "$610", "2015": "$527", "2014": "$1,163", "2013": "$1,416", "2012": "$1,444", "2011": "$2,952", "2010": "$2,402", "2009": "$2,200", "2008": "$1,926", "2007": "$2,020", "2006": "$1,655", "2005": "$1,392"}, "Sealed Air Quarterly Share Holder Equity (Millions of US $)": {"2020-09-30": "$25", "2020-06-30": "$-70", "2020-03-31": "$-182", "2019-12-31": "$-196", "2019-09-30": "$-304", "2019-06-30": "$-341", "2019-03-31": "$-292", "2018-12-31": "$-349", "2018-09-30": "$-446", "2018-06-30": "$-372", "2018-03-31": "$-365", "2017-12-31": "$152", "2017-09-30": "$761", "2017-06-30": "$340", "2017-03-31": "$595", "2016-12-31": "$610", "2016-09-30": "$553", "2016-06-30": "$587", "2016-03-31": "$561", "2015-12-31": "$527", "2015-09-30": "$442", "2015-06-30": "$1,075", "2015-03-31": "$1,150", "2014-12-31": "$1,163", "2014-09-30": "$1,327", "2014-06-30": "$1,416", "2014-03-31": "$1,480", "2013-12-31": "$1,416", "2013-09-30": "$1,416", "2013-06-30": "$1,373", "2013-03-31": "$1,426", "2012-12-31": "$1,444", "2012-09-30": "$1,701", "2012-06-30": "$2,862", "2012-03-31": "$3,042", "2011-12-31": "$2,952", "2011-09-30": "$2,533", "2011-06-30": "$2,573", "2011-03-31": "$2,496", "2010-12-31": "$2,402", "2010-09-30": "$2,399", "2010-06-30": "$2,224", "2010-03-31": "$2,231", "2009-12-31": "$2,200", "2009-09-30": "$2,173", "2009-06-30": "$2,071", "2009-03-31": "$1,920", "2008-12-31": "$1,926", "2008-09-30": "$2,018", "2008-06-30": "$2,135", "2008-03-31": "$2,134", "2007-12-31": "$2,020", "2007-09-30": "$1,967", "2007-06-30": "$1,863", "2007-03-31": "$1,793", "2006-12-31": "$1,655", "2006-09-30": "$1,551", "2006-06-30": "$1,506", "2006-03-31": "$1,436", "2005-12-31": "$1,392", "2005-09-30": "$1,376", "2005-06-30": "$1,356", "2005-03-31": "$1,359"}}, "profit-margins": {"current": "10.26%"}, "gross margin": {"2020-09-30": "33.20%", "2020-06-30": "33.08%", "2020-03-31": "32.76%", "2019-12-31": "32.64%", "2019-09-30": "32.27%", "2019-06-30": "31.93%", "2019-03-31": "31.65%", "2018-12-31": "31.72%", "2018-09-30": "31.38%", "2018-06-30": "31.67%", "2018-03-31": "31.84%", "2017-12-31": "31.67%", "2017-09-30": "32.28%", "2017-06-30": "32.69%", "2017-03-31": "33.07%", "2016-12-31": "33.29%", "2016-09-30": "24.43%", "2016-06-30": "28.32%", "2016-03-31": "31.12%", "2015-12-31": "33.02%", "2015-09-30": "36.17%", "2015-06-30": "35.85%", "2015-03-31": "35.18%", "2014-12-31": "34.67%", "2014-09-30": "34.46%", "2014-06-30": "34.15%", "2014-03-31": "34.04%", "2013-12-31": "33.68%", "2013-09-30": "33.69%", "2013-06-30": "33.66%", "2013-03-31": "33.30%", "2012-12-31": "33.35%", "2012-09-30": "33.18%", "2012-06-30": "31.86%", "2012-03-31": "30.61%", "2011-12-31": "28.91%", "2011-09-30": "27.12%", "2011-06-30": "27.47%", "2011-03-31": "27.69%", "2010-12-31": "27.91%", "2010-09-30": "28.35%", "2010-06-30": "28.44%", "2010-03-31": "28.57%", "2009-12-31": "28.73%", "2009-09-30": "27.97%", "2009-06-30": "26.70%", "2009-03-31": "26.17%", "2008-12-31": "25.54%", "2008-09-30": "25.85%", "2008-06-30": "26.69%", "2008-03-31": "27.30%", "2007-12-31": "27.97%", "2007-09-30": "28.50%", "2007-06-30": "28.79%", "2007-03-31": "28.84%", "2006-12-31": "28.65%", "2006-09-30": "28.14%", "2006-06-30": "28.02%", "2006-03-31": "28.17%", "2005-12-31": "28.37%"}, "operating margin": {"2020-09-30": "15.88%", "2020-06-30": "15.11%", "2020-03-31": "12.86%", "2019-12-31": "12.06%", "2019-09-30": "11.32%", "2019-06-30": "11.59%", "2019-03-31": "13.34%", "2018-12-31": "13.86%", "2018-09-30": "13.81%", "2018-06-30": "13.56%", "2018-03-31": "13.33%", "2017-12-31": "12.80%", "2017-09-30": "13.36%", "2017-06-30": "14.10%", "2017-03-31": "14.44%", "2016-12-31": "14.94%", "2016-09-30": "22.92%", "2016-06-30": "17.89%", "2016-03-31": "15.86%", "2015-12-31": "14.01%", "2015-09-30": "9.81%", "2015-06-30": "9.61%", "2015-03-31": "8.92%", "2014-12-31": "8.44%", "2014-09-30": "8.79%", "2014-06-30": "8.24%", "2014-03-31": "8.21%", "2013-12-31": "7.85%", "2013-09-30": "-0.01%", "2013-06-30": "-17.58%", "2013-03-31": "-18.37%", "2012-12-31": "-18.92%", "2012-09-30": "-12.73%", "2012-06-30": "5.22%", "2012-03-31": "6.16%", "2011-12-31": "7.70%", "2011-09-30": "10.78%", "2011-06-30": "11.41%", "2011-03-31": "11.72%", "2010-12-31": "11.92%", "2010-09-30": "11.84%", "2010-06-30": "11.58%", "2010-03-31": "11.49%", "2009-12-31": "11.60%", "2009-09-30": "11.30%", "2009-06-30": "8.88%", "2009-03-31": "8.57%", "2008-12-31": "8.18%", "2008-09-30": "8.67%", "2008-06-30": "10.73%", "2008-03-31": "11.20%", "2007-12-31": "11.80%", "2007-09-30": "12.23%", "2007-06-30": "12.58%", "2007-03-31": "12.42%", "2006-12-31": "12.18%", "2006-09-30": "12.00%", "2006-06-30": "11.96%", "2006-03-31": "12.31%", "2005-12-31": "12.48%"}, "ebitda margin": {"2020-09-30": "19.46%", "2020-06-30": "18.65%", "2020-03-31": "16.20%", "2019-12-31": "15.23%", "2019-09-30": "14.29%", "2019-06-30": "14.41%", "2019-03-31": "16.14%", "2018-12-31": "16.63%", "2018-09-30": "16.64%", "2018-06-30": "16.38%", "2018-03-31": "16.14%", "2017-12-31": "16.14%", "2017-09-30": "17.21%", "2017-06-30": "18.58%", "2017-03-31": "19.59%", "2016-12-31": "20.02%", "2016-09-30": "32.37%", "2016-06-30": "25.07%", "2016-03-31": "21.50%", "2015-12-31": "18.82%", "2015-09-30": "12.87%", "2015-06-30": "12.71%", "2015-03-31": "12.16%", "2014-12-31": "11.86%", "2014-09-30": "12.16%", "2014-06-30": "11.73%", "2014-03-31": "11.82%", "2013-12-31": "11.56%", "2013-09-30": "11.29%", "2013-06-30": "11.53%", "2013-03-31": "10.82%", "2012-12-31": "10.31%", "2012-09-30": "9.23%", "2012-06-30": "9.30%", "2012-03-31": "9.96%", "2011-12-31": "11.12%", "2011-09-30": "13.92%", "2011-06-30": "14.65%", "2011-03-31": "15.05%", "2010-12-31": "15.39%", "2010-09-30": "15.34%", "2010-06-30": "15.19%", "2010-03-31": "15.13%", "2009-12-31": "15.27%", "2009-09-30": "14.61%", "2009-06-30": "12.15%", "2009-03-31": "11.84%", "2008-12-31": "11.44%", "2008-09-30": "11.94%", "2008-06-30": "13.99%", "2008-03-31": "14.52%", "2007-12-31": "15.09%", "2007-09-30": "15.92%", "2007-06-30": "16.34%", "2007-03-31": "16.28%", "2006-12-31": "16.13%", "2006-09-30": "16.06%", "2006-06-30": "16.11%", "2006-03-31": "16.54%", "2005-12-31": "16.84%"}, "pre tax profit margin": {"2020-09-30": "11.87%", "2020-06-30": "10.94%", "2020-03-31": "8.72%", "2019-12-31": "7.74%", "2019-09-30": "7.45%", "2019-06-30": "7.65%", "2019-03-31": "9.33%", "2018-12-31": "9.70%", "2018-09-30": "9.77%", "2018-06-30": "9.82%", "2018-03-31": "9.30%", "2017-12-31": "8.81%", "2017-09-30": "9.16%", "2017-06-30": "9.58%", "2017-03-31": "8.95%", "2016-12-31": "9.24%", "2016-09-30": "11.46%", "2016-06-30": "9.06%", "2016-03-31": "6.89%", "2015-12-31": "6.60%", "2015-09-30": "4.08%", "2015-06-30": "3.58%", "2015-03-31": "4.15%", "2014-12-31": "3.46%", "2014-09-30": "4.39%", "2014-06-30": "3.75%", "2014-03-31": "3.50%", "2013-12-31": "2.33%", "2013-09-30": "-5.99%", "2013-06-30": "-23.63%", "2013-03-31": "-24.86%", "2012-12-31": "-24.92%", "2012-09-30": "-18.61%", "2012-06-30": "-0.28%", "2012-03-31": "1.44%", "2011-12-31": "3.46%", "2011-09-30": "6.90%", "2011-06-30": "7.20%", "2011-03-31": "7.46%", "2010-12-31": "7.66%", "2010-09-30": "8.40%", "2010-06-30": "7.88%", "2010-03-31": "7.74%", "2009-12-31": "7.78%", "2009-09-30": "6.94%", "2009-06-30": "5.02%", "2009-03-31": "4.79%", "2008-12-31": "4.60%", "2008-09-30": "5.54%", "2008-06-30": "7.68%", "2008-03-31": "8.41%", "2007-12-31": "9.80%", "2007-09-30": "10.45%", "2007-06-30": "10.77%", "2007-03-31": "10.40%", "2006-12-31": "9.24%", "2006-09-30": "8.95%", "2006-06-30": "8.72%", "2006-03-31": "9.07%", "2005-12-31": "9.23%"}, "net profit margin": {"2020-09-30": "9.57%", "2020-06-30": "8.24%", "2020-03-31": "6.84%", "2019-12-31": "5.49%", "2019-09-30": "7.55%", "2019-06-30": "7.84%", "2019-03-31": "9.57%", "2018-12-31": "4.06%", "2018-09-30": "-0.89%", "2018-06-30": "14.36%", "2018-03-31": "14.41%", "2017-12-31": "18.27%", "2017-09-30": "23.53%", "2017-06-30": "9.25%", "2017-03-31": "8.05%", "2016-12-31": "11.54%", "2016-09-30": "19.57%", "2016-06-30": "12.41%", "2016-03-31": "9.29%", "2015-12-31": "7.62%", "2015-09-30": "3.83%", "2015-06-30": "3.37%", "2015-03-31": "3.70%", "2014-12-31": "3.33%", "2014-09-30": "2.84%", "2014-06-30": "2.56%", "2014-03-31": "2.52%", "2013-12-31": "1.64%", "2013-09-30": "-0.82%", "2013-06-30": "-17.63%", "2013-03-31": "-18.59%", "2012-12-31": "-18.67%", "2012-09-30": "-17.23%", "2012-06-30": "0.07%", "2012-03-31": "1.36%", "2011-12-31": "2.74%", "2011-09-30": "3.52%", "2011-06-30": "3.67%", "2011-03-31": "3.82%", "2010-12-31": "3.90%", "2010-09-30": "6.10%", "2010-06-30": "5.80%", "2010-03-31": "5.75%", "2009-12-31": "5.77%", "2009-09-30": "5.32%", "2009-06-30": "3.97%", "2009-03-31": "3.80%", "2008-12-31": "3.72%", "2008-09-30": "4.32%", "2008-06-30": "5.67%", "2008-03-31": "6.06%", "2007-12-31": "7.59%", "2007-09-30": "7.83%", "2007-06-30": "8.08%", "2007-03-31": "7.83%", "2006-12-31": "6.33%", "2006-09-30": "6.20%", "2006-06-30": "5.98%", "2006-03-31": "6.19%", "2005-12-31": "6.27%"}, "pe ratio": {"current": "14.20", "2021-02-11": "14.55", "2020-09-30": "12.93", "2020-06-30": "12.69", "2020-03-31": "11.41", "2019-12-31": "23.16", "2019-09-30": "17.66", "2019-06-30": "17.66", "2019-03-31": "15.64", "2018-12-31": "26.33", "2018-09-30": "0.00", "2018-06-30": "11.77", "2018-03-31": "12.78", "2017-12-31": "11.20", "2017-09-30": "7.72", "2017-06-30": "21.93", "2017-03-31": "23.73", "2016-12-31": "17.66", "2016-09-30": "19.85", "2016-06-30": "24.49", "2016-03-31": "27.37", "2015-12-31": "25.36", "2015-09-30": "32.82", "2015-06-30": "40.13", "2015-03-31": "31.49", "2014-12-31": "32.41", "2014-09-30": "31.24", "2014-06-30": "33.81", "2014-03-31": "33.12", "2013-12-31": "53.03", "2013-09-30": "18.26", "2013-06-30": "0.00", "2013-03-31": "0.00", "2012-12-31": "0.00", "2012-09-30": "0.00", "2012-06-30": "268.97", "2012-03-31": "34.04", "2011-12-31": "17.17", "2011-09-30": "10.09", "2011-06-30": "14.07", "2011-03-31": "15.58", "2010-12-31": "14.70", "2010-09-30": "12.24", "2010-06-30": "11.33", "2010-03-31": "12.48", "2009-12-31": "13.15", "2009-09-30": "12.78", "2009-06-30": "15.54", "2009-03-31": "11.43", "2008-12-31": "12.12", "2008-09-30": "15.08", "2008-06-30": "10.01", "2008-03-31": "12.72", "2007-12-31": "9.57", "2007-09-30": "10.44", "2007-06-30": "12.55", "2007-03-31": "13.38", "2006-12-31": "17.09"}, "price sales": {"2021-02-11": "1.39", "2020-09-30": "1.24", "2020-06-30": "1.04", "2020-03-31": "0.78", "2019-12-31": "1.27", "2019-09-30": "1.34", "2019-06-30": "1.39", "2019-03-31": "1.50", "2018-12-31": "1.15", "2018-09-30": "1.38", "2018-06-30": "1.54", "2018-03-31": "1.65", "2017-12-31": "2.02", "2017-09-30": "1.81", "2017-06-30": "1.94", "2017-03-31": "1.91", "2016-12-31": "2.00", "2016-09-30": "3.71", "2016-06-30": "2.93", "2016-03-31": "2.50", "2015-12-31": "1.97", "2015-09-30": "1.26", "2015-06-30": "1.35", "2015-03-31": "1.17", "2014-12-31": "1.08", "2014-09-30": "0.88", "2014-06-30": "0.87", "2014-03-31": "0.83", "2013-12-31": "0.86", "2013-09-30": "0.67", "2013-06-30": "0.58", "2013-03-31": "0.56", "2012-12-31": "0.40", "2012-09-30": "0.34", "2012-06-30": "0.37", "2012-03-31": "0.50", "2011-12-31": "0.49", "2011-09-30": "0.53", "2011-06-30": "0.76", "2011-03-31": "0.87", "2010-12-31": "0.84", "2010-09-30": "0.75", "2010-06-30": "0.67", "2010-03-31": "0.73", "2009-12-31": "0.78", "2009-09-30": "0.70", "2009-06-30": "0.62", "2009-03-31": "0.44", "2008-12-31": "0.45", "2008-09-30": "0.65", "2008-06-30": "0.58", "2008-03-31": "0.80", "2007-12-31": "0.74", "2007-09-30": "0.83", "2007-06-30": "1.03", "2007-03-31": "1.06", "2006-12-31": "1.11"}, "price book": {"current": "287.83", "2021-02-11": "275.49", "2020-09-30": "244.91", "2020-06-30": "-72.40", "2020-03-31": "-20.89", "2019-12-31": "-30.82", "2019-09-30": "-20.64", "2019-06-30": "-18.88", "2019-03-31": "-23.82", "2018-12-31": "-15.05", "2018-09-30": "-13.61", "2018-06-30": "-17.48", "2018-03-31": "-18.12", "2017-12-31": "51.96", "2017-09-30": "9.61", "2017-06-30": "23.69", "2017-03-31": "13.52", "2016-12-31": "13.51", "2016-09-30": "14.99", "2016-06-30": "14.37", "2016-03-31": "15.68", "2015-12-31": "15.37", "2015-09-30": "19.37", "2015-06-30": "9.21", "2015-03-31": "7.67", "2014-12-31": "7.04", "2014-09-30": "5.09", "2014-06-30": "4.66", "2014-03-31": "4.35", "2013-12-31": "4.26", "2013-09-30": "3.39", "2013-06-30": "3.06", "2013-03-31": "2.95", "2012-12-31": "2.09", "2012-09-30": "1.55", "2012-06-30": "0.91", "2012-03-31": "1.06", "2011-12-31": "0.96", "2011-09-30": "0.90", "2011-06-30": "1.25", "2011-03-31": "1.44", "2010-12-31": "1.41", "2010-09-30": "1.25", "2010-06-30": "1.17", "2010-03-31": "1.24", "2009-12-31": "1.29", "2009-09-30": "1.17", "2009-06-30": "1.14", "2009-03-31": "0.92", "2008-12-31": "0.97", "2008-09-30": "1.36", "2008-06-30": "1.11", "2008-03-31": "1.48", "2007-12-31": "1.44", "2007-09-30": "1.62", "2007-06-30": "2.07", "2007-03-31": "2.19", "2006-12-31": "1.21", "2006-09-30": "2.15", "2006-06-30": "2.15", "2006-03-31": "2.50"}, "price fcf": {"2021-02-11": "", "2020-09-30": "$3.28", "2020-06-30": "$2.45", "2020-03-31": "$1.98", "2019-12-31": "$2.06", "2019-09-30": "$2.21", "2019-06-30": "$2.31", "2019-03-31": "$2.16", "2018-12-31": "$1.66", "2018-09-30": "$0.31", "2018-06-30": "$0.84", "2018-03-31": "$1.04", "2017-12-31": "$1.29", "2017-09-30": "$2.88", "2017-06-30": "$3.08", "2017-03-31": "$3.24", "2016-12-31": "$3.23", "2016-09-30": "$2.46", "2016-06-30": "$2.42", "2016-03-31": "$2.28", "2015-12-31": "$4.02", "2015-09-30": "$3.93", "2015-06-30": "$4.10", "2015-03-31": "$4.35", "2014-12-31": "$-1.67", "2014-09-30": "$-0.98", "2014-06-30": "$-1.33", "2014-03-31": "$-1.67", "2013-12-31": "$2.50", "2013-09-30": "$2.52", "2013-06-30": "$2.19", "2013-03-31": "$1.80", "2012-12-31": "$1.45", "2012-09-30": "$0.05", "2012-06-30": "$0.28", "2012-03-31": "$0.44", "2011-12-31": "$1.36", "2011-09-30": "$2.10", "2011-06-30": "$1.84", "2011-03-31": "$2.13", "2010-12-31": "$2.26", "2010-09-30": "$2.25", "2010-06-30": "$2.66", "2010-03-31": "$2.84", "2009-12-31": "$2.62", "2009-09-30": "$1.82", "2009-06-30": "$1.28", "2009-03-31": "$1.43", "2008-12-31": "$1.21", "2008-09-30": "$1.61", "2008-06-30": "$1.52", "2008-03-31": "$0.68", "2007-12-31": "$0.89", "2007-09-30": "$0.78", "2007-06-30": "$0.89", "2007-03-31": "$1.39", "2006-12-31": "$1.46"}, "net worth": {"value": "$7.05B"}, "current ratio": {"current": "1.27", "2020-09-30": "1.27", "2020-06-30": "1.21", "2020-03-31": "1.14", "2019-12-31": "1.09", "2019-09-30": "1.06", "2019-06-30": "0.99", "2019-03-31": "1.05", "2018-12-31": "1.04", "2018-09-30": "1.02", "2018-06-30": "1.11", "2018-03-31": "1.17", "2017-12-31": "1.35", "2017-09-30": "1.70", "2017-06-30": "1.45", "2017-03-31": "1.61", "2016-12-31": "1.05", "2016-09-30": "1.04", "2016-06-30": "1.25", "2016-03-31": "1.22", "2015-12-31": "1.23", "2015-09-30": "1.25", "2015-06-30": "1.66", "2015-03-31": "1.68", "2014-12-31": "1.52", "2014-09-30": "1.44", "2014-06-30": "1.30", "2014-03-31": "1.26", "2013-12-31": "1.28", "2013-09-30": "1.31", "2013-06-30": "1.30", "2013-03-31": "1.30", "2012-12-31": "1.41", "2012-09-30": "1.19", "2012-06-30": "1.31", "2012-03-31": "1.35", "2011-12-31": "1.34", "2011-09-30": "1.49", "2011-06-30": "1.51", "2011-03-31": "1.47", "2010-12-31": "1.41", "2010-09-30": "1.54", "2010-06-30": "1.47", "2010-03-31": "1.47", "2009-12-31": "1.45", "2009-09-30": "1.34", "2009-06-30": "1.24", "2009-03-31": "1.24", "2008-12-31": "1.03", "2008-09-30": "0.97", "2008-06-30": "1.04", "2008-03-31": "1.17", "2007-12-31": "1.11", "2007-09-30": "1.15", "2007-06-30": "1.13", "2007-03-31": "1.36", "2006-12-31": "1.25", "2006-09-30": "1.20", "2006-06-30": "1.16", "2006-03-31": "1.12", "2005-12-31": "1.11", "2005-09-30": "1.10", "2005-06-30": "1.29", "2005-03-31": "1.29"}, "quick ratio": {"2020-09-30": "0.79", "2020-06-30": "0.73", "2020-03-31": "0.73", "2019-12-31": "0.69", "2019-09-30": "0.65", "2019-06-30": "0.62", "2019-03-31": "0.65", "2018-12-31": "0.68", "2018-09-30": "0.63", "2018-06-30": "0.69", "2018-03-31": "0.77", "2017-12-31": "0.99", "2017-09-30": "1.34", "2017-06-30": "1.28", "2017-03-31": "1.42", "2016-12-31": "0.83", "2016-09-30": "0.71", "2016-06-30": "0.85", "2016-03-31": "0.83", "2015-12-31": "0.86", "2015-09-30": "0.87", "2015-06-30": "1.20", "2015-03-31": "1.21", "2014-12-31": "1.12", "2014-09-30": "1.06", "2014-06-30": "0.95", "2014-03-31": "0.89", "2013-12-31": "1.01", "2013-09-30": "0.99", "2013-06-30": "0.98", "2013-03-31": "0.98", "2012-12-31": "1.10", "2012-09-30": "0.90", "2012-06-30": "0.93", "2012-03-31": "0.95", "2011-12-31": "1.03", "2011-09-30": "1.12", "2011-06-30": "1.10", "2011-03-31": "1.09", "2010-12-31": "1.07", "2010-09-30": "1.16", "2010-06-30": "1.10", "2010-03-31": "1.11", "2009-12-31": "1.12", "2009-09-30": "0.98", "2009-06-30": "0.95", "2009-03-31": "0.89", "2008-12-31": "0.68", "2008-09-30": "0.61", "2008-06-30": "0.66", "2008-03-31": "0.79", "2007-12-31": "0.78", "2007-09-30": "0.79", "2007-06-30": "0.78", "2007-03-31": "0.95", "2006-12-31": "0.89", "2006-09-30": "0.84", "2006-06-30": "0.88", "2006-03-31": "0.83", "2005-12-31": "0.84", "2005-09-30": "0.82", "2005-06-30": "0.94", "2005-03-31": "0.93"}, "debt equity ratio": {"current": "151.43", "2020-09-30": "236.89", "2020-06-30": "-83.12", "2020-03-31": "-32.18", "2019-12-31": "-30.38", "2019-09-30": "-19.67", "2019-06-30": "-16.29", "2019-03-31": "-18.63", "2018-12-31": "-15.49", "2018-09-30": "-12.21", "2018-06-30": "-14.05", "2018-03-31": "-14.82", "2017-12-31": "33.67", "2017-09-30": "6.81", "2017-06-30": "21.47", "2017-03-31": "11.48", "2016-12-31": "11.16", "2016-09-30": "12.76", "2016-06-30": "11.82", "2016-03-31": "12.44", "2015-12-31": "13.05", "2015-09-30": "16.16", "2015-06-30": "6.40", "2015-03-31": "5.83", "2014-12-31": "5.84", "2014-09-30": "5.29", "2014-06-30": "5.03", "2014-03-31": "4.79", "2013-12-31": "5.48", "2013-09-30": "5.60", "2013-06-30": "5.71", "2013-03-31": "5.50", "2012-12-31": "5.46", "2012-09-30": "4.99", "2012-06-30": "2.88", "2012-03-31": "2.72", "2011-12-31": "2.87", "2011-09-30": "1.22", "2011-06-30": "1.17", "2011-03-31": "1.20", "2010-12-31": "1.25", "2010-09-30": "1.32", "2010-06-30": "1.40", "2010-03-31": "1.39", "2009-12-31": "1.46", "2009-09-30": "1.46", "2009-06-30": "1.72", "2009-03-31": "1.70", "2008-12-31": "1.59", "2008-09-30": "1.62", "2008-06-30": "1.52", "2008-03-31": "1.61", "2007-12-31": "1.69", "2007-09-30": "1.72", "2007-06-30": "1.79", "2007-03-31": "1.85", "2006-12-31": "2.03", "2006-09-30": "2.12", "2006-06-30": "2.34", "2006-03-31": "2.40", "2005-12-31": "2.49", "2005-09-30": "2.51", "2005-06-30": "2.56", "2005-03-31": "2.55"}, "return on equity": {"2020-09-30": "-439.72%", "2020-06-30": "-212.23%", "2020-03-31": "-129.81%", "2019-12-31": "-92.85%", "2019-09-30": "-111.66%", "2019-06-30": "-103.64%", "2019-03-31": "-123.65%", "2018-12-31": "-50.13%", "2018-09-30": "16.29%", "2018-06-30": "1515.91%", "2018-03-31": "295.95%", "2017-12-31": "176.41%", "2017-09-30": "176.93%", "2017-06-30": "75.31%", "2017-03-31": "58.17%", "2016-12-31": "84.12%", "2016-09-30": "78.82%", "2016-06-30": "68.59%", "2016-03-31": "52.36%", "2015-12-31": "42.08%", "2015-09-30": "29.03%", "2015-06-30": "21.38%", "2015-03-31": "22.47%", "2014-12-31": "19.16%", "2014-09-30": "15.68%", "2014-06-30": "13.83%", "2014-03-31": "13.65%", "2013-12-31": "8.95%", "2013-09-30": "-4.38%", "2013-06-30": "-89.64%", "2013-03-31": "-75.45%", "2012-12-31": "-62.37%", "2012-09-30": "-49.29%", "2012-06-30": "0.18%", "2012-03-31": "3.03%", "2011-12-31": "5.69%", "2011-09-30": "6.76%", "2011-06-30": "6.97%", "2011-03-31": "7.31%", "2010-12-31": "7.56%", "2010-09-30": "11.93%", "2010-06-30": "11.51%", "2010-03-31": "11.44%", "2009-12-31": "11.72%", "2009-09-30": "11.22%", "2009-06-30": "8.82%", "2009-03-31": "8.85%", "2008-12-31": "8.77%", "2008-09-30": "10.26%", "2008-06-30": "13.37%", "2008-03-31": "14.38%", "2007-12-31": "18.47%", "2007-09-30": "19.57%", "2007-06-30": "21.04%", "2007-03-31": "21.21%", "2006-12-31": "17.83%", "2006-09-30": "17.94%", "2006-06-30": "17.58%", "2006-03-31": "18.42%", "2005-12-31": "18.68%"}, "return on assets": {"2020-09-30": "8.08%", "2020-06-30": "6.98%", "2020-03-31": "5.95%", "2019-12-31": "4.82%", "2019-09-30": "6.81%", "2019-06-30": "7.25%", "2019-03-31": "8.99%", "2018-12-31": "3.85%", "2018-09-30": "-0.83%", "2018-06-30": "12.63%", "2018-03-31": "11.00%", "2017-12-31": "12.41%", "2017-09-30": "14.36%", "2017-06-30": "5.25%", "2017-03-31": "4.55%", "2016-12-31": "6.46%", "2016-09-30": "5.84%", "2016-06-30": "4.83%", "2016-03-31": "4.47%", "2015-12-31": "4.36%", "2015-09-30": "3.55%", "2015-06-30": "3.14%", "2015-03-31": "3.47%", "2014-12-31": "3.09%", "2014-09-30": "2.55%", "2014-06-30": "2.22%", "2014-03-31": "2.14%", "2013-12-31": "1.36%", "2013-09-30": "-0.67%", "2013-06-30": "-14.02%", "2013-03-31": "-14.06%", "2012-12-31": "-13.46%", "2012-09-30": "-11.82%", "2012-06-30": "0.05%", "2012-03-31": "0.99%", "2011-12-31": "2.13%", "2011-09-30": "3.06%", "2011-06-30": "3.12%", "2011-03-31": "3.19%", "2010-12-31": "3.23%", "2010-09-30": "4.98%", "2010-06-30": "4.74%", "2010-03-31": "4.57%", "2009-12-31": "4.54%", "2009-09-30": "4.30%", "2009-06-30": "3.32%", "2009-03-31": "3.40%", "2008-12-31": "3.39%", "2008-09-30": "3.93%", "2008-06-30": "5.08%", "2008-03-31": "5.33%", "2007-12-31": "6.69%", "2007-09-30": "6.88%", "2007-06-30": "7.16%", "2007-03-31": "6.90%", "2006-12-31": "5.54%", "2006-09-30": "5.38%", "2006-06-30": "5.12%", "2006-03-31": "5.28%", "2005-12-31": "5.29%"}, "return on investments": {"2020-09-30": "21.50%", "2020-06-30": "20.88%", "2020-03-31": "18.70%", "2019-12-31": "18.01%", "2019-09-30": "17.61%", "2019-06-30": "18.82%", "2019-03-31": "21.84%", "2018-12-31": "22.99%", "2018-09-30": "21.80%", "2018-06-30": "19.25%", "2018-03-31": "16.92%", "2017-12-31": "14.41%", "2017-09-30": "13.75%", "2017-06-30": "13.83%", "2017-03-31": "13.50%", "2016-12-31": "13.52%", "2016-09-30": "10.80%", "2016-06-30": "10.86%", "2016-03-31": "11.72%", "2015-12-31": "12.10%", "2015-09-30": "13.49%", "2015-06-30": "13.18%", "2015-03-31": "12.52%", "2014-12-31": "11.87%", "2014-09-30": "12.39%", "2014-06-30": "11.40%", "2014-03-31": "11.17%", "2013-12-31": "10.59%", "2013-09-30": "-0.02%", "2013-06-30": "-22.41%", "2013-03-31": "-21.51%", "2012-12-31": "-20.43%", "2012-09-30": "-12.84%", "2012-06-30": "5.20%", "2012-03-31": "6.39%", "2011-12-31": "8.54%", "2011-09-30": "13.25%", "2011-06-30": "13.67%", "2011-03-31": "13.84%", "2010-12-31": "13.96%", "2010-09-30": "13.64%", "2010-06-30": "13.39%", "2010-03-31": "13.23%", "2009-12-31": "13.38%", "2009-09-30": "13.67%", "2009-06-30": "11.37%", "2009-03-31": "11.72%", "2008-12-31": "11.50%", "2008-09-30": "12.11%", "2008-06-30": "14.69%", "2008-03-31": "15.02%", "2007-12-31": "15.61%", "2007-09-30": "15.89%", "2007-06-30": "16.20%", "2007-03-31": "15.84%", "2006-12-31": "15.68%", "2006-09-30": "15.52%", "2006-06-30": "15.47%", "2006-03-31": "15.59%", "2005-12-31": "15.40%"}, "return on tangible equity": {"2020-09-30": "-18.72%", "2020-06-30": "-15.52%", "2020-03-31": "-12.96%", "2019-12-31": "-10.48%", "2019-09-30": "-14.59%", "2019-06-30": "-15.35%", "2019-03-31": "-18.73%", "2018-12-31": "-7.93%", "2018-09-30": "1.83%", "2018-06-30": "-34.03%", "2018-03-31": "-37.33%", "2017-12-31": "-54.57%", "2017-09-30": "-75.33%", "2017-06-30": "-21.54%", "2017-03-31": "-15.45%", "2016-12-31": "-18.25%", "2016-09-30": "-14.04%", "2016-06-30": "-11.44%", "2016-03-31": "-11.07%", "2015-12-31": "-11.38%", "2015-09-30": "-9.79%", "2015-06-30": "-9.42%", "2015-03-31": "-10.66%", "2014-12-31": "-9.70%", "2014-09-30": "-8.30%", "2014-06-30": "-7.33%", "2014-03-31": "-7.09%", "2013-12-31": "-4.52%", "2013-09-30": "2.20%", "2013-06-30": "45.64%", "2013-03-31": "45.98%", "2012-12-31": "44.43%", "2012-09-30": "39.55%", "2012-06-30": "-0.21%", "2012-03-31": "-6.19%", "2011-12-31": "-38.78%", "2011-09-30": "31.83%", "2011-06-30": "34.57%", "2011-03-31": "42.00%", "2010-12-31": "49.86%", "2010-09-30": "84.51%", "2010-06-30": "96.76%", "2010-03-31": "111.84%", "2009-12-31": "167.52%", "2009-09-30": "282.87%", "2009-06-30": "457.52%", "2009-03-31": "370.68%", "2008-12-31": "199.45%", "2008-09-30": "201.42%", "2008-06-30": "317.24%", "2008-03-31": "1417.28%", "2007-12-31": "-562.55%", "2007-09-30": "-236.15%", "2007-06-30": "-145.71%", "2007-03-31": "-104.15%", "2006-12-31": "-66.22%", "2006-09-30": "-56.47%", "2006-06-30": "-49.41%", "2006-03-31": "-46.93%", "2005-12-31": "-45.15%"}, "dividend yield history": {"last payout": "$0.64", "last yield": "1.41%"}}