{"ticker": "SEIC", "price": {"title": "SEI Investments Historical Annual Stock Price Data", "value": 55.92, "historical": {"2021": {"Average Stock Price": "58.3546", "Year Open": "56.9300", "Year High": "61.8100", "Year Low": "52.8500", "Year Close": "55.9200", "Annual % Change": "-2.70%"}, "2020": {"Average Stock Price": "54.7730", "Year Open": "65.8000", "Year High": "69.2400", "Year Low": "36.5900", "Year Close": "57.4700", "Annual % Change": "-12.23%"}, "2019": {"Average Stock Price": "56.0753", "Year Open": "46.0700", "Year High": "66.9700", "Year Low": "44.4100", "Year Close": "65.4800", "Annual % Change": "41.73%"}, "2018": {"Average Stock Price": "63.8478", "Year Open": "71.8400", "Year High": "77.7000", "Year Low": "42.8300", "Year Close": "46.2000", "Annual % Change": "-35.71%"}, "2017": {"Average Stock Price": "56.4560", "Year Open": "50.2300", "Year High": "72.0700", "Year Low": "48.2400", "Year Close": "71.8600", "Annual % Change": "45.58%"}, "2016": {"Average Stock Price": "45.7428", "Year Open": "50.9800", "Year High": "51.7500", "Year Low": "33.8600", "Year Close": "49.3600", "Annual % Change": "-5.80%"}, "2015": {"Average Stock Price": "48.0631", "Year Open": "39.6000", "Year High": "55.2100", "Year Low": "38.3800", "Year Close": "52.4000", "Annual % Change": "30.87%"}, "2014": {"Average Stock Price": "35.0605", "Year Open": "34.2700", "Year High": "40.8100", "Year Low": "30.2700", "Year Close": "40.0400", "Annual % Change": "15.29%"}, "2013": {"Average Stock Price": "30.1142", "Year Open": "24.2100", "Year High": "34.7700", "Year Low": "24.1800", "Year Close": "34.7300", "Annual % Change": "48.80%"}, "2012": {"Average Stock Price": "20.5046", "Year Open": "17.5000", "Year High": "23.4800", "Year Low": "17.2200", "Year Close": "23.3400", "Annual % Change": "34.52%"}, "2011": {"Average Stock Price": "19.9785", "Year Open": "23.9600", "Year High": "24.7400", "Year Low": "14.1500", "Year Close": "17.3500", "Annual % Change": "-27.07%"}, "2010": {"Average Stock Price": "20.8428", "Year Open": "17.9600", "Year High": "24.3400", "Year Low": "16.9400", "Year Close": "23.7900", "Annual % Change": "35.79%"}, "2009": {"Average Stock Price": "16.3160", "Year Open": "16.0800", "Year High": "20.2600", "Year Low": "9.4500", "Year Close": "17.5200", "Annual % Change": "11.52%"}, "2008": {"Average Stock Price": "22.3344", "Year Open": "30.4900", "Year High": "30.4900", "Year Low": "12.2500", "Year Close": "15.7100", "Annual % Change": "-51.17%"}, "2007": {"Average Stock Price": "29.4134", "Year Open": "29.6600", "Year High": "33.1200", "Year Low": "23.3400", "Year Close": "32.1700", "Annual % Change": "8.03%"}, "2006": {"Average Stock Price": "24.1811", "Year Open": "18.6750", "Year High": "30.2600", "Year Low": "18.6750", "Year Close": "29.7800", "Annual % Change": "60.97%"}, "2005": {"Average Stock Price": "18.5762", "Year Open": "20.4250", "Year High": "21.0500", "Year Low": "16.0750", "Year Close": "18.5000", "Annual % Change": "-11.76%"}, "2004": {"Average Stock Price": "16.6581", "Year Open": "15.1450", "Year High": "21.5450", "Year Low": "13.7000", "Year Close": "20.9650", "Annual % Change": "37.61%"}, "2003": {"Average Stock Price": "14.8938", "Year Open": "14.0500", "Year High": "17.9600", "Year Low": "11.4500", "Year Close": "15.2350", "Annual % Change": "12.10%"}, "2002": {"Average Stock Price": "16.0559", "Year Open": "22.2250", "Year High": "22.8750", "Year Low": "9.5150", "Year Close": "13.5900", "Annual % Change": "-39.75%"}, "2001": {"Average Stock Price": "19.9537", "Year Open": "23.3125", "Year High": "25.6550", "Year Low": "13.9500", "Year Close": "22.5550", "Annual % Change": "-19.45%"}, "2000": {"Average Stock Price": "13.9904", "Year Open": "10.0000", "Year High": "30.8500", "Year Low": "7.4425", "Year Close": "28.0000", "Annual % Change": "182.35%"}, "1999": {"Average Stock Price": "8.1966", "Year Open": "8.1250", "Year High": "10.7500", "Year Low": "6.6150", "Year Close": "9.9167", "Annual % Change": "19.74%"}, "1998": {"Average Stock Price": "5.8298", "Year Open": "3.5367", "Year High": "8.3333", "Year Low": "3.1875", "Year Close": "8.2817", "Annual % Change": "136.62%"}, "1997": {"Average Stock Price": "2.3835", "Year Open": "1.8333", "Year High": "3.6875", "Year Low": "1.5942", "Year Close": "3.5000", "Annual % Change": "88.76%"}, "1996": {"Average Stock Price": "1.8307", "Year Open": "1.8958", "Year High": "2.0317", "Year Low": "1.5938", "Year Close": "1.8542", "Annual % Change": "2.30%"}, "1995": {"Average Stock Price": "1.7046", "Year Open": "1.3958", "Year High": "2.0417", "Year Low": "1.3958", "Year Close": "1.8125", "Annual % Change": "26.09%"}, "1994": {"Average Stock Price": "1.7649", "Year Open": "2.1250", "Year High": "2.3333", "Year Low": "1.4167", "Year Close": "1.4375", "Annual % Change": "-34.29%"}, "1993": {"Average Stock Price": "1.4727", "Year Open": "1.2917", "Year High": "2.2392", "Year Low": "1.1196", "Year Close": "2.1875", "Annual % Change": "65.36%"}, "1992": {"Average Stock Price": "1.1245", "Year Open": "1.1042", "Year High": "1.3333", "Year Low": "0.9167", "Year Close": "1.3229", "Annual % Change": "22.12%"}, "1991": {"Average Stock Price": "1.0074", "Year Open": "0.8958", "Year High": "1.1458", "Year Low": "0.7500", "Year Close": "1.0833", "Annual % Change": "20.26%"}}}, "market cap": {"value": "$8.08B"}, "income statement": {"Revenue": {"2020-12-31": "1684.05800", "2019-12-31": "1649.88500", "2018-12-31": "1624.16700", "2017-12-31": "1526.55200", "2016-12-31": "1401.54500", "2015-12-31": "1334.20800", "2014-12-31": "1266.00500", "2013-12-31": "1126.13200", "2012-12-31": "992.52200", "2011-12-31": "929.72700", "2010-12-31": "900.83500", "2009-12-31": "1060.54800", "2008-12-31": "1247.91900", "2007-12-31": "1369.02800", "2006-12-31": "1175.74900", "2005-12-31": "773.00700"}, "Cost Of Goods Sold": {"2020-12-31": "", "2019-12-31": "", "2018-12-31": "", "2017-12-31": "", "2016-12-31": "", "2015-12-31": "24.38800", "2014-12-31": "23.00200", "2013-12-31": "24.64900", "2012-12-31": "23.88900", "2011-12-31": "27.02200", "2010-12-31": "28.88200", "2009-12-31": "41.14600", "2008-12-31": "67.53800", "2007-12-31": "176.52300", "2006-12-31": "147.83500", "2005-12-31": "129.30300"}, "Gross Profit": {"2020-12-31": "1684.05800", "2019-12-31": "1649.88500", "2018-12-31": "1624.16700", "2017-12-31": "1526.55200", "2016-12-31": "1401.54500", "2015-12-31": "1309.82000", "2014-12-31": "1243.00300", "2013-12-31": "1101.48300", "2012-12-31": "968.63300", "2011-12-31": "902.70500", "2010-12-31": "871.95300", "2009-12-31": "1019.40200", "2008-12-31": "1180.38100", "2007-12-31": "1192.50500", "2006-12-31": "1027.91400", "2005-12-31": "643.70400"}, "Research And Development Expenses": {"2020-12-31": "", "2019-12-31": "", "2018-12-31": "", "2017-12-31": "", "2016-12-31": "", "2015-12-31": "", "2014-12-31": "", "2013-12-31": "", "2012-12-31": "", "2011-12-31": "", "2010-12-31": "", "2009-12-31": "", "2008-12-31": "", "2007-12-31": "", "2006-12-31": "", "2005-12-31": ""}, "SG&A Expenses": {"2020-12-31": "943.68190", "2019-12-31": "897.19500", "2018-12-31": "891.55500", "2017-12-31": "825.72100", "2016-12-31": "730.58300", "2015-12-31": "693.37400", "2014-12-31": "645.77900", "2013-12-31": "642.73100", "2012-12-31": "568.45300", "2011-12-31": "519.31000", "2010-12-31": "482.32900", "2009-12-31": "473.59800", "2008-12-31": "532.63900", "2007-12-31": "561.39400", "2006-12-31": "500.31600", "2005-12-31": "411.46400"}, "Other Operating Income Or Expenses": {"2020-12-31": "-210.55500", "2019-12-31": "-211.41100", "2018-12-31": "-212.93700", "2017-12-31": "-228.30100", "2016-12-31": "-223.43600", "2015-12-31": "-191.55900", "2014-12-31": "-183.31300", "2013-12-31": "-153.24400", "2012-12-31": "-132.77000", "2011-12-31": "-130.57100", "2010-12-31": "-126.14100", "2009-12-31": "-115.95800", "2008-12-31": "-104.43400", "2007-12-31": "", "2006-12-31": "", "2005-12-31": ""}, "Operating Expenses": {"2020-12-31": "1238.17100", "2019-12-31": "1189.46100", "2018-12-31": "1182.17900", "2017-12-31": "1129.60800", "2016-12-31": "1025.85100", "2015-12-31": "975.99500", "2014-12-31": "913.22090", "2013-12-31": "877.72300", "2012-12-31": "780.95610", "2011-12-31": "725.66200", "2010-12-31": "683.30200", "2009-12-31": "696.84100", "2008-12-31": "751.57000", "2007-12-31": "775.05300", "2006-12-31": "677.29800", "2005-12-31": "557.91500"}, "Operating Income": {"2020-12-31": "445.88710", "2019-12-31": "460.42400", "2018-12-31": "441.98800", "2017-12-31": "396.94400", "2016-12-31": "375.69400", "2015-12-31": "358.21300", "2014-12-31": "352.78410", "2013-12-31": "248.40890", "2012-12-31": "211.56590", "2011-12-31": "204.06500", "2010-12-31": "217.53300", "2009-12-31": "363.70700", "2008-12-31": "496.34890", "2007-12-31": "593.97500", "2006-12-31": "498.45100", "2005-12-31": "215.09200"}, "Total Non-Operating Income/Expense": {"2020-12-31": "122.80700", "2019-12-31": "171.01700", "2018-12-31": "172.21800", "2017-12-31": "160.09500", "2016-12-31": "132.79100", "2015-12-31": "142.26700", "2014-12-31": "136.87800", "2013-12-31": "186.98900", "2012-12-31": "117.93000", "2011-12-31": "114.42200", "2010-12-31": "152.24800", "2009-12-31": "-1.38900", "2008-12-31": "-142.11900", "2007-12-31": "-8.55600", "2006-12-31": "-139.69500", "2005-12-31": "80.11700"}, "Pre-Tax Income": {"2020-12-31": "568.69400", "2019-12-31": "631.44100", "2018-12-31": "614.20600", "2017-12-31": "557.03900", "2016-12-31": "508.48500", "2015-12-31": "500.48000", "2014-12-31": "489.66200", "2013-12-31": "435.39800", "2012-12-31": "329.49600", "2011-12-31": "318.48700", "2010-12-31": "369.78100", "2009-12-31": "362.31800", "2008-12-31": "354.23000", "2007-12-31": "585.41900", "2006-12-31": "358.75600", "2005-12-31": "295.20900"}, "Income Taxes": {"2020-12-31": "121.40800", "2019-12-31": "130.01500", "2018-12-31": "108.33800", "2017-12-31": "152.65000", "2016-12-31": "174.66800", "2015-12-31": "168.82500", "2014-12-31": "170.94900", "2013-12-31": "146.92400", "2012-12-31": "121.46200", "2011-12-31": "111.83700", "2010-12-31": "136.46100", "2009-12-31": "89.88600", "2008-12-31": "86.70300", "2007-12-31": "151.18200", "2006-12-31": "121.76600", "2005-12-31": "106.86500"}, "Income After Taxes": {"2020-12-31": "447.28600", "2019-12-31": "501.42600", "2018-12-31": "505.86800", "2017-12-31": "404.38900", "2016-12-31": "333.81700", "2015-12-31": "331.65500", "2014-12-31": "318.71300", "2013-12-31": "288.47400", "2012-12-31": "208.03400", "2011-12-31": "206.65000", "2010-12-31": "233.32000", "2009-12-31": "272.43200", "2008-12-31": "267.52700", "2007-12-31": "434.23700", "2006-12-31": "236.99000", "2005-12-31": "188.34400"}, "Other Income": {"2020-12-31": "", "2019-12-31": "", "2018-12-31": "", "2017-12-31": "", "2016-12-31": "", "2015-12-31": "", "2014-12-31": "", "2013-12-31": "", "2012-12-31": "", "2011-12-31": "", "2010-12-31": "", "2009-12-31": "", "2008-12-31": "", "2007-12-31": "", "2006-12-31": "", "2005-12-31": ""}, "Income From Continuous Operations": {"2020-12-31": "447.28600", "2019-12-31": "501.42600", "2018-12-31": "505.86800", "2017-12-31": "404.38900", "2016-12-31": "333.81700", "2015-12-31": "331.65500", "2014-12-31": "318.71300", "2013-12-31": "288.47400", "2012-12-31": "208.03400", "2011-12-31": "206.65000", "2010-12-31": "233.32000", "2009-12-31": "272.43200", "2008-12-31": "267.52700", "2007-12-31": "434.23700", "2006-12-31": "236.99000", "2005-12-31": "188.34400"}, "Income From Discontinued Operations": {"2020-12-31": "", "2019-12-31": "", "2018-12-31": "", "2017-12-31": "", "2016-12-31": "", "2015-12-31": "", "2014-12-31": "", "2013-12-31": "", "2012-12-31": "", "2011-12-31": "", "2010-12-31": "", "2009-12-31": "", "2008-12-31": "", "2007-12-31": "", "2006-12-31": "", "2005-12-31": ""}, "Net Income": {"2020-12-31": "447.28600", "2019-12-31": "501.42600", "2018-12-31": "505.86800", "2017-12-31": "404.38900", "2016-12-31": "333.81700", "2015-12-31": "331.65500", "2014-12-31": "318.71300", "2013-12-31": "288.12400", "2012-12-31": "206.84800", "2011-12-31": "204.95900", "2010-12-31": "231.68700", "2009-12-31": "174.33500", "2008-12-31": "139.25400", "2007-12-31": "259.80900", "2006-12-31": "236.99000", "2005-12-31": "188.34400"}, "EBITDA": {"2020-12-31": "445.88710", "2019-12-31": "541.27890", "2018-12-31": "519.67500", "2017-12-31": "472.53000", "2016-12-31": "447.52600", "2015-12-31": "424.88700", "2014-12-31": "413.91110", "2013-12-31": "305.50790", "2012-12-31": "267.40990", "2011-12-31": "252.82400", "2010-12-31": "263.48300", "2009-12-31": "429.84600", "2008-12-31": "543.30790", "2007-12-31": "631.11100", "2006-12-31": "527.59800", "2005-12-31": "232.24000"}, "EBIT": {"2020-12-31": "445.88710", "2019-12-31": "460.42400", "2018-12-31": "441.98800", "2017-12-31": "396.94400", "2016-12-31": "375.69400", "2015-12-31": "358.21300", "2014-12-31": "352.78410", "2013-12-31": "248.40890", "2012-12-31": "211.56590", "2011-12-31": "204.06500", "2010-12-31": "217.53300", "2009-12-31": "363.70700", "2008-12-31": "496.34890", "2007-12-31": "593.97500", "2006-12-31": "498.45100", "2005-12-31": "215.09200"}, "Basic Shares Outstanding": {"2020-12-31": "146.70900", "2019-12-31": "151.54000", "2018-12-31": "156.57900", "2017-12-31": "158.17700", "2016-12-31": "161.35000", "2015-12-31": "165.72500", "2014-12-31": "168.24600", "2013-12-31": "171.56100", "2012-12-31": "174.29500", "2011-12-31": "182.54700", "2010-12-31": "188.46800", "2009-12-31": "190.82100", "2008-12-31": "192.05700", "2007-12-31": "196.12000", "2006-12-31": "197.36400", "2005-12-31": "200.74200"}, "Shares Outstanding": {"2020-12-31": "149.00300", "2019-12-31": "154.90100", "2018-12-31": "161.23200", "2017-12-31": "162.26900", "2016-12-31": "164.43100", "2015-12-31": "169.59800", "2014-12-31": "172.56500", "2013-12-31": "175.71800", "2012-12-31": "175.87200", "2011-12-31": "184.12700", "2010-12-31": "190.32100", "2009-12-31": "191.78300", "2008-12-31": "195.23300", "2007-12-31": "202.23100", "2006-12-31": "203.26600", "2005-12-31": "206.27600"}, "Basic EPS": {"2020-12-31": "3.05000", "2019-12-31": "3.31000", "2018-12-31": "3.23000", "2017-12-31": "2.56000", "2016-12-31": "2.07000", "2015-12-31": "2.00000", "2014-12-31": "1.89000", "2013-12-31": "1.68000", "2012-12-31": "1.19000", "2011-12-31": "1.12000", "2010-12-31": "1.23000", "2009-12-31": "0.91000", "2008-12-31": "0.73000", "2007-12-31": "1.32000", "2006-12-31": "1.20000", "2005-12-31": "0.94000"}, "EPS - Earnings Per Share": {"2020-12-31": "3.00000", "2019-12-31": "3.24000", "2018-12-31": "3.14000", "2017-12-31": "2.49000", "2016-12-31": "2.03000", "2015-12-31": "1.96000", "2014-12-31": "1.85000", "2013-12-31": "1.64000", "2012-12-31": "1.18000", "2011-12-31": "1.11000", "2010-12-31": "1.22000", "2009-12-31": "0.91000", "2008-12-31": "0.71000", "2007-12-31": "1.28000", "2006-12-31": "1.17000", "2005-12-31": "0.91000"}}, "income statement, quarterly": {"Revenue": {"2020-12-31": "443.72300", "2020-09-30": "424.92700", "2020-06-30": "400.64600", "2020-03-31": "414.76200", "2019-12-31": "423.22500", "2019-09-30": "416.25400", "2019-06-30": "409.58600", "2019-03-31": "400.82000", "2018-12-31": "405.05700", "2018-09-30": "408.68200", "2018-06-30": "404.83000", "2018-03-31": "405.59800", "2017-12-31": "408.21890", "2017-09-30": "386.01800", "2017-06-30": "372.33100", "2017-03-31": "359.98400", "2016-12-31": "368.81010", "2016-09-30": "354.64100", "2016-06-30": "343.83100", "2016-03-31": "334.26300", "2015-12-31": "335.39700", "2015-09-30": "335.62200", "2015-06-30": "337.74500", "2015-03-31": "325.44400", "2014-12-31": "322.75700", "2014-09-30": "322.04700", "2014-06-30": "318.81500", "2014-03-31": "302.38600", "2013-12-31": "299.02400", "2013-09-30": "280.65500", "2013-06-30": "274.57400", "2013-03-31": "271.87900", "2012-12-31": "261.63490", "2012-09-30": "251.75200", "2012-06-30": "241.23700", "2012-03-31": "237.89800", "2011-12-31": "226.24700", "2011-09-30": "233.22700", "2011-06-30": "237.76000", "2011-03-31": "232.49300", "2010-12-31": "231.39900", "2010-09-30": "219.51300", "2010-06-30": "228.38800", "2010-03-31": "221.53500", "2009-12-31": "283.99500", "2009-09-30": "275.93300", "2009-06-30": "252.00900", "2009-03-31": "248.61100", "2008-12-31": "268.40190", "2008-09-30": "316.08600", "2008-06-30": "329.52300", "2008-03-31": "333.90800", "2007-12-31": "353.40900", "2007-09-30": "349.63600", "2007-06-30": "343.25800", "2007-03-31": "322.72500", "2006-12-31": "315.51400", "2006-09-30": "298.08400", "2006-06-30": "285.01800", "2006-03-31": "277.13300", "2005-12-31": "203.58700", "2005-09-30": "193.65900", "2005-06-30": "190.08000", "2005-03-31": "185.68100"}, "Cost Of Goods Sold": {"2020-12-31": "", "2020-09-30": "", "2020-06-30": "", "2020-03-31": "", "2019-12-31": "", "2019-09-30": "", "2019-06-30": "", "2019-03-31": "", "2018-12-31": "", "2018-09-30": "", "2018-06-30": "", "2018-03-31": "", "2017-12-31": "", "2017-09-30": "", "2017-06-30": "", "2017-03-31": "", "2016-12-31": "", "2016-09-30": "4.86400", "2016-06-30": "5.09300", "2016-03-31": "7.10800", "2015-12-31": "6.52500", "2015-09-30": "6.46000", "2015-06-30": "5.43100", "2015-03-31": "5.97200", "2014-12-31": "6.78500", "2014-09-30": "5.11900", "2014-06-30": "5.11900", "2014-03-31": "5.97900", "2013-12-31": "6.35800", "2013-09-30": "5.51900", "2013-06-30": "6.26000", "2013-03-31": "6.51200", "2012-12-31": "6.40600", "2012-09-30": "5.54200", "2012-06-30": "5.63400", "2012-03-31": "6.30700", "2011-12-31": "6.81600", "2011-09-30": "7.02600", "2011-06-30": "6.59900", "2011-03-31": "6.58100", "2010-12-31": "6.22100", "2010-09-30": "6.57000", "2010-06-30": "8.66600", "2010-03-31": "7.42500", "2009-12-31": "-6.49900", "2009-09-30": "14.42100", "2009-06-30": "15.49400", "2009-03-31": "17.73000", "2008-12-31": "-63.13800", "2008-09-30": "42.33600", "2008-06-30": "43.04500", "2008-03-31": "45.29500", "2007-12-31": "46.66600", "2007-09-30": "44.18400", "2007-06-30": "43.03600", "2007-03-31": "42.63700", "2006-12-31": "39.93700", "2006-09-30": "36.48700", "2006-06-30": "35.77300", "2006-03-31": "35.63800", "2005-12-31": "", "2005-09-30": "", "2005-06-30": "", "2005-03-31": ""}, "Gross Profit": {"2020-12-31": "443.72300", "2020-09-30": "424.92700", "2020-06-30": "400.64600", "2020-03-31": "414.76200", "2019-12-31": "423.22500", "2019-09-30": "416.25400", "2019-06-30": "409.58600", "2019-03-31": "400.82000", "2018-12-31": "405.05700", "2018-09-30": "408.68200", "2018-06-30": "404.83000", "2018-03-31": "405.59800", "2017-12-31": "408.21890", "2017-09-30": "386.01800", "2017-06-30": "372.33100", "2017-03-31": "359.98400", "2016-12-31": "368.81010", "2016-09-30": "349.77700", "2016-06-30": "338.73800", "2016-03-31": "327.15500", "2015-12-31": "328.87200", "2015-09-30": "329.16200", "2015-06-30": "332.31400", "2015-03-31": "319.47200", "2014-12-31": "315.97200", "2014-09-30": "316.92800", "2014-06-30": "313.69600", "2014-03-31": "296.40700", "2013-12-31": "292.66600", "2013-09-30": "275.13600", "2013-06-30": "268.31400", "2013-03-31": "265.36700", "2012-12-31": "255.22890", "2012-09-30": "246.21000", "2012-06-30": "235.60300", "2012-03-31": "231.59100", "2011-12-31": "219.43100", "2011-09-30": "226.20100", "2011-06-30": "231.16100", "2011-03-31": "225.91200", "2010-12-31": "225.17800", "2010-09-30": "212.94300", "2010-06-30": "219.72200", "2010-03-31": "214.11000", "2009-12-31": "290.49400", "2009-09-30": "261.51200", "2009-06-30": "236.51500", "2009-03-31": "230.88100", "2008-12-31": "331.53990", "2008-09-30": "273.75000", "2008-06-30": "286.47800", "2008-03-31": "288.61300", "2007-12-31": "306.74300", "2007-09-30": "305.45200", "2007-06-30": "300.22200", "2007-03-31": "280.08800", "2006-12-31": "275.57700", "2006-09-30": "261.59700", "2006-06-30": "249.24500", "2006-03-31": "241.49500", "2005-12-31": "203.58700", "2005-09-30": "193.65900", "2005-06-30": "190.08000", "2005-03-31": "185.68100"}, "Research And Development Expenses": {"2020-12-31": "", "2020-09-30": "", "2020-06-30": "", "2020-03-31": "", "2019-12-31": "", "2019-09-30": "", "2019-06-30": "", "2019-03-31": "", "2018-12-31": "", "2018-09-30": "", "2018-06-30": "", "2018-03-31": "", "2017-12-31": "", "2017-09-30": "", "2017-06-30": "", "2017-03-31": "", "2016-12-31": "", "2016-09-30": "", "2016-06-30": "", "2016-03-31": "", "2015-12-31": "", "2015-09-30": "", "2015-06-30": "", "2015-03-31": "", "2014-12-31": "", "2014-09-30": "", "2014-06-30": "", "2014-03-31": "", "2013-12-31": "", "2013-09-30": "", "2013-06-30": "", "2013-03-31": "", "2012-12-31": "", "2012-09-30": "", "2012-06-30": "", "2012-03-31": "", "2011-12-31": "", "2011-09-30": "", "2011-06-30": "", "2011-03-31": "", "2010-12-31": "", "2010-09-30": "", "2010-06-30": "", "2010-03-31": "", "2009-12-31": "", "2009-09-30": "", "2009-06-30": "", "2009-03-31": "", "2008-12-31": "", "2008-09-30": "", "2008-06-30": "", "2008-03-31": "", "2007-12-31": "", "2007-09-30": "", "2007-06-30": "", "2007-03-31": "", "2006-12-31": "", "2006-09-30": "", "2006-06-30": "", "2006-03-31": "", "2005-12-31": "", "2005-09-30": "", "2005-06-30": "", "2005-03-31": ""}, "SG&A Expenses": {"2020-12-31": "244.17200", "2020-09-30": "240.32700", "2020-06-30": "227.98300", "2020-03-31": "231.20000", "2019-12-31": "233.11700", "2019-09-30": "223.08500", "2019-06-30": "215.67700", "2019-03-31": "225.31600", "2018-12-31": "229.55800", "2018-09-30": "223.55900", "2018-06-30": "222.05500", "2018-03-31": "216.38300", "2017-12-31": "223.41600", "2017-09-30": "209.06900", "2017-06-30": "200.71400", "2017-03-31": "192.52200", "2016-12-31": "191.20200", "2016-09-30": "184.49000", "2016-06-30": "178.95000", "2016-03-31": "175.94100", "2015-12-31": "181.39700", "2015-09-30": "176.94100", "2015-06-30": "171.01300", "2015-03-31": "164.02300", "2014-12-31": "162.89800", "2014-09-30": "162.73900", "2014-06-30": "159.49000", "2014-03-31": "160.65200", "2013-12-31": "168.12300", "2013-09-30": "160.00200", "2013-06-30": "158.64800", "2013-03-31": "155.95800", "2012-12-31": "151.44100", "2012-09-30": "143.85200", "2012-06-30": "137.65600", "2012-03-31": "135.50400", "2011-12-31": "130.22600", "2011-09-30": "131.39500", "2011-06-30": "131.52900", "2011-03-31": "126.16000", "2010-12-31": "129.41300", "2010-09-30": "114.91900", "2010-06-30": "119.99500", "2010-03-31": "118.00200", "2009-12-31": "111.66300", "2009-09-30": "123.84700", "2009-06-30": "113.12200", "2009-03-31": "124.96600", "2008-12-31": "117.14500", "2008-09-30": "137.12600", "2008-06-30": "139.78600", "2008-03-31": "138.58200", "2007-12-31": "149.63100", "2007-09-30": "139.18300", "2007-06-30": "139.09600", "2007-03-31": "133.48400", "2006-12-31": "131.59500", "2006-09-30": "127.51900", "2006-06-30": "123.81200", "2006-03-31": "117.39000", "2005-12-31": "187.49100", "2005-09-30": "40.72600", "2005-06-30": "42.60100", "2005-03-31": "39.62500"}, "Other Operating Income Or Expenses": {"2020-12-31": "-54.08200", "2020-09-30": "-52.11800", "2020-06-30": "-51.57100", "2020-03-31": "-52.78400", "2019-12-31": "-53.73200", "2019-09-30": "-52.17600", "2019-06-30": "-53.57000", "2019-03-31": "-51.93300", "2018-12-31": "-52.78500", "2018-09-30": "-53.04300", "2018-06-30": "-53.18600", "2018-03-31": "-53.92300", "2017-12-31": "-60.93300", "2017-09-30": "-57.01900", "2017-06-30": "-55.22600", "2017-03-31": "-55.12300", "2016-12-31": "-77.84100", "2016-09-30": "-50.10500", "2016-06-30": "-48.54700", "2016-03-31": "-46.94300", "2015-12-31": "-48.34600", "2015-09-30": "-48.25800", "2015-06-30": "-48.92900", "2015-03-31": "-46.02600", "2014-12-31": "-46.78800", "2014-09-30": "-48.29900", "2014-06-30": "-45.66100", "2014-03-31": "-42.56500", "2013-12-31": "-41.53700", "2013-09-30": "-38.75000", "2013-06-30": "-37.53600", "2013-03-31": "-35.42100", "2012-12-31": "-33.99100", "2012-09-30": "-32.72300", "2012-06-30": "-31.11200", "2012-03-31": "-34.94400", "2011-12-31": "-32.45000", "2011-09-30": "-31.31600", "2011-06-30": "-33.49200", "2011-03-31": "-33.31300", "2010-12-31": "-32.22500", "2010-09-30": "-31.28500", "2010-06-30": "-30.97400", "2010-03-31": "-31.65700", "2009-12-31": "-53.49200", "2009-09-30": "-21.99800", "2009-06-30": "-20.64500", "2009-03-31": "-19.82300", "2008-12-31": "", "2008-09-30": "", "2008-06-30": "", "2008-03-31": "", "2007-12-31": "", "2007-09-30": "", "2007-06-30": "", "2007-03-31": "", "2006-12-31": "", "2006-09-30": "", "2006-06-30": "", "2006-03-31": "", "2005-12-31": "", "2005-09-30": "-99.63300", "2005-06-30": "-97.08000", "2005-03-31": "-94.42700"}, "Operating Expenses": {"2020-12-31": "319.71300", "2020-09-30": "313.59000", "2020-06-30": "300.33400", "2020-03-31": "304.53400", "2019-12-31": "307.13510", "2019-09-30": "295.61700", "2019-06-30": "289.45000", "2019-03-31": "297.25900", "2018-12-31": "302.09490", "2018-09-30": "296.26200", "2018-06-30": "294.54000", "2018-03-31": "289.28200", "2017-12-31": "301.25600", "2017-09-30": "286.78100", "2017-06-30": "275.10400", "2017-03-31": "266.46700", "2016-12-31": "270.66910", "2016-09-30": "257.42300", "2016-06-30": "250.30800", "2016-03-31": "247.45100", "2015-12-31": "253.19000", "2015-09-30": "248.60400", "2015-06-30": "241.82700", "2015-03-31": "232.37400", "2014-12-31": "232.49290", "2014-09-30": "231.54900", "2014-06-30": "225.18500", "2014-03-31": "223.99400", "2013-12-31": "230.56900", "2013-09-30": "218.71600", "2013-06-30": "216.60100", "2013-03-31": "211.83700", "2012-12-31": "205.44610", "2012-09-30": "198.26200", "2012-06-30": "187.43900", "2012-03-31": "189.80900", "2011-12-31": "181.87200", "2011-09-30": "182.09100", "2011-06-30": "183.80300", "2011-03-31": "177.89600", "2010-12-31": "179.52200", "2010-09-30": "164.37400", "2010-06-30": "171.21600", "2010-03-31": "168.19000", "2009-12-31": "179.10700", "2009-09-30": "180.63000", "2009-06-30": "162.02300", "2009-03-31": "175.08100", "2008-12-31": "170.70700", "2008-09-30": "191.13700", "2008-06-30": "194.32900", "2008-03-31": "195.39700", "2007-12-31": "207.56590", "2007-09-30": "194.35800", "2007-06-30": "189.58300", "2007-03-31": "183.54600", "2006-12-31": "178.83000", "2006-09-30": "171.32500", "2006-06-30": "166.86100", "2006-03-31": "160.28200", "2005-12-31": "143.82300", "2005-09-30": "140.35900", "2005-06-30": "139.68100", "2005-03-31": "134.05200"}, "Operating Income": {"2020-12-31": "124.01000", "2020-09-30": "111.33700", "2020-06-30": "100.31200", "2020-03-31": "110.22800", "2019-12-31": "116.08990", "2019-09-30": "120.63700", "2019-06-30": "120.13600", "2019-03-31": "103.56100", "2018-12-31": "102.96210", "2018-09-30": "112.42000", "2018-06-30": "110.29000", "2018-03-31": "116.31600", "2017-12-31": "106.96290", "2017-09-30": "99.23700", "2017-06-30": "97.22700", "2017-03-31": "93.51700", "2016-12-31": "98.14090", "2016-09-30": "97.21800", "2016-06-30": "93.52300", "2016-03-31": "86.81200", "2015-12-31": "82.20700", "2015-09-30": "87.01800", "2015-06-30": "95.91800", "2015-03-31": "93.07000", "2014-12-31": "90.26410", "2014-09-30": "90.49800", "2014-06-30": "93.63000", "2014-03-31": "78.39200", "2013-12-31": "68.45500", "2013-09-30": "61.93900", "2013-06-30": "57.97300", "2013-03-31": "60.04200", "2012-12-31": "56.18880", "2012-09-30": "53.49000", "2012-06-30": "53.79800", "2012-03-31": "48.08900", "2011-12-31": "44.37500", "2011-09-30": "51.13600", "2011-06-30": "53.95700", "2011-03-31": "54.59700", "2010-12-31": "51.87700", "2010-09-30": "55.13900", "2010-06-30": "57.17200", "2010-03-31": "53.34500", "2009-12-31": "104.88800", "2009-09-30": "95.30300", "2009-06-30": "89.98600", "2009-03-31": "73.53000", "2008-12-31": "97.69500", "2008-09-30": "124.94900", "2008-06-30": "135.19400", "2008-03-31": "138.51100", "2007-12-31": "145.84300", "2007-09-30": "155.27800", "2007-06-30": "153.67500", "2007-03-31": "139.17900", "2006-12-31": "136.68400", "2006-09-30": "126.75900", "2006-06-30": "118.15700", "2006-03-31": "116.85100", "2005-12-31": "59.76400", "2005-09-30": "53.30000", "2005-06-30": "50.39900", "2005-03-31": "51.62900"}, "Total Non-Operating Income/Expense": {"2020-12-31": "32.50300", "2020-09-30": "29.93700", "2020-06-30": "31.39800", "2020-03-31": "28.96900", "2019-12-31": "43.87800", "2019-09-30": "42.23300", "2019-06-30": "42.21000", "2019-03-31": "42.69600", "2018-12-31": "40.63700", "2018-09-30": "45.17500", "2018-06-30": "43.96400", "2018-03-31": "42.44200", "2017-12-31": "45.48900", "2017-09-30": "41.53200", "2017-06-30": "37.93100", "2017-03-31": "35.14300", "2016-12-31": "34.91200", "2016-09-30": "33.67200", "2016-06-30": "31.38100", "2016-03-31": "32.82600", "2015-12-31": "32.87500", "2015-09-30": "33.57000", "2015-06-30": "37.89200", "2015-03-31": "37.93000", "2014-12-31": "25.26100", "2014-09-30": "38.12000", "2014-06-30": "35.22400", "2014-03-31": "38.27300", "2013-12-31": "32.60800", "2013-09-30": "32.04700", "2013-06-30": "71.41400", "2013-03-31": "50.92000", "2012-12-31": "31.35500", "2012-09-30": "30.01100", "2012-06-30": "24.70300", "2012-03-31": "31.86100", "2011-12-31": "24.22800", "2011-09-30": "23.76400", "2011-06-30": "28.86300", "2011-03-31": "37.56700", "2010-12-31": "44.30300", "2010-09-30": "35.89300", "2010-06-30": "29.27000", "2010-03-31": "42.78200", "2009-12-31": "-2.68300", "2009-09-30": "16.47900", "2009-06-30": "-1.64700", "2009-03-31": "-13.53800", "2008-12-31": "-56.79900", "2008-09-30": "-39.56600", "2008-06-30": "-24.87900", "2008-03-31": "-20.87500", "2007-12-31": "114.82800", "2007-09-30": "-43.55100", "2007-06-30": "-41.57300", "2007-03-31": "-38.26000", "2006-12-31": "-38.63000", "2006-09-30": "-38.03500", "2006-06-30": "-32.91900", "2006-03-31": "-30.11100", "2005-12-31": "20.57100", "2005-09-30": "23.37700", "2005-06-30": "18.96500", "2005-03-31": "17.20400"}, "Pre-Tax Income": {"2020-12-31": "156.51300", "2020-09-30": "141.27400", "2020-06-30": "131.71000", "2020-03-31": "139.19700", "2019-12-31": "159.96800", "2019-09-30": "162.87000", "2019-06-30": "162.34600", "2019-03-31": "146.25700", "2018-12-31": "143.59900", "2018-09-30": "157.59500", "2018-06-30": "154.25400", "2018-03-31": "158.75800", "2017-12-31": "152.45200", "2017-09-30": "140.76900", "2017-06-30": "135.15800", "2017-03-31": "128.66000", "2016-12-31": "133.05300", "2016-09-30": "130.89000", "2016-06-30": "124.90400", "2016-03-31": "119.63800", "2015-12-31": "115.08200", "2015-09-30": "120.58800", "2015-06-30": "133.81000", "2015-03-31": "131.00000", "2014-12-31": "115.52500", "2014-09-30": "128.61800", "2014-06-30": "128.85400", "2014-03-31": "116.66500", "2013-12-31": "101.06300", "2013-09-30": "93.98600", "2013-06-30": "129.38700", "2013-03-31": "110.96200", "2012-12-31": "87.54400", "2012-09-30": "83.50100", "2012-06-30": "78.50100", "2012-03-31": "79.95000", "2011-12-31": "68.60300", "2011-09-30": "74.90000", "2011-06-30": "82.82000", "2011-03-31": "92.16400", "2010-12-31": "96.18000", "2010-09-30": "91.03200", "2010-06-30": "86.44200", "2010-03-31": "96.12700", "2009-12-31": "102.20500", "2009-09-30": "111.78200", "2009-06-30": "88.33900", "2009-03-31": "59.99200", "2008-12-31": "40.89600", "2008-09-30": "85.38300", "2008-06-30": "110.31500", "2008-03-31": "117.63600", "2007-12-31": "260.67100", "2007-09-30": "111.72700", "2007-06-30": "112.10200", "2007-03-31": "100.91900", "2006-12-31": "98.05400", "2006-09-30": "88.72400", "2006-06-30": "85.23800", "2006-03-31": "86.74000", "2005-12-31": "80.33500", "2005-09-30": "76.67700", "2005-06-30": "69.36400", "2005-03-31": "68.83300"}, "Income Taxes": {"2020-12-31": "30.63100", "2020-09-30": "30.17800", "2020-06-30": "30.64400", "2020-03-31": "29.95500", "2019-12-31": "31.23100", "2019-09-30": "30.70200", "2019-06-30": "35.80600", "2019-03-31": "32.27600", "2018-12-31": "27.56500", "2018-09-30": "29.27600", "2018-06-30": "32.57700", "2018-03-31": "18.92000", "2017-12-31": "30.30800", "2017-09-30": "39.03000", "2017-06-30": "43.38900", "2017-03-31": "39.92300", "2016-12-31": "44.44200", "2016-09-30": "44.18600", "2016-06-30": "43.89900", "2016-03-31": "42.14100", "2015-12-31": "33.70300", "2015-09-30": "41.16300", "2015-06-30": "47.57000", "2015-03-31": "46.38900", "2014-12-31": "38.42800", "2014-09-30": "44.63500", "2014-06-30": "46.04100", "2014-03-31": "41.84500", "2013-12-31": "35.54800", "2013-09-30": "26.79100", "2013-06-30": "45.89300", "2013-03-31": "38.69200", "2012-12-31": "30.57000", "2012-09-30": "32.41500", "2012-06-30": "28.76200", "2012-03-31": "29.71500", "2011-12-31": "23.75000", "2011-09-30": "25.25600", "2011-06-30": "28.70700", "2011-03-31": "34.12400", "2010-12-31": "33.27800", "2010-09-30": "34.31100", "2010-06-30": "32.60300", "2010-03-31": "36.26900", "2009-12-31": "25.63600", "2009-09-30": "31.10900", "2009-06-30": "24.21200", "2009-03-31": "8.92900", "2008-12-31": "9.96100", "2008-09-30": "19.99500", "2008-06-30": "27.57200", "2008-03-31": "29.17500", "2007-12-31": "32.61100", "2007-09-30": "38.42800", "2007-06-30": "42.60100", "2007-03-31": "37.54200", "2006-12-31": "34.43000", "2006-09-30": "28.17500", "2006-06-30": "27.32700", "2006-03-31": "31.83400", "2005-12-31": "29.08000", "2005-09-30": "27.48100", "2005-06-30": "25.18000", "2005-03-31": "25.12400"}, "Income After Taxes": {"2020-12-31": "125.88200", "2020-09-30": "111.09600", "2020-06-30": "101.06600", "2020-03-31": "109.24200", "2019-12-31": "128.73700", "2019-09-30": "132.16800", "2019-06-30": "126.54000", "2019-03-31": "113.98100", "2018-12-31": "116.03400", "2018-09-30": "128.31900", "2018-06-30": "121.67700", "2018-03-31": "139.83800", "2017-12-31": "122.14400", "2017-09-30": "101.73900", "2017-06-30": "91.76900", "2017-03-31": "88.73700", "2016-12-31": "88.61100", "2016-09-30": "86.70400", "2016-06-30": "81.00500", "2016-03-31": "77.49700", "2015-12-31": "81.37900", "2015-09-30": "79.42500", "2015-06-30": "86.24000", "2015-03-31": "84.61100", "2014-12-31": "77.09700", "2014-09-30": "83.98300", "2014-06-30": "82.81300", "2014-03-31": "74.82000", "2013-12-31": "65.51500", "2013-09-30": "67.19500", "2013-06-30": "83.49400", "2013-03-31": "72.27000", "2012-12-31": "56.97400", "2012-09-30": "51.08600", "2012-06-30": "49.73900", "2012-03-31": "50.23500", "2011-12-31": "44.85300", "2011-09-30": "49.64400", "2011-06-30": "54.11300", "2011-03-31": "58.04000", "2010-12-31": "62.90200", "2010-09-30": "56.72100", "2010-06-30": "53.83900", "2010-03-31": "59.85800", "2009-12-31": "76.56900", "2009-09-30": "80.67300", "2009-06-30": "64.12700", "2009-03-31": "51.06300", "2008-12-31": "30.93500", "2008-09-30": "65.38800", "2008-06-30": "82.74300", "2008-03-31": "88.46100", "2007-12-31": "228.06000", "2007-09-30": "73.29900", "2007-06-30": "69.50100", "2007-03-31": "63.37700", "2006-12-31": "63.62400", "2006-09-30": "60.54900", "2006-06-30": "57.91100", "2006-03-31": "54.90600", "2005-12-31": "51.25500", "2005-09-30": "49.19600", "2005-06-30": "44.18400", "2005-03-31": "43.70900"}, "Other Income": {"2020-12-31": "", "2020-09-30": "", "2020-06-30": "", "2020-03-31": "", "2019-12-31": "", "2019-09-30": "", "2019-06-30": "", "2019-03-31": "", "2018-12-31": "", "2018-09-30": "", "2018-06-30": "", "2018-03-31": "", "2017-12-31": "", "2017-09-30": "", "2017-06-30": "", "2017-03-31": "", "2016-12-31": "", "2016-09-30": "", "2016-06-30": "", "2016-03-31": "", "2015-12-31": "", "2015-09-30": "", "2015-06-30": "", "2015-03-31": "", "2014-12-31": "", "2014-09-30": "", "2014-06-30": "", "2014-03-31": "", "2013-12-31": "", "2013-09-30": "", "2013-06-30": "", "2013-03-31": "", "2012-12-31": "", "2012-09-30": "", "2012-06-30": "", "2012-03-31": "", "2011-12-31": "", "2011-09-30": "", "2011-06-30": "", "2011-03-31": "", "2010-12-31": "", "2010-09-30": "", "2010-06-30": "", "2010-03-31": "", "2009-12-31": "", "2009-09-30": "", "2009-06-30": "", "2009-03-31": "", "2008-12-31": "", "2008-09-30": "", "2008-06-30": "", "2008-03-31": "", "2007-12-31": "", "2007-09-30": "", "2007-06-30": "", "2007-03-31": "", "2006-12-31": "", "2006-09-30": "", "2006-06-30": "", "2006-03-31": "", "2005-12-31": "", "2005-09-30": "", "2005-06-30": "", "2005-03-31": ""}, "Income From Continuous Operations": {"2020-12-31": "125.88200", "2020-09-30": "111.09600", "2020-06-30": "101.06600", "2020-03-31": "109.24200", "2019-12-31": "128.73700", "2019-09-30": "132.16800", "2019-06-30": "126.54000", "2019-03-31": "113.98100", "2018-12-31": "116.03400", "2018-09-30": "128.31900", "2018-06-30": "121.67700", "2018-03-31": "139.83800", "2017-12-31": "122.14400", "2017-09-30": "101.73900", "2017-06-30": "91.76900", "2017-03-31": "88.73700", "2016-12-31": "88.61100", "2016-09-30": "86.70400", "2016-06-30": "81.00500", "2016-03-31": "77.49700", "2015-12-31": "81.37900", "2015-09-30": "79.42500", "2015-06-30": "86.24000", "2015-03-31": "84.61100", "2014-12-31": "77.09700", "2014-09-30": "83.98300", "2014-06-30": "82.81300", "2014-03-31": "74.82000", "2013-12-31": "65.51500", "2013-09-30": "67.19500", "2013-06-30": "83.49400", "2013-03-31": "72.27000", "2012-12-31": "56.97400", "2012-09-30": "51.08600", "2012-06-30": "49.73900", "2012-03-31": "50.23500", "2011-12-31": "44.85300", "2011-09-30": "49.64400", "2011-06-30": "54.11300", "2011-03-31": "58.04000", "2010-12-31": "62.90200", "2010-09-30": "56.72100", "2010-06-30": "53.83900", "2010-03-31": "59.85800", "2009-12-31": "76.56900", "2009-09-30": "80.67300", "2009-06-30": "64.12700", "2009-03-31": "51.06300", "2008-12-31": "30.93500", "2008-09-30": "65.38800", "2008-06-30": "82.74300", "2008-03-31": "88.46100", "2007-12-31": "228.06000", "2007-09-30": "73.29900", "2007-06-30": "69.50100", "2007-03-31": "63.37700", "2006-12-31": "63.62400", "2006-09-30": "60.54900", "2006-06-30": "57.91100", "2006-03-31": "54.90600", "2005-12-31": "51.25500", "2005-09-30": "49.19600", "2005-06-30": "44.18400", "2005-03-31": "43.70900"}, "Income From Discontinued Operations": {"2020-12-31": "", "2020-09-30": "", "2020-06-30": "", "2020-03-31": "", "2019-12-31": "", "2019-09-30": "", "2019-06-30": "", "2019-03-31": "", "2018-12-31": "", "2018-09-30": "", "2018-06-30": "", "2018-03-31": "", "2017-12-31": "", "2017-09-30": "", "2017-06-30": "", "2017-03-31": "", "2016-12-31": "", "2016-09-30": "", "2016-06-30": "", "2016-03-31": "", "2015-12-31": "", "2015-09-30": "", "2015-06-30": "", "2015-03-31": "", "2014-12-31": "", "2014-09-30": "", "2014-06-30": "", "2014-03-31": "", "2013-12-31": "", "2013-09-30": "", "2013-06-30": "", "2013-03-31": "", "2012-12-31": "", "2012-09-30": "", "2012-06-30": "", "2012-03-31": "", "2011-12-31": "", "2011-09-30": "", "2011-06-30": "", "2011-03-31": "", "2010-12-31": "", "2010-09-30": "", "2010-06-30": "", "2010-03-31": "", "2009-12-31": "", "2009-09-30": "", "2009-06-30": "", "2009-03-31": "", "2008-12-31": "", "2008-09-30": "", "2008-06-30": "", "2008-03-31": "", "2007-12-31": "", "2007-09-30": "", "2007-06-30": "", "2007-03-31": "", "2006-12-31": "", "2006-09-30": "", "2006-06-30": "", "2006-03-31": "", "2005-12-31": "", "2005-09-30": "", "2005-06-30": "", "2005-03-31": ""}, "Net Income": {"2020-12-31": "125.88200", "2020-09-30": "111.09600", "2020-06-30": "101.06600", "2020-03-31": "109.24200", "2019-12-31": "128.73700", "2019-09-30": "132.16800", "2019-06-30": "126.54000", "2019-03-31": "113.98100", "2018-12-31": "116.03400", "2018-09-30": "128.31900", "2018-06-30": "121.67700", "2018-03-31": "139.83800", "2017-12-31": "122.14400", "2017-09-30": "101.73900", "2017-06-30": "91.76900", "2017-03-31": "88.73700", "2016-12-31": "88.61100", "2016-09-30": "86.70400", "2016-06-30": "81.00500", "2016-03-31": "77.49700", "2015-12-31": "81.37900", "2015-09-30": "79.42500", "2015-06-30": "86.24000", "2015-03-31": "84.61100", "2014-12-31": "77.09700", "2014-09-30": "83.98300", "2014-06-30": "82.81300", "2014-03-31": "74.82000", "2013-12-31": "65.51500", "2013-09-30": "67.19500", "2013-06-30": "83.49400", "2013-03-31": "71.92000", "2012-12-31": "56.58500", "2012-09-30": "50.74300", "2012-06-30": "49.55500", "2012-03-31": "49.96500", "2011-12-31": "44.39600", "2011-09-30": "49.23200", "2011-06-30": "53.60300", "2011-03-31": "57.72800", "2010-12-31": "62.40000", "2010-09-30": "56.38900", "2010-06-30": "53.47800", "2010-03-31": "59.42000", "2009-12-31": "45.83700", "2009-09-30": "52.72700", "2009-06-30": "41.57100", "2009-03-31": "34.20000", "2008-12-31": "9.64900", "2008-09-30": "34.49500", "2008-06-30": "46.16400", "2008-03-31": "48.94600", "2007-12-31": "53.63200", "2007-09-30": "73.29900", "2007-06-30": "69.50100", "2007-03-31": "63.37700", "2006-12-31": "63.62400", "2006-09-30": "60.54900", "2006-06-30": "57.91100", "2006-03-31": "54.90600", "2005-12-31": "51.25500", "2005-09-30": "49.19600", "2005-06-30": "44.18400", "2005-03-31": "43.70900"}, "EBITDA": {"2020-12-31": "", "2020-09-30": "132.48200", "2020-06-30": "121.09200", "2020-03-31": "130.77800", "2019-12-31": "136.37590", "2019-09-30": "140.99300", "2019-06-30": "140.33900", "2019-03-31": "123.57100", "2018-12-31": "122.71410", "2018-09-30": "132.08000", "2018-06-30": "129.58900", "2018-03-31": "135.29200", "2017-12-31": "123.86990", "2017-09-30": "119.93000", "2017-06-30": "116.39100", "2017-03-31": "112.33900", "2016-12-31": "116.83190", "2016-09-30": "115.18200", "2016-06-30": "111.24100", "2016-03-31": "104.27100", "2015-12-31": "99.12900", "2015-09-30": "103.96300", "2015-06-30": "112.37200", "2015-03-31": "109.42300", "2014-12-31": "106.28610", "2014-09-30": "105.89000", "2014-06-30": "108.54500", "2014-03-31": "93.19000", "2013-12-31": "83.00600", "2013-09-30": "76.38400", "2013-06-30": "72.13000", "2013-03-31": "73.98800", "2012-12-31": "69.79680", "2012-09-30": "69.63500", "2012-06-30": "66.83500", "2012-03-31": "61.14300", "2011-12-31": "56.75500", "2011-09-30": "63.49000", "2011-06-30": "66.14000", "2011-03-31": "66.43900", "2010-12-31": "63.54000", "2010-09-30": "66.73900", "2010-06-30": "68.75300", "2010-03-31": "64.45100", "2009-12-31": "125.33900", "2009-09-30": "115.66700", "2009-06-30": "102.74800", "2009-03-31": "86.09200", "2008-12-31": "109.96100", "2008-09-30": "136.62400", "2008-06-30": "146.69200", "2008-03-31": "150.03100", "2007-12-31": "157.11200", "2007-09-30": "166.26900", "2007-06-30": "161.12600", "2007-03-31": "146.60400", "2006-12-31": "143.98200", "2006-09-30": "134.07800", "2006-06-30": "125.43300", "2006-03-31": "124.10500", "2005-12-31": "63.58400", "2005-09-30": "57.99200", "2005-06-30": "54.75500", "2005-03-31": "55.90900"}, "EBIT": {"2020-12-31": "124.01000", "2020-09-30": "111.33700", "2020-06-30": "100.31200", "2020-03-31": "110.22800", "2019-12-31": "116.08990", "2019-09-30": "120.63700", "2019-06-30": "120.13600", "2019-03-31": "103.56100", "2018-12-31": "102.96210", "2018-09-30": "112.42000", "2018-06-30": "110.29000", "2018-03-31": "116.31600", "2017-12-31": "106.96300", "2017-09-30": "99.23700", "2017-06-30": "97.22700", "2017-03-31": "93.51700", "2016-12-31": "98.14100", "2016-09-30": "97.21800", "2016-06-30": "93.52300", "2016-03-31": "86.81200", "2015-12-31": "82.20700", "2015-09-30": "87.01800", "2015-06-30": "95.91800", "2015-03-31": "93.07000", "2014-12-31": "90.26410", "2014-09-30": "90.49800", "2014-06-30": "93.63000", "2014-03-31": "78.39200", "2013-12-31": "68.45490", "2013-09-30": "61.93900", "2013-06-30": "57.97300", "2013-03-31": "60.04200", "2012-12-31": "56.18890", "2012-09-30": "53.49000", "2012-06-30": "53.79800", "2012-03-31": "48.08900", "2011-12-31": "44.37500", "2011-09-30": "51.13600", "2011-06-30": "53.95700", "2011-03-31": "54.59700", "2010-12-31": "51.87700", "2010-09-30": "55.13900", "2010-06-30": "57.17200", "2010-03-31": "53.34500", "2009-12-31": "104.88800", "2009-09-30": "95.30300", "2009-06-30": "89.98600", "2009-03-31": "73.53000", "2008-12-31": "97.69500", "2008-09-30": "124.94900", "2008-06-30": "135.19400", "2008-03-31": "138.51100", "2007-12-31": "145.84300", "2007-09-30": "155.27800", "2007-06-30": "153.67500", "2007-03-31": "139.17900", "2006-12-31": "136.68400", "2006-09-30": "126.75900", "2006-06-30": "118.15700", "2006-03-31": "116.85100", "2005-12-31": "59.76410", "2005-09-30": "53.30000", "2005-06-30": "50.39900", "2005-03-31": "51.62900"}, "Basic Shares Outstanding": {"2020-12-31": "144.07700", "2020-09-30": "145.81200", "2020-06-30": "147.47800", "2020-03-31": "149.46800", "2019-12-31": "151.54000", "2019-09-30": "150.85500", "2019-06-30": "151.86300", "2019-03-31": "153.31000", "2018-12-31": "156.57900", "2018-09-30": "156.28300", "2018-06-30": "157.54200", "2018-03-31": "157.43400", "2017-12-31": "158.17700", "2017-09-30": "157.90200", "2017-06-30": "158.32500", "2017-03-31": "159.09100", "2016-12-31": "161.35000", "2016-09-30": "160.91600", "2016-06-30": "161.79500", "2016-03-31": "163.01300", "2015-12-31": "165.72500", "2015-09-30": "165.57900", "2015-06-30": "166.15200", "2015-03-31": "166.69500", "2014-12-31": "168.24600", "2014-09-30": "167.92500", "2014-06-30": "168.60600", "2014-03-31": "169.30600", "2013-12-31": "171.56100", "2013-09-30": "171.30800", "2013-06-30": "172.22300", "2013-03-31": "172.59800", "2012-12-31": "174.29500", "2012-09-30": "173.42900", "2012-06-30": "174.83000", "2012-03-31": "176.34800", "2011-12-31": "182.54700", "2011-09-30": "181.71800", "2011-06-30": "184.58500", "2011-03-31": "185.78700", "2010-12-31": "188.46800", "2010-09-30": "187.96400", "2010-06-30": "189.35600", "2010-03-31": "189.94800", "2009-12-31": "190.82100", "2009-09-30": "190.85000", "2009-06-30": "191.02300", "2009-03-31": "191.08400", "2008-12-31": "192.05700", "2008-09-30": "191.55400", "2008-06-30": "192.18700", "2008-03-31": "193.62900", "2007-12-31": "196.12000", "2007-09-30": "194.69600", "2007-06-30": "197.31400", "2007-03-31": "197.91400", "2006-12-31": "197.36400", "2006-09-30": "197.14400", "2006-06-30": "196.99000", "2006-03-31": "197.51600", "2005-12-31": "200.74200", "2005-09-30": "199.62800", "2005-06-30": "201.57200", "2005-03-31": "203.53200"}, "Shares Outstanding": {"2020-12-31": "146.14000", "2020-09-30": "147.90700", "2020-06-30": "149.59800", "2020-03-31": "152.36800", "2019-12-31": "154.90100", "2019-09-30": "154.22700", "2019-06-30": "155.16500", "2019-03-31": "156.54100", "2018-12-31": "161.23200", "2018-09-30": "160.51100", "2018-06-30": "162.22500", "2018-03-31": "163.42400", "2017-12-31": "162.26900", "2017-09-30": "161.14800", "2017-06-30": "161.70900", "2017-03-31": "162.74200", "2016-12-31": "164.43100", "2016-09-30": "163.92500", "2016-06-30": "165.08800", "2016-03-31": "166.14500", "2015-12-31": "169.59800", "2015-09-30": "169.25500", "2015-06-30": "169.97300", "2015-03-31": "170.70300", "2014-12-31": "172.56500", "2014-09-30": "172.90500", "2014-06-30": "172.30400", "2014-03-31": "173.82800", "2013-12-31": "175.71800", "2013-09-30": "176.04300", "2013-06-30": "176.05800", "2013-03-31": "176.00500", "2012-12-31": "175.87200", "2012-09-30": "175.36900", "2012-06-30": "175.91300", "2012-03-31": "177.66800", "2011-12-31": "184.12700", "2011-09-30": "182.58000", "2011-06-30": "187.02000", "2011-03-31": "188.49500", "2010-12-31": "190.32100", "2010-09-30": "189.52100", "2010-06-30": "191.50000", "2010-03-31": "191.06200", "2009-12-31": "191.78300", "2009-09-30": "192.32500", "2009-06-30": "191.93300", "2009-03-31": "191.40900", "2008-12-31": "195.23300", "2008-09-30": "194.69600", "2008-06-30": "195.99200", "2008-03-31": "198.21100", "2007-12-31": "202.23100", "2007-09-30": "200.32100", "2007-06-30": "203.60400", "2007-03-31": "204.70200", "2006-12-31": "203.26600", "2006-09-30": "203.26000", "2006-06-30": "202.52600", "2006-03-31": "202.62200", "2005-12-31": "206.27600", "2005-09-30": "205.19000", "2005-06-30": "206.78200", "2005-03-31": "209.39000"}, "Basic EPS": {"2020-12-31": "0.87000", "2020-09-30": "0.76000", "2020-06-30": "0.69000", "2020-03-31": "0.73000", "2019-12-31": "0.86000", "2019-09-30": "0.88000", "2019-06-30": "0.83000", "2019-03-31": "0.74000", "2018-12-31": "0.75000", "2018-09-30": "0.82000", "2018-06-30": "0.77000", "2018-03-31": "0.89000", "2017-12-31": "0.78000", "2017-09-30": "0.64000", "2017-06-30": "0.58000", "2017-03-31": "0.56000", "2016-12-31": "0.55000", "2016-09-30": "0.54000", "2016-06-30": "0.50000", "2016-03-31": "0.48000", "2015-12-31": "0.49000", "2015-09-30": "0.48000", "2015-06-30": "0.52000", "2015-03-31": "0.51000", "2014-12-31": "0.46000", "2014-09-30": "0.50000", "2014-06-30": "0.49000", "2014-03-31": "0.44000", "2013-12-31": "0.39000", "2013-09-30": "0.39000", "2013-06-30": "0.48000", "2013-03-31": "0.42000", "2012-12-31": "0.34000", "2012-09-30": "0.29000", "2012-06-30": "0.28000", "2012-03-31": "0.28000", "2011-12-31": "0.25000", "2011-09-30": "0.27000", "2011-06-30": "0.29000", "2011-03-31": "0.31000", "2010-12-31": "0.34000", "2010-09-30": "0.30000", "2010-06-30": "0.28000", "2010-03-31": "0.31000", "2009-12-31": "0.23000", "2009-09-30": "0.28000", "2009-06-30": "0.22000", "2009-03-31": "0.18000", "2008-12-31": "0.06000", "2008-09-30": "0.18000", "2008-06-30": "0.24000", "2008-03-31": "0.25000", "2007-12-31": "0.27000", "2007-09-30": "0.38000", "2007-06-30": "0.35000", "2007-03-31": "0.32000", "2006-12-31": "0.32000", "2006-09-30": "0.31000", "2006-06-30": "0.29000", "2006-03-31": "0.28000", "2005-12-31": "0.26000", "2005-09-30": "0.24500", "2005-06-30": "0.22000", "2005-03-31": "0.21500"}, "EPS - Earnings Per Share": {"2020-12-31": "0.86000", "2020-09-30": "0.75000", "2020-06-30": "0.68000", "2020-03-31": "0.72000", "2019-12-31": "0.83000", "2019-09-30": "0.86000", "2019-06-30": "0.82000", "2019-03-31": "0.73000", "2018-12-31": "0.73000", "2018-09-30": "0.80000", "2018-06-30": "0.75000", "2018-03-31": "0.86000", "2017-12-31": "0.74000", "2017-09-30": "0.63000", "2017-06-30": "0.57000", "2017-03-31": "0.55000", "2016-12-31": "0.54000", "2016-09-30": "0.53000", "2016-06-30": "0.49000", "2016-03-31": "0.47000", "2015-12-31": "0.48000", "2015-09-30": "0.47000", "2015-06-30": "0.51000", "2015-03-31": "0.50000", "2014-12-31": "0.45000", "2014-09-30": "0.49000", "2014-06-30": "0.48000", "2014-03-31": "0.43000", "2013-12-31": "0.38000", "2013-09-30": "0.38000", "2013-06-30": "0.47000", "2013-03-31": "0.41000", "2012-12-31": "0.33000", "2012-09-30": "0.29000", "2012-06-30": "0.28000", "2012-03-31": "0.28000", "2011-12-31": "0.24000", "2011-09-30": "0.27000", "2011-06-30": "0.29000", "2011-03-31": "0.31000", "2010-12-31": "0.33000", "2010-09-30": "0.30000", "2010-06-30": "0.28000", "2010-03-31": "0.31000", "2009-12-31": "0.24000", "2009-09-30": "0.27000", "2009-06-30": "0.22000", "2009-03-31": "0.18000", "2008-12-31": "0.04000", "2008-09-30": "0.18000", "2008-06-30": "0.24000", "2008-03-31": "0.25000", "2007-12-31": "0.26000", "2007-09-30": "0.37000", "2007-06-30": "0.34000", "2007-03-31": "0.31000", "2006-12-31": "0.31000", "2006-09-30": "0.30000", "2006-06-30": "0.29000", "2006-03-31": "0.27000", "2005-12-31": "0.24500", "2005-09-30": "0.24000", "2005-06-30": "0.21500", "2005-03-31": "0.21000"}}, "balance sheet": {"Cash On Hand": {"2020-12-31": "787.72700", "2019-12-31": "844.54700", "2018-12-31": "758.03900", "2017-12-31": "747.75200", "2016-12-31": "699.20100", "2015-12-31": "685.16100", "2014-12-31": "673.24700", "2013-12-31": "583.77300", "2012-12-31": "458.24700", "2011-12-31": "426.98600", "2010-12-31": "500.29200", "2009-12-31": "610.87700", "2008-12-31": "430.64300", "2007-12-31": "371.17100", "2006-12-31": "297.19800", "2005-12-31": "140.37800"}, "Receivables": {"2020-12-31": "440.49000", "2019-12-31": "394.52300", "2018-12-31": "365.20500", "2017-12-31": "339.37200", "2016-12-31": "289.71800", "2015-12-31": "271.12100", "2014-12-31": "242.81200", "2013-12-31": "226.02800", "2012-12-31": "202.81800", "2011-12-31": "167.90900", "2010-12-31": "165.77200", "2009-12-31": "212.45100", "2008-12-31": "208.20900", "2007-12-31": "275.10900", "2006-12-31": "244.59900", "2005-12-31": "128.54500"}, "Inventory": {"2020-12-31": "34.06400", "2019-12-31": "33.48600", "2018-12-31": "30.89200", "2017-12-31": "21.52600", "2016-12-31": "21.33900", "2015-12-31": "21.23500", "2014-12-31": "21.17500", "2013-12-31": "21.13300", "2012-12-31": "20.08800", "2011-12-31": "20.94900", "2010-12-31": "", "2009-12-31": "", "2008-12-31": "", "2007-12-31": "16.77700", "2006-12-31": "16.43100", "2005-12-31": "19.70900"}, "Pre-Paid Expenses": {"2020-12-31": "", "2019-12-31": "", "2018-12-31": "", "2017-12-31": "", "2016-12-31": "", "2015-12-31": "", "2014-12-31": "", "2013-12-31": "", "2012-12-31": "", "2011-12-31": "", "2010-12-31": "", "2009-12-31": "", "2008-12-31": "", "2007-12-31": "", "2006-12-31": "", "2005-12-31": ""}, "Other Current Assets": {"2020-12-31": "38.69600", "2019-12-31": "32.28900", "2018-12-31": "36.67600", "2017-12-31": "31.15800", "2016-12-31": "27.57500", "2015-12-31": "26.20700", "2014-12-31": "18.19300", "2013-12-31": "16.16600", "2012-12-31": "18.23900", "2011-12-31": "17.95700", "2010-12-31": "16.26800", "2009-12-31": "15.79200", "2008-12-31": "15.98900", "2007-12-31": "14.56700", "2006-12-31": "12.31400", "2005-12-31": "10.02600"}, "Total Current Assets": {"2020-12-31": "1300.97700", "2019-12-31": "1304.84500", "2018-12-31": "1190.81200", "2017-12-31": "1139.80800", "2016-12-31": "1037.83300", "2015-12-31": "1003.72400", "2014-12-31": "955.42700", "2013-12-31": "847.10000", "2012-12-31": "701.40400", "2011-12-31": "634.95100", "2010-12-31": "683.71900", "2009-12-31": "841.40300", "2008-12-31": "739.67100", "2007-12-31": "694.93400", "2006-12-31": "586.47300", "2005-12-31": "305.97600"}, "Property, Plant, And Equipment": {"2020-12-31": "189.05200", "2019-12-31": "160.85900", "2018-12-31": "145.86300", "2017-12-31": "146.42800", "2016-12-31": "146.19000", "2015-12-31": "143.97700", "2014-12-31": "125.53500", "2013-12-31": "118.99500", "2012-12-31": "127.58100", "2011-12-31": "129.54800", "2010-12-31": "140.56800", "2009-12-31": "146.05300", "2008-12-31": "148.12400", "2007-12-31": "143.51600", "2006-12-31": "130.73200", "2005-12-31": "114.50500"}, "Long-Term Investments": {"2020-12-31": "210.01800", "2019-12-31": "190.31800", "2018-12-31": "169.13000", "2017-12-31": "153.50900", "2016-12-31": "139.35000", "2015-12-31": "134.91300", "2014-12-31": "136.42200", "2013-12-31": "149.54200", "2012-12-31": "159.17600", "2011-12-31": "207.78700", "2010-12-31": "243.77300", "2009-12-31": "181.89700", "2008-12-31": "86.69300", "2007-12-31": "77.16900", "2006-12-31": "71.69000", "2005-12-31": "106.57300"}, "Goodwill And Intangible Assets": {"2020-12-31": "88.79300", "2019-12-31": "92.47600", "2018-12-31": "96.15900", "2017-12-31": "81.56800", "2016-12-31": "", "2015-12-31": "", "2014-12-31": "", "2013-12-31": "", "2012-12-31": "", "2011-12-31": "", "2010-12-31": "", "2009-12-31": "67.70100", "2008-12-31": "75.36000", "2007-12-31": "83.01900", "2006-12-31": "90.67800", "2005-12-31": ""}, "Other Long-Term Assets": {"2020-12-31": "32.28900", "2019-12-31": "30.20200", "2018-12-31": "34.15500", "2017-12-31": "18.88400", "2016-12-31": "15.45600", "2015-12-31": "15.49200", "2014-12-31": "16.45100", "2013-12-31": "10.91700", "2012-12-31": "14.17300", "2011-12-31": "13.14000", "2010-12-31": "14.83100", "2009-12-31": "18.09800", "2008-12-31": "21.26100", "2007-12-31": "22.04300", "2006-12-31": "20.11800", "2005-12-31": "13.42300"}, "Total Long-Term Assets": {"2020-12-31": "827.88200", "2019-12-31": "803.73610", "2018-12-31": "780.85610", "2017-12-31": "713.56100", "2016-12-31": "598.99000", "2015-12-31": "584.90400", "2014-12-31": "587.44800", "2013-12-31": "592.06900", "2012-12-31": "608.41990", "2011-12-31": "659.60800", "2010-12-31": "693.50400", "2009-12-31": "692.40500", "2008-12-31": "602.04390", "2007-12-31": "557.43100", "2006-12-31": "493.23200", "2005-12-31": "351.17100"}, "Total Assets": {"2020-12-31": "2167.25600", "2019-12-31": "2151.37000", "2018-12-31": "1971.66800", "2017-12-31": "1853.36900", "2016-12-31": "1636.82300", "2015-12-31": "1588.62800", "2014-12-31": "1542.87500", "2013-12-31": "1439.16900", "2012-12-31": "1309.82400", "2011-12-31": "1294.55900", "2010-12-31": "1377.22300", "2009-12-31": "1533.80800", "2008-12-31": "1341.71500", "2007-12-31": "1252.36500", "2006-12-31": "1079.70500", "2005-12-31": "657.14700"}, "Total Current Liabilities": {"2020-12-31": "317.27500", "2019-12-31": "293.56500", "2018-12-31": "295.70800", "2017-12-31": "275.04900", "2016-12-31": "249.37100", "2015-12-31": "224.48300", "2014-12-31": "219.76600", "2013-12-31": "207.98800", "2012-12-31": "152.00500", "2011-12-31": "151.07300", "2010-12-31": "127.60000", "2009-12-31": "163.05500", "2008-12-31": "329.89400", "2007-12-31": "230.36700", "2006-12-31": "196.12700", "2005-12-31": "158.52700"}, "Long Term Debt": {"2020-12-31": "", "2019-12-31": "", "2018-12-31": "", "2017-12-31": "30.00000", "2016-12-31": "", "2015-12-31": "", "2014-12-31": "", "2013-12-31": "", "2012-12-31": "", "2011-12-31": "", "2010-12-31": "95.00000", "2009-12-31": "247.15200", "2008-12-31": "24.33200", "2007-12-31": "43.97100", "2006-12-31": "67.53800", "2005-12-31": "9.00000"}, "Other Non-Current Liabilities": {"2020-12-31": "20.85700", "2019-12-31": "24.85500", "2018-12-31": "25.01800", "2017-12-31": "23.00900", "2016-12-31": "14.64500", "2015-12-31": "11.39700", "2014-12-31": "10.32700", "2013-12-31": "8.60700", "2012-12-31": "7.03200", "2011-12-31": "8.27600", "2010-12-31": "5.64500", "2009-12-31": "5.72600", "2008-12-31": "4.06700", "2007-12-31": "11.89500", "2006-12-31": "", "2005-12-31": ""}, "Total Long Term Liabilities": {"2020-12-31": "110.07400", "2019-12-31": "119.02700", "2018-12-31": "82.81300", "2017-12-31": "101.48100", "2016-12-31": "84.33800", "2015-12-31": "74.42500", "2014-12-31": "75.49600", "2013-12-31": "75.17900", "2012-12-31": "100.49000", "2011-12-31": "102.02700", "2010-12-31": "192.89800", "2009-12-31": "339.13500", "2008-12-31": "132.94700", "2007-12-31": "265.61500", "2006-12-31": "253.06600", "2005-12-31": "76.93200"}, "Total Liabilities": {"2020-12-31": "427.34900", "2019-12-31": "412.59200", "2018-12-31": "378.52100", "2017-12-31": "376.53000", "2016-12-31": "333.70900", "2015-12-31": "298.90800", "2014-12-31": "295.26200", "2013-12-31": "283.16700", "2012-12-31": "252.49500", "2011-12-31": "253.10000", "2010-12-31": "320.49800", "2009-12-31": "502.19000", "2008-12-31": "462.84100", "2007-12-31": "495.98200", "2006-12-31": "449.19300", "2005-12-31": "235.45900"}, "Common Stock Net": {"2020-12-31": "1.43400", "2019-12-31": "1.49700", "2018-12-31": "1.53600", "2017-12-31": "1.57100", "2016-12-31": "1.59000", "2015-12-31": "1.63700", "2014-12-31": "1.66700", "2013-12-31": "1.69200", "2012-12-31": "1.72200", "2011-12-31": "1.76500", "2010-12-31": "1.86100", "2009-12-31": "1.90200", "2008-12-31": "1.91200", "2007-12-31": "1.94400", "2006-12-31": "0.99000", "2005-12-31": "0.98600"}, "Retained Earnings (Accumulated Deficit)": {"2020-12-31": "565.27000", "2019-12-31": "601.88500", "2018-12-31": "517.97000", "2017-12-31": "467.46700", "2016-12-31": "384.01800", "2015-12-31": "402.86000", "2014-12-31": "420.22600", "2013-12-31": "431.60400", "2012-12-31": "405.91400", "2011-12-31": "443.70200", "2010-12-31": "471.15900", "2009-12-31": "384.48300", "2008-12-31": "289.68200", "2007-12-31": "298.97500", "2006-12-31": "258.06900", "2005-12-31": "148.12700"}, "Comprehensive Income": {"2020-12-31": "-16.79800", "2019-12-31": "-23.50400", "2018-12-31": "-33.00000", "2017-12-31": "-19.90800", "2016-12-31": "-37.95500", "2015-12-31": "-25.29000", "2014-12-31": "-8.89500", "2013-12-31": "1.48700", "2012-12-31": "6.23900", "2011-12-31": "1.90000", "2010-12-31": "3.15700", "2009-12-31": "1.25800", "2008-12-31": "-8.16300", "2007-12-31": "9.99000", "2006-12-31": "7.63800", "2005-12-31": "3.96700"}, "Other Share Holders Equity": {"2020-12-31": "", "2019-12-31": "", "2018-12-31": "", "2017-12-31": "", "2016-12-31": "", "2015-12-31": "", "2014-12-31": "", "2013-12-31": "", "2012-12-31": "", "2011-12-31": "", "2010-12-31": "", "2009-12-31": "", "2008-12-31": "", "2007-12-31": "", "2006-12-31": "", "2005-12-31": ""}, "Share Holder Equity": {"2020-12-31": "1739.90700", "2019-12-31": "1738.77800", "2018-12-31": "1593.14700", "2017-12-31": "1476.83900", "2016-12-31": "1303.11400", "2015-12-31": "1289.72000", "2014-12-31": "1247.61300", "2013-12-31": "1156.00200", "2012-12-31": "1057.32900", "2011-12-31": "1041.45900", "2010-12-31": "1056.72500", "2009-12-31": "1031.61800", "2008-12-31": "878.87400", "2007-12-31": "756.38300", "2006-12-31": "630.51200", "2005-12-31": "421.68800"}, "Total Liabilities And Share Holders Equity": {"2020-12-31": "2167.25600", "2019-12-31": "2151.37000", "2018-12-31": "1971.66800", "2017-12-31": "1853.36900", "2016-12-31": "1636.82300", "2015-12-31": "1588.62800", "2014-12-31": "1542.87500", "2013-12-31": "1439.16900", "2012-12-31": "1309.82400", "2011-12-31": "1294.55900", "2010-12-31": "1377.22300", "2009-12-31": "1533.80800", "2008-12-31": "1341.71500", "2007-12-31": "1252.36500", "2006-12-31": "1079.70500", "2005-12-31": "657.14700"}}, "balance sheet, quarterly": {"Cash On Hand": {"2020-12-31": "787.72700", "2020-09-30": "770.79900", "2020-06-30": "761.37700", "2020-03-31": "749.97100", "2019-12-31": "844.54700", "2019-09-30": "770.90900", "2019-06-30": "685.78600", "2019-03-31": "672.84000", "2018-12-31": "758.03900", "2018-09-30": "745.47600", "2018-06-30": "696.95100", "2018-03-31": "751.80600", "2017-12-31": "747.75200", "2017-09-30": "688.47400", "2017-06-30": "663.86400", "2017-03-31": "664.87200", "2016-12-31": "699.20100", "2016-09-30": "628.66200", "2016-06-30": "600.26700", "2016-03-31": "643.75300", "2015-12-31": "685.16100", "2015-09-30": "653.90800", "2015-06-30": "631.47600", "2015-03-31": "649.06500", "2014-12-31": "673.24700", "2014-09-30": "583.41400", "2014-06-30": "537.66700", "2014-03-31": "551.05200", "2013-12-31": "583.77300", "2013-09-30": "532.71400", "2013-06-30": "492.55900", "2013-03-31": "457.59900", "2012-12-31": "458.24700", "2012-09-30": "403.67700", "2012-06-30": "353.49400", "2012-03-31": "394.12700", "2011-12-31": "426.98600", "2011-09-30": "432.86500", "2011-06-30": "446.31100", "2011-03-31": "502.03900", "2010-12-31": "500.29200", "2010-09-30": "470.77800", "2010-06-30": "480.92900", "2010-03-31": "522.66100", "2009-12-31": "610.87700", "2009-09-30": "527.48500", "2009-06-30": "510.12800", "2009-03-31": "444.48400", "2008-12-31": "430.64300", "2008-09-30": "380.04000", "2008-06-30": "347.20700", "2008-03-31": "359.14400", "2007-12-31": "371.17100", "2007-09-30": "307.44400", "2007-06-30": "256.54200", "2007-03-31": "281.73500", "2006-12-31": "297.19800", "2006-09-30": "241.53100", "2006-06-30": "187.53400", "2006-03-31": "183.20900", "2005-12-31": "140.37800", "2005-09-30": "143.71200", "2005-06-30": "126.59100", "2005-03-31": "170.55600"}, "Receivables": {"2020-12-31": "440.49000", "2020-09-30": "429.81400", "2020-06-30": "401.48700", "2020-03-31": "409.74200", "2019-12-31": "394.52300", "2019-09-30": "401.47200", "2019-06-30": "387.55100", "2019-03-31": "386.28600", "2018-12-31": "365.20500", "2018-09-30": "382.01700", "2018-06-30": "368.01700", "2018-03-31": "363.17900", "2017-12-31": "339.37200", "2017-09-30": "324.49600", "2017-06-30": "311.59200", "2017-03-31": "303.65800", "2016-12-31": "289.71800", "2016-09-30": "296.50700", "2016-06-30": "289.15000", "2016-03-31": "281.19100", "2015-12-31": "271.12100", "2015-09-30": "263.48800", "2015-06-30": "265.06100", "2015-03-31": "247.67900", "2014-12-31": "242.81200", "2014-09-30": "257.76100", "2014-06-30": "251.72600", "2014-03-31": "250.99600", "2013-12-31": "226.02800", "2013-09-30": "225.96100", "2013-06-30": "220.82800", "2013-03-31": "247.13700", "2012-12-31": "202.81800", "2012-09-30": "226.19400", "2012-06-30": "202.59400", "2012-03-31": "182.09300", "2011-12-31": "167.90900", "2011-09-30": "166.95400", "2011-06-30": "180.66000", "2011-03-31": "162.18600", "2010-12-31": "165.77200", "2010-09-30": "171.70900", "2010-06-30": "164.87000", "2010-03-31": "166.01600", "2009-12-31": "212.45100", "2009-09-30": "221.35200", "2009-06-30": "207.57300", "2009-03-31": "188.88200", "2008-12-31": "208.20900", "2008-09-30": "253.77600", "2008-06-30": "275.49200", "2008-03-31": "282.08700", "2007-12-31": "275.10900", "2007-09-30": "282.80700", "2007-06-30": "272.96500", "2007-03-31": "250.86900", "2006-12-31": "244.59900", "2006-09-30": "225.88200", "2006-06-30": "219.76600", "2006-03-31": "198.85800", "2005-12-31": "128.54500", "2005-09-30": "118.87200", "2005-06-30": "121.34700", "2005-03-31": "119.31700"}, "Inventory": {"2020-12-31": "34.06400", "2020-09-30": "35.82000", "2020-06-30": "35.03000", "2020-03-31": "31.42000", "2019-12-31": "33.48600", "2019-09-30": "32.86200", "2019-06-30": "32.28900", "2019-03-31": "33.43300", "2018-12-31": "30.89200", "2018-09-30": "28.94500", "2018-06-30": "28.98100", "2018-03-31": "21.60000", "2017-12-31": "21.52600", "2017-09-30": "21.46900", "2017-06-30": "21.41200", "2017-03-31": "21.37200", "2016-12-31": "21.33900", "2016-09-30": "21.32000", "2016-06-30": "21.29000", "2016-03-31": "21.26400", "2015-12-31": "21.23500", "2015-09-30": "21.22500", "2015-06-30": "21.20400", "2015-03-31": "21.19200", "2014-12-31": "21.17500", "2014-09-30": "21.17300", "2014-06-30": "21.15800", "2014-03-31": "21.15300", "2013-12-31": "21.13300", "2013-09-30": "20.72800", "2013-06-30": "21.10300", "2013-03-31": "21.10700", "2012-12-31": "20.08800", "2012-09-30": "21.08100", "2012-06-30": "21.05700", "2012-03-31": "21.05300", "2011-12-31": "20.94900", "2011-09-30": "20.03200", "2011-06-30": "21.03200", "2011-03-31": "20.00900", "2010-12-31": "", "2010-09-30": "", "2010-06-30": "", "2010-03-31": "", "2009-12-31": "", "2009-09-30": "", "2009-06-30": "", "2009-03-31": "", "2008-12-31": "", "2008-09-30": "12.09300", "2008-06-30": "11.98700", "2008-03-31": "16.97100", "2007-12-31": "16.77700", "2007-09-30": "16.45600", "2007-06-30": "16.30200", "2007-03-31": "16.55800", "2006-12-31": "16.43100", "2006-09-30": "16.32900", "2006-06-30": "19.71600", "2006-03-31": "19.81500", "2005-12-31": "19.70900", "2005-09-30": "", "2005-06-30": "", "2005-03-31": ""}, "Pre-Paid Expenses": {"2020-12-31": "", "2020-09-30": "", "2020-06-30": "", "2020-03-31": "", "2019-12-31": "", "2019-09-30": "", "2019-06-30": "", "2019-03-31": "", "2018-12-31": "", "2018-09-30": "", "2018-06-30": "", "2018-03-31": "", "2017-12-31": "", "2017-09-30": "", "2017-06-30": "", "2017-03-31": "", "2016-12-31": "", "2016-09-30": "", "2016-06-30": "", "2016-03-31": "", "2015-12-31": "", "2015-09-30": "", "2015-06-30": "", "2015-03-31": "", "2014-12-31": "", "2014-09-30": "", "2014-06-30": "", "2014-03-31": "", "2013-12-31": "", "2013-09-30": "", "2013-06-30": "", "2013-03-31": "", "2012-12-31": "", "2012-09-30": "", "2012-06-30": "", "2012-03-31": "", "2011-12-31": "", "2011-09-30": "", "2011-06-30": "", "2011-03-31": "", "2010-12-31": "", "2010-09-30": "", "2010-06-30": "", "2010-03-31": "", "2009-12-31": "", "2009-09-30": "", "2009-06-30": "", "2009-03-31": "", "2008-12-31": "", "2008-09-30": "", "2008-06-30": "", "2008-03-31": "", "2007-12-31": "", "2007-09-30": "", "2007-06-30": "", "2007-03-31": "", "2006-12-31": "", "2006-09-30": "12.73600", "2006-06-30": "11.61600", "2006-03-31": "11.60000", "2005-12-31": "", "2005-09-30": "9.03000", "2005-06-30": "9.26200", "2005-03-31": "9.07100"}, "Other Current Assets": {"2020-12-31": "38.69600", "2020-09-30": "38.47500", "2020-06-30": "35.00500", "2020-03-31": "42.01700", "2019-12-31": "32.28900", "2019-09-30": "34.89400", "2019-06-30": "31.91500", "2019-03-31": "35.04900", "2018-12-31": "36.67600", "2018-09-30": "37.11300", "2018-06-30": "36.24800", "2018-03-31": "34.72200", "2017-12-31": "31.15800", "2017-09-30": "30.53700", "2017-06-30": "31.95300", "2017-03-31": "29.87300", "2016-12-31": "27.57500", "2016-09-30": "30.27900", "2016-06-30": "30.21300", "2016-03-31": "28.82900", "2015-12-31": "26.20700", "2015-09-30": "29.20600", "2015-06-30": "22.84600", "2015-03-31": "25.02800", "2014-12-31": "18.19300", "2014-09-30": "21.02800", "2014-06-30": "21.55800", "2014-03-31": "19.43200", "2013-12-31": "16.16600", "2013-09-30": "19.34500", "2013-06-30": "17.79300", "2013-03-31": "20.60300", "2012-12-31": "18.23900", "2012-09-30": "18.82000", "2012-06-30": "17.81000", "2012-03-31": "19.64400", "2011-12-31": "17.95700", "2011-09-30": "17.54400", "2011-06-30": "16.47900", "2011-03-31": "17.47800", "2010-12-31": "16.26800", "2010-09-30": "18.73400", "2010-06-30": "14.85900", "2010-03-31": "18.48200", "2009-12-31": "15.79200", "2009-09-30": "19.02900", "2009-06-30": "33.96100", "2009-03-31": "55.23200", "2008-12-31": "15.98900", "2008-09-30": "15.79100", "2008-06-30": "14.54700", "2008-03-31": "14.69700", "2007-12-31": "14.56700", "2007-09-30": "14.01700", "2007-06-30": "13.21200", "2007-03-31": "12.77900", "2006-12-31": "12.31400", "2006-09-30": "", "2006-06-30": "", "2006-03-31": "", "2005-12-31": "10.02600", "2005-09-30": "", "2005-06-30": "", "2005-03-31": ""}, "Total Current Assets": {"2020-12-31": "1300.97700", "2020-09-30": "1274.90800", "2020-06-30": "1232.89900", "2020-03-31": "1233.15000", "2019-12-31": "1304.84500", "2019-09-30": "1240.13700", "2019-06-30": "1137.54100", "2019-03-31": "1127.60800", "2018-12-31": "1190.81200", "2018-09-30": "1193.55100", "2018-06-30": "1130.19700", "2018-03-31": "1171.30700", "2017-12-31": "1139.80800", "2017-09-30": "1064.97600", "2017-06-30": "1028.82100", "2017-03-31": "1019.77500", "2016-12-31": "1037.83300", "2016-09-30": "976.76800", "2016-06-30": "940.92000", "2016-03-31": "975.03700", "2015-12-31": "1003.72400", "2015-09-30": "967.82700", "2015-06-30": "940.58700", "2015-03-31": "942.96400", "2014-12-31": "955.42700", "2014-09-30": "883.37600", "2014-06-30": "832.10900", "2014-03-31": "842.63300", "2013-12-31": "847.10000", "2013-09-30": "800.03200", "2013-06-30": "753.37600", "2013-03-31": "747.54800", "2012-12-31": "701.40400", "2012-09-30": "670.47900", "2012-06-30": "595.41000", "2012-03-31": "617.33900", "2011-12-31": "634.95100", "2011-09-30": "638.44600", "2011-06-30": "665.13300", "2011-03-31": "702.74700", "2010-12-31": "683.71900", "2010-09-30": "662.41700", "2010-06-30": "661.80000", "2010-03-31": "708.11300", "2009-12-31": "841.40300", "2009-09-30": "769.75500", "2009-06-30": "773.00100", "2009-03-31": "731.68000", "2008-12-31": "739.67100", "2008-09-30": "714.11700", "2008-06-30": "689.24900", "2008-03-31": "701.62900", "2007-12-31": "694.93400", "2007-09-30": "627.45500", "2007-06-30": "580.90100", "2007-03-31": "579.45500", "2006-12-31": "586.47300", "2006-09-30": "502.80000", "2006-06-30": "445.51200", "2006-03-31": "420.45600", "2005-12-31": "305.97600", "2005-09-30": "276.37200", "2005-06-30": "262.56200", "2005-03-31": "304.08400"}, "Property, Plant, And Equipment": {"2020-12-31": "189.05200", "2020-09-30": "180.53100", "2020-06-30": "182.27300", "2020-03-31": "173.25500", "2019-12-31": "160.85900", "2019-09-30": "154.58400", "2019-06-30": "150.04500", "2019-03-31": "146.75300", "2018-12-31": "145.86300", "2018-09-30": "145.86500", "2018-06-30": "144.33000", "2018-03-31": "145.28000", "2017-12-31": "146.42800", "2017-09-30": "148.10600", "2017-06-30": "145.53700", "2017-03-31": "142.72600", "2016-12-31": "146.19000", "2016-09-30": "149.26200", "2016-06-30": "138.69600", "2016-03-31": "141.79000", "2015-12-31": "143.97700", "2015-09-30": "142.35200", "2015-06-30": "128.69700", "2015-03-31": "125.85500", "2014-12-31": "125.53500", "2014-09-30": "128.77500", "2014-06-30": "126.68500", "2014-03-31": "121.03900", "2013-12-31": "118.99500", "2013-09-30": "118.49400", "2013-06-30": "119.19500", "2013-03-31": "123.15300", "2012-12-31": "127.58100", "2012-09-30": "131.88900", "2012-06-30": "135.01100", "2012-03-31": "136.43100", "2011-12-31": "129.54800", "2011-09-30": "133.11500", "2011-06-30": "136.54300", "2011-03-31": "142.33300", "2010-12-31": "140.56800", "2010-09-30": "144.02600", "2010-06-30": "147.15900", "2010-03-31": "143.01800", "2009-12-31": "146.05300", "2009-09-30": "141.10300", "2009-06-30": "144.05800", "2009-03-31": "145.55100", "2008-12-31": "148.12400", "2008-09-30": "150.73500", "2008-06-30": "141.77500", "2008-03-31": "143.63500", "2007-12-31": "143.51600", "2007-09-30": "138.50800", "2007-06-30": "136.26700", "2007-03-31": "134.43500", "2006-12-31": "130.73200", "2006-09-30": "124.70000", "2006-06-30": "122.34300", "2006-03-31": "116.54500", "2005-12-31": "114.50500", "2005-09-30": "115.04900", "2005-06-30": "115.19900", "2005-03-31": "115.04300"}, "Long-Term Investments": {"2020-12-31": "210.01800", "2020-09-30": "154.88800", "2020-06-30": "151.20400", "2020-03-31": "159.59600", "2019-12-31": "190.31800", "2019-09-30": "148.55000", "2019-06-30": "162.30800", "2019-03-31": "171.58500", "2018-12-31": "169.13000", "2018-09-30": "134.71600", "2018-06-30": "146.56800", "2018-03-31": "143.10500", "2017-12-31": "153.50900", "2017-09-30": "130.21500", "2017-06-30": "136.63200", "2017-03-31": "143.17700", "2016-12-31": "139.35000", "2016-09-30": "137.42100", "2016-06-30": "134.78800", "2016-03-31": "126.78600", "2015-12-31": "134.91300", "2015-09-30": "121.88800", "2015-06-30": "135.18800", "2015-03-31": "129.99600", "2014-12-31": "136.42200", "2014-09-30": "149.85000", "2014-06-30": "150.79100", "2014-03-31": "148.33000", "2013-12-31": "149.54200", "2013-09-30": "148.45600", "2013-06-30": "151.46900", "2013-03-31": "155.31300", "2012-12-31": "159.17600", "2012-09-30": "196.34000", "2012-06-30": "198.04400", "2012-03-31": "207.36600", "2011-12-31": "207.78700", "2011-09-30": "205.10200", "2011-06-30": "210.91800", "2011-03-31": "217.62100", "2010-12-31": "243.77300", "2010-09-30": "240.98500", "2010-06-30": "238.74900", "2010-03-31": "247.96900", "2009-12-31": "181.89700", "2009-09-30": "210.89700", "2009-06-30": "165.29500", "2009-03-31": "146.13300", "2008-12-31": "86.69300", "2008-09-30": "86.01700", "2008-06-30": "75.06900", "2008-03-31": "71.59600", "2007-12-31": "77.16900", "2007-09-30": "82.50800", "2007-06-30": "83.70200", "2007-03-31": "80.11300", "2006-12-31": "71.69000", "2006-09-30": "76.32900", "2006-06-30": "45.86300", "2006-03-31": "53.58300", "2005-12-31": "106.57300", "2005-09-30": "51.99900", "2005-06-30": "55.15200", "2005-03-31": "42.05600"}, "Goodwill And Intangible Assets": {"2020-12-31": "88.79300", "2020-09-30": "89.71400", "2020-06-30": "90.63400", "2020-03-31": "91.55500", "2019-12-31": "92.47600", "2019-09-30": "93.39600", "2019-06-30": "94.31700", "2019-03-31": "95.23800", "2018-12-31": "96.15900", "2018-09-30": "97.08000", "2018-06-30": "99.10100", "2018-03-31": "80.79200", "2017-12-31": "81.56800", "2017-09-30": "82.26300", "2017-06-30": "", "2017-03-31": "", "2016-12-31": "", "2016-09-30": "", "2016-06-30": "", "2016-03-31": "", "2015-12-31": "", "2015-09-30": "", "2015-06-30": "", "2015-03-31": "", "2014-12-31": "", "2014-09-30": "", "2014-06-30": "", "2014-03-31": "", "2013-12-31": "", "2013-09-30": "", "2013-06-30": "", "2013-03-31": "", "2012-12-31": "", "2012-09-30": "", "2012-06-30": "", "2012-03-31": "", "2011-12-31": "", "2011-09-30": "", "2011-06-30": "", "2011-03-31": "", "2010-12-31": "", "2010-09-30": "", "2010-06-30": "", "2010-03-31": "", "2009-12-31": "67.70100", "2009-09-30": "69.61700", "2009-06-30": "71.53100", "2009-03-31": "73.44600", "2008-12-31": "75.36000", "2008-09-30": "77.27600", "2008-06-30": "79.19000", "2008-03-31": "81.10500", "2007-12-31": "83.01900", "2007-09-30": "84.93500", "2007-06-30": "86.84900", "2007-03-31": "88.76400", "2006-12-31": "90.67800", "2006-09-30": "98.01000", "2006-06-30": "98.11900", "2006-03-31": "98.22800", "2005-12-31": "", "2005-09-30": "", "2005-06-30": "", "2005-03-31": ""}, "Other Long-Term Assets": {"2020-12-31": "32.28900", "2020-09-30": "32.50700", "2020-06-30": "37.72200", "2020-03-31": "33.30200", "2019-12-31": "30.20200", "2019-09-30": "32.10900", "2019-06-30": "33.76100", "2019-03-31": "32.88200", "2018-12-31": "34.15500", "2018-09-30": "33.64200", "2018-06-30": "33.81500", "2018-03-31": "18.33400", "2017-12-31": "18.88400", "2017-09-30": "17.04500", "2017-06-30": "16.65300", "2017-03-31": "16.24000", "2016-12-31": "15.45600", "2016-09-30": "16.06400", "2016-06-30": "13.85600", "2016-03-31": "14.07200", "2015-12-31": "15.49200", "2015-09-30": "17.08200", "2015-06-30": "17.10600", "2015-03-31": "16.44200", "2014-12-31": "16.45100", "2014-09-30": "13.41000", "2014-06-30": "13.32800", "2014-03-31": "14.11300", "2013-12-31": "10.91700", "2013-09-30": "11.51100", "2013-06-30": "10.70700", "2013-03-31": "11.24400", "2012-12-31": "14.17300", "2012-09-30": "23.52800", "2012-06-30": "23.58200", "2012-03-31": "21.26100", "2011-12-31": "13.14000", "2011-09-30": "21.45500", "2011-06-30": "15.87400", "2011-03-31": "16.32800", "2010-12-31": "14.83100", "2010-09-30": "16.99300", "2010-06-30": "17.57900", "2010-03-31": "18.21100", "2009-12-31": "18.09800", "2009-09-30": "18.95200", "2009-06-30": "19.81900", "2009-03-31": "20.21900", "2008-12-31": "21.26100", "2008-09-30": "17.03900", "2008-06-30": "18.26000", "2008-03-31": "18.46800", "2007-12-31": "22.04300", "2007-09-30": "17.63200", "2007-06-30": "16.89100", "2007-03-31": "16.90300", "2006-12-31": "20.11800", "2006-09-30": "14.51300", "2006-06-30": "14.07100", "2006-03-31": "14.84600", "2005-12-31": "13.42300", "2005-09-30": "62.25100", "2005-06-30": "57.87400", "2005-03-31": "54.40400"}, "Total Long-Term Assets": {"2020-12-31": "827.88200", "2020-09-30": "771.76400", "2020-06-30": "781.62510", "2020-03-31": "783.49800", "2019-12-31": "803.73610", "2019-09-30": "759.41400", "2019-06-30": "772.31800", "2019-03-31": "780.21600", "2018-12-31": "780.85610", "2018-09-30": "745.77700", "2018-06-30": "760.50900", "2018-03-31": "722.39790", "2017-12-31": "713.56100", "2017-09-30": "686.42100", "2017-06-30": "605.26810", "2017-03-31": "604.77700", "2016-12-31": "598.99000", "2016-09-30": "596.79800", "2016-06-30": "579.45100", "2016-03-31": "575.80900", "2015-12-31": "584.90400", "2015-09-30": "575.70200", "2015-06-30": "585.24500", "2015-03-31": "579.02100", "2014-12-31": "587.44800", "2014-09-30": "602.40300", "2014-06-30": "602.99690", "2014-03-31": "596.34800", "2013-12-31": "592.06900", "2013-09-30": "591.66700", "2013-06-30": "594.49200", "2013-03-31": "595.06200", "2012-12-31": "608.41990", "2012-09-30": "661.92500", "2012-06-30": "669.45200", "2012-03-31": "676.28700", "2011-12-31": "659.60800", "2011-09-30": "665.26100", "2011-06-30": "665.67200", "2011-03-31": "675.28800", "2010-12-31": "693.50400", "2010-09-30": "691.60800", "2010-06-30": "688.32100", "2010-03-31": "690.61000", "2009-12-31": "692.40500", "2009-09-30": "723.26900", "2009-06-30": "685.82100", "2009-03-31": "664.71700", "2008-12-31": "602.04390", "2008-09-30": "589.25700", "2008-06-30": "563.23300", "2008-03-31": "554.46600", "2007-12-31": "557.43100", "2007-09-30": "548.22600", "2007-06-30": "537.86300", "2007-03-31": "517.25900", "2006-12-31": "493.23200", "2006-09-30": "475.08500", "2006-06-30": "425.78900", "2006-03-31": "419.12000", "2005-12-31": "351.17100", "2005-09-30": "329.72900", "2005-06-30": "312.17400", "2005-03-31": "279.17500"}, "Total Assets": {"2020-12-31": "2167.25600", "2020-09-30": "2085.61700", "2020-06-30": "2053.60000", "2020-03-31": "2058.03100", "2019-12-31": "2151.37000", "2019-09-30": "2040.60500", "2019-06-30": "1952.79900", "2019-03-31": "1953.12100", "2018-12-31": "1971.66800", "2018-09-30": "1939.32800", "2018-06-30": "1890.70600", "2018-03-31": "1893.70500", "2017-12-31": "1853.36900", "2017-09-30": "1751.39700", "2017-06-30": "1634.08900", "2017-03-31": "1624.55200", "2016-12-31": "1636.82300", "2016-09-30": "1573.56600", "2016-06-30": "1520.37100", "2016-03-31": "1550.84600", "2015-12-31": "1588.62800", "2015-09-30": "1543.52900", "2015-06-30": "1525.83200", "2015-03-31": "1521.98500", "2014-12-31": "1542.87500", "2014-09-30": "1485.77900", "2014-06-30": "1435.10600", "2014-03-31": "1438.98100", "2013-12-31": "1439.16900", "2013-09-30": "1391.69900", "2013-06-30": "1347.86800", "2013-03-31": "1342.61000", "2012-12-31": "1309.82400", "2012-09-30": "1332.40400", "2012-06-30": "1264.86200", "2012-03-31": "1293.62600", "2011-12-31": "1294.55900", "2011-09-30": "1303.70700", "2011-06-30": "1330.80500", "2011-03-31": "1378.03500", "2010-12-31": "1377.22300", "2010-09-30": "1354.02500", "2010-06-30": "1350.12100", "2010-03-31": "1398.72300", "2009-12-31": "1533.80800", "2009-09-30": "1493.02400", "2009-06-30": "1458.82200", "2009-03-31": "1396.39700", "2008-12-31": "1341.71500", "2008-09-30": "1303.37400", "2008-06-30": "1252.48200", "2008-03-31": "1256.09500", "2007-12-31": "1252.36500", "2007-09-30": "1175.68100", "2007-06-30": "1118.76400", "2007-03-31": "1096.71400", "2006-12-31": "1079.70500", "2006-09-30": "977.88500", "2006-06-30": "871.30100", "2006-03-31": "839.57600", "2005-12-31": "657.14700", "2005-09-30": "606.10100", "2005-06-30": "574.73600", "2005-03-31": "583.25900"}, "Total Current Liabilities": {"2020-12-31": "317.27500", "2020-09-30": "250.51500", "2020-06-30": "236.12500", "2020-03-31": "207.55100", "2019-12-31": "293.56500", "2019-09-30": "216.04800", "2019-06-30": "196.93100", "2019-03-31": "192.52900", "2018-12-31": "295.70800", "2018-09-30": "221.89000", "2018-06-30": "206.93800", "2018-03-31": "182.07900", "2017-12-31": "275.04900", "2017-09-30": "192.93100", "2017-06-30": "178.79300", "2017-03-31": "176.77000", "2016-12-31": "249.37100", "2016-09-30": "180.73500", "2016-06-30": "152.73700", "2016-03-31": "172.29500", "2015-12-31": "224.48300", "2015-09-30": "161.91500", "2015-06-30": "144.30900", "2015-03-31": "163.19300", "2014-12-31": "219.76600", "2014-09-30": "158.31700", "2014-06-30": "149.67700", "2014-03-31": "153.71900", "2013-12-31": "207.98800", "2013-09-30": "145.27800", "2013-06-30": "131.24700", "2013-03-31": "148.72700", "2012-12-31": "152.00500", "2012-09-30": "126.53500", "2012-06-30": "105.38300", "2012-03-31": "118.87700", "2011-12-31": "151.07300", "2011-09-30": "132.97300", "2011-06-30": "104.55100", "2011-03-31": "125.06600", "2010-12-31": "127.60000", "2010-09-30": "116.34000", "2010-06-30": "116.14400", "2010-03-31": "127.99300", "2009-12-31": "163.05500", "2009-09-30": "129.33900", "2009-06-30": "147.58500", "2009-03-31": "169.67700", "2008-12-31": "329.89400", "2008-09-30": "267.51500", "2008-06-30": "230.71500", "2008-03-31": "230.07700", "2007-12-31": "230.36700", "2007-09-30": "186.82500", "2007-06-30": "146.46900", "2007-03-31": "148.35500", "2006-12-31": "196.12700", "2006-09-30": "170.24300", "2006-06-30": "147.18700", "2006-03-31": "151.51900", "2005-12-31": "158.52700", "2005-09-30": "137.72600", "2005-06-30": "122.64000", "2005-03-31": "134.32000"}, "Long Term Debt": {"2020-12-31": "", "2020-09-30": "", "2020-06-30": "", "2020-03-31": "", "2019-12-31": "", "2019-09-30": "", "2019-06-30": "", "2019-03-31": "", "2018-12-31": "", "2018-09-30": "", "2018-06-30": "", "2018-03-31": "20.00000", "2017-12-31": "30.00000", "2017-09-30": "40.00000", "2017-06-30": "", "2017-03-31": "", "2016-12-31": "", "2016-09-30": "", "2016-06-30": "", "2016-03-31": "", "2015-12-31": "", "2015-09-30": "", "2015-06-30": "", "2015-03-31": "", "2014-12-31": "", "2014-09-30": "", "2014-06-30": "", "2014-03-31": "", "2013-12-31": "", "2013-09-30": "", "2013-06-30": "", "2013-03-31": "", "2012-12-31": "", "2012-09-30": "", "2012-06-30": "", "2012-03-31": "", "2011-12-31": "", "2011-09-30": "", "2011-06-30": "40.00000", "2011-03-31": "60.00000", "2010-12-31": "95.00000", "2010-09-30": "120.00000", "2010-06-30": "150.00000", "2010-03-31": "200.00000", "2009-12-31": "247.15200", "2009-09-30": "269.79200", "2009-06-30": "272.28800", "2009-03-31": "216.28600", "2008-12-31": "24.33200", "2008-09-30": "29.62300", "2008-06-30": "33.81900", "2008-03-31": "39.18400", "2007-12-31": "43.97100", "2007-09-30": "49.94300", "2007-06-30": "57.82200", "2007-03-31": "62.71900", "2006-12-31": "67.53800", "2006-09-30": "70.47400", "2006-06-30": "74.03900", "2006-03-31": "77.80000", "2005-12-31": "9.00000", "2005-09-30": "9.00000", "2005-06-30": "9.00000", "2005-03-31": "9.00000"}, "Other Non-Current Liabilities": {"2020-12-31": "20.85700", "2020-09-30": "23.32300", "2020-06-30": "23.40700", "2020-03-31": "25.21500", "2019-12-31": "24.85500", "2019-09-30": "27.09500", "2019-06-30": "26.14700", "2019-03-31": "25.29500", "2018-12-31": "25.01800", "2018-09-30": "26.77000", "2018-06-30": "36.01500", "2018-03-31": "23.58800", "2017-12-31": "23.00900", "2017-09-30": "16.22100", "2017-06-30": "14.14200", "2017-03-31": "15.61000", "2016-12-31": "14.64500", "2016-09-30": "14.10300", "2016-06-30": "12.26200", "2016-03-31": "11.67600", "2015-12-31": "11.39700", "2015-09-30": "12.25300", "2015-06-30": "11.24100", "2015-03-31": "10.79100", "2014-12-31": "10.32700", "2014-09-30": "11.27000", "2014-06-30": "9.72000", "2014-03-31": "9.31200", "2013-12-31": "8.60700", "2013-09-30": "8.70300", "2013-06-30": "7.85700", "2013-03-31": "7.40000", "2012-12-31": "7.03200", "2012-09-30": "11.07900", "2012-06-30": "10.63200", "2012-03-31": "10.83200", "2011-12-31": "8.27600", "2011-09-30": "11.17200", "2011-06-30": "7.54900", "2011-03-31": "5.93900", "2010-12-31": "5.64500", "2010-09-30": "5.83600", "2010-06-30": "5.75200", "2010-03-31": "5.32800", "2009-12-31": "5.72600", "2009-09-30": "4.93700", "2009-06-30": "4.91300", "2009-03-31": "4.75200", "2008-12-31": "4.06700", "2008-09-30": "12.02100", "2008-06-30": "12.62300", "2008-03-31": "12.27600", "2007-12-31": "11.89500", "2007-09-30": "11.91000", "2007-06-30": "11.61900", "2007-03-31": "10.09100", "2006-12-31": "", "2006-09-30": "", "2006-06-30": "", "2006-03-31": "", "2005-12-31": "", "2005-09-30": "", "2005-06-30": "", "2005-03-31": ""}, "Total Long Term Liabilities": {"2020-12-31": "110.07400", "2020-09-30": "105.66900", "2020-06-30": "108.85000", "2020-03-31": "116.21400", "2019-12-31": "119.02700", "2019-09-30": "121.25000", "2019-06-30": "121.36700", "2019-03-31": "124.04200", "2018-12-31": "82.81300", "2018-09-30": "86.92800", "2018-06-30": "92.88600", "2018-03-31": "97.97200", "2017-12-31": "101.48100", "2017-09-30": "125.92500", "2017-06-30": "83.56100", "2017-03-31": "84.98900", "2016-12-31": "84.33800", "2016-09-30": "79.62100", "2016-06-30": "79.35100", "2016-03-31": "78.08600", "2015-12-31": "74.42500", "2015-09-30": "71.85000", "2015-06-30": "75.54100", "2015-03-31": "74.53300", "2014-12-31": "75.49600", "2014-09-30": "82.82200", "2014-06-30": "82.08700", "2014-03-31": "80.89000", "2013-12-31": "75.17900", "2013-09-30": "79.85400", "2013-06-30": "90.12600", "2013-03-31": "92.78600", "2012-12-31": "100.49000", "2012-09-30": "106.79200", "2012-06-30": "102.45100", "2012-03-31": "103.30900", "2011-12-31": "102.02700", "2011-09-30": "101.85400", "2011-06-30": "139.19200", "2011-03-31": "160.01300", "2010-12-31": "192.89800", "2010-09-30": "216.94400", "2010-06-30": "242.16900", "2010-03-31": "293.82200", "2009-12-31": "339.13500", "2009-09-30": "365.47300", "2009-06-30": "373.49600", "2009-03-31": "327.28200", "2008-12-31": "132.94700", "2008-09-30": "252.48000", "2008-06-30": "258.21200", "2008-03-31": "265.02800", "2007-12-31": "265.61500", "2007-09-30": "273.68000", "2007-06-30": "287.28700", "2007-03-31": "269.95000", "2006-12-31": "253.06600", "2006-09-30": "232.52500", "2006-06-30": "229.29900", "2006-03-31": "229.22100", "2005-12-31": "76.93200", "2005-09-30": "59.01800", "2005-06-30": "52.13700", "2005-03-31": "45.31200"}, "Total Liabilities": {"2020-12-31": "427.34900", "2020-09-30": "356.18400", "2020-06-30": "344.97500", "2020-03-31": "323.76500", "2019-12-31": "412.59200", "2019-09-30": "337.29800", "2019-06-30": "318.29800", "2019-03-31": "316.57100", "2018-12-31": "378.52100", "2018-09-30": "308.81800", "2018-06-30": "299.82400", "2018-03-31": "280.05100", "2017-12-31": "376.53000", "2017-09-30": "318.85600", "2017-06-30": "262.35400", "2017-03-31": "261.75900", "2016-12-31": "333.70900", "2016-09-30": "260.35600", "2016-06-30": "232.08800", "2016-03-31": "250.38100", "2015-12-31": "298.90800", "2015-09-30": "233.76500", "2015-06-30": "219.85000", "2015-03-31": "237.72600", "2014-12-31": "295.26200", "2014-09-30": "241.13900", "2014-06-30": "231.76400", "2014-03-31": "234.60900", "2013-12-31": "283.16700", "2013-09-30": "225.13200", "2013-06-30": "221.37300", "2013-03-31": "241.51300", "2012-12-31": "252.49500", "2012-09-30": "233.32700", "2012-06-30": "207.83400", "2012-03-31": "222.18600", "2011-12-31": "253.10000", "2011-09-30": "234.82700", "2011-06-30": "243.74300", "2011-03-31": "285.07900", "2010-12-31": "320.49800", "2010-09-30": "333.28400", "2010-06-30": "358.31300", "2010-03-31": "421.81500", "2009-12-31": "502.19000", "2009-09-30": "494.81200", "2009-06-30": "521.08100", "2009-03-31": "496.95900", "2008-12-31": "462.84100", "2008-09-30": "519.99500", "2008-06-30": "488.92700", "2008-03-31": "495.10500", "2007-12-31": "495.98200", "2007-09-30": "460.50500", "2007-06-30": "433.75600", "2007-03-31": "418.30500", "2006-12-31": "449.19300", "2006-09-30": "402.76800", "2006-06-30": "376.48600", "2006-03-31": "380.74000", "2005-12-31": "235.45900", "2005-09-30": "196.74400", "2005-06-30": "174.77700", "2005-03-31": "179.63200"}, "Common Stock Net": {"2020-12-31": "1.43400", "2020-09-30": "1.44500", "2020-06-30": "1.46400", "2020-03-31": "1.47900", "2019-12-31": "1.49700", "2019-09-30": "1.50200", "2019-06-30": "1.50900", "2019-03-31": "1.52300", "2018-12-31": "1.53600", "2018-09-30": "1.55500", "2018-06-30": "1.56800", "2018-03-31": "1.58000", "2017-12-31": "1.57100", "2017-09-30": "1.57400", "2017-06-30": "1.58000", "2017-03-31": "1.58700", "2016-12-31": "1.59000", "2016-09-30": "1.60000", "2016-06-30": "1.61200", "2016-03-31": "1.61900", "2015-12-31": "1.63700", "2015-09-30": "1.64600", "2015-06-30": "1.65900", "2015-03-31": "1.66100", "2014-12-31": "1.66700", "2014-09-30": "1.67100", "2014-06-30": "1.67700", "2014-03-31": "1.69100", "2013-12-31": "1.69200", "2013-09-30": "1.70500", "2013-06-30": "1.71500", "2013-03-31": "1.72300", "2012-12-31": "1.72200", "2012-09-30": "1.72900", "2012-06-30": "1.73400", "2012-03-31": "1.75500", "2011-12-31": "1.76500", "2011-09-30": "1.79600", "2011-06-30": "1.83200", "2011-03-31": "1.85100", "2010-12-31": "1.86100", "2010-09-30": "1.86800", "2010-06-30": "1.88700", "2010-03-31": "1.89600", "2009-12-31": "1.90200", "2009-09-30": "1.90500", "2009-06-30": "1.91000", "2009-03-31": "1.90800", "2008-12-31": "1.91200", "2008-09-30": "1.91300", "2008-06-30": "1.91600", "2008-03-31": "1.92700", "2007-12-31": "1.94400", "2007-09-30": "1.94100", "2007-06-30": "1.96000", "2007-03-31": "0.98800", "2006-12-31": "0.99000", "2006-09-30": "0.98800", "2006-06-30": "0.98300", "2006-03-31": "0.98200", "2005-12-31": "0.98600", "2005-09-30": "0.99100", "2005-06-30": "1.00200", "2005-03-31": "1.01100"}, "Retained Earnings (Accumulated Deficit)": {"2020-12-31": "565.27000", "2020-09-30": "581.24400", "2020-06-30": "566.92900", "2020-03-31": "597.48600", "2019-12-31": "601.88500", "2019-09-30": "599.94900", "2019-06-30": "541.66400", "2019-03-31": "552.38100", "2018-12-31": "517.97000", "2018-09-30": "556.58100", "2018-06-30": "522.76400", "2018-03-31": "544.92300", "2017-12-31": "467.46700", "2017-09-30": "448.35600", "2017-06-30": "409.40900", "2017-03-31": "420.71200", "2016-12-31": "384.01800", "2016-09-30": "400.77800", "2016-06-30": "380.66400", "2016-03-31": "408.68400", "2015-12-31": "402.86000", "2015-09-30": "435.91500", "2015-06-30": "435.66000", "2015-03-31": "445.36800", "2014-12-31": "420.22600", "2014-09-30": "440.76700", "2014-06-30": "425.45800", "2014-03-31": "444.02200", "2013-12-31": "431.60400", "2013-09-30": "462.63300", "2013-06-30": "448.72900", "2013-03-31": "445.23300", "2012-12-31": "405.91400", "2012-09-30": "468.91900", "2012-06-30": "447.81200", "2012-03-31": "460.72700", "2011-12-31": "443.70200", "2011-09-30": "470.38000", "2011-06-30": "475.66700", "2011-03-31": "493.64600", "2010-12-31": "471.15900", "2010-09-30": "456.77500", "2010-06-30": "434.37000", "2010-03-31": "426.77100", "2009-12-31": "384.48300", "2009-09-30": "375.12500", "2009-06-30": "338.71500", "2009-03-31": "319.13500", "2008-12-31": "289.68200", "2008-09-30": "309.64500", "2008-06-30": "290.28200", "2008-03-31": "300.98800", "2007-12-31": "298.97500", "2007-09-30": "278.68500", "2007-06-30": "259.70900", "2007-03-31": "278.89200", "2006-12-31": "258.06900", "2006-09-30": "233.14600", "2006-06-30": "185.08600", "2006-03-31": "173.24700", "2005-12-31": "148.12700", "2005-09-30": "140.68800", "2005-06-30": "130.46600", "2005-03-31": "134.69700"}, "Comprehensive Income": {"2020-12-31": "-16.79800", "2020-09-30": "-27.39800", "2020-06-30": "-34.17900", "2020-03-31": "-35.34800", "2019-12-31": "-23.50400", "2019-09-30": "-35.78000", "2019-06-30": "-30.74000", "2019-03-31": "-28.72000", "2018-12-31": "-33.00000", "2018-09-30": "-28.86300", "2018-06-30": "-28.22100", "2018-03-31": "-18.16100", "2017-12-31": "-19.90800", "2017-09-30": "-20.29800", "2017-06-30": "-28.01500", "2017-03-31": "-35.51300", "2016-12-31": "-37.95500", "2016-09-30": "-30.53800", "2016-06-30": "-27.42700", "2016-03-31": "-22.34400", "2015-12-31": "-25.29000", "2015-09-30": "-20.34600", "2015-06-30": "-13.69200", "2015-03-31": "-17.76500", "2014-12-31": "-8.89500", "2014-09-30": "-2.99500", "2014-06-30": "3.82100", "2014-03-31": "0.01400", "2013-12-31": "1.48700", "2013-09-30": "1.55600", "2013-06-30": "-1.99900", "2013-03-31": "1.28300", "2012-12-31": "6.23900", "2012-09-30": "5.69300", "2012-06-30": "2.13700", "2012-03-31": "4.09100", "2011-12-31": "1.90000", "2011-09-30": "0.38700", "2011-06-30": "7.04200", "2011-03-31": "5.29200", "2010-12-31": "3.15700", "2010-09-30": "2.67600", "2010-06-30": "-1.52100", "2010-03-31": "1.56900", "2009-12-31": "1.25800", "2009-09-30": "1.17000", "2009-06-30": "-3.44500", "2009-03-31": "-9.56300", "2008-12-31": "-8.16300", "2008-09-30": "-2.79400", "2008-06-30": "5.32700", "2008-03-31": "6.15500", "2007-12-31": "9.99000", "2007-09-30": "12.11400", "2007-06-30": "10.38700", "2007-03-31": "7.93300", "2006-12-31": "7.63800", "2006-09-30": "7.14500", "2006-06-30": "4.50500", "2006-03-31": "4.32900", "2005-12-31": "3.96700", "2005-09-30": "4.42000", "2005-06-30": "4.60600", "2005-03-31": "5.67800"}, "Other Share Holders Equity": {"2020-12-31": "", "2020-09-30": "", "2020-06-30": "", "2020-03-31": "", "2019-12-31": "", "2019-09-30": "", "2019-06-30": "", "2019-03-31": "", "2018-12-31": "", "2018-09-30": "", "2018-06-30": "", "2018-03-31": "", "2017-12-31": "", "2017-09-30": "", "2017-06-30": "", "2017-03-31": "", "2016-12-31": "", "2016-09-30": "", "2016-06-30": "", "2016-03-31": "", "2015-12-31": "", "2015-09-30": "", "2015-06-30": "", "2015-03-31": "", "2014-12-31": "", "2014-09-30": "", "2014-06-30": "", "2014-03-31": "", "2013-12-31": "", "2013-09-30": "", "2013-06-30": "", "2013-03-31": "", "2012-12-31": "", "2012-09-30": "", "2012-06-30": "", "2012-03-31": "", "2011-12-31": "", "2011-09-30": "", "2011-06-30": "", "2011-03-31": "", "2010-12-31": "", "2010-09-30": "", "2010-06-30": "", "2010-03-31": "", "2009-12-31": "", "2009-09-30": "", "2009-06-30": "", "2009-03-31": "", "2008-12-31": "", "2008-09-30": "", "2008-06-30": "", "2008-03-31": "", "2007-12-31": "", "2007-09-30": "", "2007-06-30": "", "2007-03-31": "", "2006-12-31": "", "2006-09-30": "", "2006-06-30": "", "2006-03-31": "", "2005-12-31": "", "2005-09-30": "", "2005-06-30": "", "2005-03-31": ""}, "Share Holder Equity": {"2020-12-31": "1739.90700", "2020-09-30": "1729.43300", "2020-06-30": "1708.62500", "2020-03-31": "1734.26600", "2019-12-31": "1738.77800", "2019-09-30": "1703.30700", "2019-06-30": "1634.50100", "2019-03-31": "1636.55000", "2018-12-31": "1593.14700", "2018-09-30": "1630.51000", "2018-06-30": "1590.88200", "2018-03-31": "1613.65400", "2017-12-31": "1476.83900", "2017-09-30": "1432.54100", "2017-06-30": "1371.73500", "2017-03-31": "1362.79300", "2016-12-31": "1303.11400", "2016-09-30": "1313.21000", "2016-06-30": "1288.28300", "2016-03-31": "1300.46500", "2015-12-31": "1289.72000", "2015-09-30": "1309.76400", "2015-06-30": "1305.98200", "2015-03-31": "1284.25900", "2014-12-31": "1247.61300", "2014-09-30": "1244.64000", "2014-06-30": "1203.34200", "2014-03-31": "1204.37200", "2013-12-31": "1156.00200", "2013-09-30": "1166.56700", "2013-06-30": "1126.49500", "2013-03-31": "1101.09700", "2012-12-31": "1057.32900", "2012-09-30": "1099.07700", "2012-06-30": "1057.02800", "2012-03-31": "1071.44000", "2011-12-31": "1041.45900", "2011-09-30": "1068.88000", "2011-06-30": "1087.06200", "2011-03-31": "1092.95600", "2010-12-31": "1056.72500", "2010-09-30": "1020.74100", "2010-06-30": "991.80800", "2010-03-31": "976.90800", "2009-12-31": "1031.61800", "2009-09-30": "998.21200", "2009-06-30": "937.74100", "2009-03-31": "899.43800", "2008-12-31": "878.87400", "2008-09-30": "783.37900", "2008-06-30": "763.55500", "2008-03-31": "760.99000", "2007-12-31": "756.38300", "2007-09-30": "715.17600", "2007-06-30": "685.00800", "2007-03-31": "678.40900", "2006-12-31": "630.51200", "2006-09-30": "575.11700", "2006-06-30": "494.81500", "2006-03-31": "458.83600", "2005-12-31": "421.68800", "2005-09-30": "409.35700", "2005-06-30": "399.95900", "2005-03-31": "403.62700"}, "Total Liabilities And Share Holders Equity": {"2020-12-31": "2167.25600", "2020-09-30": "2085.61700", "2020-06-30": "2053.60000", "2020-03-31": "2058.03100", "2019-12-31": "2151.37000", "2019-09-30": "2040.60500", "2019-06-30": "1952.79900", "2019-03-31": "1953.12100", "2018-12-31": "1971.66800", "2018-09-30": "1939.32800", "2018-06-30": "1890.70600", "2018-03-31": "1893.70500", "2017-12-31": "1853.36900", "2017-09-30": "1751.39700", "2017-06-30": "1634.08900", "2017-03-31": "1624.55200", "2016-12-31": "1636.82300", "2016-09-30": "1573.56600", "2016-06-30": "1520.37100", "2016-03-31": "1550.84600", "2015-12-31": "1588.62800", "2015-09-30": "1543.52900", "2015-06-30": "1525.83200", "2015-03-31": "1521.98500", "2014-12-31": "1542.87500", "2014-09-30": "1485.77900", "2014-06-30": "1435.10600", "2014-03-31": "1438.98100", "2013-12-31": "1439.16900", "2013-09-30": "1391.69900", "2013-06-30": "1347.86800", "2013-03-31": "1342.61000", "2012-12-31": "1309.82400", "2012-09-30": "1332.40400", "2012-06-30": "1264.86200", "2012-03-31": "1293.62600", "2011-12-31": "1294.55900", "2011-09-30": "1303.70700", "2011-06-30": "1330.80500", "2011-03-31": "1378.03500", "2010-12-31": "1377.22300", "2010-09-30": "1354.02500", "2010-06-30": "1350.12100", "2010-03-31": "1398.72300", "2009-12-31": "1533.80800", "2009-09-30": "1493.02400", "2009-06-30": "1458.82200", "2009-03-31": "1396.39700", "2008-12-31": "1341.71500", "2008-09-30": "1303.37400", "2008-06-30": "1252.48200", "2008-03-31": "1256.09500", "2007-12-31": "1252.36500", "2007-09-30": "1175.68100", "2007-06-30": "1118.76400", "2007-03-31": "1096.71400", "2006-12-31": "1079.70500", "2006-09-30": "977.88500", "2006-06-30": "871.30100", "2006-03-31": "839.57600", "2005-12-31": "657.14700", "2005-09-30": "606.10100", "2005-06-30": "574.73600", "2005-03-31": "583.25900"}}, "cash flow statement": {"Net Income/Loss": {"2020-12-31": "0.00000", "2019-12-31": "501.42600", "2018-12-31": "505.86800", "2017-12-31": "404.38900", "2016-12-31": "333.81700", "2015-12-31": "331.65500", "2014-12-31": "318.71300", "2013-12-31": "288.47400", "2012-12-31": "208.03400", "2011-12-31": "206.65000", "2010-12-31": "233.32000", "2009-12-31": "272.43200", "2008-12-31": "267.52700", "2007-12-31": "434.23700", "2006-12-31": "236.99000", "2005-12-31": "188.34400"}, "Total Depreciation And Amortization - Cash Flow": {"2020-12-31": "", "2019-12-31": "80.85500", "2018-12-31": "77.68700", "2017-12-31": "75.58600", "2016-12-31": "71.83200", "2015-12-31": "66.67400", "2014-12-31": "61.12700", "2013-12-31": "57.09900", "2012-12-31": "55.84400", "2011-12-31": "48.75900", "2010-12-31": "45.95000", "2009-12-31": "66.13900", "2008-12-31": "46.95900", "2007-12-31": "37.13600", "2006-12-31": "29.14700", "2005-12-31": "17.14800"}, "Other Non-Cash Items": {"2020-12-31": "", "2019-12-31": "-3.57800", "2018-12-31": "22.10900", "2017-12-31": "15.81900", "2016-12-31": "25.88700", "2015-12-31": "40.26900", "2014-12-31": "14.15000", "2013-12-31": "11.14300", "2012-12-31": "-6.08500", "2011-12-31": "14.93700", "2010-12-31": "-43.69000", "2009-12-31": "174.03100", "2008-12-31": "-159.91200", "2007-12-31": "-121.07400", "2006-12-31": "121.46900", "2005-12-31": "24.73000"}, "Total Non-Cash Items": {"2020-12-31": "", "2019-12-31": "77.27700", "2018-12-31": "99.79600", "2017-12-31": "91.40500", "2016-12-31": "97.71900", "2015-12-31": "106.94300", "2014-12-31": "75.27700", "2013-12-31": "68.24200", "2012-12-31": "49.75900", "2011-12-31": "63.69600", "2010-12-31": "2.26000", "2009-12-31": "240.17000", "2008-12-31": "-112.95300", "2007-12-31": "-83.93800", "2006-12-31": "150.61600", "2005-12-31": "41.87800"}, "Change In Accounts Receivable": {"2020-12-31": "", "2019-12-31": "-29.80100", "2018-12-31": "-25.85500", "2017-12-31": "-47.63100", "2016-12-31": "-18.47000", "2015-12-31": "-28.17400", "2014-12-31": "-16.91700", "2013-12-31": "-25.79300", "2012-12-31": "-36.13600", "2011-12-31": "-7.99200", "2010-12-31": "-12.18000", "2009-12-31": "-3.65500", "2008-12-31": "66.36100", "2007-12-31": "-29.89700", "2006-12-31": "-51.80100", "2005-12-31": "-19.47000"}, "Change In Inventories": {"2020-12-31": "", "2019-12-31": "", "2018-12-31": "", "2017-12-31": "", "2016-12-31": "", "2015-12-31": "", "2014-12-31": "", "2013-12-31": "0.50000", "2012-12-31": "", "2011-12-31": "", "2010-12-31": "16.00000", "2009-12-31": "", "2008-12-31": "", "2007-12-31": "", "2006-12-31": "", "2005-12-31": "4.13600"}, "Change In Accounts Payable": {"2020-12-31": "", "2019-12-31": "-6.49700", "2018-12-31": "5.65200", "2017-12-31": "-0.90900", "2016-12-31": "1.45500", "2015-12-31": "-5.44100", "2014-12-31": "-6.28300", "2013-12-31": "5.00000", "2012-12-31": "9.24900", "2011-12-31": "-2.58300", "2010-12-31": "1.73400", "2009-12-31": "-9.55400", "2008-12-31": "3.11400", "2007-12-31": "1.91400", "2006-12-31": "2.21700", "2005-12-31": "-6.55900"}, "Change In Assets/Liabilities": {"2020-12-31": "", "2019-12-31": "2.09700", "2018-12-31": "3.23400", "2017-12-31": "14.83500", "2016-12-31": "19.30900", "2015-12-31": "4.97300", "2014-12-31": "6.45200", "2013-12-31": "18.77300", "2012-12-31": "19.90400", "2011-12-31": "0.33900", "2010-12-31": "-14.66000", "2009-12-31": "-157.43000", "2008-12-31": "85.88900", "2007-12-31": "45.34200", "2006-12-31": "14.81500", "2005-12-31": "13.33300"}, "Total Change In Assets/Liabilities": {"2020-12-31": "", "2019-12-31": "-34.20100", "2018-12-31": "-16.96900", "2017-12-31": "-33.70500", "2016-12-31": "2.29400", "2015-12-31": "-28.64200", "2014-12-31": "-16.74800", "2013-12-31": "-1.52000", "2012-12-31": "-6.98300", "2011-12-31": "-10.23600", "2010-12-31": "-9.10600", "2009-12-31": "-170.63900", "2008-12-31": "155.36400", "2007-12-31": "17.35900", "2006-12-31": "-34.76900", "2005-12-31": "-8.56000"}, "Cash Flow From Operating Activities": {"2020-12-31": "", "2019-12-31": "545.12200", "2018-12-31": "588.40100", "2017-12-31": "459.90300", "2016-12-31": "434.22000", "2015-12-31": "407.51600", "2014-12-31": "374.80300", "2013-12-31": "351.22400", "2012-12-31": "257.49000", "2011-12-31": "256.96200", "2010-12-31": "229.32600", "2009-12-31": "345.47100", "2008-12-31": "284.72800", "2007-12-31": "361.45700", "2006-12-31": "346.17000", "2005-12-31": "214.43700"}, "Net Change In Property, Plant, And Equipment": {"2020-12-31": "", "2019-12-31": "-77.17100", "2018-12-31": "-73.31600", "2017-12-31": "-86.56800", "2016-12-31": "-81.78900", "2015-12-31": "-73.88100", "2014-12-31": "-63.34600", "2013-12-31": "-55.85100", "2012-12-31": "-54.07400", "2011-12-31": "-53.22500", "2010-12-31": "-52.34000", "2009-12-31": "-63.21600", "2008-12-31": "-26.32600", "2007-12-31": "-94.31900", "2006-12-31": "-106.12200", "2005-12-31": "-83.31600"}, "Net Change In Intangible Assets": {"2020-12-31": "", "2019-12-31": "", "2018-12-31": "", "2017-12-31": "", "2016-12-31": "", "2015-12-31": "", "2014-12-31": "", "2013-12-31": "", "2012-12-31": "", "2011-12-31": "", "2010-12-31": "", "2009-12-31": "", "2008-12-31": "-51.97600", "2007-12-31": "", "2006-12-31": "", "2005-12-31": ""}, "Net Acquisitions/Divestitures": {"2020-12-31": "", "2019-12-31": "", "2018-12-31": "-5.79400", "2017-12-31": "-80.23400", "2016-12-31": "", "2015-12-31": "", "2014-12-31": "", "2013-12-31": "6.02800", "2012-12-31": "", "2011-12-31": "", "2010-12-31": "", "2009-12-31": "", "2008-12-31": "", "2007-12-31": "", "2006-12-31": "5.26800", "2005-12-31": ""}, "Net Change In Short-term Investments": {"2020-12-31": "", "2019-12-31": "-3.54700", "2018-12-31": "-35.58400", "2017-12-31": "-3.69500", "2016-12-31": "-3.90000", "2015-12-31": "-6.22600", "2014-12-31": "6.68000", "2013-12-31": "-9.98600", "2012-12-31": "74.52000", "2011-12-31": "23.27500", "2010-12-31": "47.94800", "2009-12-31": "-269.69600", "2008-12-31": "-0.94500", "2007-12-31": "-4.50800", "2006-12-31": "-16.75700", "2005-12-31": "-33.23900"}, "Net Change In Long-Term Investments": {"2020-12-31": "", "2019-12-31": "", "2018-12-31": "", "2017-12-31": "", "2016-12-31": "", "2015-12-31": "", "2014-12-31": "", "2013-12-31": "-2.60400", "2012-12-31": "-3.81900", "2011-12-31": "", "2010-12-31": "", "2009-12-31": "", "2008-12-31": "-3.30200", "2007-12-31": "3.11600", "2006-12-31": "", "2005-12-31": ""}, "Net Change In Investments - Total": {"2020-12-31": "", "2019-12-31": "-3.54700", "2018-12-31": "-35.58400", "2017-12-31": "-3.69500", "2016-12-31": "-3.90000", "2015-12-31": "-6.22600", "2014-12-31": "6.68000", "2013-12-31": "-12.59000", "2012-12-31": "70.70100", "2011-12-31": "23.27500", "2010-12-31": "47.94800", "2009-12-31": "-269.69600", "2008-12-31": "-4.24700", "2007-12-31": "-1.39200", "2006-12-31": "-16.75700", "2005-12-31": "-33.23900"}, "Investing Activities - Other": {"2020-12-31": "", "2019-12-31": "2.53800", "2018-12-31": "-8.67600", "2017-12-31": "-1.80500", "2016-12-31": "4.10400", "2015-12-31": "2.09200", "2014-12-31": "3.28100", "2013-12-31": "", "2012-12-31": "", "2011-12-31": "-2.00000", "2010-12-31": "-37.08300", "2009-12-31": "-6.00000", "2008-12-31": "-3.75000", "2007-12-31": "-0.34700", "2006-12-31": "-0.40500", "2005-12-31": "0.29900"}, "Cash Flow From Investing Activities": {"2020-12-31": "", "2019-12-31": "-78.18000", "2018-12-31": "-123.37000", "2017-12-31": "-172.30200", "2016-12-31": "-81.58500", "2015-12-31": "-78.01500", "2014-12-31": "-53.38500", "2013-12-31": "-62.41300", "2012-12-31": "16.62700", "2011-12-31": "-31.95000", "2010-12-31": "-41.47500", "2009-12-31": "-338.91200", "2008-12-31": "-86.29900", "2007-12-31": "-96.05800", "2006-12-31": "-118.01600", "2005-12-31": "-116.25600"}, "Net Long-Term Debt": {"2020-12-31": "", "2019-12-31": "", "2018-12-31": "-30.00000", "2017-12-31": "30.00000", "2016-12-31": "", "2015-12-31": "", "2014-12-31": "", "2013-12-31": "", "2012-12-31": "", "2011-12-31": "-95.00000", "2010-12-31": "-138.00000", "2009-12-31": "222.02000", "2008-12-31": "-20.43900", "2007-12-31": "-28.66700", "2006-12-31": "-16.55100", "2005-12-31": "-9.55600"}, "Net Current Debt": {"2020-12-31": "", "2019-12-31": "", "2018-12-31": "", "2017-12-31": "", "2016-12-31": "", "2015-12-31": "", "2014-12-31": "", "2013-12-31": "", "2012-12-31": "", "2011-12-31": "", "2010-12-31": "", "2009-12-31": "", "2008-12-31": "", "2007-12-31": "", "2006-12-31": "", "2005-12-31": ""}, "Debt Issuance/Retirement Net - Total": {"2020-12-31": "", "2019-12-31": "", "2018-12-31": "-30.00000", "2017-12-31": "30.00000", "2016-12-31": "", "2015-12-31": "", "2014-12-31": "", "2013-12-31": "", "2012-12-31": "", "2011-12-31": "-95.00000", "2010-12-31": "-138.00000", "2009-12-31": "222.02000", "2008-12-31": "-20.43900", "2007-12-31": "-28.66700", "2006-12-31": "-16.55100", "2005-12-31": "-9.55600"}, "Net Common Equity Issued/Repurchased": {"2020-12-31": "", "2019-12-31": "-285.44200", "2018-12-31": "-319.40200", "2017-12-31": "-194.77100", "2016-12-31": "-243.98600", "2015-12-31": "-225.83100", "2014-12-31": "-170.89100", "2013-12-31": "-140.21000", "2012-12-31": "-108.10400", "2011-12-31": "-184.71100", "2010-12-31": "-91.67900", "2009-12-31": "-29.47200", "2008-12-31": "-100.79400", "2007-12-31": "-160.77500", "2006-12-31": "-64.22900", "2005-12-31": "-154.18000"}, "Net Total Equity Issued/Repurchased": {"2020-12-31": "", "2019-12-31": "-285.44200", "2018-12-31": "-319.40200", "2017-12-31": "-194.77100", "2016-12-31": "-243.98600", "2015-12-31": "-225.83100", "2014-12-31": "-170.89100", "2013-12-31": "-140.21000", "2012-12-31": "-108.10400", "2011-12-31": "-184.71100", "2010-12-31": "-91.67900", "2009-12-31": "-29.47200", "2008-12-31": "-100.79400", "2007-12-31": "-160.77500", "2006-12-31": "-64.22900", "2005-12-31": "-154.18000"}, "Total Common And Preferred Stock Dividends Paid": {"2020-12-31": "", "2019-12-31": "-100.74500", "2018-12-31": "-94.31800", "2017-12-31": "-88.86200", "2016-12-31": "-84.68600", "2015-12-31": "-80.03000", "2014-12-31": "-74.29400", "2013-12-31": "-34.40000", "2012-12-31": "-135.33500", "2011-12-31": "-22.04100", "2010-12-31": "-54.63400", "2009-12-31": "-30.59800", "2008-12-31": "-28.94600", "2007-12-31": "-25.68300", "2006-12-31": "-22.70400", "2005-12-31": "-21.28300"}, "Financial Activities - Other": {"2020-12-31": "", "2019-12-31": "-0.43300", "2018-12-31": "", "2017-12-31": "", "2016-12-31": "", "2015-12-31": "", "2014-12-31": "20.43500", "2013-12-31": "11.82500", "2012-12-31": "0.58300", "2011-12-31": "1.43400", "2010-12-31": "1.87700", "2009-12-31": "5.72500", "2008-12-31": "7.47200", "2007-12-31": "23.69900", "2006-12-31": "32.15000", "2005-12-31": ""}, "Cash Flow From Financial Activities": {"2020-12-31": "", "2019-12-31": "-386.62000", "2018-12-31": "-443.72000", "2017-12-31": "-253.63300", "2016-12-31": "-328.67200", "2015-12-31": "-305.86100", "2014-12-31": "-224.75000", "2013-12-31": "-162.78500", "2012-12-31": "-242.85600", "2011-12-31": "-300.31800", "2010-12-31": "-282.43600", "2009-12-31": "167.67500", "2008-12-31": "-142.70700", "2007-12-31": "-191.42600", "2006-12-31": "-71.33400", "2005-12-31": "-185.01900"}, "Net Cash Flow": {"2020-12-31": "", "2019-12-31": "86.50800", "2018-12-31": "10.28700", "2017-12-31": "48.55100", "2016-12-31": "14.04000", "2015-12-31": "12.21500", "2014-12-31": "89.17300", "2013-12-31": "126.02600", "2012-12-31": "31.26100", "2011-12-31": "-75.30600", "2010-12-31": "-94.58500", "2009-12-31": "174.23400", "2008-12-31": "55.72200", "2007-12-31": "73.97300", "2006-12-31": "156.82000", "2005-12-31": "-86.83800"}, "Stock-Based Compensation": {"2020-12-31": "", "2019-12-31": "24.58200", "2018-12-31": "23.80500", "2017-12-31": "36.36600", "2016-12-31": "16.01700", "2015-12-31": "17.31200", "2014-12-31": "13.46300", "2013-12-31": "37.86500", "2012-12-31": "15.73600", "2011-12-31": "14.11200", "2010-12-31": "26.78300", "2009-12-31": "14.50300", "2008-12-31": "16.01000", "2007-12-31": "28.19500", "2006-12-31": "24.81100", "2005-12-31": ""}, "Common Stock Dividends Paid": {"2020-12-31": "", "2019-12-31": "-100.74500", "2018-12-31": "-94.31800", "2017-12-31": "-88.86200", "2016-12-31": "-84.68600", "2015-12-31": "-80.03000", "2014-12-31": "-74.29400", "2013-12-31": "-34.40000", "2012-12-31": "-135.33500", "2011-12-31": "-22.04100", "2010-12-31": "-54.63400", "2009-12-31": "-30.59800", "2008-12-31": "-28.94600", "2007-12-31": "-25.68300", "2006-12-31": "-22.70400", "2005-12-31": "-21.28300"}}, "cash flow statement, quarterly": {"Net Income/Loss": {"2020-12-31": -321.404, "2020-09-30": 111.096, "2020-06-30": 101.066, "2020-03-31": "109.24200", "2019-12-31": 128.737, "2019-09-30": 132.168, "2019-06-30": 126.54, "2019-03-31": "113.98100", "2018-12-31": 116.034, "2018-09-30": 128.319, "2018-06-30": 121.677, "2018-03-31": "139.83800", "2017-12-31": 122.144, "2017-09-30": 101.739, "2017-06-30": 91.769, "2017-03-31": "88.73700", "2016-12-31": 88.611, "2016-09-30": 86.704, "2016-06-30": 81.005, "2016-03-31": "77.49700", "2015-12-31": 81.379, "2015-09-30": 79.425, "2015-06-30": 86.24, "2015-03-31": "84.61100", "2014-12-31": 77.097, "2014-09-30": 83.983, "2014-06-30": 82.813, "2014-03-31": "74.82000", "2013-12-31": 65.515, "2013-09-30": 67.195, "2013-06-30": 83.494, "2013-03-31": "72.27000", "2012-12-31": 56.974, "2012-09-30": 51.086, "2012-06-30": 49.739, "2012-03-31": "50.23500", "2011-12-31": 44.853, "2011-09-30": 49.644, "2011-06-30": 54.113, "2011-03-31": "58.04000", "2010-12-31": 62.902, "2010-09-30": 56.721, "2010-06-30": 53.839, "2010-03-31": "59.85800", "2009-12-31": 76.569, "2009-09-30": 80.673, "2009-06-30": 64.127, "2009-03-31": "51.06300", "2008-12-31": 30.935, "2008-09-30": 65.388, "2008-06-30": 122.258, "2008-03-31": "48.94600", "2007-12-31": 228.06, "2007-09-30": 73.299, "2007-06-30": 69.501, "2007-03-31": "63.37700", "2006-12-31": 63.624, "2006-09-30": 60.549, "2006-06-30": 57.911, "2006-03-31": "54.90600", "2005-12-31": 51.255, "2005-09-30": 49.196, "2005-06-30": 44.184, "2005-03-31": "43.70900"}, "Total Depreciation And Amortization - Cash Flow": {"2020-12-31": -62.475, "2020-09-30": 21.145, "2020-06-30": 20.78, "2020-03-31": "20.55000", "2019-12-31": 20.286, "2019-09-30": 20.356, "2019-06-30": 20.203, "2019-03-31": "20.01000", "2018-12-31": 19.752, "2018-09-30": 19.66, "2018-06-30": 19.299, "2018-03-31": "18.97600", "2017-12-31": 16.907, "2017-09-30": 20.693, "2017-06-30": 19.164, "2017-03-31": "18.82200", "2016-12-31": 18.691, "2016-09-30": 17.964, "2016-06-30": 17.718, "2016-03-31": "17.45900", "2015-12-31": 16.922, "2015-09-30": 16.945, "2015-06-30": 16.454, "2015-03-31": "16.35300", "2014-12-31": 16.022, "2014-09-30": 15.392, "2014-06-30": 14.915, "2014-03-31": "14.79800", "2013-12-31": 14.551, "2013-09-30": 14.445, "2013-06-30": 14.157, "2013-03-31": "13.94600", "2012-12-31": 13.608, "2012-09-30": 16.145, "2012-06-30": 13.037, "2012-03-31": "13.05400", "2011-12-31": 12.38, "2011-09-30": 12.354, "2011-06-30": 12.183, "2011-03-31": "11.84200", "2010-12-31": 11.663, "2010-09-30": 11.6, "2010-06-30": 11.581, "2010-03-31": "11.10600", "2009-12-31": 20.451, "2009-09-30": 20.364, "2009-06-30": 12.762, "2009-03-31": "12.56200", "2008-12-31": 12.266, "2008-09-30": 11.675, "2008-06-30": 11.498, "2008-03-31": "11.52000", "2007-12-31": 11.269, "2007-09-30": 10.991, "2007-06-30": 7.451, "2007-03-31": "7.42500", "2006-12-31": 7.298, "2006-09-30": 7.319, "2006-06-30": 7.276, "2006-03-31": "7.25400", "2005-12-31": 3.82, "2005-09-30": 4.692, "2005-06-30": 4.356, "2005-03-31": "4.28000"}, "Other Non-Cash Items": {"2020-12-31": -44.637, "2020-09-30": 9.939, "2020-06-30": 5.219, "2020-03-31": "29.47900", "2019-12-31": -22.606, "2019-09-30": 11.089, "2019-06-30": 9.467, "2019-03-31": "-1.52800", "2018-12-31": -4.584, "2018-09-30": 7.021, "2018-06-30": 7.536, "2018-03-31": "12.13600", "2017-12-31": -12.225, "2017-09-30": 9.659, "2017-06-30": 9.98, "2017-03-31": "8.40500", "2016-12-31": 1.992, "2016-09-30": 7.258, "2016-06-30": 10.534, "2016-03-31": "6.10300", "2015-12-31": 18.127, "2015-09-30": 13.657, "2015-06-30": 5.025, "2015-03-31": "3.46000", "2014-12-31": 5.633, "2014-09-30": 0.081, "2014-06-30": 7.056, "2014-03-31": "1.38000", "2013-12-31": 5.55, "2013-09-30": 22.804, "2013-06-30": 7.169, "2013-03-31": "-24.38000", "2012-12-31": -9.626, "2012-09-30": 3.506, "2012-06-30": 5.509, "2012-03-31": "-5.47400", "2011-12-31": 13.652, "2011-09-30": 7.155, "2011-06-30": 0.714, "2011-03-31": "-6.58400", "2010-12-31": -7.485, "2010-09-30": -3.333, "2010-06-30": -0.427, "2010-03-31": "-32.44500", "2009-12-31": -19.456, "2009-09-30": 18.688, "2009-06-30": 24.388, "2009-03-31": "150.41100", "2008-12-31": -34.654, "2008-09-30": -39.254, "2008-06-30": -81.26, "2008-03-31": "-4.74400", "2007-12-31": -180.1, "2007-09-30": 20.468, "2007-06-30": 21.42, "2007-03-31": "17.13800", "2006-12-31": 32.704, "2006-09-30": 14.505, "2006-06-30": 13.898, "2006-03-31": "60.36200", "2005-12-31": 11.581, "2005-09-30": 2.296, "2005-06-30": 5.785, "2005-03-31": "5.06800"}, "Total Non-Cash Items": {"2020-12-31": -107.112, "2020-09-30": 31.084, "2020-06-30": 25.999, "2020-03-31": "50.02900", "2019-12-31": -2.32, "2019-09-30": 31.445, "2019-06-30": 29.67, "2019-03-31": "18.48200", "2018-12-31": 15.168, "2018-09-30": 26.681, "2018-06-30": 26.835, "2018-03-31": "31.11200", "2017-12-31": 4.682, "2017-09-30": 30.352, "2017-06-30": 29.144, "2017-03-31": "27.22700", "2016-12-31": 20.683, "2016-09-30": 25.222, "2016-06-30": 28.252, "2016-03-31": "23.56200", "2015-12-31": 35.049, "2015-09-30": 30.602, "2015-06-30": 21.479, "2015-03-31": "19.81300", "2014-12-31": 21.655, "2014-09-30": 15.473, "2014-06-30": 21.971, "2014-03-31": "16.17800", "2013-12-31": 20.101, "2013-09-30": 37.249, "2013-06-30": 21.326, "2013-03-31": "-10.43400", "2012-12-31": 3.982, "2012-09-30": 19.651, "2012-06-30": 18.546, "2012-03-31": "7.58000", "2011-12-31": 26.032, "2011-09-30": 19.509, "2011-06-30": 12.897, "2011-03-31": "5.25800", "2010-12-31": 4.178, "2010-09-30": 8.267, "2010-06-30": 11.154, "2010-03-31": "-21.33900", "2009-12-31": 0.995, "2009-09-30": 39.052, "2009-06-30": 37.15, "2009-03-31": "162.97300", "2008-12-31": -22.388, "2008-09-30": -27.579, "2008-06-30": -69.762, "2008-03-31": "6.77600", "2007-12-31": -168.831, "2007-09-30": 31.459, "2007-06-30": 28.871, "2007-03-31": "24.56300", "2006-12-31": 40.002, "2006-09-30": 21.824, "2006-06-30": 21.174, "2006-03-31": "67.61600", "2005-12-31": 15.401, "2005-09-30": 6.988, "2005-06-30": 10.141, "2005-03-31": "9.34800"}, "Change In Accounts Receivable": {"2020-12-31": 35.4, "2020-09-30": -28.558, "2020-06-30": 8.457, "2020-03-31": "-15.29900", "2019-12-31": 7.059, "2019-09-30": -14.13, "2019-06-30": -1.733, "2019-03-31": "-20.99700", "2018-12-31": 16.76, "2018-09-30": -14.06, "2018-06-30": -4.655, "2018-03-31": "-23.90000", "2017-12-31": -14.77, "2017-09-30": -10.83, "2017-06-30": -8.096, "2017-03-31": "-13.93500", "2016-12-31": 7.252, "2016-09-30": -7.397, "2016-06-30": -8.205, "2016-03-31": "-10.12000", "2015-12-31": -7.694, "2015-09-30": -0.451, "2015-06-30": -15.279, "2015-03-31": "-4.75000", "2014-12-31": 15.203, "2014-09-30": -6.195, "2014-06-30": -6.564, "2014-03-31": "-19.36100", "2013-12-31": -0.043, "2013-09-30": -4.469, "2013-06-30": -6.681, "2013-03-31": "-14.60000", "2012-12-31": 22.062, "2012-09-30": -23.325, "2012-06-30": -21.277, "2012-03-31": "-13.59600", "2011-12-31": -1.078, "2011-09-30": 10.392, "2011-06-30": -14.579, "2011-03-31": "-2.72700", "2010-12-31": 8.992, "2010-09-30": -5.345, "2010-06-30": -4.83, "2010-03-31": "-10.99700", "2009-12-31": 8.13, "2009-09-30": -13.354, "2009-06-30": -18.57, "2009-03-31": "20.13900", "2008-12-31": 46.385, "2008-09-30": 20.541, "2008-06-30": -2.157, "2008-03-31": "1.59200", "2007-12-31": 15.075, "2007-09-30": -16.726, "2007-06-30": -21.855, "2007-03-31": "-6.39100", "2006-12-31": -17.082, "2006-09-30": -18.552, "2006-06-30": -9.169, "2006-03-31": "-6.99800", "2005-12-31": -9.724, "2005-09-30": 2.561, "2005-06-30": -2.14, "2005-03-31": "-10.16700"}, "Change In Inventories": {"2020-12-31": 0, "2020-09-30": 0, "2020-06-30": 0, "2020-03-31": "", "2019-12-31": 0, "2019-09-30": 0, "2019-06-30": 0, "2019-03-31": "", "2018-12-31": 0, "2018-09-30": 0, "2018-06-30": 0, "2018-03-31": "", "2017-12-31": 0, "2017-09-30": 0, "2017-06-30": 0, "2017-03-31": "", "2016-12-31": 0, "2016-09-30": 0, "2016-06-30": 0, "2016-03-31": "", "2015-12-31": 0, "2015-09-30": 0, "2015-06-30": 0, "2015-03-31": "", "2014-12-31": 0, "2014-09-30": 0, "2014-06-30": 0, "2014-03-31": "", "2013-12-31": 0, "2013-09-30": 0, "2013-06-30": 0, "2013-03-31": "0.50000", "2012-12-31": 0, "2012-09-30": 0, "2012-06-30": 0, "2012-03-31": "", "2011-12-31": 0, "2011-09-30": 0, "2011-06-30": 0, "2011-03-31": "", "2010-12-31": 16, "2010-09-30": 0, "2010-06-30": 0, "2010-03-31": "", "2009-12-31": 173.983, "2009-09-30": -29.973, "2009-06-30": -27.972, "2009-03-31": "-116.03800", "2008-12-31": -87.301, "2008-09-30": 34.205, "2008-06-30": 27.301, "2008-03-31": "25.79500", "2007-12-31": 0, "2007-09-30": 0, "2007-06-30": 0, "2007-03-31": "", "2006-12-31": 0, "2006-09-30": 0, "2006-06-30": 0, "2006-03-31": "", "2005-12-31": -0.247, "2005-09-30": 0.044, "2005-06-30": 2.036, "2005-03-31": "2.30300"}, "Change In Accounts Payable": {"2020-12-31": -8.615, "2020-09-30": 2.258, "2020-06-30": -2.306, "2020-03-31": "8.66300", "2019-12-31": -4.289, "2019-09-30": 3.218, "2019-06-30": 0.252, "2019-03-31": "-5.67800", "2018-12-31": 1.759, "2018-09-30": 1.642, "2018-06-30": -0.944, "2018-03-31": "3.19500", "2017-12-31": 0.839, "2017-09-30": 0.581, "2017-06-30": -3.735, "2017-03-31": "1.40600", "2016-12-31": -1.042, "2016-09-30": 3.467, "2016-06-30": -0.813, "2016-03-31": "-0.15700", "2015-12-31": 0.509, "2015-09-30": -2.137, "2015-06-30": 0.089, "2015-03-31": "-3.90200", "2014-12-31": 3.44, "2014-09-30": -1.958, "2014-06-30": 0.097, "2014-03-31": "-7.86200", "2013-12-31": 8.96, "2013-09-30": 5.473, "2013-06-30": -4.815, "2013-03-31": "-4.61800", "2012-12-31": 7.681, "2012-09-30": -0.283, "2012-06-30": 1.609, "2012-03-31": "0.24200", "2011-12-31": -4.905, "2011-09-30": 4.049, "2011-06-30": 0.114, "2011-03-31": "-1.84100", "2010-12-31": -0.644, "2010-09-30": 4.152, "2010-06-30": -6.187, "2010-03-31": "4.41300", "2009-12-31": -8.968, "2009-09-30": -1.394, "2009-06-30": 4.117, "2009-03-31": "-3.30900", "2008-12-31": -0.404, "2008-09-30": 0.907, "2008-06-30": 1.16, "2008-03-31": "1.45100", "2007-12-31": -4.896, "2007-09-30": 7.163, "2007-06-30": -3.874, "2007-03-31": "3.52100", "2006-12-31": -0.872, "2006-09-30": 0.879, "2006-06-30": 0.808, "2006-03-31": "1.40200", "2005-12-31": -0.854, "2005-09-30": 0.28, "2005-06-30": -2.263, "2005-03-31": "-3.72200"}, "Change In Assets/Liabilities": {"2020-12-31": 4.154, "2020-09-30": 16.348, "2020-06-30": 31.549, "2020-03-31": "-52.05100", "2019-12-31": 33.059, "2019-09-30": 12.032, "2019-06-30": 2.832, "2019-03-31": "-45.82600", "2018-12-31": 20.977, "2018-09-30": 12.213, "2018-06-30": 16.565, "2018-03-31": "-46.52100", "2017-12-31": 33.877, "2017-09-30": 9.112, "2017-06-30": 2.325, "2017-03-31": "-30.47900", "2016-12-31": 29.494, "2016-09-30": 18.412, "2016-06-30": -15.784, "2016-03-31": "-12.81300", "2015-12-31": 23.866, "2015-09-30": 11.355, "2015-06-30": -14.034, "2015-03-31": "-16.21400", "2014-12-31": 14.287, "2014-09-30": 12.708, "2014-06-30": -2.611, "2014-03-31": "-17.93200", "2013-12-31": 16.169, "2013-09-30": 8.481, "2013-06-30": -10.23, "2013-03-31": "4.35300", "2012-12-31": 18.971, "2012-09-30": 19.555, "2012-06-30": -10.729, "2012-03-31": "-7.89300", "2011-12-31": 15.201, "2011-09-30": 7.431, "2011-06-30": -18.863, "2011-03-31": "-3.43000", "2010-12-31": 15.641, "2010-09-30": -6.47, "2010-06-30": -8.277, "2010-03-31": "-15.55400", "2009-12-31": -143.475, "2009-09-30": 28.541, "2009-06-30": 20.158, "2009-03-31": "-62.65400", "2008-12-31": 127.632, "2008-09-30": 3.637, "2008-06-30": -32.482, "2008-03-31": "-12.89800", "2007-12-31": 27.657, "2007-09-30": 41.088, "2007-06-30": 0.747, "2007-03-31": "-24.15000", "2006-12-31": 13.862, "2006-09-30": 21.056, "2006-06-30": -5.156, "2006-03-31": "-14.94700", "2005-12-31": 20.396, "2005-09-30": 17.368, "2005-06-30": -8.219, "2005-03-31": "-16.21200"}, "Total Change In Assets/Liabilities": {"2020-12-31": 30.939, "2020-09-30": -9.952, "2020-06-30": 37.7, "2020-03-31": "-58.68700", "2019-12-31": 35.829, "2019-09-30": 1.12, "2019-06-30": 1.351, "2019-03-31": "-72.50100", "2018-12-31": 39.496, "2018-09-30": -0.205, "2018-06-30": 10.966, "2018-03-31": "-67.22600", "2017-12-31": 19.946, "2017-09-30": -1.137, "2017-06-30": -9.506, "2017-03-31": "-43.00800", "2016-12-31": 35.704, "2016-09-30": 14.482, "2016-06-30": -24.802, "2016-03-31": "-23.09000", "2015-12-31": 16.681, "2015-09-30": 8.767, "2015-06-30": -29.224, "2015-03-31": "-24.86600", "2014-12-31": 32.93, "2014-09-30": 4.555, "2014-06-30": -9.078, "2014-03-31": "-45.15500", "2013-12-31": 25.086, "2013-09-30": 9.485, "2013-06-30": -21.726, "2013-03-31": "-14.36500", "2012-12-31": 48.714, "2012-09-30": -4.053, "2012-06-30": -30.397, "2012-03-31": "-21.24700", "2011-12-31": 9.218, "2011-09-30": 21.872, "2011-06-30": -33.328, "2011-03-31": "-7.99800", "2010-12-31": 39.989, "2010-09-30": -7.663, "2010-06-30": -19.294, "2010-03-31": "-22.13800", "2009-12-31": 29.67, "2009-09-30": -16.18, "2009-06-30": -22.267, "2009-03-31": "-161.86200", "2008-12-31": 86.312, "2008-09-30": 59.29, "2008-06-30": -6.178, "2008-03-31": "15.94000", "2007-12-31": 37.836, "2007-09-30": 31.525, "2007-06-30": -24.982, "2007-03-31": "-27.02000", "2006-12-31": -4.092, "2006-09-30": 3.383, "2006-06-30": -13.517, "2006-03-31": "-20.54300", "2005-12-31": 9.571, "2005-09-30": 20.253, "2005-06-30": -10.586, "2005-03-31": "-27.79800"}, "Cash Flow From Operating Activities": {"2020-12-31": -396.524, "2020-09-30": 132.392, "2020-06-30": 165.16, "2020-03-31": "98.97200", "2019-12-31": 163.587, "2019-09-30": 163.89, "2019-06-30": 157.746, "2019-03-31": "59.89900", "2018-12-31": 170.503, "2018-09-30": 155.022, "2018-06-30": 158.702, "2018-03-31": "104.17400", "2017-12-31": 143.516, "2017-09-30": 131.53, "2017-06-30": 111.845, "2017-03-31": "73.01200", "2016-12-31": 144.786, "2016-09-30": 125.98, "2016-06-30": 84.809, "2016-03-31": "78.64500", "2015-12-31": 133.033, "2015-09-30": 117.699, "2015-06-30": 78.854, "2015-03-31": "77.93000", "2014-12-31": 130.485, "2014-09-30": 102.531, "2014-06-30": 96.295, "2014-03-31": "45.49200", "2013-12-31": 110.929, "2013-09-30": 116.981, "2013-06-30": 83.839, "2013-03-31": "39.47500", "2012-12-31": 111.591, "2012-09-30": 70.786, "2012-06-30": 35.889, "2012-03-31": "39.22400", "2011-12-31": 81.426, "2011-09-30": 82.696, "2011-06-30": 34.504, "2011-03-31": "58.33600", "2010-12-31": 108.481, "2010-09-30": 62.258, "2010-06-30": 40.487, "2010-03-31": "18.10000", "2009-12-31": 109.751, "2009-09-30": 102.001, "2009-06-30": 84.167, "2009-03-31": "49.55200", "2008-12-31": 74.448, "2008-09-30": 97.582, "2008-06-30": 44.433, "2008-03-31": "68.26500", "2007-12-31": 95.555, "2007-09-30": 132.452, "2007-06-30": 74.741, "2007-03-31": "58.70900", "2006-12-31": 94.27, "2006-09-30": 85.864, "2006-06-30": 65.627, "2006-03-31": "100.40900", "2005-12-31": 71.482, "2005-09-30": 76.504, "2005-06-30": 41.294, "2005-03-31": "25.15700"}, "Net Change In Property, Plant, And Equipment": {"2020-12-31": 61.753, "2020-09-30": -14.778, "2020-06-30": -19.843, "2020-03-31": "-27.13200", "2019-12-31": -19.835, "2019-09-30": -19.909, "2019-06-30": -20.173, "2019-03-31": "-17.25400", "2018-12-31": -18.293, "2018-09-30": -17.739, "2018-06-30": -18.786, "2018-03-31": "-18.49800", "2017-12-31": -17.677, "2017-09-30": -25.352, "2017-06-30": -23.473, "2017-03-31": "-20.06600", "2016-12-31": -21.937, "2016-09-30": -31.206, "2016-06-30": -14.56, "2016-03-31": "-14.08600", "2015-12-31": -15.654, "2015-09-30": -26.431, "2015-06-30": -16.421, "2015-03-31": "-15.37500", "2014-12-31": -10.731, "2014-09-30": -15.721, "2014-06-30": -19.859, "2014-03-31": "-17.03500", "2013-12-31": -14.394, "2013-09-30": -15.707, "2013-06-30": -17.958, "2013-03-31": "-7.79200", "2012-12-31": -6.529, "2012-09-30": -12.987, "2012-06-30": -13.165, "2012-03-31": "-21.39300", "2011-12-31": -11.925, "2011-09-30": -13.79, "2011-06-30": -9.487, "2011-03-31": "-18.02300", "2010-12-31": -12.675, "2010-09-30": -14.886, "2010-06-30": -11.831, "2010-03-31": "-12.94800", "2009-12-31": -19.2, "2009-09-30": -12.815, "2009-06-30": -14.596, "2009-03-31": "-16.60500", "2008-12-31": 36.87, "2008-09-30": -28.288, "2008-06-30": -17.185, "2008-03-31": "-17.72300", "2007-12-31": -21.833, "2007-09-30": -21.632, "2007-06-30": -24.664, "2007-03-31": "-26.19000", "2006-12-31": -29.738, "2006-09-30": -24.159, "2006-06-30": -27.303, "2006-03-31": "-24.92200", "2005-12-31": -20.692, "2005-09-30": -20.994, "2005-06-30": -20.768, "2005-03-31": "-20.86200"}, "Net Change In Intangible Assets": {"2020-12-31": 0, "2020-09-30": 0, "2020-06-30": 0, "2020-03-31": "", "2019-12-31": 0, "2019-09-30": 0, "2019-06-30": 0, "2019-03-31": "", "2018-12-31": 0, "2018-09-30": 0, "2018-06-30": 0, "2018-03-31": "", "2017-12-31": 0, "2017-09-30": 0, "2017-06-30": 0, "2017-03-31": "", "2016-12-31": 0, "2016-09-30": 0, "2016-06-30": 0, "2016-03-31": "", "2015-12-31": 0, "2015-09-30": 0, "2015-06-30": 0, "2015-03-31": "", "2014-12-31": 0, "2014-09-30": 0, "2014-06-30": 0, "2014-03-31": "", "2013-12-31": 0, "2013-09-30": 0, "2013-06-30": 0, "2013-03-31": "", "2012-12-31": 0, "2012-09-30": 0, "2012-06-30": 0, "2012-03-31": "", "2011-12-31": 0, "2011-09-30": 0, "2011-06-30": 0, "2011-03-31": "", "2010-12-31": 0, "2010-09-30": 0, "2010-06-30": 0, "2010-03-31": "", "2009-12-31": 0, "2009-09-30": 0, "2009-06-30": 0, "2009-03-31": "", "2008-12-31": -51.976, "2008-09-30": 0, "2008-06-30": 0, "2008-03-31": "", "2007-12-31": 0, "2007-09-30": 0, "2007-06-30": 0, "2007-03-31": "", "2006-12-31": 0, "2006-09-30": 0, "2006-06-30": 0, "2006-03-31": "", "2005-12-31": 0, "2005-09-30": 0, "2005-06-30": 0, "2005-03-31": ""}, "Net Acquisitions/Divestitures": {"2020-12-31": 0, "2020-09-30": 0, "2020-06-30": 0, "2020-03-31": "", "2019-12-31": 0, "2019-09-30": 0, "2019-06-30": 0, "2019-03-31": "", "2018-12-31": 0, "2018-09-30": 0, "2018-06-30": -5.794, "2018-03-31": "", "2017-12-31": -0.103, "2017-09-30": -80.131, "2017-06-30": 0, "2017-03-31": "", "2016-12-31": 0, "2016-09-30": 0, "2016-06-30": 0, "2016-03-31": "", "2015-12-31": 0, "2015-09-30": 0, "2015-06-30": 0, "2015-03-31": "", "2014-12-31": -5.582, "2014-09-30": 5.582, "2014-06-30": 0, "2014-03-31": "", "2013-12-31": 0, "2013-09-30": 0, "2013-06-30": 32.722, "2013-03-31": "-26.69400", "2012-12-31": 0, "2012-09-30": 0, "2012-06-30": 0, "2012-03-31": "", "2011-12-31": 0, "2011-09-30": 0, "2011-06-30": 0, "2011-03-31": "", "2010-12-31": 0, "2010-09-30": 0, "2010-06-30": 0, "2010-03-31": "", "2009-12-31": 0, "2009-09-30": 0, "2009-06-30": 0, "2009-03-31": "", "2008-12-31": 0, "2008-09-30": 0, "2008-06-30": 0, "2008-03-31": "", "2007-12-31": 0, "2007-09-30": 0, "2007-06-30": 0, "2007-03-31": "", "2006-12-31": 5.268, "2006-09-30": -5.268, "2006-06-30": 0, "2006-03-31": "5.26800", "2005-12-31": 0, "2005-09-30": 0, "2005-06-30": 0, "2005-03-31": ""}, "Net Change In Short-term Investments": {"2020-12-31": 1.832, "2020-09-30": -12.914, "2020-06-30": 2.802, "2020-03-31": "8.28000", "2019-12-31": -15.3, "2019-09-30": 4.632, "2019-06-30": 5.593, "2019-03-31": "1.52800", "2018-12-31": -29.893, "2018-09-30": 4.64, "2018-06-30": -13.453, "2018-03-31": "3.12200", "2017-12-31": -6.104, "2017-09-30": 4.301, "2017-06-30": 3.387, "2017-03-31": "-5.27900", "2016-12-31": 7.412, "2016-09-30": -4.997, "2016-06-30": -9.938, "2016-03-31": "3.62300", "2015-12-31": -6.297, "2015-09-30": 3.291, "2015-06-30": -6.488, "2015-03-31": "3.26800", "2014-12-31": 3.628, "2014-09-30": 3.476, "2014-06-30": -2.856, "2014-03-31": "2.43200", "2013-12-31": 1.921, "2013-09-30": -20.218, "2013-06-30": 5.843, "2013-03-31": "2.46800", "2012-12-31": 61.745, "2012-09-30": 6.415, "2012-06-30": 4.822, "2012-03-31": "1.53800", "2011-12-31": -2.874, "2011-09-30": 2.203, "2011-06-30": -0.604, "2011-03-31": "24.55000", "2010-12-31": 13.201, "2010-09-30": 8.15, "2010-06-30": 21.975, "2010-03-31": "4.62200", "2009-12-31": 25.646, "2009-09-30": -56.938, "2009-06-30": -47.645, "2009-03-31": "-190.75900", "2008-12-31": 7.633, "2008-09-30": -18.692, "2008-06-30": 8.702, "2008-03-31": "1.41200", "2007-12-31": 0.521, "2007-09-30": 1.629, "2007-06-30": -3.304, "2007-03-31": "-3.35400", "2006-12-31": 0.475, "2006-09-30": -13.784, "2006-06-30": -4.379, "2006-03-31": "0.93100", "2005-12-31": -21.924, "2005-09-30": 3.218, "2005-06-30": -12.434, "2005-03-31": "-2.09900"}, "Net Change In Long-Term Investments": {"2020-12-31": -0.842, "2020-09-30": 0.842, "2020-06-30": 0, "2020-03-31": "", "2019-12-31": 0, "2019-09-30": 0, "2019-06-30": 0, "2019-03-31": "", "2018-12-31": 0, "2018-09-30": 0, "2018-06-30": 0, "2018-03-31": "", "2017-12-31": 0, "2017-09-30": 0, "2017-06-30": 0, "2017-03-31": "", "2016-12-31": 0, "2016-09-30": 0, "2016-06-30": 0, "2016-03-31": "", "2015-12-31": 0, "2015-09-30": 0, "2015-06-30": 0, "2015-03-31": "", "2014-12-31": 2, "2014-09-30": 0, "2014-06-30": -2, "2014-03-31": "", "2013-12-31": 0, "2013-09-30": 0, "2013-06-30": -2.604, "2013-03-31": "", "2012-12-31": -3.819, "2012-09-30": 0, "2012-06-30": 0, "2012-03-31": "", "2011-12-31": 0, "2011-09-30": -4.905, "2011-06-30": 4.905, "2011-03-31": "", "2010-12-31": 0, "2010-09-30": 0, "2010-06-30": 0, "2010-03-31": "", "2009-12-31": 0, "2009-09-30": 0, "2009-06-30": 0, "2009-03-31": "", "2008-12-31": -3.302, "2008-09-30": 0, "2008-06-30": 0, "2008-03-31": "", "2007-12-31": 0, "2007-09-30": 0, "2007-06-30": 3.116, "2007-03-31": "", "2006-12-31": -5.268, "2006-09-30": 5.268, "2006-06-30": 0, "2006-03-31": "", "2005-12-31": 0, "2005-09-30": 0, "2005-06-30": 0, "2005-03-31": ""}, "Net Change In Investments - Total": {"2020-12-31": 0.99, "2020-09-30": -12.072, "2020-06-30": 2.802, "2020-03-31": "8.28000", "2019-12-31": -15.3, "2019-09-30": 4.632, "2019-06-30": 5.593, "2019-03-31": "1.52800", "2018-12-31": -29.893, "2018-09-30": 4.64, "2018-06-30": -13.453, "2018-03-31": "3.12200", "2017-12-31": -6.104, "2017-09-30": 4.301, "2017-06-30": 3.387, "2017-03-31": "-5.27900", "2016-12-31": 7.412, "2016-09-30": -4.997, "2016-06-30": -9.938, "2016-03-31": "3.62300", "2015-12-31": -6.297, "2015-09-30": 3.291, "2015-06-30": -6.488, "2015-03-31": "3.26800", "2014-12-31": 5.628, "2014-09-30": 3.476, "2014-06-30": -4.856, "2014-03-31": "2.43200", "2013-12-31": 1.921, "2013-09-30": -20.218, "2013-06-30": 3.239, "2013-03-31": "2.46800", "2012-12-31": 57.926, "2012-09-30": 6.415, "2012-06-30": 4.822, "2012-03-31": "1.53800", "2011-12-31": -2.874, "2011-09-30": -2.702, "2011-06-30": 4.301, "2011-03-31": "24.55000", "2010-12-31": 13.201, "2010-09-30": 8.15, "2010-06-30": 21.975, "2010-03-31": "4.62200", "2009-12-31": 25.646, "2009-09-30": -56.938, "2009-06-30": -47.645, "2009-03-31": "-190.75900", "2008-12-31": 4.331, "2008-09-30": -18.692, "2008-06-30": 8.702, "2008-03-31": "1.41200", "2007-12-31": 0.521, "2007-09-30": 1.629, "2007-06-30": -0.188, "2007-03-31": "-3.35400", "2006-12-31": -4.793, "2006-09-30": -8.516, "2006-06-30": -4.379, "2006-03-31": "0.93100", "2005-12-31": -21.924, "2005-09-30": 3.218, "2005-06-30": -12.434, "2005-03-31": "-2.09900"}, "Investing Activities - Other": {"2020-12-31": 1.5, "2020-09-30": 0, "2020-06-30": -3, "2020-03-31": "1.50000", "2019-12-31": 0, "2019-09-30": 2.538, "2019-06-30": 0, "2019-03-31": "", "2018-12-31": 2.224, "2018-09-30": -0.4, "2018-06-30": -10.5, "2018-03-31": "", "2017-12-31": -0.355, "2017-09-30": 0, "2017-06-30": -1.45, "2017-03-31": "", "2016-12-31": 0, "2016-09-30": 1.113, "2016-06-30": 0, "2016-03-31": "2.99100", "2015-12-31": 0.819, "2015-09-30": 0.316, "2015-06-30": -0.83, "2015-03-31": "1.78700", "2014-12-31": 3.281, "2014-09-30": -5.582, "2014-06-30": 5.582, "2014-03-31": "", "2013-12-31": 0, "2013-09-30": 0, "2013-06-30": -0.02, "2013-03-31": "0.02000", "2012-12-31": 0, "2012-09-30": 0, "2012-06-30": 0, "2012-03-31": "", "2011-12-31": -2, "2011-09-30": 0, "2011-06-30": 0, "2011-03-31": "", "2010-12-31": 0.43, "2010-09-30": 0, "2010-06-30": 1.57, "2010-03-31": "-39.08300", "2009-12-31": 0, "2009-09-30": -3, "2009-06-30": -0.6, "2009-03-31": "-2.40000", "2008-12-31": 20.25, "2008-09-30": -7.428, "2008-06-30": -4.057, "2008-03-31": "-12.51500", "2007-12-31": -0.116, "2007-09-30": -0.007, "2007-06-30": -0.224, "2007-03-31": "", "2006-12-31": 0.003, "2006-09-30": -0.252, "2006-06-30": -0.156, "2006-03-31": "", "2005-12-31": 0.055, "2005-09-30": 0.127, "2005-06-30": 0.126, "2005-03-31": "-0.00900"}, "Cash Flow From Investing Activities": {"2020-12-31": 64.243, "2020-09-30": -26.85, "2020-06-30": -20.041, "2020-03-31": "-17.35200", "2019-12-31": -35.135, "2019-09-30": -12.739, "2019-06-30": -14.58, "2019-03-31": "-15.72600", "2018-12-31": -45.962, "2018-09-30": -13.499, "2018-06-30": -48.533, "2018-03-31": "-15.37600", "2017-12-31": -24.239, "2017-09-30": -101.182, "2017-06-30": -21.536, "2017-03-31": "-25.34500", "2016-12-31": -14.525, "2016-09-30": -35.09, "2016-06-30": -24.498, "2016-03-31": "-7.47200", "2015-12-31": -21.132, "2015-09-30": -22.824, "2015-06-30": -23.739, "2015-03-31": "-10.32000", "2014-12-31": -7.404, "2014-09-30": -12.245, "2014-06-30": -19.133, "2014-03-31": "-14.60300", "2013-12-31": -12.473, "2013-09-30": -35.925, "2013-06-30": 17.983, "2013-03-31": "-31.99800", "2012-12-31": 51.397, "2012-09-30": -6.572, "2012-06-30": -8.343, "2012-03-31": "-19.85500", "2011-12-31": -16.799, "2011-09-30": -16.492, "2011-06-30": -5.186, "2011-03-31": "6.52700", "2010-12-31": 0.956, "2010-09-30": -6.736, "2010-06-30": 11.714, "2010-03-31": "-47.40900", "2009-12-31": 6.446, "2009-09-30": -72.753, "2009-06-30": -62.841, "2009-03-31": "-209.76400", "2008-12-31": 9.475, "2008-09-30": -54.408, "2008-06-30": -12.54, "2008-03-31": "-28.82600", "2007-12-31": -21.428, "2007-09-30": -20.01, "2007-06-30": -25.076, "2007-03-31": "-29.54400", "2006-12-31": -29.26, "2006-09-30": -38.195, "2006-06-30": -31.838, "2006-03-31": "-18.72300", "2005-12-31": -42.561, "2005-09-30": -17.649, "2005-06-30": -33.076, "2005-03-31": "-22.97000"}, "Net Long-Term Debt": {"2020-12-31": 0, "2020-09-30": 0, "2020-06-30": 0, "2020-03-31": "", "2019-12-31": 0, "2019-09-30": 0, "2019-06-30": 0, "2019-03-31": "", "2018-12-31": 0, "2018-09-30": 0, "2018-06-30": -30, "2018-03-31": "", "2017-12-31": -10, "2017-09-30": 40, "2017-06-30": 0, "2017-03-31": "", "2016-12-31": 0, "2016-09-30": 0, "2016-06-30": 0, "2016-03-31": "", "2015-12-31": 0, "2015-09-30": 0, "2015-06-30": 0, "2015-03-31": "", "2014-12-31": 0, "2014-09-30": 0, "2014-06-30": 0, "2014-03-31": "", "2013-12-31": 0, "2013-09-30": 0, "2013-06-30": 0, "2013-03-31": "", "2012-12-31": 0, "2012-09-30": 0, "2012-06-30": 0, "2012-03-31": "", "2011-12-31": -20, "2011-09-30": -20, "2011-06-30": -20, "2011-03-31": "-35.00000", "2010-12-31": -25, "2010-09-30": -30, "2010-06-30": -50, "2010-03-31": "-33.00000", "2009-12-31": -22.64, "2009-09-30": -2.496, "2009-06-30": 56.002, "2009-03-31": "191.15400", "2008-12-31": -5.291, "2008-09-30": -4.596, "2008-06-30": -5.365, "2008-03-31": "-5.18700", "2007-12-31": -5.972, "2007-09-30": -9.679, "2007-06-30": -4.897, "2007-03-31": "-8.11900", "2006-12-31": -3.836, "2006-09-30": -3.565, "2006-06-30": -3.761, "2006-03-31": "-5.38900", "2005-12-31": -1.389, "2005-09-30": -1.389, "2005-06-30": -1.389, "2005-03-31": "-5.38900"}, "Net Current Debt": {"2020-12-31": 0, "2020-09-30": 0, "2020-06-30": 0, "2020-03-31": "", "2019-12-31": 0, "2019-09-30": 0, "2019-06-30": 0, "2019-03-31": "", "2018-12-31": 0, "2018-09-30": 0, "2018-06-30": 10, "2018-03-31": "-10.00000", "2017-12-31": 0, "2017-09-30": 0, "2017-06-30": 0, "2017-03-31": "", "2016-12-31": 0, "2016-09-30": 0, "2016-06-30": 0, "2016-03-31": "", "2015-12-31": 0, "2015-09-30": 0, "2015-06-30": 0, "2015-03-31": "", "2014-12-31": 0, "2014-09-30": 0, "2014-06-30": 0, "2014-03-31": "", "2013-12-31": 0, "2013-09-30": 0, "2013-06-30": 0, "2013-03-31": "", "2012-12-31": 0, "2012-09-30": 0, "2012-06-30": 0, "2012-03-31": "", "2011-12-31": 0, "2011-09-30": 0, "2011-06-30": 0, "2011-03-31": "", "2010-12-31": 0, "2010-09-30": 0, "2010-06-30": 0, "2010-03-31": "", "2009-12-31": 0, "2009-09-30": 0, "2009-06-30": 0, "2009-03-31": "", "2008-12-31": 0, "2008-09-30": 0, "2008-06-30": 0, "2008-03-31": "", "2007-12-31": 0, "2007-09-30": 0, "2007-06-30": 0, "2007-03-31": "", "2006-12-31": 0, "2006-09-30": 0, "2006-06-30": 0, "2006-03-31": "", "2005-12-31": 0, "2005-09-30": 0, "2005-06-30": 0, "2005-03-31": ""}, "Debt Issuance/Retirement Net - Total": {"2020-12-31": 0, "2020-09-30": 0, "2020-06-30": 0, "2020-03-31": "", "2019-12-31": 0, "2019-09-30": 0, "2019-06-30": 0, "2019-03-31": "", "2018-12-31": 0, "2018-09-30": 0, "2018-06-30": -20, "2018-03-31": "-10.00000", "2017-12-31": -10, "2017-09-30": 40, "2017-06-30": 0, "2017-03-31": "", "2016-12-31": 0, "2016-09-30": 0, "2016-06-30": 0, "2016-03-31": "", "2015-12-31": 0, "2015-09-30": 0, "2015-06-30": 0, "2015-03-31": "", "2014-12-31": 0, "2014-09-30": 0, "2014-06-30": 0, "2014-03-31": "", "2013-12-31": 0, "2013-09-30": 0, "2013-06-30": 0, "2013-03-31": "", "2012-12-31": 0, "2012-09-30": 0, "2012-06-30": 0, "2012-03-31": "", "2011-12-31": -20, "2011-09-30": -20, "2011-06-30": -20, "2011-03-31": "-35.00000", "2010-12-31": -25, "2010-09-30": -30, "2010-06-30": -50, "2010-03-31": "-33.00000", "2009-12-31": -22.64, "2009-09-30": -2.496, "2009-06-30": 56.002, "2009-03-31": "191.15400", "2008-12-31": -5.291, "2008-09-30": -4.596, "2008-06-30": -5.365, "2008-03-31": "-5.18700", "2007-12-31": -5.972, "2007-09-30": -9.679, "2007-06-30": -4.897, "2007-03-31": "-8.11900", "2006-12-31": -3.836, "2006-09-30": -3.565, "2006-06-30": -3.761, "2006-03-31": "-5.38900", "2005-12-31": -1.389, "2005-09-30": -1.389, "2005-06-30": -1.389, "2005-03-31": "-5.38900"}, "Net Common Equity Issued/Repurchased": {"2020-12-31": 297.286, "2020-09-30": -102.469, "2020-06-30": -82.852, "2020-03-31": "-111.96500", "2019-12-31": -64.445, "2019-09-30": -61.873, "2019-06-30": -77.24, "2019-03-31": "-81.88400", "2018-12-31": -107.506, "2018-09-30": -92.482, "2018-06-30": -89.308, "2018-03-31": "-30.10600", "2017-12-31": -49.903, "2017-09-30": -51.929, "2017-06-30": -53.233, "2017-03-31": "-39.70600", "2016-12-31": -54.33, "2016-09-30": -60.262, "2016-06-30": -57.498, "2016-03-31": "-71.89600", "2015-12-31": -64.924, "2015-09-30": -70.139, "2015-06-30": -42.443, "2015-03-31": "-48.32500", "2014-12-31": -36.54, "2014-09-30": -45.628, "2014-06-30": -58.568, "2014-03-31": "-30.15500", "2013-12-31": -50.877, "2013-09-30": -42.591, "2013-06-30": -36.554, "2013-03-31": "-10.18800", "2012-12-31": -27.135, "2012-09-30": -14.835, "2012-06-30": -42.033, "2012-03-31": "-24.10100", "2011-12-31": -52.457, "2011-09-30": -58.962, "2011-06-30": -44.385, "2011-03-31": "-28.90700", "2010-12-31": -22.187, "2010-09-30": -35.67, "2010-06-30": -22.581, "2010-03-31": "-11.24100", "2009-12-31": -13.608, "2009-09-30": -13.618, "2009-06-30": 2.054, "2009-03-31": "-4.30000", "2008-12-31": -9.966, "2008-09-30": -14.271, "2008-06-30": -29.823, "2008-03-31": "-46.73400", "2007-12-31": -12.089, "2007-09-30": -53.779, "2007-06-30": -62.547, "2007-03-31": "-32.36000", "2006-12-31": -12.803, "2006-09-30": 0.515, "2006-06-30": -24.392, "2006-03-31": "-27.54900", "2005-12-31": -31.113, "2005-09-30": -40.301, "2005-06-30": -37.693, "2005-03-31": "-45.07300"}, "Net Total Equity Issued/Repurchased": {"2020-12-31": 297.286, "2020-09-30": -102.469, "2020-06-30": -82.852, "2020-03-31": "-111.96500", "2019-12-31": -64.445, "2019-09-30": -61.873, "2019-06-30": -77.24, "2019-03-31": "-81.88400", "2018-12-31": -107.506, "2018-09-30": -92.482, "2018-06-30": -89.308, "2018-03-31": "-30.10600", "2017-12-31": -49.903, "2017-09-30": -51.929, "2017-06-30": -53.233, "2017-03-31": "-39.70600", "2016-12-31": -54.33, "2016-09-30": -60.262, "2016-06-30": -57.498, "2016-03-31": "-71.89600", "2015-12-31": -64.924, "2015-09-30": -70.139, "2015-06-30": -42.443, "2015-03-31": "-48.32500", "2014-12-31": -36.54, "2014-09-30": -45.628, "2014-06-30": -58.568, "2014-03-31": "-30.15500", "2013-12-31": -50.877, "2013-09-30": -42.591, "2013-06-30": -36.554, "2013-03-31": "-10.18800", "2012-12-31": -27.135, "2012-09-30": -14.835, "2012-06-30": -42.033, "2012-03-31": "-24.10100", "2011-12-31": -52.457, "2011-09-30": -58.962, "2011-06-30": -44.385, "2011-03-31": "-28.90700", "2010-12-31": -22.187, "2010-09-30": -35.67, "2010-06-30": -22.581, "2010-03-31": "-11.24100", "2009-12-31": -13.608, "2009-09-30": -13.618, "2009-06-30": 2.054, "2009-03-31": "-4.30000", "2008-12-31": -9.966, "2008-09-30": -14.271, "2008-06-30": -29.823, "2008-03-31": "-46.73400", "2007-12-31": -12.089, "2007-09-30": -53.779, "2007-06-30": -62.547, "2007-03-31": "-32.36000", "2006-12-31": -12.803, "2006-09-30": 0.515, "2006-06-30": -24.392, "2006-03-31": "-27.54900", "2005-12-31": -31.113, "2005-09-30": -40.301, "2005-06-30": -37.693, "2005-03-31": "-45.07300"}, "Total Common And Preferred Stock Dividends Paid": {"2020-12-31": 103.914, "2020-09-30": 0, "2020-06-30": -51.462, "2020-03-31": "-52.45200", "2019-12-31": 0, "2019-09-30": 0, "2019-06-30": -49.985, "2019-03-31": "-50.76000", "2018-12-31": 0, "2018-09-30": 0, "2018-06-30": -47.139, "2018-03-31": "-47.17900", "2017-12-31": 0, "2017-09-30": 0, "2017-06-30": -44.265, "2017-03-31": "-44.59700", "2016-12-31": 0, "2016-09-30": -0.06, "2016-06-30": -41.949, "2016-03-31": "-42.67700", "2015-12-31": 0, "2015-09-30": 0, "2015-06-30": -39.852, "2015-03-31": "-40.17800", "2014-12-31": 0, "2014-09-30": -0.038, "2014-06-30": -36.942, "2014-03-31": "-37.31400", "2013-12-31": 0, "2013-09-30": 0, "2013-06-30": -34.4, "2013-03-31": "", "2012-12-31": -82.7, "2012-09-30": 0, "2012-06-30": -26.117, "2012-03-31": "-26.51800", "2011-12-31": 0, "2011-09-30": 0, "2011-06-30": -22.041, "2011-03-31": "", "2010-12-31": -18.623, "2010-09-30": 0, "2010-06-30": -18.89, "2010-03-31": "-17.12100", "2009-12-31": 0, "2009-09-30": 0, "2009-06-30": -15.301, "2009-03-31": "-15.29700", "2008-12-31": 0, "2008-09-30": -0.004, "2008-06-30": -15.335, "2008-03-31": "-13.60700", "2007-12-31": 0, "2007-09-30": 0, "2007-06-30": -13.802, "2007-03-31": "-11.88100", "2006-12-31": 0, "2006-09-30": 0, "2006-06-30": -11.845, "2006-03-31": "-10.85900", "2005-12-31": 0, "2005-09-30": 0, "2005-06-30": -11.065, "2005-03-31": "-10.21800"}, "Financial Activities - Other": {"2020-12-31": 0.633, "2020-09-30": 0, "2020-06-30": 0, "2020-03-31": "-0.63300", "2019-12-31": -0.433, "2019-09-30": 0, "2019-06-30": 0, "2019-03-31": "", "2018-12-31": 0, "2018-09-30": 0, "2018-06-30": 0, "2018-03-31": "", "2017-12-31": 0, "2017-09-30": 0, "2017-06-30": 0, "2017-03-31": "", "2016-12-31": 0, "2016-09-30": 0, "2016-06-30": 0, "2016-03-31": "", "2015-12-31": -11.446, "2015-09-30": 3.213, "2015-06-30": 4.965, "2015-03-31": "3.26800", "2014-12-31": 7.063, "2014-09-30": 5.755, "2014-06-30": 2.208, "2014-03-31": "5.40900", "2013-12-31": 3.48, "2013-09-30": 1.69, "2013-06-30": 4.092, "2013-03-31": "2.56300", "2012-12-31": 1.417, "2012-09-30": 0.804, "2012-06-30": -0.029, "2012-03-31": "-1.60900", "2011-12-31": -0.049, "2011-09-30": -0.688, "2011-06-30": 1.38, "2011-03-31": "0.79100", "2010-12-31": 0.887, "2010-09-30": -0.003, "2010-06-30": 0.538, "2010-03-31": "0.45500", "2009-12-31": 3.443, "2009-09-30": 1.223, "2009-06-30": 0.963, "2009-03-31": "0.09600", "2008-12-31": 2.187, "2008-09-30": 1.102, "2008-06-30": 2.636, "2008-03-31": "1.54700", "2007-12-31": 7.661, "2007-09-30": 1.918, "2007-06-30": 6.388, "2007-03-31": "7.73200", "2006-12-31": 7.296, "2006-09-30": 9.378, "2006-06-30": 10.534, "2006-03-31": "4.94200", "2005-12-31": 0, "2005-09-30": 0, "2005-06-30": 0, "2005-03-31": ""}, "Cash Flow From Financial Activities": {"2020-12-31": 401.833, "2020-09-30": -102.469, "2020-06-30": -134.314, "2020-03-31": "-165.05000", "2019-12-31": -64.878, "2019-09-30": -61.873, "2019-06-30": -127.225, "2019-03-31": "-132.64400", "2018-12-31": -107.506, "2018-09-30": -92.482, "2018-06-30": -156.447, "2018-03-31": "-87.28500", "2017-12-31": -59.903, "2017-09-30": -11.929, "2017-06-30": -97.498, "2017-03-31": "-84.30300", "2016-12-31": -54.33, "2016-09-30": -60.322, "2016-06-30": -99.447, "2016-03-31": "-114.57300", "2015-12-31": -76.37, "2015-09-30": -66.926, "2015-06-30": -77.33, "2015-03-31": "-85.23500", "2014-12-31": -29.477, "2014-09-30": -39.911, "2014-06-30": -93.302, "2014-03-31": "-62.06000", "2013-12-31": -47.397, "2013-09-30": -40.901, "2013-06-30": -66.862, "2013-03-31": "-7.62500", "2012-12-31": -108.418, "2012-09-30": -14.031, "2012-06-30": -68.179, "2012-03-31": "-52.22800", "2011-12-31": -72.506, "2011-09-30": -79.65, "2011-06-30": -85.046, "2011-03-31": "-63.11600", "2010-12-31": -64.923, "2010-09-30": -65.673, "2010-06-30": -90.933, "2010-03-31": "-60.90700", "2009-12-31": -32.805, "2009-09-30": -14.891, "2009-06-30": 43.718, "2009-03-31": "171.65300", "2008-12-31": -13.07, "2008-09-30": -17.769, "2008-06-30": -47.887, "2008-03-31": "-63.98100", "2007-12-31": -10.4, "2007-09-30": -61.54, "2007-06-30": -74.858, "2007-03-31": "-44.62800", "2006-12-31": -9.343, "2006-09-30": 6.328, "2006-06-30": -29.464, "2006-03-31": "-38.85500", "2005-12-31": -32.502, "2005-09-30": -41.69, "2005-06-30": -50.147, "2005-03-31": "-60.68000"}, "Net Cash Flow": {"2020-12-31": 73.748, "2020-09-30": 9.422, "2020-06-30": 11.406, "2020-03-31": "-94.57600", "2019-12-31": 73.638, "2019-09-30": 85.123, "2019-06-30": 12.946, "2019-03-31": "-85.19900", "2018-12-31": 12.563, "2018-09-30": 48.525, "2018-06-30": -54.855, "2018-03-31": "4.05400", "2017-12-31": 59.278, "2017-09-30": 24.61, "2017-06-30": -1.008, "2017-03-31": "-34.32900", "2016-12-31": 70.539, "2016-09-30": 28.395, "2016-06-30": -43.486, "2016-03-31": "-41.40800", "2015-12-31": 32.072, "2015-09-30": 22.748, "2015-06-30": -18.419, "2015-03-31": "-24.18600", "2014-12-31": 89.532, "2014-09-30": 45.747, "2014-06-30": -13.385, "2014-03-31": "-32.72100", "2013-12-31": 51.059, "2013-09-30": 40.155, "2013-06-30": 34.96, "2013-03-31": "-0.14800", "2012-12-31": 54.57, "2012-09-30": 50.183, "2012-06-30": -40.633, "2012-03-31": "-32.85900", "2011-12-31": -7.879, "2011-09-30": -13.446, "2011-06-30": -55.728, "2011-03-31": "1.74700", "2010-12-31": 44.514, "2010-09-30": -10.151, "2010-06-30": -38.732, "2010-03-31": "-90.21600", "2009-12-31": 83.392, "2009-09-30": 14.357, "2009-06-30": 65.044, "2009-03-31": "11.44100", "2008-12-31": 70.853, "2008-09-30": 25.405, "2008-06-30": -15.994, "2008-03-31": "-24.54200", "2007-12-31": 63.727, "2007-09-30": 50.902, "2007-06-30": -25.193, "2007-03-31": "-15.46300", "2006-12-31": 55.667, "2006-09-30": 53.997, "2006-06-30": 4.325, "2006-03-31": "42.83100", "2005-12-31": -3.581, "2005-09-30": 17.165, "2005-06-30": -41.929, "2005-03-31": "-58.49300"}, "Stock-Based Compensation": {"2020-12-31": -20.458, "2020-09-30": 6.467, "2020-06-30": 7.062, "2020-03-31": "6.92900", "2019-12-31": 9.027, "2019-09-30": 5.453, "2019-06-30": 5.064, "2019-03-31": "5.03800", "2018-12-31": 7.409, "2018-09-30": 5.878, "2018-06-30": 5.323, "2018-03-31": "5.19500", "2017-12-31": 16.839, "2017-09-30": 7.088, "2017-06-30": 6.259, "2017-03-31": "6.18000", "2016-12-31": 3.973, "2016-09-30": 4.066, "2016-06-30": 4.189, "2016-03-31": "3.78900", "2015-12-31": 5.836, "2015-09-30": 3.867, "2015-06-30": 3.859, "2015-03-31": "3.75000", "2014-12-31": 3.982, "2014-09-30": 3.786, "2014-06-30": 2.872, "2014-03-31": "2.82300", "2013-12-31": 10.868, "2013-09-30": 11.097, "2013-06-30": 10.607, "2013-03-31": "5.29300", "2012-12-31": 3.959, "2012-09-30": 3.879, "2012-06-30": 3.865, "2012-03-31": "4.03300", "2011-12-31": 3.146, "2011-09-30": 3.424, "2011-06-30": 3.81, "2011-03-31": "3.73200", "2010-12-31": 10.38, "2010-09-30": 3.468, "2010-06-30": 6.278, "2010-03-31": "6.65700", "2009-12-31": 4.294, "2009-09-30": 3.418, "2009-06-30": 3.361, "2009-03-31": "3.43000", "2008-12-31": 3.054, "2008-09-30": 3.746, "2008-06-30": 4.527, "2008-03-31": "4.68300", "2007-12-31": 7.735, "2007-09-30": 7.002, "2007-06-30": 6.941, "2007-03-31": "6.51700", "2006-12-31": 9.509, "2006-09-30": 7.22, "2006-06-30": 3.595, "2006-03-31": "4.48700", "2005-12-31": 0, "2005-09-30": 0, "2005-06-30": 0, "2005-03-31": ""}, "Common Stock Dividends Paid": {"2020-12-31": 103.914, "2020-09-30": 0, "2020-06-30": -51.462, "2020-03-31": "-52.45200", "2019-12-31": 0, "2019-09-30": 0, "2019-06-30": -49.985, "2019-03-31": "-50.76000", "2018-12-31": 0, "2018-09-30": 0, "2018-06-30": -47.139, "2018-03-31": "-47.17900", "2017-12-31": 0, "2017-09-30": 0, "2017-06-30": -44.265, "2017-03-31": "-44.59700", "2016-12-31": 0, "2016-09-30": -0.06, "2016-06-30": -41.949, "2016-03-31": "-42.67700", "2015-12-31": 0, "2015-09-30": 0, "2015-06-30": -39.852, "2015-03-31": "-40.17800", "2014-12-31": 0, "2014-09-30": -0.038, "2014-06-30": -36.942, "2014-03-31": "-37.31400", "2013-12-31": 0, "2013-09-30": 0, "2013-06-30": -34.4, "2013-03-31": "", "2012-12-31": -82.7, "2012-09-30": 0, "2012-06-30": -26.117, "2012-03-31": "-26.51800", "2011-12-31": 0, "2011-09-30": 0, "2011-06-30": -22.041, "2011-03-31": "", "2010-12-31": -18.623, "2010-09-30": 0, "2010-06-30": -18.89, "2010-03-31": "-17.12100", "2009-12-31": 0, "2009-09-30": 0, "2009-06-30": -15.301, "2009-03-31": "-15.29700", "2008-12-31": 0, "2008-09-30": -0.004, "2008-06-30": -15.335, "2008-03-31": "-13.60700", "2007-12-31": 0, "2007-09-30": 0, "2007-06-30": -13.802, "2007-03-31": "-11.88100", "2006-12-31": 0, "2006-09-30": 0, "2006-06-30": -11.845, "2006-03-31": "-10.85900", "2005-12-31": 0, "2005-09-30": 0, "2005-06-30": -11.065, "2005-03-31": "-10.21800"}}, "financial ratios": {"Current Ratio": {"2019-12-31": "4.44480", "2018-12-31": "4.02700", "2017-12-31": "4.14400", "2016-12-31": "4.16180", "2015-12-31": "4.47130", "2014-12-31": "4.34750", "2013-12-31": "4.07280", "2012-12-31": "4.61430", "2011-12-31": "4.20290", "2010-12-31": "5.35830", "2009-12-31": "5.16020", "2008-12-31": "2.24210", "2007-12-31": "3.01660", "2006-12-31": "2.99030", "2005-12-31": "1.93010"}, "Long-term Debt / Capital": {"2019-12-31": "", "2018-12-31": "", "2017-12-31": "0.01990", "2016-12-31": "", "2015-12-31": "", "2014-12-31": "", "2013-12-31": "", "2012-12-31": "", "2011-12-31": "", "2010-12-31": "0.08250", "2009-12-31": "0.19330", "2008-12-31": "0.02690", "2007-12-31": "0.05490", "2006-12-31": "0.09680", "2005-12-31": "0.02090"}, "Debt/Equity Ratio": {"2019-12-31": "", "2018-12-31": "", "2017-12-31": "0.02030", "2016-12-31": "", "2015-12-31": "", "2014-12-31": "", "2013-12-31": "", "2012-12-31": "", "2011-12-31": "", "2010-12-31": "0.08990", "2009-12-31": "0.24580", "2008-12-31": "0.03590", "2007-12-31": "0.06870", "2006-12-31": "0.12790", "2005-12-31": "0.03410"}, "Gross Margin": {"2019-12-31": "100.00000", "2018-12-31": "100.00000", "2017-12-31": "100.00000", "2016-12-31": "100.00000", "2015-12-31": "98.17210", "2014-12-31": "98.18310", "2013-12-31": "97.81120", "2012-12-31": "97.59310", "2011-12-31": "97.09360", "2010-12-31": "96.79390", "2009-12-31": "96.12030", "2008-12-31": "94.58800", "2007-12-31": "87.10600", "2006-12-31": "87.42630", "2005-12-31": "83.27270"}, "Operating Margin": {"2019-12-31": "27.90640", "2018-12-31": "27.21320", "2017-12-31": "26.00270", "2016-12-31": "26.80570", "2015-12-31": "26.84840", "2014-12-31": "27.86590", "2013-12-31": "22.05860", "2012-12-31": "21.31600", "2011-12-31": "21.94890", "2010-12-31": "24.14790", "2009-12-31": "34.29430", "2008-12-31": "39.77410", "2007-12-31": "43.38660", "2006-12-31": "42.39430", "2005-12-31": "27.82540"}, "EBIT Margin": {"2019-12-31": "27.90640", "2018-12-31": "27.21320", "2017-12-31": "26.00270", "2016-12-31": "26.80570", "2015-12-31": "26.84840", "2014-12-31": "27.86590", "2013-12-31": "22.05860", "2012-12-31": "21.31600", "2011-12-31": "21.94890", "2010-12-31": "24.14790", "2009-12-31": "34.29430", "2008-12-31": "39.77410", "2007-12-31": "43.38660", "2006-12-31": "42.39430", "2005-12-31": "27.82540"}, "EBITDA Margin": {"2019-12-31": "32.80710", "2018-12-31": "31.99640", "2017-12-31": "30.95410", "2016-12-31": "31.93090", "2015-12-31": "31.84560", "2014-12-31": "32.69430", "2013-12-31": "27.12900", "2012-12-31": "26.94250", "2011-12-31": "27.19340", "2010-12-31": "29.24880", "2009-12-31": "40.53060", "2008-12-31": "43.53710", "2007-12-31": "46.09920", "2006-12-31": "44.87340", "2005-12-31": "30.04370"}, "Pre-Tax Profit Margin": {"2019-12-31": "38.27180", "2018-12-31": "37.81670", "2017-12-31": "36.49000", "2016-12-31": "36.28030", "2015-12-31": "37.51140", "2014-12-31": "38.67770", "2013-12-31": "38.66310", "2012-12-31": "33.19790", "2011-12-31": "34.25600", "2010-12-31": "41.04870", "2009-12-31": "34.16330", "2008-12-31": "28.38570", "2007-12-31": "42.76170", "2006-12-31": "30.51300", "2005-12-31": "38.18970"}, "Net Profit Margin": {"2019-12-31": "30.39160", "2018-12-31": "31.14630", "2017-12-31": "26.49040", "2016-12-31": "23.81780", "2015-12-31": "24.85780", "2014-12-31": "25.17470", "2013-12-31": "25.58530", "2012-12-31": "20.84070", "2011-12-31": "22.04510", "2010-12-31": "25.71910", "2009-12-31": "16.43820", "2008-12-31": "11.15890", "2007-12-31": "18.97760", "2006-12-31": "20.15650", "2005-12-31": "24.36510"}, "Asset Turnover": {"2019-12-31": "0.76690", "2018-12-31": "0.82380", "2017-12-31": "0.82370", "2016-12-31": "0.85630", "2015-12-31": "0.83980", "2014-12-31": "0.82050", "2013-12-31": "0.78250", "2012-12-31": "0.75780", "2011-12-31": "0.71820", "2010-12-31": "0.65410", "2009-12-31": "0.69140", "2008-12-31": "0.93010", "2007-12-31": "1.09320", "2006-12-31": "1.08900", "2005-12-31": "1.17630"}, "Inventory Turnover Ratio": {"2019-12-31": "", "2018-12-31": "", "2017-12-31": "", "2016-12-31": "", "2015-12-31": "", "2014-12-31": "", "2013-12-31": "", "2012-12-31": "", "2011-12-31": "", "2010-12-31": "", "2009-12-31": "", "2008-12-31": "", "2007-12-31": "", "2006-12-31": "", "2005-12-31": ""}, "Receiveable Turnover": {"2019-12-31": "4.18200", "2018-12-31": "4.44730", "2017-12-31": "4.49820", "2016-12-31": "4.83760", "2015-12-31": "4.92110", "2014-12-31": "5.21390", "2013-12-31": "4.98230", "2012-12-31": "4.89370", "2011-12-31": "5.53710", "2010-12-31": "5.43420", "2009-12-31": "4.99200", "2008-12-31": "5.99360", "2007-12-31": "4.97630", "2006-12-31": "4.80680", "2005-12-31": "6.01350"}, "Days Sales In Receivables": {"2019-12-31": "87.27940", "2018-12-31": "82.07270", "2017-12-31": "81.14420", "2016-12-31": "75.45040", "2015-12-31": "74.17070", "2014-12-31": "70.00480", "2013-12-31": "73.25980", "2012-12-31": "74.58630", "2011-12-31": "65.91910", "2010-12-31": "67.16740", "2009-12-31": "73.11750", "2008-12-31": "60.89840", "2007-12-31": "73.34750", "2006-12-31": "75.93340", "2005-12-31": "60.69660"}, "ROE - Return On Equity": {"2019-12-31": "28.83780", "2018-12-31": "31.75280", "2017-12-31": "27.38210", "2016-12-31": "25.61690", "2015-12-31": "25.71530", "2014-12-31": "25.54580", "2013-12-31": "24.95450", "2012-12-31": "19.67540", "2011-12-31": "19.84240", "2010-12-31": "22.07950", "2009-12-31": "26.40820", "2008-12-31": "30.43980", "2007-12-31": "57.40970", "2006-12-31": "37.58690", "2005-12-31": "44.66430"}, "Return On Tangible Equity": {"2019-12-31": "30.45770", "2018-12-31": "33.79240", "2017-12-31": "28.98280", "2016-12-31": "25.61690", "2015-12-31": "25.71530", "2014-12-31": "25.54580", "2013-12-31": "24.95450", "2012-12-31": "19.67540", "2011-12-31": "19.84240", "2010-12-31": "22.07950", "2009-12-31": "28.26300", "2008-12-31": "33.29460", "2007-12-31": "64.48770", "2006-12-31": "43.90050", "2005-12-31": "44.66430"}, "ROA - Return On Assets": {"2019-12-31": "23.30730", "2018-12-31": "25.65690", "2017-12-31": "21.81910", "2016-12-31": "20.39420", "2015-12-31": "20.87680", "2014-12-31": "20.65710", "2013-12-31": "20.04450", "2012-12-31": "15.88260", "2011-12-31": "15.96300", "2010-12-31": "16.94130", "2009-12-31": "17.76180", "2008-12-31": "19.93920", "2007-12-31": "34.67340", "2006-12-31": "21.94950", "2005-12-31": "28.66090"}, "ROI - Return On Investment": {"2019-12-31": "28.83780", "2018-12-31": "31.75280", "2017-12-31": "26.83690", "2016-12-31": "25.61690", "2015-12-31": "25.71530", "2014-12-31": "25.54580", "2013-12-31": "24.95450", "2012-12-31": "19.67540", "2011-12-31": "19.84240", "2010-12-31": "20.25830", "2009-12-31": "21.30420", "2008-12-31": "29.61970", "2007-12-31": "54.25560", "2006-12-31": "33.95030", "2005-12-31": "43.73100"}, "Book Value Per Share": {"2019-12-31": "11.61160", "2018-12-31": "10.36980", "2017-12-31": "9.40250", "2016-12-31": "8.19410", "2015-12-31": "7.87700", "2014-12-31": "7.48470", "2013-12-31": "6.83050", "2012-12-31": "6.13940", "2011-12-31": "5.90040", "2010-12-31": "5.67700", "2009-12-31": "5.42360", "2008-12-31": "4.59670", "2007-12-31": "3.89140", "2006-12-31": "6.37180", "2005-12-31": "2.13880"}, "Operating Cash Flow Per Share": {"2019-12-31": -0.1302, "2018-12-31": 0.8152, "2017-12-31": 0.1935, "2016-12-31": 0.2379, "2015-12-31": 0.2308, "2014-12-31": 0.1732, "2013-12-31": 0.5347, "2012-12-31": 0.0685, "2011-12-31": 0.1907, "2010-12-31": -0.5965, "2009-12-31": 0.343, "2008-12-31": -0.3289, "2007-12-31": 0.0843, "2006-12-31": 0.6634, "2005-12-31": 1.0396}, "Free Cash Flow Per Share": {"2019-12-31": -0.1737, "2018-12-31": 0.894, "2017-12-31": 0.1574, "2016-12-31": 0.1761, "2015-12-31": 0.1623, "2014-12-31": 0.124, "2013-12-31": 0.5243, "2012-12-31": 0.0501, "2011-12-31": 0.1766, "2010-12-31": -0.5418, "2009-12-31": 0.1481, "2008-12-31": 0.0026, "2007-12-31": 0.14, "2006-12-31": 0.5453, "2005-12-31": 0.6357}}, "financial ratios, quarterly": {"Current Ratio": {"2020-09-30": "5.08910", "2020-06-30": "5.22140", "2020-03-31": "5.94140", "2019-12-31": "4.44480", "2019-09-30": "5.74010", "2019-06-30": "5.77630", "2019-03-31": "5.85680", "2018-12-31": "4.02700", "2018-09-30": "5.37900", "2018-06-30": "5.46150", "2018-03-31": "6.43300", "2017-12-31": "4.14400", "2017-09-30": "5.52000", "2017-06-30": "5.75430", "2017-03-31": "5.76890", "2016-12-31": "4.16180", "2016-09-30": "5.40440", "2016-06-30": "6.16040", "2016-03-31": "5.65910", "2015-12-31": "4.47130", "2015-09-30": "5.97740", "2015-06-30": "6.51790", "2015-03-31": "5.77820", "2014-12-31": "4.34750", "2014-09-30": "5.57980", "2014-06-30": "5.55940", "2014-03-31": "5.48160", "2013-12-31": "4.07280", "2013-09-30": "5.50690", "2013-06-30": "5.74010", "2013-03-31": "5.02630", "2012-12-31": "4.61430", "2012-09-30": "5.29880", "2012-06-30": "5.65000", "2012-03-31": "5.19310", "2011-12-31": "4.20290", "2011-09-30": "4.80130", "2011-06-30": "6.36180", "2011-03-31": "5.61900", "2010-12-31": "5.35830", "2010-09-30": "5.69380", "2010-06-30": "5.69810", "2010-03-31": "5.53240", "2009-12-31": "5.16020", "2009-09-30": "5.95150", "2009-06-30": "5.23770", "2009-03-31": "4.31220", "2008-12-31": "2.24210", "2008-09-30": "2.66940", "2008-06-30": "2.98740", "2008-03-31": "3.04950", "2007-12-31": "3.01660", "2007-09-30": "3.35850", "2007-06-30": "3.96600", "2007-03-31": "3.90590", "2006-12-31": "2.99030", "2006-09-30": "2.95340", "2006-06-30": "3.02680", "2006-03-31": "2.77490", "2005-12-31": "1.93010", "2005-09-30": "2.00670", "2005-06-30": "2.14090", "2005-03-31": "2.26390"}, "Long-term Debt / Capital": {"2020-09-30": "", "2020-06-30": "", "2020-03-31": "", "2019-12-31": "", "2019-09-30": "", "2019-06-30": "", "2019-03-31": "", "2018-12-31": "", "2018-09-30": "", "2018-06-30": "", "2018-03-31": "0.01220", "2017-12-31": "0.01990", "2017-09-30": "0.02720", "2017-06-30": "", "2017-03-31": "", "2016-12-31": "", "2016-09-30": "", "2016-06-30": "", "2016-03-31": "", "2015-12-31": "", "2015-09-30": "", "2015-06-30": "", "2015-03-31": "", "2014-12-31": "", "2014-09-30": "", "2014-06-30": "", "2014-03-31": "", "2013-12-31": "", "2013-09-30": "", "2013-06-30": "", "2013-03-31": "", "2012-12-31": "", "2012-09-30": "", "2012-06-30": "", "2012-03-31": "", "2011-12-31": "", "2011-09-30": "", "2011-06-30": "0.03550", "2011-03-31": "0.05200", "2010-12-31": "0.08250", "2010-09-30": "0.10520", "2010-06-30": "0.13140", "2010-03-31": "0.16990", "2009-12-31": "0.19330", "2009-09-30": "0.21280", "2009-06-30": "0.22500", "2009-03-31": "0.19390", "2008-12-31": "0.02690", "2008-09-30": "0.03640", "2008-06-30": "0.04240", "2008-03-31": "0.04900", "2007-12-31": "0.05490", "2007-09-30": "0.06530", "2007-06-30": "0.07780", "2007-03-31": "0.08460", "2006-12-31": "0.09680", "2006-09-30": "0.10920", "2006-06-30": "0.13020", "2006-03-31": "0.14500", "2005-12-31": "0.02090", "2005-09-30": "0.02150", "2005-06-30": "0.02200", "2005-03-31": "0.02180"}, "Debt/Equity Ratio": {"2020-09-30": "0.00490", "2020-06-30": "", "2020-03-31": "", "2019-12-31": "0.00530", "2019-09-30": "", "2019-06-30": "", "2019-03-31": "", "2018-12-31": "", "2018-09-30": "", "2018-06-30": "", "2018-03-31": "0.01240", "2017-12-31": "0.02030", "2017-09-30": "0.02790", "2017-06-30": "", "2017-03-31": "", "2016-12-31": "", "2016-09-30": "", "2016-06-30": "", "2016-03-31": "", "2015-12-31": "", "2015-09-30": "", "2015-06-30": "", "2015-03-31": "", "2014-12-31": "", "2014-09-30": "", "2014-06-30": "", "2014-03-31": "", "2013-12-31": "", "2013-09-30": "", "2013-06-30": "", "2013-03-31": "", "2012-12-31": "", "2012-09-30": "", "2012-06-30": "", "2012-03-31": "", "2011-12-31": "", "2011-09-30": "0.01870", "2011-06-30": "0.03680", "2011-03-31": "0.05490", "2010-12-31": "0.08990", "2010-09-30": "0.11760", "2010-06-30": "0.15120", "2010-03-31": "0.20470", "2009-12-31": "0.24580", "2009-09-30": "0.27670", "2009-06-30": "0.29720", "2009-03-31": "0.24760", "2008-12-31": "0.03590", "2008-09-30": "0.04700", "2008-06-30": "0.05420", "2008-03-31": "0.06150", "2007-12-31": "0.06870", "2007-09-30": "0.08100", "2007-06-30": "0.09870", "2007-03-31": "0.10690", "2006-12-31": "0.12790", "2006-09-30": "0.14690", "2006-06-30": "0.17790", "2006-03-31": "0.20010", "2005-12-31": "0.03410", "2005-09-30": "0.03850", "2005-06-30": "0.04290", "2005-03-31": "0.04600"}, "Gross Margin": {"2020-09-30": "100.00000", "2020-06-30": "100.00000", "2020-03-31": "100.00000", "2019-12-31": "100.00000", "2019-09-30": "100.00000", "2019-06-30": "100.00000", "2019-03-31": "100.00000", "2018-12-31": "100.00000", "2018-09-30": "100.00000", "2018-06-30": "100.00000", "2018-03-31": "100.00000", "2017-12-31": "100.00000", "2017-09-30": "100.00000", "2017-06-30": "100.00000", "2017-03-31": "100.00000", "2016-12-31": "104.62700", "2016-09-30": "98.62850", "2016-06-30": "98.51880", "2016-03-31": "97.87350", "2015-12-31": "98.05460", "2015-09-30": "98.07520", "2015-06-30": "98.39200", "2015-03-31": "98.16500", "2014-12-31": "97.89780", "2014-09-30": "98.41050", "2014-06-30": "98.39440", "2014-03-31": "98.02270", "2013-12-31": "97.87380", "2013-09-30": "98.03350", "2013-06-30": "97.72010", "2013-03-31": "97.60480", "2012-12-31": "97.55160", "2012-09-30": "97.79860", "2012-06-30": "97.66450", "2012-03-31": "97.34890", "2011-12-31": "96.98740", "2011-09-30": "96.98750", "2011-06-30": "97.22450", "2011-03-31": "97.16940", "2010-12-31": "97.31160", "2010-09-30": "97.00700", "2010-06-30": "96.20560", "2010-03-31": "96.64840", "2009-12-31": "102.28840", "2009-09-30": "94.77370", "2009-06-30": "93.85180", "2009-03-31": "92.86840", "2008-12-31": "123.52370", "2008-09-30": "86.60620", "2008-06-30": "86.93720", "2008-03-31": "86.43490", "2007-12-31": "86.79550", "2007-09-30": "87.36290", "2007-06-30": "87.46250", "2007-03-31": "86.78840", "2006-12-31": "87.34220", "2006-09-30": "87.75950", "2006-06-30": "87.44890", "2006-03-31": "87.14050", "2005-12-31": "36.48760", "2005-09-30": "100.00000", "2005-06-30": "100.00000", "2005-03-31": "100.00000"}, "Operating Margin": {"2020-09-30": "26.20140", "2020-06-30": "25.03760", "2020-03-31": "26.57620", "2019-12-31": "27.42980", "2019-09-30": "28.98160", "2019-06-30": "29.33110", "2019-03-31": "25.83730", "2018-12-31": "25.41920", "2018-09-30": "27.50790", "2018-06-30": "27.24350", "2018-03-31": "28.67770", "2017-12-31": "26.20230", "2017-09-30": "25.70790", "2017-06-30": "26.11310", "2017-03-31": "25.97810", "2016-12-31": "26.61020", "2016-09-30": "27.41310", "2016-06-30": "27.20030", "2016-03-31": "25.97120", "2015-12-31": "24.51040", "2015-09-30": "25.92740", "2015-06-30": "28.39950", "2015-03-31": "28.59790", "2014-12-31": "27.96660", "2014-09-30": "28.10090", "2014-06-30": "29.36810", "2014-03-31": "25.92450", "2013-12-31": "22.89280", "2013-09-30": "22.06940", "2013-06-30": "21.11380", "2013-03-31": "22.08410", "2012-12-31": "21.47610", "2012-09-30": "21.24710", "2012-06-30": "22.30090", "2012-03-31": "20.21410", "2011-12-31": "19.61350", "2011-09-30": "21.92540", "2011-06-30": "22.69390", "2011-03-31": "23.48330", "2010-12-31": "22.41890", "2010-09-30": "25.11880", "2010-06-30": "25.03280", "2010-03-31": "24.07970", "2009-12-31": "36.93300", "2009-09-30": "34.53850", "2009-06-30": "35.70750", "2009-03-31": "29.57630", "2008-12-31": "36.39880", "2008-09-30": "39.53010", "2008-06-30": "41.02720", "2008-03-31": "41.48180", "2007-12-31": "41.26750", "2007-09-30": "44.41130", "2007-06-30": "44.76950", "2007-03-31": "43.12620", "2006-12-31": "43.32110", "2006-09-30": "42.52460", "2006-06-30": "41.45600", "2006-03-31": "42.16420", "2005-12-31": "29.35550", "2005-09-30": "27.52260", "2005-06-30": "26.51460", "2005-03-31": "27.80520"}, "EBIT Margin": {"2020-09-30": "26.20140", "2020-06-30": "25.03760", "2020-03-31": "26.57620", "2019-12-31": "27.42980", "2019-09-30": "28.98160", "2019-06-30": "29.33110", "2019-03-31": "25.83730", "2018-12-31": "25.41920", "2018-09-30": "27.50790", "2018-06-30": "27.24350", "2018-03-31": "28.67770", "2017-12-31": "26.20240", "2017-09-30": "25.70790", "2017-06-30": "26.11310", "2017-03-31": "25.97810", "2016-12-31": "26.61020", "2016-09-30": "27.41310", "2016-06-30": "27.20030", "2016-03-31": "25.97120", "2015-12-31": "24.51040", "2015-09-30": "25.92740", "2015-06-30": "28.39950", "2015-03-31": "28.59790", "2014-12-31": "27.96660", "2014-09-30": "28.10090", "2014-06-30": "29.36810", "2014-03-31": "25.92450", "2013-12-31": "22.89280", "2013-09-30": "22.06940", "2013-06-30": "21.11380", "2013-03-31": "22.08410", "2012-12-31": "21.47610", "2012-09-30": "21.24710", "2012-06-30": "22.30090", "2012-03-31": "20.21410", "2011-12-31": "19.61350", "2011-09-30": "21.92540", "2011-06-30": "22.69390", "2011-03-31": "23.48330", "2010-12-31": "22.41890", "2010-09-30": "25.11880", "2010-06-30": "25.03280", "2010-03-31": "24.07970", "2009-12-31": "36.93300", "2009-09-30": "34.53850", "2009-06-30": "35.70750", "2009-03-31": "29.57630", "2008-12-31": "36.39880", "2008-09-30": "39.53010", "2008-06-30": "41.02720", "2008-03-31": "41.48180", "2007-12-31": "41.26750", "2007-09-30": "44.41130", "2007-06-30": "44.76950", "2007-03-31": "43.12620", "2006-12-31": "43.32100", "2006-09-30": "42.52460", "2006-06-30": "41.45600", "2006-03-31": "42.16420", "2005-12-31": "29.35550", "2005-09-30": "27.52260", "2005-06-30": "26.51460", "2005-03-31": "27.80520"}, "EBITDA Margin": {"2020-09-30": "", "2020-06-30": "", "2020-03-31": "", "2019-12-31": "", "2019-09-30": "", "2019-06-30": "", "2019-03-31": "", "2018-12-31": "", "2018-09-30": "", "2018-06-30": "", "2018-03-31": "", "2017-12-31": "", "2017-09-30": "", "2017-06-30": "", "2017-03-31": "", "2016-12-31": "", "2016-09-30": "", "2016-06-30": "", "2016-03-31": "", "2015-12-31": "", "2015-09-30": "", "2015-06-30": "", "2015-03-31": "", "2014-12-31": "", "2014-09-30": "", "2014-06-30": "", "2014-03-31": "", "2013-12-31": "", "2013-09-30": "", "2013-06-30": "", "2013-03-31": "", "2012-12-31": "", "2012-09-30": "", "2012-06-30": "", "2012-03-31": "", "2011-12-31": "", "2011-09-30": "", "2011-06-30": "", "2011-03-31": "", "2010-12-31": "", "2010-09-30": "", "2010-06-30": "", "2010-03-31": "", "2009-12-31": "", "2009-09-30": "", "2009-06-30": "", "2009-03-31": "", "2008-12-31": "", "2008-09-30": "", "2008-06-30": "", "2008-03-31": "", "2007-12-31": "", "2007-09-30": "", "2007-06-30": "", "2007-03-31": "", "2006-12-31": "", "2006-09-30": "", "2006-06-30": "", "2006-03-31": "", "2005-12-31": "", "2005-09-30": "", "2005-06-30": "", "2005-03-31": ""}, "Pre-Tax Profit Margin": {"2020-09-30": "33.24670", "2020-06-30": "32.87440", "2020-03-31": "33.56070", "2019-12-31": "37.79740", "2019-09-30": "39.12760", "2019-06-30": "39.63660", "2019-03-31": "36.48950", "2018-12-31": "35.45160", "2018-09-30": "38.56180", "2018-06-30": "38.10340", "2018-03-31": "39.14170", "2017-12-31": "37.34570", "2017-09-30": "36.46700", "2017-06-30": "36.30050", "2017-03-31": "35.74050", "2016-12-31": "36.07630", "2016-09-30": "36.90780", "2016-06-30": "36.32720", "2016-03-31": "35.79160", "2015-12-31": "34.31220", "2015-09-30": "35.92970", "2015-06-30": "39.61870", "2015-03-31": "40.25270", "2014-12-31": "35.79320", "2014-09-30": "39.93770", "2014-06-30": "40.41660", "2014-03-31": "38.58150", "2013-12-31": "33.79760", "2013-09-30": "33.48810", "2013-06-30": "47.12280", "2013-03-31": "40.81300", "2012-12-31": "33.46040", "2012-09-30": "33.16800", "2012-06-30": "32.54100", "2012-03-31": "33.60680", "2011-12-31": "30.32220", "2011-09-30": "32.11460", "2011-06-30": "34.83350", "2011-03-31": "39.64160", "2010-12-31": "41.56460", "2010-09-30": "41.47000", "2010-06-30": "37.84880", "2010-03-31": "43.39130", "2009-12-31": "35.98830", "2009-09-30": "40.51060", "2009-06-30": "35.05390", "2009-03-31": "24.13090", "2008-12-31": "15.23690", "2008-09-30": "27.01260", "2008-06-30": "33.47720", "2008-03-31": "35.23010", "2007-12-31": "73.75900", "2007-09-30": "31.95520", "2007-06-30": "32.65820", "2007-03-31": "31.27090", "2006-12-31": "31.07750", "2006-09-30": "29.76480", "2006-06-30": "29.90620", "2006-03-31": "31.29910", "2005-12-31": "39.45980", "2005-09-30": "39.59380", "2005-06-30": "36.49200", "2005-03-31": "37.07060"}, "Net Profit Margin": {"2020-09-30": "26.14470", "2020-06-30": "25.22580", "2020-03-31": "26.33850", "2019-12-31": "30.41810", "2019-09-30": "31.75180", "2019-06-30": "30.89460", "2019-03-31": "28.43700", "2018-12-31": "28.64630", "2018-09-30": "31.39830", "2018-06-30": "30.05630", "2018-03-31": "34.47700", "2017-12-31": "29.92120", "2017-09-30": "26.35600", "2017-06-30": "24.64720", "2017-03-31": "24.65030", "2016-12-31": "24.02620", "2016-09-30": "24.44840", "2016-06-30": "23.55950", "2016-03-31": "23.18440", "2015-12-31": "24.26350", "2015-09-30": "23.66500", "2015-06-30": "25.53410", "2015-03-31": "25.99860", "2014-12-31": "23.88700", "2014-09-30": "26.07790", "2014-06-30": "25.97530", "2014-03-31": "24.74320", "2013-12-31": "21.90960", "2013-09-30": "23.94220", "2013-06-30": "30.40860", "2013-03-31": "26.45290", "2012-12-31": "21.62750", "2012-09-30": "20.15600", "2012-06-30": "20.54200", "2012-03-31": "21.00270", "2011-12-31": "19.62280", "2011-09-30": "21.10910", "2011-06-30": "22.54500", "2011-03-31": "24.83000", "2010-12-31": "26.96640", "2010-09-30": "25.68820", "2010-06-30": "23.41540", "2010-03-31": "26.82190", "2009-12-31": "16.14010", "2009-09-30": "19.10860", "2009-06-30": "16.49580", "2009-03-31": "13.75640", "2008-12-31": "3.59500", "2008-09-30": "10.91320", "2008-06-30": "14.00930", "2008-03-31": "14.65850", "2007-12-31": "15.17560", "2007-09-30": "20.96440", "2007-06-30": "20.24750", "2007-03-31": "19.63810", "2006-12-31": "20.16520", "2006-09-30": "20.31270", "2006-06-30": "20.31840", "2006-03-31": "19.81220", "2005-12-31": "25.17600", "2005-09-30": "25.40340", "2005-06-30": "23.24500", "2005-03-31": "23.53980"}, "Asset Turnover": {"2020-09-30": "0.20370", "2020-06-30": "0.19510", "2020-03-31": "0.20150", "2019-12-31": "0.19670", "2019-09-30": "0.20400", "2019-06-30": "0.20970", "2019-03-31": "0.20520", "2018-12-31": "0.20540", "2018-09-30": "0.21070", "2018-06-30": "0.21410", "2018-03-31": "0.21420", "2017-12-31": "0.22030", "2017-09-30": "0.22040", "2017-06-30": "0.22790", "2017-03-31": "0.22160", "2016-12-31": "0.22530", "2016-09-30": "0.22540", "2016-06-30": "0.22610", "2016-03-31": "0.21550", "2015-12-31": "0.21110", "2015-09-30": "0.21740", "2015-06-30": "0.22140", "2015-03-31": "0.21380", "2014-12-31": "0.20920", "2014-09-30": "0.21680", "2014-06-30": "0.22220", "2014-03-31": "0.21010", "2013-12-31": "0.20780", "2013-09-30": "0.20170", "2013-06-30": "0.20370", "2013-03-31": "0.20250", "2012-12-31": "0.19970", "2012-09-30": "0.18890", "2012-06-30": "0.19070", "2012-03-31": "0.18390", "2011-12-31": "0.17480", "2011-09-30": "0.17890", "2011-06-30": "0.17870", "2011-03-31": "0.16870", "2010-12-31": "0.16800", "2010-09-30": "0.16210", "2010-06-30": "0.16920", "2010-03-31": "0.15840", "2009-12-31": "0.18520", "2009-09-30": "0.18480", "2009-06-30": "0.17270", "2009-03-31": "0.17800", "2008-12-31": "0.20000", "2008-09-30": "0.24250", "2008-06-30": "0.26310", "2008-03-31": "0.26580", "2007-12-31": "0.28220", "2007-09-30": "0.29740", "2007-06-30": "0.30680", "2007-03-31": "0.29430", "2006-12-31": "0.29220", "2006-09-30": "0.30480", "2006-06-30": "0.32710", "2006-03-31": "0.33010", "2005-12-31": "0.30980", "2005-09-30": "0.31950", "2005-06-30": "0.33070", "2005-03-31": "0.31840"}, "Inventory Turnover Ratio": {"2020-09-30": "", "2020-06-30": "", "2020-03-31": "", "2019-12-31": "", "2019-09-30": "", "2019-06-30": "", "2019-03-31": "", "2018-12-31": "", "2018-09-30": "", "2018-06-30": "", "2018-03-31": "", "2017-12-31": "", "2017-09-30": "", "2017-06-30": "", "2017-03-31": "", "2016-12-31": "", "2016-09-30": "", "2016-06-30": "", "2016-03-31": "", "2015-12-31": "", "2015-09-30": "", "2015-06-30": "", "2015-03-31": "", "2014-12-31": "", "2014-09-30": "", "2014-06-30": "", "2014-03-31": "", "2013-12-31": "", "2013-09-30": "", "2013-06-30": "", "2013-03-31": "", "2012-12-31": "", "2012-09-30": "", "2012-06-30": "", "2012-03-31": "", "2011-12-31": "", "2011-09-30": "", "2011-06-30": "", "2011-03-31": "", "2010-12-31": "", "2010-09-30": "", "2010-06-30": "", "2010-03-31": "", "2009-12-31": "", "2009-09-30": "", "2009-06-30": "", "2009-03-31": "", "2008-12-31": "", "2008-09-30": "", "2008-06-30": "", "2008-03-31": "", "2007-12-31": "", "2007-09-30": "", "2007-06-30": "", "2007-03-31": "", "2006-12-31": "", "2006-09-30": "", "2006-06-30": "", "2006-03-31": "", "2005-12-31": "", "2005-09-30": "", "2005-06-30": "", "2005-03-31": ""}, "Receiveable Turnover": {"2020-09-30": "0.98860", "2020-06-30": "0.99790", "2020-03-31": "1.01230", "2019-12-31": "1.07280", "2019-09-30": "1.03680", "2019-06-30": "1.05690", "2019-03-31": "1.03760", "2018-12-31": "1.10910", "2018-09-30": "1.06980", "2018-06-30": "1.10000", "2018-03-31": "1.11680", "2017-12-31": "1.20290", "2017-09-30": "1.18960", "2017-06-30": "1.19490", "2017-03-31": "1.18550", "2016-12-31": "1.27300", "2016-09-30": "1.19610", "2016-06-30": "1.18910", "2016-03-31": "1.18870", "2015-12-31": "1.23710", "2015-09-30": "1.27380", "2015-06-30": "1.27420", "2015-03-31": "1.31400", "2014-12-31": "1.32920", "2014-09-30": "1.24940", "2014-06-30": "1.26650", "2014-03-31": "1.20470", "2013-12-31": "1.32300", "2013-09-30": "1.24210", "2013-06-30": "1.24340", "2013-03-31": "1.10010", "2012-12-31": "1.29000", "2012-09-30": "1.11300", "2012-06-30": "1.19070", "2012-03-31": "1.30650", "2011-12-31": "1.34740", "2011-09-30": "1.39700", "2011-06-30": "1.31610", "2011-03-31": "1.43350", "2010-12-31": "1.39590", "2010-09-30": "1.27840", "2010-06-30": "1.38530", "2010-03-31": "1.33440", "2009-12-31": "1.33680", "2009-09-30": "1.24660", "2009-06-30": "1.21410", "2009-03-31": "1.31620", "2008-12-31": "1.28910", "2008-09-30": "1.24550", "2008-06-30": "1.19610", "2008-03-31": "1.18370", "2007-12-31": "1.28460", "2007-09-30": "1.23630", "2007-06-30": "1.25750", "2007-03-31": "1.28640", "2006-12-31": "1.28990", "2006-09-30": "1.31960", "2006-06-30": "1.29690", "2006-03-31": "1.39360", "2005-12-31": "1.58380", "2005-09-30": "1.62910", "2005-06-30": "1.56640", "2005-03-31": "1.55620"}, "Days Sales In Receivables": {"2020-09-30": "91.03510", "2020-06-30": "90.18890", "2020-03-31": "88.91070", "2019-12-31": "83.89650", "2019-09-30": "86.80390", "2019-06-30": "85.15820", "2019-03-31": "86.73650", "2018-12-31": "81.14520", "2018-09-30": "84.12780", "2018-06-30": "81.81590", "2018-03-31": "80.58750", "2017-12-31": "74.82130", "2017-09-30": "75.65620", "2017-06-30": "75.31820", "2017-03-31": "75.91790", "2016-12-31": "70.69930", "2016-09-30": "75.24690", "2016-06-30": "75.68690", "2016-03-31": "75.71040", "2015-12-31": "72.75230", "2015-09-30": "70.65660", "2015-06-30": "70.63170", "2015-03-31": "68.49450", "2014-12-31": "67.70750", "2014-09-30": "72.03450", "2014-06-30": "71.06110", "2014-03-31": "74.70470", "2013-12-31": "68.02970", "2013-09-30": "72.46080", "2013-06-30": "72.38310", "2013-03-31": "81.80970", "2012-12-31": "69.76750", "2012-09-30": "80.86320", "2012-06-30": "75.58320", "2012-03-31": "68.88820", "2011-12-31": "66.79340", "2011-09-30": "64.42590", "2011-06-30": "68.38580", "2011-03-31": "62.78360", "2010-12-31": "64.47510", "2010-09-30": "70.40040", "2010-06-30": "64.96970", "2010-03-31": "67.44510", "2009-12-31": "67.32720", "2009-09-30": "72.19750", "2009-06-30": "74.13060", "2009-03-31": "68.37740", "2008-12-31": "69.81620", "2008-09-30": "72.25830", "2008-06-30": "75.24290", "2008-03-31": "76.03240", "2007-12-31": "70.05990", "2007-09-30": "72.79750", "2007-06-30": "71.56960", "2007-03-31": "69.96110", "2006-12-31": "69.77160", "2006-09-30": "68.20020", "2006-06-30": "69.39540", "2006-03-31": "64.57990", "2005-12-31": "56.82610", "2005-09-30": "55.24390", "2005-06-30": "57.45600", "2005-03-31": "57.83320"}, "ROE - Return On Equity": {"2020-09-30": "6.42380", "2020-06-30": "5.91500", "2020-03-31": "6.29900", "2019-12-31": "7.40390", "2019-09-30": "7.75950", "2019-06-30": "7.74180", "2019-03-31": "6.96470", "2018-12-31": "7.28330", "2018-09-30": "7.86990", "2018-06-30": "7.64840", "2018-03-31": "8.66590", "2017-12-31": "8.27060", "2017-09-30": "7.10200", "2017-06-30": "6.69000", "2017-03-31": "6.51140", "2016-12-31": "6.79990", "2016-09-30": "6.60240", "2016-06-30": "6.28780", "2016-03-31": "5.95920", "2015-12-31": "6.30980", "2015-09-30": "6.06410", "2015-06-30": "6.60350", "2015-03-31": "6.58830", "2014-12-31": "6.17960", "2014-09-30": "6.74760", "2014-06-30": "6.88190", "2014-03-31": "6.21240", "2013-12-31": "5.66740", "2013-09-30": "5.76010", "2013-06-30": "7.41180", "2013-03-31": "6.56350", "2012-12-31": "5.38850", "2012-09-30": "4.64810", "2012-06-30": "4.70560", "2012-03-31": "4.68860", "2011-12-31": "4.30670", "2011-09-30": "4.64450", "2011-06-30": "4.97790", "2011-03-31": "5.31040", "2010-12-31": "5.95250", "2010-09-30": "5.55680", "2010-06-30": "5.42840", "2010-03-31": "6.12730", "2009-12-31": "7.42220", "2009-09-30": "8.08180", "2009-06-30": "6.83850", "2009-03-31": "5.67720", "2008-12-31": "3.51980", "2008-09-30": "8.34690", "2008-06-30": "10.83660", "2008-03-31": "11.62450", "2007-12-31": "30.15140", "2007-09-30": "10.24910", "2007-06-30": "10.14600", "2007-03-31": "9.34200", "2006-12-31": "10.09090", "2006-09-30": "10.52810", "2006-06-30": "11.70360", "2006-03-31": "11.96640", "2005-12-31": "12.15470", "2005-09-30": "12.01790", "2005-06-30": "11.04710", "2005-03-31": "10.82910"}, "Return On Tangible Equity": {"2020-09-30": "6.77530", "2020-06-30": "6.24640", "2020-03-31": "6.65010", "2019-12-31": "7.81980", "2019-09-30": "8.20960", "2019-06-30": "8.21590", "2019-03-31": "7.39510", "2018-12-31": "7.75120", "2018-09-30": "8.36810", "2018-06-30": "8.15650", "2018-03-31": "9.12270", "2017-12-31": "8.75410", "2017-09-30": "7.53470", "2017-06-30": "6.69000", "2017-03-31": "6.51140", "2016-12-31": "6.79990", "2016-09-30": "6.60240", "2016-06-30": "6.28780", "2016-03-31": "5.95920", "2015-12-31": "6.30980", "2015-09-30": "6.06410", "2015-06-30": "6.60350", "2015-03-31": "6.58830", "2014-12-31": "6.17960", "2014-09-30": "6.74760", "2014-06-30": "6.88190", "2014-03-31": "6.21240", "2013-12-31": "5.66740", "2013-09-30": "5.76010", "2013-06-30": "7.41180", "2013-03-31": "6.56350", "2012-12-31": "5.38850", "2012-09-30": "4.64810", "2012-06-30": "4.70560", "2012-03-31": "4.68860", "2011-12-31": "4.30670", "2011-09-30": "4.64450", "2011-06-30": "4.97790", "2011-03-31": "5.31040", "2010-12-31": "5.95250", "2010-09-30": "5.55680", "2010-06-30": "5.42840", "2010-03-31": "6.12730", "2009-12-31": "7.94350", "2009-09-30": "8.68760", "2009-06-30": "7.40320", "2009-03-31": "6.18200", "2008-12-31": "3.85000", "2008-09-30": "9.26040", "2008-06-30": "12.09050", "2008-03-31": "13.01120", "2007-12-31": "33.86880", "2007-09-30": "11.63030", "2007-06-30": "11.61920", "2007-03-31": "10.74830", "2006-12-31": "11.78590", "2006-09-30": "12.69090", "2006-06-30": "14.59830", "2006-03-31": "15.22600", "2005-12-31": "12.15470", "2005-09-30": "12.01790", "2005-06-30": "11.04710", "2005-03-31": "10.82910"}, "ROA - Return On Assets": {"2020-09-30": "5.32680", "2020-06-30": "4.92140", "2020-03-31": "5.30810", "2019-12-31": "5.98400", "2019-09-30": "6.47690", "2019-06-30": "6.47990", "2019-03-31": "5.83580", "2018-12-31": "5.88510", "2018-09-30": "6.61670", "2018-06-30": "6.43550", "2018-03-31": "7.38440", "2017-12-31": "6.59040", "2017-09-30": "5.80900", "2017-06-30": "5.61590", "2017-03-31": "5.46220", "2016-12-31": "5.41360", "2016-09-30": "5.51000", "2016-06-30": "5.32800", "2016-03-31": "4.99710", "2015-12-31": "5.12260", "2015-09-30": "5.14570", "2015-06-30": "5.65200", "2015-03-31": "5.55930", "2014-12-31": "4.99700", "2014-09-30": "5.65250", "2014-06-30": "5.77050", "2014-03-31": "5.19950", "2013-12-31": "4.55230", "2013-09-30": "4.82830", "2013-06-30": "6.19450", "2013-03-31": "5.38280", "2012-12-31": "4.34970", "2012-09-30": "3.83410", "2012-06-30": "3.93240", "2012-03-31": "3.88330", "2011-12-31": "3.46470", "2011-09-30": "3.80790", "2011-06-30": "4.06620", "2011-03-31": "4.21180", "2010-12-31": "4.56730", "2010-09-30": "4.18910", "2010-06-30": "3.98770", "2010-03-31": "4.27950", "2009-12-31": "4.99210", "2009-09-30": "5.40330", "2009-06-30": "4.39580", "2009-03-31": "3.65680", "2008-12-31": "2.30560", "2008-09-30": "5.01680", "2008-06-30": "6.60630", "2008-03-31": "7.04250", "2007-12-31": "18.21040", "2007-09-30": "6.23460", "2007-06-30": "6.21230", "2007-03-31": "5.77880", "2006-12-31": "5.89270", "2006-09-30": "6.19180", "2006-06-30": "6.64650", "2006-03-31": "6.53970", "2005-12-31": "7.79960", "2005-09-30": "8.11680", "2005-06-30": "7.68770", "2005-03-31": "7.49390"}, "ROI - Return On Investment": {"2020-09-30": "6.42380", "2020-06-30": "5.91500", "2020-03-31": "6.29900", "2019-12-31": "7.40390", "2019-09-30": "7.75950", "2019-06-30": "7.74180", "2019-03-31": "6.96470", "2018-12-31": "7.28330", "2018-09-30": "7.86990", "2018-06-30": "7.64840", "2018-03-31": "8.55980", "2017-12-31": "8.10600", "2017-09-30": "6.90910", "2017-06-30": "6.69000", "2017-03-31": "6.51140", "2016-12-31": "6.79990", "2016-09-30": "6.60240", "2016-06-30": "6.28780", "2016-03-31": "5.95920", "2015-12-31": "6.30980", "2015-09-30": "6.06410", "2015-06-30": "6.60350", "2015-03-31": "6.58830", "2014-12-31": "6.17960", "2014-09-30": "6.74760", "2014-06-30": "6.88190", "2014-03-31": "6.21240", "2013-12-31": "5.66740", "2013-09-30": "5.76010", "2013-06-30": "7.41180", "2013-03-31": "6.56350", "2012-12-31": "5.38850", "2012-09-30": "4.64810", "2012-06-30": "4.70560", "2012-03-31": "4.68860", "2011-12-31": "4.30670", "2011-09-30": "4.64450", "2011-06-30": "4.80120", "2011-03-31": "5.03400", "2010-12-31": "5.46150", "2010-09-30": "4.97230", "2010-06-30": "4.71520", "2010-03-31": "5.08600", "2009-12-31": "5.98770", "2009-09-30": "6.36220", "2009-06-30": "5.29960", "2009-03-31": "4.57670", "2008-12-31": "3.42500", "2008-09-30": "8.04280", "2008-06-30": "10.37690", "2008-03-31": "11.05520", "2007-12-31": "28.49490", "2007-09-30": "9.58010", "2007-06-30": "9.35620", "2007-03-31": "8.55140", "2006-12-31": "9.11450", "2006-09-30": "9.37880", "2006-06-30": "10.18030", "2006-03-31": "10.23150", "2005-12-31": "11.90070", "2005-09-30": "11.75930", "2005-06-30": "10.80400", "2005-03-31": "10.59290"}, "Book Value Per Share": {"2020-09-30": "11.96910", "2020-06-30": "11.66740", "2020-03-31": "11.72570", "2019-12-31": "11.61160", "2019-09-30": "11.33860", "2019-06-30": "10.82770", "2019-03-31": "10.74730", "2018-12-31": "10.36980", "2018-09-30": "10.48730", "2018-06-30": "10.14590", "2018-03-31": "10.21370", "2017-12-31": "9.40250", "2017-09-30": "9.10100", "2017-06-30": "8.68260", "2017-03-31": "8.58790", "2016-12-31": "8.19410", "2016-09-30": "8.20990", "2016-06-30": "7.99230", "2016-03-31": "8.03210", "2015-12-31": "7.87700", "2015-09-30": "7.95740", "2015-06-30": "7.87400", "2015-03-31": "7.73320", "2014-12-31": "7.48470", "2014-09-30": "7.44790", "2014-06-30": "7.17630", "2014-03-31": "7.12350", "2013-12-31": "6.83050", "2013-09-30": "6.84200", "2013-06-30": "6.56790", "2013-03-31": "6.38900", "2012-12-31": "6.13940", "2012-09-30": "6.35790", "2012-06-30": "6.09680", "2012-03-31": "6.10620", "2011-12-31": "5.90040", "2011-09-30": "5.95110", "2011-06-30": "5.93460", "2011-03-31": "5.90600", "2010-12-31": "5.67700", "2010-09-30": "5.46430", "2010-06-30": "5.25700", "2010-03-31": "5.15230", "2009-12-31": "5.42360", "2009-09-30": "5.23900", "2009-06-30": "4.91040", "2009-03-31": "4.71340", "2008-12-31": "4.59670", "2008-09-30": "4.09530", "2008-06-30": "3.98570", "2008-03-31": "3.94830", "2007-12-31": "3.89140", "2007-09-30": "3.68400", "2007-06-30": "3.49480", "2007-03-31": "3.43280", "2006-12-31": "6.37180", "2006-09-30": "2.91010", "2006-06-30": "2.51610", "2006-03-31": "2.33530", "2005-12-31": "2.13880", "2005-09-30": "2.06490", "2005-06-30": "1.99680", "2005-03-31": "1.99700"}, "Operating Cash Flow Per Share": {"2020-09-30": 0.9153, "2020-06-30": 1.116, "2020-03-31": "0.64960", "2019-12-31": 1.0453, "2019-09-30": 1.0712, "2019-06-30": 1.0201, "2019-03-31": "0.38260", "2018-12-31": 1.0459, "2018-09-30": 0.9831, "2018-06-30": 0.983, "2018-03-31": "0.63740", "2017-12-31": 0.8709, "2017-09-30": 0.8202, "2017-06-30": 0.6945, "2017-03-31": "0.44860", "2016-12-31": 0.8751, "2016-09-30": 0.7755, "2016-06-30": 0.5167, "2016-03-31": "0.47340", "2015-12-31": 0.7811, "2015-09-30": 0.6993, "2015-06-30": 0.4659, "2015-03-31": "0.45650", "2014-12-31": 0.759, "2014-09-30": 0.5901, "2014-06-30": 0.5612, "2014-03-31": "0.26170", "2013-12-31": 0.6338, "2013-09-30": 0.6646, "2013-06-30": 0.4761, "2013-03-31": "0.22430", "2012-12-31": 0.6321, "2012-09-30": 0.405, "2012-06-30": 0.2062, "2012-03-31": "0.22080", "2011-12-31": 0.4342, "2011-09-30": 0.465, "2011-06-30": 0.1869, "2011-03-31": "0.30950", "2010-12-31": 0.5673, "2010-09-30": 0.3317, "2010-06-30": 0.2112, "2010-03-31": "0.09470", "2009-12-31": 0.5758, "2009-09-30": 0.5289, "2009-06-30": 0.4378, "2009-03-31": "0.25890", "2008-12-31": 0.3784, "2008-09-30": 0.505, "2008-06-30": 0.2306, "2008-03-31": "0.34440", "2007-12-31": 0.4599, "2007-09-30": 0.672, "2007-06-30": 0.3686, "2007-03-31": "0.28680", "2006-12-31": 0.4637, "2006-09-30": 0.4195, "2006-06-30": 0.3243, "2006-03-31": "0.49550", "2005-12-31": 0.3429, "2005-09-30": 0.3753, "2005-06-30": 0.2013, "2005-03-31": "0.12010"}, "Free Cash Flow Per Share": {"2020-09-30": 0.8118, "2020-06-30": 0.9801, "2020-03-31": "0.47150", "2019-12-31": 0.9189, "2019-09-30": 0.9406, "2019-06-30": 0.8891, "2019-03-31": "0.27240", "2018-12-31": 0.934, "2018-09-30": 0.8701, "2018-06-30": 0.8663, "2018-03-31": "0.52430", "2017-12-31": 0.7649, "2017-09-30": 0.6619, "2017-06-30": 0.5486, "2017-03-31": "0.32530", "2016-12-31": 0.7428, "2016-09-30": 0.5839, "2016-06-30": 0.428, "2016-03-31": "0.38860", "2015-12-31": 0.6895, "2015-09-30": 0.5424, "2015-06-30": 0.3688, "2015-03-31": "0.36650", "2014-12-31": 0.6962, "2014-09-30": 0.4999, "2014-06-30": 0.4451, "2014-03-31": "0.16370", "2013-12-31": 0.5514, "2013-09-30": 0.5753, "2013-06-30": 0.3742, "2013-03-31": "0.18000", "2012-12-31": 0.5958, "2012-09-30": 0.3303, "2012-06-30": 0.1301, "2012-03-31": "0.10040", "2011-12-31": 0.3713, "2011-09-30": 0.3859, "2011-06-30": 0.1354, "2011-03-31": "0.21390", "2010-12-31": 0.5016, "2010-09-30": 0.2518, "2010-06-30": 0.1495, "2010-03-31": "0.02700", "2009-12-31": 0.4749, "2009-09-30": 0.4627, "2009-06-30": 0.362, "2009-03-31": "0.17210", "2008-12-31": 0.5681, "2008-09-30": 0.3586, "2008-06-30": 0.1419, "2008-03-31": "0.25500", "2007-12-31": 0.3555, "2007-09-30": 0.5598, "2007-06-30": 0.2468, "2007-03-31": "0.15890", "2006-12-31": 0.3175, "2006-09-30": 0.3015, "2006-06-30": 0.1894, "2006-03-31": "0.37260", "2005-12-31": 0.2442, "2005-09-30": 0.2715, "2005-06-30": 0.0995, "2005-03-31": "0.02050"}}, "revenue": {"SEI Investments Annual Revenue (Millions of US $)": {"2020": "$1,684", "2019": "$1,650", "2018": "$1,624", "2017": "$1,527", "2016": "$1,402", "2015": "$1,334", "2014": "$1,266", "2013": "$1,126", "2012": "$993", "2011": "$930", "2010": "$901", "2009": "$1,061", "2008": "$1,248", "2007": "$1,369", "2006": "$1,176", "2005": "$773"}, "SEI Investments Quarterly Revenue (Millions of US $)": {"2020-12-31": "$444", "2020-09-30": "$425", "2020-06-30": "$401", "2020-03-31": "$415", "2019-12-31": "$423", "2019-09-30": "$416", "2019-06-30": "$410", "2019-03-31": "$401", "2018-12-31": "$405", "2018-09-30": "$409", "2018-06-30": "$405", "2018-03-31": "$406", "2017-12-31": "$408", "2017-09-30": "$386", "2017-06-30": "$372", "2017-03-31": "$360", "2016-12-31": "$369", "2016-09-30": "$355", "2016-06-30": "$344", "2016-03-31": "$334", "2015-12-31": "$335", "2015-09-30": "$336", "2015-06-30": "$338", "2015-03-31": "$325", "2014-12-31": "$323", "2014-09-30": "$322", "2014-06-30": "$319", "2014-03-31": "$302", "2013-12-31": "$299", "2013-09-30": "$281", "2013-06-30": "$275", "2013-03-31": "$272", "2012-12-31": "$262", "2012-09-30": "$252", "2012-06-30": "$241", "2012-03-31": "$238", "2011-12-31": "$226", "2011-09-30": "$233", "2011-06-30": "$238", "2011-03-31": "$232", "2010-12-31": "$231", "2010-09-30": "$220", "2010-06-30": "$228", "2010-03-31": "$222", "2009-12-31": "$284", "2009-09-30": "$276", "2009-06-30": "$252", "2009-03-31": "$249", "2008-12-31": "$268", "2008-09-30": "$316", "2008-06-30": "$330", "2008-03-31": "$334", "2007-12-31": "$353", "2007-09-30": "$350", "2007-06-30": "$343", "2007-03-31": "$323", "2006-12-31": "$316", "2006-09-30": "$298", "2006-06-30": "$285", "2006-03-31": "$277", "2005-12-31": "$204", "2005-09-30": "$194", "2005-06-30": "$190", "2005-03-31": "$186"}}, "gross-profit": {"SEI Investments Annual Gross Profit (Millions of US $)": {"2020": "$1,684", "2019": "$1,650", "2018": "$1,624", "2017": "$1,527", "2016": "$1,402", "2015": "$1,310", "2014": "$1,243", "2013": "$1,101", "2012": "$969", "2011": "$903", "2010": "$872", "2009": "$1,019", "2008": "$1,180", "2007": "$1,193", "2006": "$1,028", "2005": "$644"}, "SEI Investments Quarterly Gross Profit (Millions of US $)": {"2020-12-31": "$444", "2020-09-30": "$425", "2020-06-30": "$401", "2020-03-31": "$415", "2019-12-31": "$423", "2019-09-30": "$416", "2019-06-30": "$410", "2019-03-31": "$401", "2018-12-31": "$405", "2018-09-30": "$409", "2018-06-30": "$405", "2018-03-31": "$406", "2017-12-31": "$408", "2017-09-30": "$386", "2017-06-30": "$372", "2017-03-31": "$360", "2016-12-31": "$369", "2016-09-30": "$350", "2016-06-30": "$339", "2016-03-31": "$327", "2015-12-31": "$329", "2015-09-30": "$329", "2015-06-30": "$332", "2015-03-31": "$319", "2014-12-31": "$316", "2014-09-30": "$317", "2014-06-30": "$314", "2014-03-31": "$296", "2013-12-31": "$293", "2013-09-30": "$275", "2013-06-30": "$268", "2013-03-31": "$265", "2012-12-31": "$255", "2012-09-30": "$246", "2012-06-30": "$236", "2012-03-31": "$232", "2011-12-31": "$219", "2011-09-30": "$226", "2011-06-30": "$231", "2011-03-31": "$226", "2010-12-31": "$225", "2010-09-30": "$213", "2010-06-30": "$220", "2010-03-31": "$214", "2009-12-31": "$290", "2009-09-30": "$262", "2009-06-30": "$237", "2009-03-31": "$231", "2008-12-31": "$332", "2008-09-30": "$274", "2008-06-30": "$286", "2008-03-31": "$289", "2007-12-31": "$307", "2007-09-30": "$305", "2007-06-30": "$300", "2007-03-31": "$280", "2006-12-31": "$276", "2006-09-30": "$262", "2006-06-30": "$249", "2006-03-31": "$241", "2005-12-31": "$204", "2005-09-30": "$194", "2005-06-30": "$190", "2005-03-31": "$186"}}, "operating-income": {"SEI Investments Annual Operating Income (Millions of US $)": {"2020": "$446", "2019": "$460", "2018": "$442", "2017": "$397", "2016": "$376", "2015": "$358", "2014": "$353", "2013": "$248", "2012": "$212", "2011": "$204", "2010": "$218", "2009": "$364", "2008": "$496", "2007": "$594", "2006": "$498", "2005": "$215"}, "SEI Investments Quarterly Operating Income (Millions of US $)": {"2020-12-31": "$124", "2020-09-30": "$111", "2020-06-30": "$100", "2020-03-31": "$110", "2019-12-31": "$116", "2019-09-30": "$121", "2019-06-30": "$120", "2019-03-31": "$104", "2018-12-31": "$103", "2018-09-30": "$112", "2018-06-30": "$110", "2018-03-31": "$116", "2017-12-31": "$107", "2017-09-30": "$99", "2017-06-30": "$97", "2017-03-31": "$94", "2016-12-31": "$98", "2016-09-30": "$97", "2016-06-30": "$94", "2016-03-31": "$87", "2015-12-31": "$82", "2015-09-30": "$87", "2015-06-30": "$96", "2015-03-31": "$93", "2014-12-31": "$90", "2014-09-30": "$90", "2014-06-30": "$94", "2014-03-31": "$78", "2013-12-31": "$68", "2013-09-30": "$62", "2013-06-30": "$58", "2013-03-31": "$60", "2012-12-31": "$56", "2012-09-30": "$53", "2012-06-30": "$54", "2012-03-31": "$48", "2011-12-31": "$44", "2011-09-30": "$51", "2011-06-30": "$54", "2011-03-31": "$55", "2010-12-31": "$52", "2010-09-30": "$55", "2010-06-30": "$57", "2010-03-31": "$53", "2009-12-31": "$105", "2009-09-30": "$95", "2009-06-30": "$90", "2009-03-31": "$74", "2008-12-31": "$98", "2008-09-30": "$125", "2008-06-30": "$135", "2008-03-31": "$139", "2007-12-31": "$146", "2007-09-30": "$155", "2007-06-30": "$154", "2007-03-31": "$139", "2006-12-31": "$137", "2006-09-30": "$127", "2006-06-30": "$118", "2006-03-31": "$117", "2005-12-31": "$60", "2005-09-30": "$53", "2005-06-30": "$50", "2005-03-31": "$52"}}, "ebitda": {"SEI Investments Annual EBITDA (Millions of US $)": {"2019": "$541", "2018": "$520", "2017": "$473", "2016": "$448", "2015": "$425", "2014": "$414", "2013": "$306", "2012": "$267", "2011": "$253", "2010": "$263", "2009": "$430", "2008": "$543", "2007": "$631", "2006": "$528", "2005": "$232"}, "SEI Investments Quarterly EBITDA (Millions of US $)": {"2020-09-30": "$132", "2020-06-30": "$121", "2020-03-31": "$131", "2019-12-31": "$136", "2019-09-30": "$141", "2019-06-30": "$140", "2019-03-31": "$124", "2018-12-31": "$123", "2018-09-30": "$132", "2018-06-30": "$130", "2018-03-31": "$135", "2017-12-31": "$124", "2017-09-30": "$120", "2017-06-30": "$116", "2017-03-31": "$112", "2016-12-31": "$117", "2016-09-30": "$115", "2016-06-30": "$111", "2016-03-31": "$104", "2015-12-31": "$99", "2015-09-30": "$104", "2015-06-30": "$112", "2015-03-31": "$109", "2014-12-31": "$106", "2014-09-30": "$106", "2014-06-30": "$109", "2014-03-31": "$93", "2013-12-31": "$83", "2013-09-30": "$76", "2013-06-30": "$72", "2013-03-31": "$74", "2012-12-31": "$70", "2012-09-30": "$70", "2012-06-30": "$67", "2012-03-31": "$61", "2011-12-31": "$57", "2011-09-30": "$63", "2011-06-30": "$66", "2011-03-31": "$66", "2010-12-31": "$64", "2010-09-30": "$67", "2010-06-30": "$69", "2010-03-31": "$64", "2009-12-31": "$125", "2009-09-30": "$116", "2009-06-30": "$103", "2009-03-31": "$86", "2008-12-31": "$110", "2008-09-30": "$137", "2008-06-30": "$147", "2008-03-31": "$150", "2007-12-31": "$157", "2007-09-30": "$166", "2007-06-30": "$161", "2007-03-31": "$147", "2006-12-31": "$144", "2006-09-30": "$134", "2006-06-30": "$125", "2006-03-31": "$124", "2005-12-31": "$64", "2005-09-30": "$58", "2005-06-30": "$55", "2005-03-31": "$56"}}, "net-income": {"SEI Investments Annual Net Income (Millions of US $)": {"2020": "$447", "2019": "$501", "2018": "$506", "2017": "$404", "2016": "$334", "2015": "$332", "2014": "$319", "2013": "$288", "2012": "$207", "2011": "$205", "2010": "$232", "2009": "$174", "2008": "$139", "2007": "$260", "2006": "$237", "2005": "$188"}, "SEI Investments Quarterly Net Income (Millions of US $)": {"2020-12-31": "$126", "2020-09-30": "$111", "2020-06-30": "$101", "2020-03-31": "$109", "2019-12-31": "$129", "2019-09-30": "$132", "2019-06-30": "$127", "2019-03-31": "$114", "2018-12-31": "$116", "2018-09-30": "$128", "2018-06-30": "$122", "2018-03-31": "$140", "2017-12-31": "$122", "2017-09-30": "$102", "2017-06-30": "$92", "2017-03-31": "$89", "2016-12-31": "$89", "2016-09-30": "$87", "2016-06-30": "$81", "2016-03-31": "$77", "2015-12-31": "$81", "2015-09-30": "$79", "2015-06-30": "$86", "2015-03-31": "$85", "2014-12-31": "$77", "2014-09-30": "$84", "2014-06-30": "$83", "2014-03-31": "$75", "2013-12-31": "$66", "2013-09-30": "$67", "2013-06-30": "$83", "2013-03-31": "$72", "2012-12-31": "$57", "2012-09-30": "$51", "2012-06-30": "$50", "2012-03-31": "$50", "2011-12-31": "$44", "2011-09-30": "$49", "2011-06-30": "$54", "2011-03-31": "$58", "2010-12-31": "$62", "2010-09-30": "$56", "2010-06-30": "$53", "2010-03-31": "$59", "2009-12-31": "$46", "2009-09-30": "$53", "2009-06-30": "$42", "2009-03-31": "$34", "2008-12-31": "$10", "2008-09-30": "$34", "2008-06-30": "$46", "2008-03-31": "$49", "2007-12-31": "$54", "2007-09-30": "$73", "2007-06-30": "$70", "2007-03-31": "$63", "2006-12-31": "$64", "2006-09-30": "$61", "2006-06-30": "$58", "2006-03-31": "$55", "2005-12-31": "$51", "2005-09-30": "$49", "2005-06-30": "$44", "2005-03-31": "$44"}}, "eps-earnings-per-share-diluted": {"SEI Investments Annual EPS": {"2020": "$3.00", "2019": "$3.24", "2018": "$3.14", "2017": "$2.49", "2016": "$2.03", "2015": "$1.96", "2014": "$1.85", "2013": "$1.64", "2012": "$1.18", "2011": "$1.11", "2010": "$1.22", "2009": "$0.91", "2008": "$0.71", "2007": "$1.28", "2006": "$1.17", "2005": "$0.91"}, "SEI Investments Quarterly EPS": {"2020-12-31": "$0.86", "2020-09-30": "$0.75", "2020-06-30": "$0.68", "2020-03-31": "$0.72", "2019-12-31": "$0.83", "2019-09-30": "$0.86", "2019-06-30": "$0.82", "2019-03-31": "$0.73", "2018-12-31": "$0.73", "2018-09-30": "$0.80", "2018-06-30": "$0.75", "2018-03-31": "$0.86", "2017-12-31": "$0.74", "2017-09-30": "$0.63", "2017-06-30": "$0.57", "2017-03-31": "$0.55", "2016-12-31": "$0.54", "2016-09-30": "$0.53", "2016-06-30": "$0.49", "2016-03-31": "$0.47", "2015-12-31": "$0.48", "2015-09-30": "$0.47", "2015-06-30": "$0.51", "2015-03-31": "$0.50", "2014-12-31": "$0.45", "2014-09-30": "$0.49", "2014-06-30": "$0.48", "2014-03-31": "$0.43", "2013-12-31": "$0.38", "2013-09-30": "$0.38", "2013-06-30": "$0.47", "2013-03-31": "$0.41", "2012-12-31": "$0.33", "2012-09-30": "$0.29", "2012-06-30": "$0.28", "2012-03-31": "$0.28", "2011-12-31": "$0.24", "2011-09-30": "$0.27", "2011-06-30": "$0.29", "2011-03-31": "$0.31", "2010-12-31": "$0.33", "2010-09-30": "$0.30", "2010-06-30": "$0.28", "2010-03-31": "$0.31", "2009-12-31": "$0.24", "2009-09-30": "$0.27", "2009-06-30": "$0.22", "2009-03-31": "$0.18", "2008-12-31": "$0.04", "2008-09-30": "$0.18", "2008-06-30": "$0.24", "2008-03-31": "$0.25", "2007-12-31": "$0.26", "2007-09-30": "$0.37", "2007-06-30": "$0.34", "2007-03-31": "$0.31", "2006-12-31": "$0.31", "2006-09-30": "$0.30", "2006-06-30": "$0.29", "2006-03-31": "$0.27", "2005-12-31": "$0.25", "2005-09-30": "$0.24", "2005-06-30": "$0.22", "2005-03-31": "$0.21"}}, "shares-outstanding": {"SEI Investments Annual Shares Outstanding (Millions of Shares)": {"2020": "149", "2019": "155", "2018": "161", "2017": "162", "2016": "164", "2015": "170", "2014": "173", "2013": "176", "2012": "176", "2011": "184", "2010": "190", "2009": "192", "2008": "195", "2007": "202", "2006": "203", "2005": "206"}, "SEI Investments Quarterly Shares Outstanding (Millions of Shares)": {"2020-12-31": "146", "2020-09-30": "148", "2020-06-30": "150", "2020-03-31": "152", "2019-12-31": "155", "2019-09-30": "154", "2019-06-30": "155", "2019-03-31": "157", "2018-12-31": "161", "2018-09-30": "161", "2018-06-30": "162", "2018-03-31": "163", "2017-12-31": "162", "2017-09-30": "161", "2017-06-30": "162", "2017-03-31": "163", "2016-12-31": "164", "2016-09-30": "164", "2016-06-30": "165", "2016-03-31": "166", "2015-12-31": "170", "2015-09-30": "169", "2015-06-30": "170", "2015-03-31": "171", "2014-12-31": "173", "2014-09-30": "173", "2014-06-30": "172", "2014-03-31": "174", "2013-12-31": "176", "2013-09-30": "176", "2013-06-30": "176", "2013-03-31": "176", "2012-12-31": "176", "2012-09-30": "175", "2012-06-30": "176", "2012-03-31": "178", "2011-12-31": "184", "2011-09-30": "183", "2011-06-30": "187", "2011-03-31": "188", "2010-12-31": "190", "2010-09-30": "190", "2010-06-30": "192", "2010-03-31": "191", "2009-12-31": "192", "2009-09-30": "192", "2009-06-30": "192", "2009-03-31": "191", "2008-12-31": "195", "2008-09-30": "195", "2008-06-30": "196", "2008-03-31": "198", "2007-12-31": "202", "2007-09-30": "200", "2007-06-30": "204", "2007-03-31": "205", "2006-12-31": "203", "2006-09-30": "203", "2006-06-30": "203", "2006-03-31": "203", "2005-12-31": "206", "2005-09-30": "205", "2005-06-30": "207", "2005-03-31": "209"}}, "total-assets": {"SEI Investments Annual Total Assets (Millions of US $)": {"2019": "$2,151", "2018": "$1,972", "2017": "$1,853", "2016": "$1,637", "2015": "$1,589", "2014": "$1,543", "2013": "$1,439", "2012": "$1,310", "2011": "$1,295", "2010": "$1,377", "2009": "$1,534", "2008": "$1,342", "2007": "$1,252", "2006": "$1,080", "2005": "$657"}, "SEI Investments Quarterly Total Assets (Millions of US $)": {"2020-09-30": "$2,086", "2020-06-30": "$2,054", "2020-03-31": "$2,058", "2019-12-31": "$2,151", "2019-09-30": "$2,041", "2019-06-30": "$1,953", "2019-03-31": "$1,953", "2018-12-31": "$1,972", "2018-09-30": "$1,939", "2018-06-30": "$1,891", "2018-03-31": "$1,894", "2017-12-31": "$1,853", "2017-09-30": "$1,751", "2017-06-30": "$1,634", "2017-03-31": "$1,625", "2016-12-31": "$1,637", "2016-09-30": "$1,574", "2016-06-30": "$1,520", "2016-03-31": "$1,551", "2015-12-31": "$1,589", "2015-09-30": "$1,544", "2015-06-30": "$1,526", "2015-03-31": "$1,522", "2014-12-31": "$1,543", "2014-09-30": "$1,486", "2014-06-30": "$1,435", "2014-03-31": "$1,439", "2013-12-31": "$1,439", "2013-09-30": "$1,392", "2013-06-30": "$1,348", "2013-03-31": "$1,343", "2012-12-31": "$1,310", "2012-09-30": "$1,332", "2012-06-30": "$1,265", "2012-03-31": "$1,294", "2011-12-31": "$1,295", "2011-09-30": "$1,304", "2011-06-30": "$1,331", "2011-03-31": "$1,378", "2010-12-31": "$1,377", "2010-09-30": "$1,354", "2010-06-30": "$1,350", "2010-03-31": "$1,399", "2009-12-31": "$1,534", "2009-09-30": "$1,493", "2009-06-30": "$1,459", "2009-03-31": "$1,396", "2008-12-31": "$1,342", "2008-09-30": "$1,303", "2008-06-30": "$1,252", "2008-03-31": "$1,256", "2007-12-31": "$1,252", "2007-09-30": "$1,176", "2007-06-30": "$1,119", "2007-03-31": "$1,097", "2006-12-31": "$1,080", "2006-09-30": "$978", "2006-06-30": "$871", "2006-03-31": "$840", "2005-12-31": "$657", "2005-09-30": "$606", "2005-06-30": "$575", "2005-03-31": "$583"}}, "cash-on-hand": {"SEI Investments Annual Cash on Hand (Millions of US $)": {"2019": "$845", "2018": "$758", "2017": "$748", "2016": "$699", "2015": "$685", "2014": "$673", "2013": "$584", "2012": "$458", "2011": "$427", "2010": "$500", "2009": "$611", "2008": "$431", "2007": "$371", "2006": "$297", "2005": "$140"}, "SEI Investments Quarterly Cash on Hand (Millions of US $)": {"2020-09-30": "$771", "2020-06-30": "$761", "2020-03-31": "$750", "2019-12-31": "$845", "2019-09-30": "$771", "2019-06-30": "$686", "2019-03-31": "$673", "2018-12-31": "$758", "2018-09-30": "$745", "2018-06-30": "$697", "2018-03-31": "$752", "2017-12-31": "$748", "2017-09-30": "$688", "2017-06-30": "$664", "2017-03-31": "$665", "2016-12-31": "$699", "2016-09-30": "$629", "2016-06-30": "$600", "2016-03-31": "$644", "2015-12-31": "$685", "2015-09-30": "$654", "2015-06-30": "$631", "2015-03-31": "$649", "2014-12-31": "$673", "2014-09-30": "$583", "2014-06-30": "$538", "2014-03-31": "$551", "2013-12-31": "$584", "2013-09-30": "$533", "2013-06-30": "$493", "2013-03-31": "$458", "2012-12-31": "$458", "2012-09-30": "$404", "2012-06-30": "$353", "2012-03-31": "$394", "2011-12-31": "$427", "2011-09-30": "$433", "2011-06-30": "$446", "2011-03-31": "$502", "2010-12-31": "$500", "2010-09-30": "$471", "2010-06-30": "$481", "2010-03-31": "$523", "2009-12-31": "$611", "2009-09-30": "$527", "2009-06-30": "$510", "2009-03-31": "$444", "2008-12-31": "$431", "2008-09-30": "$380", "2008-06-30": "$347", "2008-03-31": "$359", "2007-12-31": "$371", "2007-09-30": "$307", "2007-06-30": "$257", "2007-03-31": "$282", "2006-12-31": "$297", "2006-09-30": "$242", "2006-06-30": "$188", "2006-03-31": "$183", "2005-12-31": "$140", "2005-09-30": "$144", "2005-06-30": "$127", "2005-03-31": "$171"}}, "long-term-debt": {"SEI Investments Annual Long Term Debt (Millions of US $)": {"2019": "$", "2018": "$", "2017": "$30", "2016": "$", "2015": "$", "2014": "$", "2013": "$", "2012": "$", "2011": "$", "2010": "$95", "2009": "$247", "2008": "$24", "2007": "$44", "2006": "$68", "2005": "$9"}, "SEI Investments Quarterly Long Term Debt (Millions of US $)": {"2020-09-30": "", "2020-06-30": "", "2020-03-31": "", "2019-12-31": "", "2019-09-30": "", "2019-06-30": "", "2019-03-31": "", "2018-12-31": "", "2018-09-30": "", "2018-06-30": "", "2018-03-31": "$20", "2017-12-31": "$30", "2017-09-30": "$40", "2017-06-30": "", "2017-03-31": "", "2016-12-31": "", "2016-09-30": "", "2016-06-30": "", "2016-03-31": "", "2015-12-31": "", "2015-09-30": "", "2015-06-30": "", "2015-03-31": "", "2014-12-31": "", "2014-09-30": "", "2014-06-30": "", "2014-03-31": "", "2013-12-31": "", "2013-09-30": "", "2013-06-30": "", "2013-03-31": "", "2012-12-31": "", "2012-09-30": "", "2012-06-30": "", "2012-03-31": "", "2011-12-31": "", "2011-09-30": "", "2011-06-30": "$40", "2011-03-31": "$60", "2010-12-31": "$95", "2010-09-30": "$120", "2010-06-30": "$150", "2010-03-31": "$200", "2009-12-31": "$247", "2009-09-30": "$270", "2009-06-30": "$272", "2009-03-31": "$216", "2008-12-31": "$24", "2008-09-30": "$30", "2008-06-30": "$34", "2008-03-31": "$39", "2007-12-31": "$44", "2007-09-30": "$50", "2007-06-30": "$58", "2007-03-31": "$63", "2006-12-31": "$68", "2006-09-30": "$70", "2006-06-30": "$74", "2006-03-31": "$78", "2005-12-31": "$9", "2005-09-30": "$9", "2005-06-30": "$9", "2005-03-31": "$9"}}, "total-liabilities": {"SEI Investments Annual Total Liabilities (Millions of US $)": {"2019": "$413", "2018": "$379", "2017": "$377", "2016": "$334", "2015": "$299", "2014": "$295", "2013": "$283", "2012": "$252", "2011": "$253", "2010": "$320", "2009": "$502", "2008": "$463", "2007": "$496", "2006": "$449", "2005": "$235"}, "SEI Investments Quarterly Total Liabilities (Millions of US $)": {"2020-09-30": "$356", "2020-06-30": "$345", "2020-03-31": "$324", "2019-12-31": "$413", "2019-09-30": "$337", "2019-06-30": "$318", "2019-03-31": "$317", "2018-12-31": "$379", "2018-09-30": "$309", "2018-06-30": "$300", "2018-03-31": "$280", "2017-12-31": "$377", "2017-09-30": "$319", "2017-06-30": "$262", "2017-03-31": "$262", "2016-12-31": "$334", "2016-09-30": "$260", "2016-06-30": "$232", "2016-03-31": "$250", "2015-12-31": "$299", "2015-09-30": "$234", "2015-06-30": "$220", "2015-03-31": "$238", "2014-12-31": "$295", "2014-09-30": "$241", "2014-06-30": "$232", "2014-03-31": "$235", "2013-12-31": "$283", "2013-09-30": "$225", "2013-06-30": "$221", "2013-03-31": "$242", "2012-12-31": "$252", "2012-09-30": "$233", "2012-06-30": "$208", "2012-03-31": "$222", "2011-12-31": "$253", "2011-09-30": "$235", "2011-06-30": "$244", "2011-03-31": "$285", "2010-12-31": "$320", "2010-09-30": "$333", "2010-06-30": "$358", "2010-03-31": "$422", "2009-12-31": "$502", "2009-09-30": "$495", "2009-06-30": "$521", "2009-03-31": "$497", "2008-12-31": "$463", "2008-09-30": "$520", "2008-06-30": "$489", "2008-03-31": "$495", "2007-12-31": "$496", "2007-09-30": "$461", "2007-06-30": "$434", "2007-03-31": "$418", "2006-12-31": "$449", "2006-09-30": "$403", "2006-06-30": "$376", "2006-03-31": "$381", "2005-12-31": "$235", "2005-09-30": "$197", "2005-06-30": "$175", "2005-03-31": "$180"}}, "total-share-holder-equity": {"SEI Investments Annual Share Holder Equity (Millions of US $)": {"2019": "$1,739", "2018": "$1,593", "2017": "$1,477", "2016": "$1,303", "2015": "$1,290", "2014": "$1,248", "2013": "$1,156", "2012": "$1,057", "2011": "$1,041", "2010": "$1,057", "2009": "$1,032", "2008": "$879", "2007": "$756", "2006": "$631", "2005": "$422"}, "SEI Investments Quarterly Share Holder Equity (Millions of US $)": {"2020-09-30": "$1,729", "2020-06-30": "$1,709", "2020-03-31": "$1,734", "2019-12-31": "$1,739", "2019-09-30": "$1,703", "2019-06-30": "$1,635", "2019-03-31": "$1,637", "2018-12-31": "$1,593", "2018-09-30": "$1,631", "2018-06-30": "$1,591", "2018-03-31": "$1,614", "2017-12-31": "$1,477", "2017-09-30": "$1,433", "2017-06-30": "$1,372", "2017-03-31": "$1,363", "2016-12-31": "$1,303", "2016-09-30": "$1,313", "2016-06-30": "$1,288", "2016-03-31": "$1,300", "2015-12-31": "$1,290", "2015-09-30": "$1,310", "2015-06-30": "$1,306", "2015-03-31": "$1,284", "2014-12-31": "$1,248", "2014-09-30": "$1,245", "2014-06-30": "$1,203", "2014-03-31": "$1,204", "2013-12-31": "$1,156", "2013-09-30": "$1,167", "2013-06-30": "$1,126", "2013-03-31": "$1,101", "2012-12-31": "$1,057", "2012-09-30": "$1,099", "2012-06-30": "$1,057", "2012-03-31": "$1,071", "2011-12-31": "$1,041", "2011-09-30": "$1,069", "2011-06-30": "$1,087", "2011-03-31": "$1,093", "2010-12-31": "$1,057", "2010-09-30": "$1,021", "2010-06-30": "$992", "2010-03-31": "$977", "2009-12-31": "$1,032", "2009-09-30": "$998", "2009-06-30": "$938", "2009-03-31": "$899", "2008-12-31": "$879", "2008-09-30": "$783", "2008-06-30": "$764", "2008-03-31": "$761", "2007-12-31": "$756", "2007-09-30": "$715", "2007-06-30": "$685", "2007-03-31": "$678", "2006-12-31": "$631", "2006-09-30": "$575", "2006-06-30": "$495", "2006-03-31": "$459", "2005-12-31": "$422", "2005-09-30": "$409", "2005-06-30": "$400", "2005-03-31": "$404"}}, "profit-margins": {"current": "26.56%"}, "gross margin": {"2020-12-31": "100.00%", "2020-09-30": "100.00%", "2020-06-30": "100.00%", "2020-03-31": "100.00%", "2019-12-31": "100.00%", "2019-09-30": "100.00%", "2019-06-30": "100.00%", "2019-03-31": "100.00%", "2018-12-31": "100.00%", "2018-09-30": "100.00%", "2018-06-30": "100.00%", "2018-03-31": "100.00%", "2017-12-31": "100.00%", "2017-09-30": "100.00%", "2017-06-30": "99.66%", "2017-03-31": "99.30%", "2016-12-31": "98.79%", "2016-09-30": "98.32%", "2016-06-30": "98.15%", "2016-03-31": "98.06%", "2015-12-31": "98.13%", "2015-09-30": "98.03%", "2015-06-30": "98.17%", "2015-03-31": "98.22%", "2014-12-31": "98.18%", "2014-09-30": "98.23%", "2014-06-30": "98.08%", "2014-03-31": "97.84%", "2013-12-31": "97.69%", "2013-09-30": "97.52%", "2013-06-30": "97.46%", "2013-03-31": "97.57%", "2012-12-31": "97.58%", "2012-09-30": "97.49%", "2012-06-30": "97.33%", "2012-03-31": "97.11%", "2011-12-31": "97.09%", "2011-09-30": "97.22%", "2011-06-30": "97.18%", "2011-03-31": "97.04%", "2010-12-31": "96.78%", "2010-09-30": "98.22%", "2010-06-30": "97.62%", "2010-03-31": "97.00%", "2009-12-31": "96.14%", "2009-09-30": "101.63%", "2009-06-30": "98.99%", "2009-03-31": "96.56%", "2008-12-31": "94.63%", "2008-09-30": "86.72%", "2008-06-30": "86.83%", "2008-03-31": "87.03%", "2007-12-31": "87.07%", "2007-09-30": "87.16%", "2007-06-30": "87.34%", "2007-03-31": "87.32%", "2006-12-31": "87.41%", "2006-09-30": "89.85%", "2006-06-30": "92.50%", "2006-03-31": "95.84%", "2005-12-31": "100.00%"}, "operating margin": {"2020-12-31": "26.41%", "2020-09-30": "26.26%", "2020-06-30": "27.01%", "2020-03-31": "28.06%", "2019-12-31": "27.94%", "2019-09-30": "27.45%", "2019-06-30": "27.02%", "2019-03-31": "26.48%", "2018-12-31": "27.14%", "2018-09-30": "27.33%", "2018-06-30": "26.92%", "2018-03-31": "26.65%", "2017-12-31": "26.02%", "2017-09-30": "26.09%", "2017-06-30": "26.51%", "2017-03-31": "26.82%", "2016-12-31": "26.82%", "2016-09-30": "26.32%", "2016-06-30": "25.95%", "2016-03-31": "26.21%", "2015-12-31": "26.84%", "2015-09-30": "27.69%", "2015-06-30": "28.21%", "2015-03-31": "28.47%", "2014-12-31": "27.80%", "2014-09-30": "26.57%", "2014-06-30": "25.15%", "2014-03-31": "22.99%", "2013-12-31": "22.01%", "2013-09-30": "21.65%", "2013-06-30": "21.39%", "2013-03-31": "21.71%", "2012-12-31": "21.25%", "2012-09-30": "20.79%", "2012-06-30": "21.00%", "2012-03-31": "21.07%", "2011-12-31": "21.96%", "2011-09-30": "22.70%", "2011-06-30": "23.45%", "2011-03-31": "24.04%", "2010-12-31": "24.08%", "2010-09-30": "28.30%", "2010-06-30": "30.69%", "2010-03-31": "33.17%", "2009-12-31": "34.31%", "2009-09-30": "34.16%", "2009-06-30": "35.67%", "2009-03-31": "37.15%", "2008-12-31": "39.82%", "2008-09-30": "40.89%", "2008-06-30": "42.06%", "2008-03-31": "43.04%", "2007-12-31": "43.39%", "2007-09-30": "43.92%", "2007-06-30": "43.52%", "2007-03-31": "42.64%", "2006-12-31": "42.43%", "2006-09-30": "39.66%", "2006-06-30": "36.25%", "2006-03-31": "32.37%", "2005-12-31": "27.78%"}, "ebitda margin": {"2020-09-30": "31.25%", "2020-06-30": "31.96%", "2020-03-31": "32.93%", "2019-12-31": "32.79%", "2019-09-30": "32.35%", "2019-06-30": "31.94%", "2019-03-31": "31.42%", "2018-12-31": "32.00%", "2018-09-30": "32.00%", "2018-06-30": "31.71%", "2018-03-31": "31.49%", "2017-12-31": "30.93%", "2017-09-30": "31.27%", "2017-06-30": "31.59%", "2017-03-31": "31.86%", "2016-12-31": "31.88%", "2016-09-30": "31.36%", "2016-06-30": "30.99%", "2016-03-31": "31.20%", "2015-12-31": "31.78%", "2015-09-30": "32.60%", "2015-06-30": "33.10%", "2015-03-31": "33.36%", "2014-12-31": "32.70%", "2014-09-30": "31.48%", "2014-06-30": "30.06%", "2014-03-31": "28.00%", "2013-12-31": "27.06%", "2013-09-30": "26.79%", "2013-06-30": "26.96%", "2013-03-31": "27.36%", "2012-12-31": "26.99%", "2012-09-30": "26.65%", "2012-06-30": "26.44%", "2012-03-31": "26.42%", "2011-12-31": "27.13%", "2011-09-30": "27.73%", "2011-06-30": "28.56%", "2011-03-31": "29.20%", "2010-12-31": "29.30%", "2010-09-30": "34.07%", "2010-06-30": "37.03%", "2010-03-31": "39.46%", "2009-12-31": "40.53%", "2009-09-30": "39.71%", "2009-06-30": "40.18%", "2009-03-31": "41.27%", "2008-12-31": "43.59%", "2008-09-30": "44.34%", "2008-06-30": "45.35%", "2008-03-31": "45.94%", "2007-12-31": "46.09%", "2007-09-30": "46.40%", "2007-06-30": "45.78%", "2007-03-31": "45.01%", "2006-12-31": "44.81%", "2006-09-30": "42.01%", "2006-06-30": "38.65%", "2006-03-31": "34.80%", "2005-12-31": "30.10%"}, "pre tax profit margin": {"2020-12-31": "33.77%", "2020-09-30": "34.38%", "2020-06-30": "35.89%", "2020-03-31": "37.50%", "2019-12-31": "38.24%", "2019-09-30": "37.68%", "2019-06-30": "37.54%", "2019-03-31": "37.16%", "2018-12-31": "37.85%", "2018-09-30": "38.27%", "2018-06-30": "37.76%", "2018-03-31": "37.34%", "2017-12-31": "36.50%", "2017-09-30": "36.18%", "2017-06-30": "36.26%", "2017-03-31": "36.27%", "2016-12-31": "36.31%", "2016-09-30": "35.89%", "2016-06-30": "35.66%", "2016-03-31": "36.49%", "2015-12-31": "37.56%", "2015-09-30": "37.97%", "2015-06-30": "38.99%", "2015-03-31": "39.18%", "2014-12-31": "38.78%", "2014-09-30": "38.33%", "2014-06-30": "36.72%", "2014-03-31": "38.12%", "2013-12-31": "38.60%", "2013-09-30": "38.72%", "2013-06-30": "38.83%", "2013-03-31": "35.25%", "2012-12-31": "33.33%", "2012-09-30": "32.60%", "2012-06-30": "32.30%", "2012-03-31": "32.83%", "2011-12-31": "34.34%", "2011-09-30": "37.04%", "2011-06-30": "39.31%", "2011-03-31": "40.07%", "2010-12-31": "40.95%", "2010-09-30": "39.31%", "2010-06-30": "39.21%", "2010-03-31": "38.49%", "2009-12-31": "34.12%", "2009-09-30": "28.80%", "2009-06-30": "25.25%", "2009-03-31": "25.45%", "2008-12-31": "28.37%", "2008-09-30": "43.06%", "2008-06-30": "43.96%", "2008-03-31": "43.70%", "2007-12-31": "42.80%", "2007-09-30": "31.76%", "2007-06-30": "31.25%", "2007-03-31": "30.52%", "2006-12-31": "30.53%", "2006-09-30": "32.05%", "2006-06-30": "34.27%", "2006-03-31": "36.18%", "2005-12-31": "38.11%"}, "net profit margin": {"2020-12-31": "26.53%", "2020-09-30": "27.04%", "2020-06-30": "28.46%", "2020-03-31": "29.87%", "2019-12-31": "30.42%", "2019-09-30": "29.96%", "2019-06-30": "29.85%", "2019-03-31": "29.63%", "2018-12-31": "31.14%", "2018-09-30": "31.45%", "2018-06-30": "30.28%", "2018-03-31": "29.01%", "2017-12-31": "26.54%", "2017-09-30": "25.02%", "2017-06-30": "24.52%", "2017-03-31": "24.23%", "2016-12-31": "23.82%", "2016-09-30": "23.83%", "2016-06-30": "23.57%", "2016-03-31": "24.05%", "2015-12-31": "24.81%", "2015-09-30": "24.74%", "2015-06-30": "25.38%", "2015-03-31": "25.52%", "2014-12-31": "25.20%", "2014-09-30": "24.80%", "2014-06-30": "24.23%", "2014-03-31": "25.15%", "2013-12-31": "25.55%", "2013-09-30": "25.60%", "2013-06-30": "24.79%", "2013-03-31": "22.40%", "2012-12-31": "20.95%", "2012-09-30": "20.38%", "2012-06-30": "20.58%", "2012-03-31": "21.07%", "2011-12-31": "22.07%", "2011-09-30": "23.88%", "2011-06-30": "24.97%", "2011-03-31": "25.14%", "2010-12-31": "25.53%", "2010-09-30": "22.43%", "2010-06-30": "20.89%", "2010-03-31": "19.34%", "2009-12-31": "16.49%", "2009-09-30": "13.30%", "2009-06-30": "11.06%", "2009-03-31": "10.66%", "2008-12-31": "11.14%", "2008-09-30": "13.73%", "2008-06-30": "16.24%", "2008-03-31": "17.83%", "2007-12-31": "18.99%", "2007-09-30": "20.27%", "2007-06-30": "20.16%", "2007-03-31": "20.13%", "2006-12-31": "20.24%", "2006-09-30": "21.15%", "2006-06-30": "22.19%", "2006-03-31": "23.01%", "2005-12-31": "24.29%"}, "pe ratio": {"current": "18.58", "2021-02-05": "26.01", "2020-12-31": "26.73", "2020-09-30": "16.85", "2020-06-30": "17.62", "2020-03-31": "14.12", "2019-12-31": "19.89", "2019-09-30": "18.53", "2019-06-30": "17.89", "2019-03-31": "16.95", "2018-12-31": "14.36", "2018-09-30": "18.74", "2018-06-30": "20.26", "2018-03-31": "25.72", "2017-12-31": "27.73", "2017-09-30": "25.50", "2017-06-30": "23.48", "2017-03-31": "22.73", "2016-12-31": "23.12", "2016-09-30": "22.00", "2016-06-30": "23.93", "2016-03-31": "21.08", "2015-12-31": "25.27", "2015-09-30": "23.50", "2015-06-30": "23.65", "2015-03-31": "21.49", "2014-12-31": "20.26", "2014-09-30": "19.01", "2014-06-30": "18.37", "2014-03-31": "18.82", "2013-12-31": "19.69", "2013-09-30": "17.96", "2013-06-30": "17.52", "2013-03-31": "20.24", "2012-12-31": "18.19", "2012-09-30": "17.41", "2012-06-30": "16.45", "2012-03-31": "16.81", "2011-12-31": "13.72", "2011-09-30": "11.26", "2011-06-30": "16.07", "2011-03-31": "17.09", "2010-12-31": "17.03", "2010-09-30": "15.65", "2010-06-30": "16.10", "2010-03-31": "18.29", "2009-12-31": "16.67", "2009-09-30": "23.54", "2009-06-30": "24.66", "2009-03-31": "16.10", "2008-12-31": "18.61", "2008-09-30": "20.15", "2008-06-30": "17.76", "2008-03-31": "17.07", "2007-12-31": "21.16", "2007-09-30": "17.40", "2007-06-30": "19.56", "2007-03-31": "21.16", "2006-12-31": "21.64"}, "price sales": {"2021-02-05": "4.94", "2020-12-31": "5.08", "2020-09-30": "4.58", "2020-06-30": "5.04", "2020-03-31": "4.24", "2019-12-31": "6.08", "2019-09-30": "5.59", "2019-06-30": "5.37", "2019-03-31": "5.04", "2018-12-31": "4.49", "2018-09-30": "5.90", "2018-06-30": "6.13", "2018-03-31": "7.45", "2017-12-31": "7.35", "2017-09-30": "6.41", "2017-06-30": "5.79", "2017-03-31": "5.54", "2016-12-31": "5.55", "2016-09-30": "5.26", "2016-06-30": "5.67", "2016-03-31": "5.11", "2015-12-31": "6.31", "2015-09-30": "5.86", "2015-06-30": "6.05", "2015-03-31": "5.51", "2014-12-31": "5.12", "2014-09-30": "4.70", "2014-06-30": "4.43", "2014-03-31": "4.71", "2013-12-31": "5.01", "2013-09-30": "4.59", "2013-06-30": "4.33", "2013-03-31": "4.51", "2012-12-31": "3.78", "2012-09-30": "3.56", "2012-06-30": "3.41", "2012-03-31": "3.58", "2011-12-31": "3.07", "2011-09-30": "2.70", "2011-06-30": "4.05", "2011-03-31": "4.34", "2010-12-31": "4.40", "2010-09-30": "3.54", "2010-06-30": "3.36", "2010-03-31": "3.53", "2009-12-31": "2.74", "2009-09-30": "3.13", "2009-06-30": "2.77", "2009-03-31": "1.75", "2008-12-31": "2.11", "2008-09-30": "2.81", "2008-06-30": "2.93", "2008-03-31": "3.06", "2007-12-31": "4.04", "2007-09-30": "3.53", "2007-06-30": "3.92", "2007-03-31": "4.25", "2006-12-31": "4.35"}, "price book": {"current": "4.65", "2021-02-05": "4.67", "2020-09-30": "4.21", "2020-06-30": "4.68", "2020-03-31": "3.90", "2019-12-31": "5.57", "2019-09-30": "5.13", "2019-06-30": "5.09", "2019-03-31": "4.75", "2018-12-31": "4.35", "2018-09-30": "5.65", "2018-06-30": "5.97", "2018-03-31": "7.07", "2017-12-31": "7.37", "2017-09-30": "6.44", "2017-06-30": "5.95", "2017-03-31": "5.61", "2016-12-31": "5.76", "2016-09-30": "5.28", "2016-06-30": "5.72", "2016-03-31": "5.07", "2015-12-31": "6.29", "2015-09-30": "5.70", "2015-06-30": "5.86", "2015-03-31": "5.34", "2014-12-31": "5.01", "2014-09-30": "4.52", "2014-06-30": "4.25", "2014-03-31": "4.36", "2013-12-31": "4.70", "2013-09-30": "4.15", "2013-06-30": "3.97", "2013-03-31": "4.12", "2012-12-31": "3.47", "2012-09-30": "3.01", "2012-06-30": "2.91", "2012-03-31": "3.00", "2011-12-31": "2.60", "2011-09-30": "2.27", "2011-06-30": "3.33", "2011-03-31": "3.53", "2010-12-31": "3.66", "2010-09-30": "3.24", "2010-06-30": "3.37", "2010-03-31": "3.69", "2009-12-31": "2.80", "2009-09-30": "3.24", "2009-06-30": "3.16", "2009-03-31": "2.22", "2008-12-31": "2.92", "2008-09-30": "4.62", "2008-06-30": "5.03", "2008-03-31": "5.32", "2007-12-31": "7.01", "2007-09-30": "6.28", "2007-06-30": "7.05", "2007-03-31": "7.43", "2006-12-31": "3.96", "2006-09-30": "8.16", "2006-06-30": "8.21", "2006-03-31": "7.31"}, "price fcf": {"2021-02-05": "", "2020-09-30": "$3.18", "2020-06-30": "$3.31", "2020-03-31": "$3.22", "2019-12-31": "$3.02", "2019-09-30": "$3.04", "2019-06-30": "$2.97", "2019-03-31": "$2.94", "2018-12-31": "$3.19", "2018-09-30": "$3.03", "2018-06-30": "$2.82", "2018-03-31": "$2.50", "2017-12-31": "$2.30", "2017-09-30": "$2.28", "2017-06-30": "$2.20", "2017-03-31": "$2.08", "2016-12-31": "$2.14", "2016-09-30": "$2.09", "2016-06-30": "$2.05", "2016-03-31": "$1.99", "2015-12-31": "$1.97", "2015-09-30": "$1.97", "2015-06-30": "$1.93", "2015-03-31": "$2.01", "2014-12-31": "$1.80", "2014-09-30": "$1.66", "2014-06-30": "$1.74", "2014-03-31": "$1.66", "2013-12-31": "$1.68", "2013-09-30": "$1.73", "2013-06-30": "$1.48", "2013-03-31": "$1.24", "2012-12-31": "$1.16", "2012-09-30": "$0.93", "2012-06-30": "$0.99", "2012-03-31": "$0.99", "2011-12-31": "$1.11", "2011-09-30": "$1.24", "2011-06-30": "$1.10", "2011-03-31": "$1.12", "2010-12-31": "$0.93", "2010-09-30": "$0.90", "2010-06-30": "$1.11", "2010-03-31": "$1.33", "2009-12-31": "$1.47", "2009-09-30": "$1.56", "2009-06-30": "$1.46", "2009-03-31": "$1.24", "2008-12-31": "$1.32", "2008-09-30": "$1.11", "2008-06-30": "$1.31", "2008-03-31": "$1.42", "2007-12-31": "$1.32", "2007-09-30": "$1.28", "2007-06-30": "$1.02", "2007-03-31": "$0.97", "2006-12-31": "$1.18"}, "net worth": {"value": "$8.08B"}, "current ratio": {"2020-12-31": "4.10", "2020-09-30": "5.09", "2020-06-30": "5.22", "2020-03-31": "5.94", "2019-12-31": "4.45", "2019-09-30": "5.74", "2019-06-30": "5.78", "2019-03-31": "5.86", "2018-12-31": "4.03", "2018-09-30": "5.38", "2018-06-30": "5.46", "2018-03-31": "6.43", "2017-12-31": "4.14", "2017-09-30": "5.52", "2017-06-30": "5.75", "2017-03-31": "5.77", "2016-12-31": "4.16", "2016-09-30": "5.40", "2016-06-30": "6.16", "2016-03-31": "5.66", "2015-12-31": "4.47", "2015-09-30": "5.98", "2015-06-30": "6.52", "2015-03-31": "5.78", "2014-12-31": "4.35", "2014-09-30": "5.58", "2014-06-30": "5.56", "2014-03-31": "5.48", "2013-12-31": "4.07", "2013-09-30": "5.51", "2013-06-30": "5.74", "2013-03-31": "5.03", "2012-12-31": "4.61", "2012-09-30": "5.30", "2012-06-30": "5.65", "2012-03-31": "5.19", "2011-12-31": "4.20", "2011-09-30": "4.80", "2011-06-30": "6.36", "2011-03-31": "5.62", "2010-12-31": "5.36", "2010-09-30": "5.69", "2010-06-30": "5.70", "2010-03-31": "5.53", "2009-12-31": "5.16", "2009-09-30": "5.95", "2009-06-30": "5.24", "2009-03-31": "4.31", "2008-12-31": "2.24", "2008-09-30": "2.67", "2008-06-30": "2.99", "2008-03-31": "3.05", "2007-12-31": "3.02", "2007-09-30": "3.36", "2007-06-30": "3.97", "2007-03-31": "3.91", "2006-12-31": "2.99", "2006-09-30": "2.95", "2006-06-30": "3.03", "2006-03-31": "2.78", "2005-12-31": "1.93", "2005-09-30": "2.01", "2005-06-30": "2.14", "2005-03-31": "2.26"}, "quick ratio": {"2020-12-31": "3.99", "2020-09-30": "4.95", "2020-06-30": "5.07", "2020-03-31": "5.79", "2019-12-31": "4.33", "2019-09-30": "5.59", "2019-06-30": "5.61", "2019-03-31": "5.68", "2018-12-31": "3.92", "2018-09-30": "5.25", "2018-06-30": "5.32", "2018-03-31": "6.31", "2017-12-31": "4.07", "2017-09-30": "5.41", "2017-06-30": "5.63", "2017-03-31": "5.65", "2016-12-31": "4.08", "2016-09-30": "5.29", "2016-06-30": "6.02", "2016-03-31": "5.54", "2015-12-31": "4.38", "2015-09-30": "5.85", "2015-06-30": "6.37", "2015-03-31": "5.65", "2014-12-31": "4.25", "2014-09-30": "5.45", "2014-06-30": "5.42", "2014-03-31": "5.34", "2013-12-31": "3.97", "2013-09-30": "5.36", "2013-06-30": "5.58", "2013-03-31": "4.88", "2012-12-31": "4.48", "2012-09-30": "5.13", "2012-06-30": "5.45", "2012-03-31": "5.02", "2011-12-31": "4.06", "2011-09-30": "4.65", "2011-06-30": "6.16", "2011-03-31": "5.46", "2010-12-31": "0.00", "2010-09-30": "0.00", "2010-06-30": "0.00", "2010-03-31": "0.00", "2009-12-31": "0.00", "2009-09-30": "0.00", "2009-06-30": "0.00", "2009-03-31": "0.00", "2008-12-31": "0.00", "2008-09-30": "2.62", "2008-06-30": "2.94", "2008-03-31": "2.98", "2007-12-31": "2.94", "2007-09-30": "3.27", "2007-06-30": "3.86", "2007-03-31": "3.79", "2006-12-31": "2.91", "2006-09-30": "2.86", "2006-06-30": "2.89", "2006-03-31": "2.64", "2005-12-31": "1.81", "2005-09-30": "0.00", "2005-06-30": "0.00", "2005-03-31": "0.00"}, "debt equity ratio": {"current": "0.00", "2020-12-31": "0.25", "2020-09-30": "0.21", "2020-06-30": "0.20", "2020-03-31": "0.19", "2019-12-31": "0.24", "2019-09-30": "0.20", "2019-06-30": "0.20", "2019-03-31": "0.19", "2018-12-31": "0.24", "2018-09-30": "0.19", "2018-06-30": "0.19", "2018-03-31": "0.17", "2017-12-31": "0.26", "2017-09-30": "0.22", "2017-06-30": "0.19", "2017-03-31": "0.19", "2016-12-31": "0.26", "2016-09-30": "0.20", "2016-06-30": "0.18", "2016-03-31": "0.19", "2015-12-31": "0.23", "2015-09-30": "0.18", "2015-06-30": "0.17", "2015-03-31": "0.19", "2014-12-31": "0.24", "2014-09-30": "0.19", "2014-06-30": "0.19", "2014-03-31": "0.20", "2013-12-31": "0.25", "2013-09-30": "0.19", "2013-06-30": "0.20", "2013-03-31": "0.22", "2012-12-31": "0.24", "2012-09-30": "0.21", "2012-06-30": "0.20", "2012-03-31": "0.21", "2011-12-31": "0.24", "2011-09-30": "0.22", "2011-06-30": "0.22", "2011-03-31": "0.26", "2010-12-31": "0.30", "2010-09-30": "0.33", "2010-06-30": "0.36", "2010-03-31": "0.43", "2009-12-31": "0.49", "2009-09-30": "0.50", "2009-06-30": "0.56", "2009-03-31": "0.55", "2008-12-31": "0.53", "2008-09-30": "0.66", "2008-06-30": "0.64", "2008-03-31": "0.65", "2007-12-31": "0.66", "2007-09-30": "0.64", "2007-06-30": "0.63", "2007-03-31": "0.62", "2006-12-31": "0.71", "2006-09-30": "0.70", "2006-06-30": "0.76", "2006-03-31": "0.83", "2005-12-31": "0.56", "2005-09-30": "0.48", "2005-06-30": "0.44", "2005-03-31": "0.45"}, "return on equity": {"2020-12-31": "25.87%", "2020-09-30": "26.05%", "2020-06-30": "27.36%", "2020-03-31": "29.19%", "2019-12-31": "29.91%", "2019-09-30": "29.78%", "2019-06-30": "29.86%", "2019-03-31": "29.76%", "2018-12-31": "31.48%", "2018-09-30": "32.44%", "2018-06-30": "31.79%", "2018-03-31": "30.94%", "2017-12-31": "28.70%", "2017-09-30": "27.20%", "2017-06-30": "26.69%", "2017-03-31": "26.28%", "2016-12-31": "25.67%", "2016-09-30": "25.12%", "2016-06-30": "24.52%", "2016-03-31": "24.82%", "2015-12-31": "25.51%", "2015-09-30": "25.41%", "2015-06-30": "26.13%", "2015-03-31": "26.43%", "2014-12-31": "26.04%", "2014-09-30": "25.62%", "2014-06-30": "24.61%", "2014-03-31": "25.02%", "2013-12-31": "25.32%", "2013-09-30": "25.07%", "2013-06-30": "24.00%", "2013-03-31": "21.33%", "2012-12-31": "19.42%", "2012-09-30": "18.28%", "2012-06-30": "18.22%", "2012-03-31": "18.46%", "2011-12-31": "19.11%", "2011-09-30": "20.72%", "2011-06-30": "21.61%", "2011-03-31": "22.00%", "2010-12-31": "22.73%", "2010-09-30": "21.28%", "2010-06-30": "21.11%", "2010-03-31": "20.28%", "2009-12-31": "18.10%", "2009-09-30": "14.97%", "2009-06-30": "13.72%", "2009-03-31": "14.92%", "2008-12-31": "17.45%", "2008-09-30": "23.89%", "2008-06-30": "29.64%", "2008-03-31": "33.73%", "2007-12-31": "36.70%", "2007-09-30": "39.87%", "2007-06-30": "40.17%", "2007-03-31": "41.36%", "2006-12-31": "44.07%", "2006-09-30": "46.13%", "2006-06-30": "47.73%", "2006-03-31": "47.10%", "2005-12-31": "45.99%"}, "return on assets": {"2020-12-31": "21.37%", "2020-09-30": "21.56%", "2020-06-30": "22.69%", "2020-03-31": "24.24%", "2019-12-31": "24.80%", "2019-09-30": "24.70%", "2019-06-30": "24.82%", "2019-03-31": "24.76%", "2018-12-31": "26.30%", "2018-09-30": "27.03%", "2018-06-30": "26.31%", "2018-03-31": "25.57%", "2017-12-31": "23.60%", "2017-09-30": "22.39%", "2017-06-30": "22.07%", "2017-03-31": "21.77%", "2016-12-31": "21.27%", "2016-09-30": "20.92%", "2016-06-30": "20.50%", "2016-03-31": "20.81%", "2015-12-31": "21.42%", "2015-09-30": "21.32%", "2015-06-30": "21.85%", "2015-03-31": "21.98%", "2014-12-31": "21.62%", "2014-09-30": "21.25%", "2014-06-30": "20.40%", "2014-03-31": "20.72%", "2013-12-31": "20.86%", "2013-09-30": "20.69%", "2013-06-30": "19.73%", "2013-03-31": "17.52%", "2012-12-31": "16.00%", "2012-09-30": "15.04%", "2012-06-30": "14.97%", "2012-03-31": "15.08%", "2011-12-31": "15.45%", "2011-09-30": "16.55%", "2011-06-30": "16.91%", "2011-03-31": "16.78%", "2010-12-31": "16.79%", "2010-09-30": "15.19%", "2010-06-30": "14.61%", "2010-03-31": "13.59%", "2009-12-31": "11.90%", "2009-09-30": "9.77%", "2009-06-30": "8.73%", "2009-03-31": "9.37%", "2008-12-31": "10.79%", "2008-09-30": "14.46%", "2008-06-30": "17.99%", "2008-03-31": "20.49%", "2007-12-31": "22.39%", "2007-09-30": "24.15%", "2007-06-30": "24.15%", "2007-03-31": "24.44%", "2006-12-31": "25.26%", "2006-09-30": "26.90%", "2006-06-30": "28.65%", "2006-03-31": "29.72%", "2005-12-31": "31.06%"}, "return on investments": {"2020-12-31": "inf%", "2020-09-30": "inf%", "2020-06-30": "inf%", "2020-03-31": "inf%", "2019-12-31": "inf%", "2019-09-30": "inf%", "2019-06-30": "inf%", "2019-03-31": "inf%", "2018-12-31": "107.96%", "2018-09-30": "56.67%", "2018-06-30": "37.45%", "2018-03-31": "36.32%", "2017-12-31": "53.29%", "2017-09-30": "105.36%", "2017-06-30": "inf%", "2017-03-31": "inf%", "2016-12-31": "inf%", "2016-09-30": "inf%", "2016-06-30": "inf%", "2016-03-31": "inf%", "2015-12-31": "inf%", "2015-09-30": "inf%", "2015-06-30": "inf%", "2015-03-31": "inf%", "2014-12-31": "inf%", "2014-09-30": "inf%", "2014-06-30": "inf%", "2014-03-31": "inf%", "2013-12-31": "inf%", "2013-09-30": "inf%", "2013-06-30": "inf%", "2013-03-31": "inf%", "2012-12-31": "inf%", "2012-09-30": "inf%", "2012-06-30": "inf%", "2012-03-31": "69.92%", "2011-12-31": "35.79%", "2011-09-30": "24.71%", "2011-06-30": "18.89%", "2011-03-31": "19.09%", "2010-12-31": "18.82%", "2010-09-30": "22.79%", "2010-06-30": "25.48%", "2010-03-31": "27.81%", "2009-12-31": "29.88%", "2009-09-30": "31.75%", "2009-06-30": "38.30%", "2009-03-31": "47.62%", "2008-12-31": "60.01%", "2008-09-30": "67.91%", "2008-06-30": "72.74%", "2008-03-31": "76.45%", "2007-12-31": "77.93%", "2007-09-30": "79.40%", "2007-06-30": "78.78%", "2007-03-31": "78.52%", "2006-12-31": "81.47%", "2006-09-30": "77.32%", "2006-06-30": "71.20%", "2006-03-31": "62.40%", "2005-12-31": "51.47%"}, "return on tangible equity": {"2020-09-30": "27.49%", "2020-06-30": "28.91%", "2020-03-31": "30.87%", "2019-12-31": "31.69%", "2019-09-30": "31.61%", "2019-06-30": "31.75%", "2019-03-31": "31.67%", "2018-12-31": "33.43%", "2018-09-30": "34.40%", "2018-06-30": "33.69%", "2018-03-31": "32.28%", "2017-12-31": "29.56%", "2017-09-30": "27.62%", "2017-06-30": "26.69%", "2017-03-31": "26.28%", "2016-12-31": "25.67%", "2016-09-30": "25.12%", "2016-06-30": "24.52%", "2016-03-31": "24.82%", "2015-12-31": "25.51%", "2015-09-30": "25.41%", "2015-06-30": "26.13%", "2015-03-31": "26.43%", "2014-12-31": "26.04%", "2014-09-30": "25.62%", "2014-06-30": "24.61%", "2014-03-31": "25.02%", "2013-12-31": "25.32%", "2013-09-30": "25.07%", "2013-06-30": "24.00%", "2013-03-31": "21.33%", "2012-12-31": "19.42%", "2012-09-30": "18.28%", "2012-06-30": "18.22%", "2012-03-31": "18.46%", "2011-12-31": "19.11%", "2011-09-30": "20.72%", "2011-06-30": "21.61%", "2011-03-31": "22.00%", "2010-12-31": "22.73%", "2010-09-30": "21.65%", "2010-06-30": "21.85%", "2010-03-31": "21.41%", "2009-12-31": "19.53%", "2009-09-30": "16.23%", "2009-06-30": "14.99%", "2009-03-31": "16.42%", "2008-12-31": "19.35%", "2008-09-30": "26.69%", "2008-06-30": "33.30%", "2008-03-31": "38.12%", "2007-12-31": "41.75%", "2007-09-30": "45.80%", "2007-06-30": "46.80%", "2007-03-31": "49.10%", "2006-12-31": "53.63%", "2006-09-30": "54.32%", "2006-06-30": "53.62%", "2006-03-31": "50.00%", "2005-12-31": "45.99%"}, "dividend yield history": {"last payout": "$0.74", "last yield": "1.32%"}}