{"ticker": "SRE", "price": {"title": "Sempra Energy Historical Annual Stock Price Data", "value": 126.24, "historical": {"2021": {"Average Stock Price": "122.7183", "Year Open": "123.8000", "Year High": "126.2400", "Year Low": "118.0000", "Year Close": "126.2400", "Annual % Change": "-0.92%"}, "2020": {"Average Stock Price": "129.0505", "Year Open": "149.1200", "Year High": "161.1300", "Year Low": "88.6200", "Year Close": "127.4100", "Annual % Change": "-15.89%"}, "2019": {"Average Stock Price": "134.1464", "Year Open": "106.7600", "Year High": "152.0300", "Year Low": "106.7600", "Year Close": "151.4800", "Annual % Change": "40.01%"}, "2018": {"Average Stock Price": "111.7799", "Year Open": "105.3500", "Year High": "118.8700", "Year Low": "100.7100", "Year Close": "108.1900", "Annual % Change": "1.19%"}, "2017": {"Average Stock Price": "112.7412", "Year Open": "101.1300", "Year High": "122.2300", "Year Low": "100.8200", "Year Close": "106.9200", "Annual % Change": "6.24%"}, "2016": {"Average Stock Price": "103.3213", "Year Open": "93.1800", "Year High": "114.5000", "Year Low": "87.0000", "Year Close": "100.6400", "Annual % Change": "7.05%"}, "2015": {"Average Stock Price": "103.2226", "Year Open": "112.0900", "Year High": "115.0800", "Year Low": "90.0900", "Year Close": "94.0100", "Annual % Change": "-15.58%"}, "2014": {"Average Stock Price": "101.1677", "Year Open": "88.4400", "Year High": "115.8500", "Year Low": "88.4400", "Year Close": "111.3600", "Annual % Change": "24.06%"}, "2013": {"Average Stock Price": "82.9365", "Year Open": "72.1800", "Year High": "92.1000", "Year Low": "70.8400", "Year Close": "89.7600", "Annual % Change": "26.53%"}, "2012": {"Average Stock Price": "64.7243", "Year Open": "54.8300", "Year High": "72.7400", "Year Low": "54.8300", "Year Close": "70.9400", "Annual % Change": "28.98%"}, "2011": {"Average Stock Price": "52.5516", "Year Open": "52.4600", "Year High": "55.5000", "Year Low": "45.5900", "Year Close": "55.0000", "Annual % Change": "4.80%"}, "2010": {"Average Stock Price": "50.6181", "Year Open": "55.9000", "Year High": "55.9000", "Year Low": "44.5125", "Year Close": "52.4800", "Annual % Change": "-6.25%"}, "2009": {"Average Stock Price": "48.2488", "Year Open": "43.7500", "Year High": "56.8800", "Year Low": "36.7200", "Year Close": "55.9800", "Annual % Change": "31.32%"}, "2008": {"Average Stock Price": "52.4001", "Year Open": "61.4100", "Year High": "62.5700", "Year Low": "36.9900", "Year Close": "42.6300", "Annual % Change": "-31.11%"}, "2007": {"Average Stock Price": "59.5396", "Year Open": "56.7700", "Year High": "66.2900", "Year Low": "52.2100", "Year Close": "61.8800", "Annual % Change": "10.42%"}, "2006": {"Average Stock Price": "48.5733", "Year Open": "46.1400", "Year High": "56.7800", "Year Low": "43.3600", "Year Close": "56.0400", "Annual % Change": "24.98%"}, "2005": {"Average Stock Price": "41.5435", "Year Open": "36.3000", "Year High": "47.4900", "Year Low": "35.7500", "Year Close": "44.8400", "Annual % Change": "22.25%"}, "2004": {"Average Stock Price": "33.9556", "Year Open": "30.2000", "Year High": "37.8000", "Year Low": "29.7400", "Year Close": "36.6800", "Annual % Change": "22.02%"}, "2003": {"Average Stock Price": "27.0170", "Year Open": "24.3700", "Year High": "30.6700", "Year Low": "22.5000", "Year Close": "30.0600", "Annual % Change": "27.10%"}, "2002": {"Average Stock Price": "22.8110", "Year Open": "24.7700", "Year High": "26.0100", "Year Low": "16.0000", "Year Close": "23.6500", "Annual % Change": "-3.67%"}, "2001": {"Average Stock Price": "24.5725", "Year Open": "22.5000", "Year High": "28.3900", "Year Low": "18.1900", "Year Close": "24.5500", "Annual % Change": "5.59%"}, "2000": {"Average Stock Price": "19.2954", "Year Open": "17.3100", "Year High": "24.5000", "Year Low": "16.6300", "Year Close": "23.2500", "Annual % Change": "33.77%"}, "1999": {"Average Stock Price": "21.2470", "Year Open": "25.5600", "Year High": "26.0000", "Year Low": "17.3100", "Year Close": "17.3800", "Annual % Change": "-31.52%"}}}, "market cap": {"value": "$36.42B"}, "income statement": {"Revenue": {"2019-12-31": "10829.00000", "2018-12-31": "10102.00000", "2017-12-31": "9640.00000", "2016-12-31": "10183.00000", "2015-12-31": "10231.00000", "2014-12-31": "11035.00000", "2013-12-31": "10557.00000", "2012-12-31": "9647.00000", "2011-12-31": "10036.00000", "2010-12-31": "9003.00000", "2009-12-31": "8106.00000", "2008-12-31": "10758.00000", "2007-12-31": "11438.00000", "2006-12-31": "11761.00000", "2005-12-31": "11512.00000"}, "Cost Of Goods Sold": {"2019-12-31": "2671.00000", "2018-12-31": "2923.00000", "2017-12-31": "2774.00000", "2016-12-31": "3532.00000", "2015-12-31": "3605.00000", "2014-12-31": "4591.00000", "2013-12-31": "4013.00000", "2012-12-31": "3531.00000", "2011-12-31": "4009.00000", "2010-12-31": "3695.00000", "2009-12-31": "3181.00000", "2008-12-31": "5815.00000", "2007-12-31": "4764.00000", "2006-12-31": "4698.00000", "2005-12-31": "5177.00000"}, "Gross Profit": {"2019-12-31": "8158.00000", "2018-12-31": "7179.00000", "2017-12-31": "6866.00000", "2016-12-31": "6651.00000", "2015-12-31": "6626.00000", "2014-12-31": "6444.00000", "2013-12-31": "6544.00000", "2012-12-31": "6116.00000", "2011-12-31": "6027.00000", "2010-12-31": "5308.00000", "2009-12-31": "4925.00000", "2008-12-31": "4943.00000", "2007-12-31": "6674.00000", "2006-12-31": "7063.00000", "2005-12-31": "6335.00000"}, "Research And Development Expenses": {"2019-12-31": "", "2018-12-31": "", "2017-12-31": "", "2016-12-31": "", "2015-12-31": "", "2014-12-31": "", "2013-12-31": "", "2012-12-31": "", "2011-12-31": "", "2010-12-31": "", "2009-12-31": "", "2008-12-31": "", "2007-12-31": "", "2006-12-31": "", "2005-12-31": ""}, "SG&A Expenses": {"2019-12-31": "3962.00000", "2018-12-31": "3622.00000", "2017-12-31": "3383.00000", "2016-12-31": "3724.00000", "2015-12-31": "3457.00000", "2014-12-31": "3506.00000", "2013-12-31": "3547.00000", "2012-12-31": "3474.00000", "2011-12-31": "3305.00000", "2010-12-31": "3083.00000", "2009-12-31": "2844.00000", "2008-12-31": "3030.00000", "2007-12-31": "4315.00000", "2006-12-31": "4622.00000", "2005-12-31": "2064.00000"}, "Other Operating Income Or Expenses": {"2019-12-31": "", "2018-12-31": "", "2017-12-31": "", "2016-12-31": "134.00000", "2015-12-31": "26.00000", "2014-12-31": "56.00000", "2013-12-31": "-86.00000", "2012-12-31": "7.00000", "2011-12-31": "", "2010-12-31": "", "2009-12-31": "", "2008-12-31": "114.00000", "2007-12-31": "6.00000", "2006-12-31": "1.00000", "2005-12-31": "-2471.00000"}, "Operating Expenses": {"2019-12-31": "8202.00000", "2018-12-31": "8036.00000", "2017-12-31": "7593.00000", "2016-12-31": "8434.00000", "2015-12-31": "8286.00000", "2014-12-31": "9197.00000", "2013-12-31": "8759.00000", "2012-12-31": "8088.00000", "2011-12-31": "8290.00000", "2010-12-31": "7644.00000", "2009-12-31": "6800.00000", "2008-12-31": "9418.00000", "2007-12-31": "9759.00000", "2006-12-31": "9976.00000", "2005-12-31": "10338.00000"}, "Operating Income": {"2019-12-31": "2627.00000", "2018-12-31": "2066.00000", "2017-12-31": "2047.00000", "2016-12-31": "1749.00000", "2015-12-31": "1945.00000", "2014-12-31": "1838.00000", "2013-12-31": "1798.00000", "2012-12-31": "1559.00000", "2011-12-31": "1746.00000", "2010-12-31": "1359.00000", "2009-12-31": "1306.00000", "2008-12-31": "1340.00000", "2007-12-31": "1679.00000", "2006-12-31": "1785.00000", "2005-12-31": "1174.00000"}, "Total Non-Operating Income/Expense": {"2019-12-31": "-893.00000", "2018-12-31": "-1352.00000", "2017-12-31": "-799.00000", "2016-12-31": "75.00000", "2015-12-31": "-241.00000", "2014-12-31": "-314.00000", "2013-12-31": "-368.00000", "2012-12-31": "-616.00000", "2011-12-31": "-23.00000", "2010-12-31": "-572.00000", "2009-12-31": "170.00000", "2008-12-31": "103.00000", "2007-12-31": "-136.00000", "2006-12-31": "129.00000", "2005-12-31": "-282.00000"}, "Pre-Tax Income": {"2019-12-31": "1734.00000", "2018-12-31": "714.00000", "2017-12-31": "1248.00000", "2016-12-31": "1824.00000", "2015-12-31": "1704.00000", "2014-12-31": "1524.00000", "2013-12-31": "1430.00000", "2012-12-31": "943.00000", "2011-12-31": "1723.00000", "2010-12-31": "787.00000", "2009-12-31": "1476.00000", "2008-12-31": "1443.00000", "2007-12-31": "1543.00000", "2006-12-31": "1914.00000", "2005-12-31": "892.00000"}, "Income Taxes": {"2019-12-31": "315.00000", "2018-12-31": "-49.00000", "2017-12-31": "938.00000", "2016-12-31": "389.00000", "2015-12-31": "341.00000", "2014-12-31": "300.00000", "2013-12-31": "366.00000", "2012-12-31": "59.00000", "2011-12-31": "394.00000", "2010-12-31": "133.00000", "2009-12-31": "422.00000", "2008-12-31": "438.00000", "2007-12-31": "524.00000", "2006-12-31": "641.00000", "2005-12-31": "34.00000"}, "Income After Taxes": {"2019-12-31": "1419.00000", "2018-12-31": "763.00000", "2017-12-31": "310.00000", "2016-12-31": "1435.00000", "2015-12-31": "1363.00000", "2014-12-31": "1224.00000", "2013-12-31": "1064.00000", "2012-12-31": "884.00000", "2011-12-31": "1329.00000", "2010-12-31": "654.00000", "2009-12-31": "1054.00000", "2008-12-31": "1005.00000", "2007-12-31": "1019.00000", "2006-12-31": "1273.00000", "2005-12-31": "858.00000"}, "Other Income": {"2019-12-31": "", "2018-12-31": "", "2017-12-31": "", "2016-12-31": "", "2015-12-31": "", "2014-12-31": "", "2013-12-31": "", "2012-12-31": "", "2011-12-31": "", "2010-12-31": "", "2009-12-31": "", "2008-12-31": "", "2007-12-31": "", "2006-12-31": "", "2005-12-31": ""}, "Income From Continuous Operations": {"2019-12-31": "1999.00000", "2018-12-31": "938.00000", "2017-12-31": "382.00000", "2016-12-31": "1519.00000", "2015-12-31": "1448.00000", "2014-12-31": "1262.00000", "2013-12-31": "1088.00000", "2012-12-31": "920.00000", "2011-12-31": "1381.00000", "2010-12-31": "703.00000", "2009-12-31": "1122.00000", "2008-12-31": "1068.00000", "2007-12-31": "1118.00000", "2006-12-31": "1091.00000", "2005-12-31": "913.00000"}, "Income From Discontinued Operations": {"2019-12-31": "363.00000", "2018-12-31": "188.00000", "2017-12-31": "-31.00000", "2016-12-31": "", "2015-12-31": "", "2014-12-31": "", "2013-12-31": "", "2012-12-31": "", "2011-12-31": "", "2010-12-31": "", "2009-12-31": "", "2008-12-31": "", "2007-12-31": "-26.00000", "2006-12-31": "315.00000", "2005-12-31": "7.00000"}, "Net Income": {"2019-12-31": "2055.00000", "2018-12-31": "924.00000", "2017-12-31": "256.00000", "2016-12-31": "1370.00000", "2015-12-31": "1349.00000", "2014-12-31": "1161.00000", "2013-12-31": "1001.00000", "2012-12-31": "859.00000", "2011-12-31": "1331.00000", "2010-12-31": "709.00000", "2009-12-31": "1119.00000", "2008-12-31": "1113.00000", "2007-12-31": "1099.00000", "2006-12-31": "1406.00000", "2005-12-31": "920.00000"}, "EBITDA": {"2019-12-31": "4196.00000", "2018-12-31": "3557.00000", "2017-12-31": "3483.00000", "2016-12-31": "3061.00000", "2015-12-31": "3195.00000", "2014-12-31": "2994.00000", "2013-12-31": "2911.00000", "2012-12-31": "2649.00000", "2011-12-31": "2722.00000", "2010-12-31": "2225.00000", "2009-12-31": "2081.00000", "2008-12-31": "2027.00000", "2007-12-31": "2365.00000", "2006-12-31": "2442.00000", "2005-12-31": "1800.00000"}, "EBIT": {"2019-12-31": "2627.00000", "2018-12-31": "2066.00000", "2017-12-31": "2047.00000", "2016-12-31": "1749.00000", "2015-12-31": "1945.00000", "2014-12-31": "1838.00000", "2013-12-31": "1798.00000", "2012-12-31": "1559.00000", "2011-12-31": "1746.00000", "2010-12-31": "1359.00000", "2009-12-31": "1306.00000", "2008-12-31": "1340.00000", "2007-12-31": "1679.00000", "2006-12-31": "1785.00000", "2005-12-31": "1174.00000"}, "Basic Shares Outstanding": {"2019-12-31": "277.90400", "2018-12-31": "268.07200", "2017-12-31": "251.54500", "2016-12-31": "250.21700", "2015-12-31": "248.24900", "2014-12-31": "245.89100", "2013-12-31": "243.86300", "2012-12-31": "241.34700", "2011-12-31": "239.72000", "2010-12-31": "244.73600", "2009-12-31": "243.33900", "2008-12-31": "247.38700", "2007-12-31": "259.26900", "2006-12-31": "256.47700", "2005-12-31": "245.90600"}, "Shares Outstanding": {"2019-12-31": "282.03300", "2018-12-31": "269.85200", "2017-12-31": "252.30000", "2016-12-31": "251.15500", "2015-12-31": "250.92300", "2014-12-31": "250.65500", "2013-12-31": "249.33200", "2012-12-31": "246.69300", "2011-12-31": "241.52300", "2010-12-31": "247.94200", "2009-12-31": "247.38400", "2008-12-31": "251.15900", "2007-12-31": "264.00400", "2006-12-31": "261.36800", "2005-12-31": "252.08800"}, "Basic EPS": {"2019-12-31": "7.40000", "2018-12-31": "3.45000", "2017-12-31": "1.02000", "2016-12-31": "5.48000", "2015-12-31": "5.43000", "2014-12-31": "4.72000", "2013-12-31": "4.10000", "2012-12-31": "3.56000", "2011-12-31": "5.55000", "2010-12-31": "2.90000", "2009-12-31": "4.60000", "2008-12-31": "4.50000", "2007-12-31": "4.24000", "2006-12-31": "5.48000", "2005-12-31": "3.74000"}, "EPS - Earnings Per Share": {"2019-12-31": "7.29000", "2018-12-31": "3.42000", "2017-12-31": "1.01000", "2016-12-31": "5.46000", "2015-12-31": "5.37000", "2014-12-31": "4.63000", "2013-12-31": "4.01000", "2012-12-31": "3.48000", "2011-12-31": "5.51000", "2010-12-31": "2.86000", "2009-12-31": "4.52000", "2008-12-31": "4.43000", "2007-12-31": "4.16000", "2006-12-31": "5.38000", "2005-12-31": "3.65000"}}, "income statement, quarterly": {"Revenue": {"2020-09-30": "2644.00000", "2020-06-30": "2526.00000", "2020-03-31": "3029.00000", "2019-12-31": "2943.00000", "2019-09-30": "2758.00000", "2019-06-30": "2230.00000", "2019-03-31": "2898.00000", "2018-12-31": "2826.00000", "2018-09-30": "2565.00000", "2018-06-30": "2175.00000", "2018-03-31": "2536.00000", "2017-12-31": "1397.00000", "2017-09-30": "2679.00000", "2017-06-30": "2533.00000", "2017-03-31": "3031.00000", "2016-12-31": "2870.00000", "2016-09-30": "2535.00000", "2016-06-30": "2156.00000", "2016-03-31": "2622.00000", "2015-12-31": "2701.00000", "2015-09-30": "2481.00000", "2015-06-30": "2367.00000", "2015-03-31": "2682.00000", "2014-12-31": "2747.00000", "2014-09-30": "2815.00000", "2014-06-30": "2678.00000", "2014-03-31": "2795.00000", "2013-12-31": "2705.00000", "2013-09-30": "2551.00000", "2013-06-30": "2651.00000", "2013-03-31": "2650.00000", "2012-12-31": "2668.00000", "2012-09-30": "2507.00000", "2012-06-30": "2089.00000", "2012-03-31": "2383.00000", "2011-12-31": "2604.00000", "2011-09-30": "2576.00000", "2011-06-30": "2422.00000", "2011-03-31": "2434.00000", "2010-12-31": "2345.00000", "2010-09-30": "2116.00000", "2010-06-30": "2008.00000", "2010-03-31": "2534.00000", "2009-12-31": "2456.00000", "2009-09-30": "1853.00000", "2009-06-30": "1689.00000", "2009-03-31": "2108.00000", "2008-12-31": "2293.00000", "2008-09-30": "2692.00000", "2008-06-30": "2503.00000", "2008-03-31": "3270.00000", "2007-12-31": "3110.00000", "2007-09-30": "2663.00000", "2007-06-30": "2661.00000", "2007-03-31": "3004.00000", "2006-12-31": "3245.00000", "2006-09-30": "2694.00000", "2006-06-30": "2486.00000", "2006-03-31": "3336.00000", "2005-12-31": "3924.00000", "2005-09-30": "2710.00000", "2005-06-30": "2223.00000", "2005-03-31": "2655.00000"}, "Cost Of Goods Sold": {"2020-09-30": "633.00000", "2020-06-30": "442.00000", "2020-03-31": "625.00000", "2019-12-31": "688.00000", "2019-09-30": "626.00000", "2019-06-30": "462.00000", "2019-03-31": "895.00000", "2018-12-31": "727.00000", "2018-09-30": "939.00000", "2018-06-30": "569.00000", "2018-03-31": "688.00000", "2017-12-31": "-68.00000", "2017-09-30": "958.00000", "2017-06-30": "805.00000", "2017-03-31": "1079.00000", "2016-12-31": "679.00000", "2016-09-30": "939.00000", "2016-06-30": "1032.00000", "2016-03-31": "882.00000", "2015-12-31": "870.00000", "2015-09-30": "958.00000", "2015-06-30": "852.00000", "2015-03-31": "925.00000", "2014-12-31": "1053.00000", "2014-09-30": "1178.00000", "2014-06-30": "1092.00000", "2014-03-31": "1268.00000", "2013-12-31": "1045.00000", "2013-09-30": "918.00000", "2013-06-30": "936.00000", "2013-03-31": "1114.00000", "2012-12-31": "1069.00000", "2012-09-30": "863.00000", "2012-06-30": "651.00000", "2012-03-31": "948.00000", "2011-12-31": "881.00000", "2011-09-30": "1050.00000", "2011-06-30": "1012.00000", "2011-03-31": "1066.00000", "2010-12-31": "925.00000", "2010-09-30": "781.00000", "2010-06-30": "745.00000", "2010-03-31": "1244.00000", "2009-12-31": "1001.00000", "2009-09-30": "636.00000", "2009-06-30": "565.00000", "2009-03-31": "979.00000", "2008-12-31": "1060.00000", "2008-09-30": "1431.00000", "2008-06-30": "1517.00000", "2008-03-31": "1807.00000", "2007-12-31": "1281.00000", "2007-09-30": "904.00000", "2007-06-30": "1044.00000", "2007-03-31": "1535.00000", "2006-12-31": "1192.00000", "2006-09-30": "947.00000", "2006-06-30": "921.00000", "2006-03-31": "1638.00000", "2005-12-31": "2680.00000", "2005-09-30": "693.00000", "2005-06-30": "746.00000", "2005-03-31": "1058.00000"}, "Gross Profit": {"2020-09-30": "2011.00000", "2020-06-30": "2084.00000", "2020-03-31": "2404.00000", "2019-12-31": "2255.00000", "2019-09-30": "2132.00000", "2019-06-30": "1768.00000", "2019-03-31": "2003.00000", "2018-12-31": "2099.00000", "2018-09-30": "1626.00000", "2018-06-30": "1606.00000", "2018-03-31": "1848.00000", "2017-12-31": "1465.00000", "2017-09-30": "1721.00000", "2017-06-30": "1728.00000", "2017-03-31": "1952.00000", "2016-12-31": "2191.00000", "2016-09-30": "1596.00000", "2016-06-30": "1124.00000", "2016-03-31": "1740.00000", "2015-12-31": "1831.00000", "2015-09-30": "1523.00000", "2015-06-30": "1515.00000", "2015-03-31": "1757.00000", "2014-12-31": "1694.00000", "2014-09-30": "1637.00000", "2014-06-30": "1586.00000", "2014-03-31": "1527.00000", "2013-12-31": "1660.00000", "2013-09-30": "1633.00000", "2013-06-30": "1715.00000", "2013-03-31": "1536.00000", "2012-12-31": "1599.00000", "2012-09-30": "1644.00000", "2012-06-30": "1438.00000", "2012-03-31": "1435.00000", "2011-12-31": "1723.00000", "2011-09-30": "1526.00000", "2011-06-30": "1410.00000", "2011-03-31": "1368.00000", "2010-12-31": "1420.00000", "2010-09-30": "1335.00000", "2010-06-30": "1263.00000", "2010-03-31": "1290.00000", "2009-12-31": "1455.00000", "2009-09-30": "1217.00000", "2009-06-30": "1124.00000", "2009-03-31": "1129.00000", "2008-12-31": "1233.00000", "2008-09-30": "1261.00000", "2008-06-30": "986.00000", "2008-03-31": "1463.00000", "2007-12-31": "1829.00000", "2007-09-30": "1759.00000", "2007-06-30": "1617.00000", "2007-03-31": "1469.00000", "2006-12-31": "2053.00000", "2006-09-30": "1747.00000", "2006-06-30": "1565.00000", "2006-03-31": "1698.00000", "2005-12-31": "1244.00000", "2005-09-30": "2017.00000", "2005-06-30": "1477.00000", "2005-03-31": "1597.00000"}, "Research And Development Expenses": {"2020-09-30": "", "2020-06-30": "", "2020-03-31": "", "2019-12-31": "", "2019-09-30": "", "2019-06-30": "", "2019-03-31": "", "2018-12-31": "", "2018-09-30": "", "2018-06-30": "", "2018-03-31": "", "2017-12-31": "", "2017-09-30": "", "2017-06-30": "", "2017-03-31": "", "2016-12-31": "", "2016-09-30": "", "2016-06-30": "", "2016-03-31": "", "2015-12-31": "", "2015-09-30": "", "2015-06-30": "", "2015-03-31": "", "2014-12-31": "", "2014-09-30": "", "2014-06-30": "", "2014-03-31": "", "2013-12-31": "", "2013-09-30": "", "2013-06-30": "", "2013-03-31": "", "2012-12-31": "", "2012-09-30": "", "2012-06-30": "", "2012-03-31": "", "2011-12-31": "", "2011-09-30": "", "2011-06-30": "", "2011-03-31": "", "2010-12-31": "", "2010-09-30": "", "2010-06-30": "", "2010-03-31": "", "2009-12-31": "", "2009-09-30": "", "2009-06-30": "", "2009-03-31": "", "2008-12-31": "", "2008-09-30": "", "2008-06-30": "", "2008-03-31": "", "2007-12-31": "", "2007-09-30": "", "2007-06-30": "", "2007-03-31": "", "2006-12-31": "", "2006-09-30": "", "2006-06-30": "", "2006-03-31": "", "2005-12-31": "", "2005-09-30": "", "2005-06-30": "", "2005-03-31": ""}, "SG&A Expenses": {"2020-09-30": "1183.00000", "2020-06-30": "1019.00000", "2020-03-31": "1088.00000", "2019-12-31": "1078.00000", "2019-09-30": "972.00000", "2019-06-30": "950.00000", "2019-03-31": "962.00000", "2018-12-31": "995.00000", "2018-09-30": "923.00000", "2018-06-30": "846.00000", "2018-03-31": "858.00000", "2017-12-31": "810.00000", "2017-09-30": "873.00000", "2017-06-30": "849.00000", "2017-03-31": "851.00000", "2016-12-31": "1128.00000", "2016-09-30": "947.00000", "2016-06-30": "802.00000", "2016-03-31": "847.00000", "2015-12-31": "1002.00000", "2015-09-30": "846.00000", "2015-06-30": "809.00000", "2015-03-31": "800.00000", "2014-12-31": "994.00000", "2014-09-30": "830.00000", "2014-06-30": "863.00000", "2014-03-31": "819.00000", "2013-12-31": "958.00000", "2013-09-30": "841.00000", "2013-06-30": "870.00000", "2013-03-31": "878.00000", "2012-12-31": "963.00000", "2012-09-30": "864.00000", "2012-06-30": "847.00000", "2012-03-31": "800.00000", "2011-12-31": "1011.00000", "2011-09-30": "775.00000", "2011-06-30": "785.00000", "2011-03-31": "734.00000", "2010-12-31": "807.00000", "2010-09-30": "705.00000", "2010-06-30": "712.00000", "2010-03-31": "859.00000", "2009-12-31": "891.00000", "2009-09-30": "667.00000", "2009-06-30": "671.00000", "2009-03-31": "615.00000", "2008-12-31": "821.00000", "2008-09-30": "655.00000", "2008-06-30": "637.00000", "2008-03-31": "917.00000", "2007-12-31": "2540.00000", "2007-09-30": "1086.00000", "2007-06-30": "289.00000", "2007-03-31": "400.00000", "2006-12-31": "3329.00000", "2006-09-30": "463.00000", "2006-06-30": "377.00000", "2006-03-31": "453.00000", "2005-12-31": "-250.00000", "2005-09-30": "1093.00000", "2005-06-30": "585.00000", "2005-03-31": "636.00000"}, "Other Operating Income Or Expenses": {"2020-09-30": "", "2020-06-30": "62.00000", "2020-03-31": "-254.00000", "2019-12-31": "", "2019-09-30": "", "2019-06-30": "94.00000", "2019-03-31": "82.00000", "2018-12-31": "", "2018-09-30": "", "2018-06-30": "", "2018-03-31": "", "2017-12-31": "", "2017-09-30": "", "2017-06-30": "", "2017-03-31": "174.00000", "2016-12-31": "3.00000", "2016-09-30": "131.00000", "2016-06-30": "", "2016-03-31": "", "2015-12-31": "-57.00000", "2015-09-30": "", "2015-06-30": "62.00000", "2015-03-31": "21.00000", "2014-12-31": "43.00000", "2014-09-30": "", "2014-06-30": "", "2014-03-31": "13.00000", "2013-12-31": "114.00000", "2013-09-30": "", "2013-06-30": "-200.00000", "2013-03-31": "", "2012-12-31": "", "2012-09-30": "", "2012-06-30": "", "2012-03-31": "", "2011-12-31": "", "2011-09-30": "", "2011-06-30": "", "2011-03-31": "", "2010-12-31": "", "2010-09-30": "", "2010-06-30": "", "2010-03-31": "", "2009-12-31": "", "2009-09-30": "", "2009-06-30": "", "2009-03-31": "", "2008-12-31": "", "2008-09-30": "", "2008-06-30": "", "2008-03-31": "", "2007-12-31": "1386.00000", "2007-09-30": "", "2007-06-30": "-747.00000", "2007-03-31": "-633.00000", "2006-12-31": "2012.00000", "2006-09-30": "-655.00000", "2006-06-30": "-680.00000", "2006-03-31": "-676.00000", "2005-12-31": "-706.00000", "2005-09-30": "-705.00000", "2005-06-30": "-532.00000", "2005-03-31": "-528.00000"}, "Operating Expenses": {"2020-09-30": "2234.00000", "2020-06-30": "1811.00000", "2020-03-31": "2379.00000", "2019-12-31": "2337.00000", "2019-09-30": "2000.00000", "2019-06-30": "1707.00000", "2019-03-31": "2158.00000", "2018-12-31": "2098.00000", "2018-09-30": "2228.00000", "2018-06-30": "1792.00000", "2018-03-31": "1918.00000", "2017-12-31": "1246.00000", "2017-09-30": "2209.00000", "2017-06-30": "2022.00000", "2017-03-31": "2116.00000", "2016-12-31": "2146.00000", "2016-09-30": "2083.00000", "2016-06-30": "2148.00000", "2016-03-31": "2057.00000", "2015-12-31": "2254.00000", "2015-09-30": "2119.00000", "2015-06-30": "1906.00000", "2015-03-31": "2007.00000", "2014-12-31": "2294.00000", "2014-09-30": "2300.00000", "2014-06-30": "2243.00000", "2014-03-31": "2360.00000", "2013-12-31": "2174.00000", "2013-09-30": "2045.00000", "2013-06-30": "2253.00000", "2013-03-31": "2287.00000", "2012-12-31": "2312.00000", "2012-09-30": "2007.00000", "2012-06-30": "1764.00000", "2012-03-31": "2005.00000", "2011-12-31": "2139.00000", "2011-09-30": "2076.00000", "2011-06-30": "2045.00000", "2011-03-31": "2030.00000", "2010-12-31": "1955.00000", "2010-09-30": "1704.00000", "2010-06-30": "1672.00000", "2010-03-31": "2313.00000", "2009-12-31": "2099.00000", "2009-09-30": "1499.00000", "2009-06-30": "1425.00000", "2009-03-31": "1777.00000", "2008-12-31": "1946.00000", "2008-09-30": "2248.00000", "2008-06-30": "2325.00000", "2008-03-31": "2899.00000", "2007-12-31": "2607.00000", "2007-09-30": "2164.00000", "2007-06-30": "2251.00000", "2007-03-31": "2737.00000", "2006-12-31": "2675.00000", "2006-09-30": "2228.00000", "2006-06-30": "2149.00000", "2006-03-31": "2924.00000", "2005-12-31": "3294.00000", "2005-09-30": "2643.00000", "2005-06-30": "2021.00000", "2005-03-31": "2380.00000"}, "Operating Income": {"2020-09-30": "410.00000", "2020-06-30": "715.00000", "2020-03-31": "650.00000", "2019-12-31": "606.00000", "2019-09-30": "758.00000", "2019-06-30": "523.00000", "2019-03-31": "740.00000", "2018-12-31": "728.00000", "2018-09-30": "337.00000", "2018-06-30": "383.00000", "2018-03-31": "618.00000", "2017-12-31": "151.00000", "2017-09-30": "470.00000", "2017-06-30": "511.00000", "2017-03-31": "915.00000", "2016-12-31": "724.00000", "2016-09-30": "452.00000", "2016-06-30": "8.00000", "2016-03-31": "565.00000", "2015-12-31": "447.00000", "2015-09-30": "362.00000", "2015-06-30": "461.00000", "2015-03-31": "675.00000", "2014-12-31": "453.00000", "2014-09-30": "515.00000", "2014-06-30": "435.00000", "2014-03-31": "435.00000", "2013-12-31": "531.00000", "2013-09-30": "506.00000", "2013-06-30": "398.00000", "2013-03-31": "363.00000", "2012-12-31": "356.00000", "2012-09-30": "500.00000", "2012-06-30": "325.00000", "2012-03-31": "378.00000", "2011-12-31": "465.00000", "2011-09-30": "500.00000", "2011-06-30": "377.00000", "2011-03-31": "404.00000", "2010-12-31": "390.00000", "2010-09-30": "412.00000", "2010-06-30": "336.00000", "2010-03-31": "221.00000", "2009-12-31": "357.00000", "2009-09-30": "354.00000", "2009-06-30": "264.00000", "2009-03-31": "331.00000", "2008-12-31": "347.00000", "2008-09-30": "444.00000", "2008-06-30": "178.00000", "2008-03-31": "371.00000", "2007-12-31": "503.00000", "2007-09-30": "499.00000", "2007-06-30": "410.00000", "2007-03-31": "267.00000", "2006-12-31": "570.00000", "2006-09-30": "466.00000", "2006-06-30": "337.00000", "2006-03-31": "412.00000", "2005-12-31": "630.00000", "2005-09-30": "67.00000", "2005-06-30": "202.00000", "2005-03-31": "275.00000"}, "Total Non-Operating Income/Expense": {"2020-09-30": "-209.00000", "2020-06-30": "-252.00000", "2020-03-31": "-253.00000", "2019-12-31": "-107.00000", "2019-09-30": "-310.00000", "2019-06-30": "-237.00000", "2019-03-31": "-239.00000", "2018-12-31": "350.00000", "2018-09-30": "-111.00000", "2018-06-30": "-1566.00000", "2018-03-31": "-25.00000", "2017-12-31": "-57.00000", "2017-09-30": "-465.00000", "2017-06-30": "-114.00000", "2017-03-31": "-163.00000", "2016-12-31": "-225.00000", "2016-09-30": "530.00000", "2016-06-30": "-120.00000", "2016-03-31": "-110.00000", "2015-12-31": "-15.00000", "2015-09-30": "-92.00000", "2015-06-30": "-65.00000", "2015-03-31": "-69.00000", "2014-12-31": "-139.00000", "2014-09-30": "-68.00000", "2014-06-30": "-59.00000", "2014-03-31": "-48.00000", "2013-12-31": "-183.00000", "2013-09-30": "-74.00000", "2013-06-30": "-100.00000", "2013-03-31": "-11.00000", "2012-12-31": "-47.00000", "2012-09-30": "-171.00000", "2012-06-30": "-377.00000", "2012-03-31": "-21.00000", "2011-12-31": "-59.00000", "2011-09-30": "-112.00000", "2011-06-30": "209.00000", "2011-03-31": "-61.00000", "2010-12-31": "-78.00000", "2010-09-30": "-313.00000", "2010-06-30": "-99.00000", "2010-03-31": "-82.00000", "2009-12-31": "35.00000", "2009-09-30": "56.00000", "2009-06-30": "-8.00000", "2009-03-31": "87.00000", "2008-12-31": "-78.00000", "2008-09-30": "-66.00000", "2008-06-30": "268.00000", "2008-03-31": "-21.00000", "2007-12-31": "-52.00000", "2007-09-30": "-53.00000", "2007-06-30": "4.00000", "2007-03-31": "-35.00000", "2006-12-31": "-39.00000", "2006-09-30": "318.00000", "2006-06-30": "-70.00000", "2006-03-31": "-80.00000", "2005-12-31": "-229.00000", "2005-09-30": "70.00000", "2005-06-30": "-66.00000", "2005-03-31": "-57.00000"}, "Pre-Tax Income": {"2020-09-30": "201.00000", "2020-06-30": "463.00000", "2020-03-31": "397.00000", "2019-12-31": "499.00000", "2019-09-30": "448.00000", "2019-06-30": "286.00000", "2019-03-31": "501.00000", "2018-12-31": "959.00000", "2018-09-30": "345.00000", "2018-06-30": "-1183.00000", "2018-03-31": "593.00000", "2017-12-31": "94.00000", "2017-09-30": "5.00000", "2017-06-30": "397.00000", "2017-03-31": "752.00000", "2016-12-31": "499.00000", "2016-09-30": "982.00000", "2016-06-30": "-112.00000", "2016-03-31": "455.00000", "2015-12-31": "432.00000", "2015-09-30": "270.00000", "2015-06-30": "396.00000", "2015-03-31": "606.00000", "2014-12-31": "314.00000", "2014-09-30": "447.00000", "2014-06-30": "376.00000", "2014-03-31": "387.00000", "2013-12-31": "348.00000", "2013-09-30": "432.00000", "2013-06-30": "298.00000", "2013-03-31": "352.00000", "2012-12-31": "309.00000", "2012-09-30": "329.00000", "2012-06-30": "-52.00000", "2012-03-31": "357.00000", "2011-12-31": "406.00000", "2011-09-30": "388.00000", "2011-06-30": "586.00000", "2011-03-31": "343.00000", "2010-12-31": "312.00000", "2010-09-30": "99.00000", "2010-06-30": "237.00000", "2010-03-31": "139.00000", "2009-12-31": "392.00000", "2009-09-30": "410.00000", "2009-06-30": "256.00000", "2009-03-31": "418.00000", "2008-12-31": "269.00000", "2008-09-30": "378.00000", "2008-06-30": "446.00000", "2008-03-31": "350.00000", "2007-12-31": "451.00000", "2007-09-30": "446.00000", "2007-06-30": "414.00000", "2007-03-31": "232.00000", "2006-12-31": "531.00000", "2006-09-30": "784.00000", "2006-06-30": "267.00000", "2006-03-31": "332.00000", "2005-12-31": "401.00000", "2005-09-30": "137.00000", "2005-06-30": "136.00000", "2005-03-31": "218.00000"}, "Income Taxes": {"2020-09-30": "99.00000", "2020-06-30": "168.00000", "2020-03-31": "-207.00000", "2019-12-31": "165.00000", "2019-09-30": "61.00000", "2019-06-30": "47.00000", "2019-03-31": "42.00000", "2018-12-31": "172.00000", "2018-09-30": "139.00000", "2018-06-30": "-602.00000", "2018-03-31": "242.00000", "2017-12-31": "560.00000", "2017-09-30": "-84.00000", "2017-06-30": "167.00000", "2017-03-31": "295.00000", "2016-12-31": "105.00000", "2016-09-30": "282.00000", "2016-06-30": "-106.00000", "2016-03-31": "108.00000", "2015-12-31": "65.00000", "2015-09-30": "15.00000", "2015-06-30": "98.00000", "2015-03-31": "163.00000", "2014-12-31": "9.00000", "2014-09-30": "71.00000", "2014-06-30": "93.00000", "2014-03-31": "127.00000", "2013-12-31": "39.00000", "2013-09-30": "117.00000", "2013-06-30": "32.00000", "2013-03-31": "178.00000", "2012-12-31": "11.00000", "2012-09-30": "49.00000", "2012-06-30": "-118.00000", "2012-03-31": "117.00000", "2011-12-31": "105.00000", "2011-09-30": "75.00000", "2011-06-30": "100.00000", "2011-03-31": "114.00000", "2010-12-31": "48.00000", "2010-09-30": "-32.00000", "2010-06-30": "59.00000", "2010-03-31": "58.00000", "2009-12-31": "95.00000", "2009-09-30": "128.00000", "2009-06-30": "90.00000", "2009-03-31": "109.00000", "2008-12-31": "15.00000", "2008-09-30": "94.00000", "2008-06-30": "202.00000", "2008-03-31": "127.00000", "2007-12-31": "183.00000", "2007-09-30": "135.00000", "2007-06-30": "143.00000", "2007-03-31": "63.00000", "2006-12-31": "180.00000", "2006-09-30": "257.00000", "2006-06-30": "96.00000", "2006-03-31": "108.00000", "2005-12-31": "57.00000", "2005-09-30": "-63.00000", "2005-06-30": "33.00000", "2005-03-31": "7.00000"}, "Income After Taxes": {"2020-09-30": "102.00000", "2020-06-30": "295.00000", "2020-03-31": "604.00000", "2019-12-31": "334.00000", "2019-09-30": "387.00000", "2019-06-30": "239.00000", "2019-03-31": "459.00000", "2018-12-31": "787.00000", "2018-09-30": "206.00000", "2018-06-30": "-581.00000", "2018-03-31": "351.00000", "2017-12-31": "-466.00000", "2017-09-30": "89.00000", "2017-06-30": "230.00000", "2017-03-31": "457.00000", "2016-12-31": "394.00000", "2016-09-30": "700.00000", "2016-06-30": "-6.00000", "2016-03-31": "347.00000", "2015-12-31": "367.00000", "2015-09-30": "255.00000", "2015-06-30": "298.00000", "2015-03-31": "443.00000", "2014-12-31": "305.00000", "2014-09-30": "376.00000", "2014-06-30": "283.00000", "2014-03-31": "260.00000", "2013-12-31": "309.00000", "2013-09-30": "315.00000", "2013-06-30": "266.00000", "2013-03-31": "174.00000", "2012-12-31": "298.00000", "2012-09-30": "280.00000", "2012-06-30": "66.00000", "2012-03-31": "240.00000", "2011-12-31": "301.00000", "2011-09-30": "313.00000", "2011-06-30": "486.00000", "2011-03-31": "229.00000", "2010-12-31": "264.00000", "2010-09-30": "131.00000", "2010-06-30": "178.00000", "2010-03-31": "81.00000", "2009-12-31": "297.00000", "2009-09-30": "282.00000", "2009-06-30": "166.00000", "2009-03-31": "309.00000", "2008-12-31": "254.00000", "2008-09-30": "284.00000", "2008-06-30": "244.00000", "2008-03-31": "223.00000", "2007-12-31": "268.00000", "2007-09-30": "311.00000", "2007-06-30": "271.00000", "2007-03-31": "169.00000", "2006-12-31": "351.00000", "2006-09-30": "527.00000", "2006-06-30": "171.00000", "2006-03-31": "224.00000", "2005-12-31": "344.00000", "2005-09-30": "200.00000", "2005-06-30": "103.00000", "2005-03-31": "211.00000"}, "Other Income": {"2020-09-30": "", "2020-06-30": "", "2020-03-31": "", "2019-12-31": "", "2019-09-30": "", "2019-06-30": "", "2019-03-31": "", "2018-12-31": "", "2018-09-30": "", "2018-06-30": "", "2018-03-31": "", "2017-12-31": "", "2017-09-30": "", "2017-06-30": "", "2017-03-31": "", "2016-12-31": "", "2016-09-30": "", "2016-06-30": "", "2016-03-31": "", "2015-12-31": "", "2015-09-30": "", "2015-06-30": "", "2015-03-31": "", "2014-12-31": "", "2014-09-30": "", "2014-06-30": "", "2014-03-31": "", "2013-12-31": "", "2013-09-30": "", "2013-06-30": "", "2013-03-31": "", "2012-12-31": "", "2012-09-30": "", "2012-06-30": "", "2012-03-31": "", "2011-12-31": "", "2011-09-30": "", "2011-06-30": "", "2011-03-31": "", "2010-12-31": "", "2010-09-30": "", "2010-06-30": "", "2010-03-31": "", "2009-12-31": "", "2009-09-30": "", "2009-06-30": "", "2009-03-31": "", "2008-12-31": "", "2008-09-30": "", "2008-06-30": "", "2008-03-31": "", "2007-12-31": "", "2007-09-30": "", "2007-06-30": "", "2007-03-31": "", "2006-12-31": "", "2006-09-30": "", "2006-06-30": "", "2006-03-31": "", "2005-12-31": "", "2005-09-30": "", "2005-06-30": "", "2005-03-31": ""}, "Income From Continuous Operations": {"2020-09-30": "428.00000", "2020-06-30": "528.00000", "2020-03-31": "867.00000", "2019-12-31": "429.00000", "2019-09-30": "653.00000", "2019-06-30": "357.00000", "2019-03-31": "560.00000", "2018-12-31": "913.00000", "2018-09-30": "280.00000", "2018-06-30": "-585.00000", "2018-03-31": "330.00000", "2017-12-31": "-420.00000", "2017-09-30": "102.00000", "2017-06-30": "248.00000", "2017-03-31": "452.00000", "2016-12-31": "409.00000", "2016-09-30": "719.00000", "2016-06-30": "27.00000", "2016-03-31": "364.00000", "2015-12-31": "388.00000", "2015-09-30": "282.00000", "2015-06-30": "320.00000", "2015-03-31": "458.00000", "2014-12-31": "321.00000", "2014-09-30": "383.00000", "2014-06-30": "292.00000", "2014-03-31": "266.00000", "2013-12-31": "320.00000", "2013-09-30": "323.00000", "2013-06-30": "267.00000", "2013-03-31": "178.00000", "2012-12-31": "305.00000", "2012-09-30": "290.00000", "2012-06-30": "74.00000", "2012-03-31": "251.00000", "2011-12-31": "314.00000", "2011-09-30": "313.00000", "2011-06-30": "494.00000", "2011-03-31": "260.00000", "2010-12-31": "271.00000", "2010-09-30": "127.00000", "2010-06-30": "205.00000", "2010-03-31": "100.00000", "2009-12-31": "306.00000", "2009-09-30": "302.00000", "2009-06-30": "189.00000", "2009-03-31": "325.00000", "2008-12-31": "260.00000", "2008-09-30": "302.00000", "2008-06-30": "262.00000", "2008-03-31": "244.00000", "2007-12-31": "281.00000", "2007-09-30": "330.00000", "2007-06-30": "280.00000", "2007-03-31": "227.00000", "2006-12-31": "129.00000", "2006-09-30": "543.00000", "2006-06-30": "185.00000", "2006-03-31": "234.00000", "2005-12-31": "357.00000", "2005-09-30": "216.00000", "2005-06-30": "119.00000", "2005-03-31": "221.00000"}, "Income From Discontinued Operations": {"2020-09-30": "-7.00000", "2020-06-30": "1777.00000", "2020-03-31": "80.00000", "2019-12-31": "71.00000", "2019-09-30": "256.00000", "2019-06-30": "78.00000", "2019-03-31": "-42.00000", "2018-12-31": "51.00000", "2018-09-30": "54.00000", "2018-06-30": "55.00000", "2018-03-31": "28.00000", "2017-12-31": "", "2017-09-30": "", "2017-06-30": "", "2017-03-31": "", "2016-12-31": "", "2016-09-30": "", "2016-06-30": "", "2016-03-31": "", "2015-12-31": "", "2015-09-30": "", "2015-06-30": "", "2015-03-31": "", "2014-12-31": "", "2014-09-30": "", "2014-06-30": "", "2014-03-31": "", "2013-12-31": "", "2013-09-30": "", "2013-06-30": "", "2013-03-31": "", "2012-12-31": "", "2012-09-30": "", "2012-06-30": "", "2012-03-31": "", "2011-12-31": "", "2011-09-30": "", "2011-06-30": "", "2011-03-31": "", "2010-12-31": "", "2010-09-30": "", "2010-06-30": "", "2010-03-31": "", "2009-12-31": "", "2009-09-30": "", "2009-06-30": "", "2009-03-31": "", "2008-12-31": "", "2008-09-30": "", "2008-06-30": "", "2008-03-31": "", "2007-12-31": "1.00000", "2007-09-30": "-25.00000", "2007-06-30": "-3.00000", "2007-03-31": "1.00000", "2006-12-31": "-4.00000", "2006-09-30": "110.00000", "2006-06-30": "188.00000", "2006-03-31": "21.00000", "2005-12-31": "-2.00000", "2005-09-30": "5.00000", "2005-06-30": "2.00000", "2005-03-31": "2.00000"}, "Net Income": {"2020-09-30": "351.00000", "2020-06-30": "2239.00000", "2020-03-31": "760.00000", "2019-12-31": "447.00000", "2019-09-30": "813.00000", "2019-06-30": "354.00000", "2019-03-31": "441.00000", "2018-12-31": "864.00000", "2018-09-30": "274.00000", "2018-06-30": "-561.00000", "2018-03-31": "347.00000", "2017-12-31": "-501.00000", "2017-09-30": "57.00000", "2017-06-30": "259.00000", "2017-03-31": "441.00000", "2016-12-31": "379.00000", "2016-09-30": "622.00000", "2016-06-30": "16.00000", "2016-03-31": "353.00000", "2015-12-31": "369.00000", "2015-09-30": "248.00000", "2015-06-30": "295.00000", "2015-03-31": "437.00000", "2014-12-31": "297.00000", "2014-09-30": "348.00000", "2014-06-30": "269.00000", "2014-03-31": "247.00000", "2013-12-31": "282.00000", "2013-09-30": "296.00000", "2013-06-30": "245.00000", "2013-03-31": "178.00000", "2012-12-31": "293.00000", "2012-09-30": "268.00000", "2012-06-30": "62.00000", "2012-03-31": "236.00000", "2011-12-31": "285.00000", "2011-09-30": "289.00000", "2011-06-30": "503.00000", "2011-03-31": "254.00000", "2010-12-31": "250.00000", "2010-09-30": "131.00000", "2010-06-30": "222.00000", "2010-03-31": "106.00000", "2009-12-31": "288.00000", "2009-09-30": "317.00000", "2009-06-30": "198.00000", "2009-03-31": "316.00000", "2008-12-31": "319.00000", "2008-09-30": "308.00000", "2008-06-30": "244.00000", "2008-03-31": "242.00000", "2007-12-31": "289.00000", "2007-09-30": "305.00000", "2007-06-30": "277.00000", "2007-03-31": "228.00000", "2006-12-31": "125.00000", "2006-09-30": "653.00000", "2006-06-30": "373.00000", "2006-03-31": "255.00000", "2005-12-31": "355.00000", "2005-09-30": "221.00000", "2005-06-30": "121.00000", "2005-03-31": "223.00000"}, "EBITDA": {"2020-09-30": "828.00000", "2020-06-30": "1127.00000", "2020-03-31": "1062.00000", "2019-12-31": "1001.00000", "2019-09-30": "1160.00000", "2019-06-30": "912.00000", "2019-03-31": "1123.00000", "2018-12-31": "1104.00000", "2018-09-30": "703.00000", "2018-06-30": "760.00000", "2018-03-31": "990.00000", "2017-12-31": "481.00000", "2017-09-30": "848.00000", "2017-06-30": "879.00000", "2017-03-31": "1275.00000", "2016-12-31": "1066.00000", "2016-09-30": "780.00000", "2016-06-30": "322.00000", "2016-03-31": "893.00000", "2015-12-31": "772.00000", "2015-09-30": "677.00000", "2015-06-30": "768.00000", "2015-03-31": "978.00000", "2014-12-31": "743.00000", "2014-09-30": "807.00000", "2014-06-30": "723.00000", "2014-03-31": "721.00000", "2013-12-31": "816.00000", "2013-09-30": "792.00000", "2013-06-30": "645.00000", "2013-03-31": "658.00000", "2012-12-31": "643.00000", "2012-09-30": "780.00000", "2012-06-30": "591.00000", "2012-03-31": "635.00000", "2011-12-31": "712.00000", "2011-09-30": "751.00000", "2011-06-30": "625.00000", "2011-03-31": "634.00000", "2010-12-31": "613.00000", "2010-09-30": "630.00000", "2010-06-30": "551.00000", "2010-03-31": "431.00000", "2009-12-31": "564.00000", "2009-09-30": "550.00000", "2009-06-30": "453.00000", "2009-03-31": "514.00000", "2008-12-31": "526.00000", "2008-09-30": "606.00000", "2008-06-30": "349.00000", "2008-03-31": "546.00000", "2007-12-31": "675.00000", "2007-09-30": "673.00000", "2007-06-30": "581.00000", "2007-03-31": "436.00000", "2006-12-31": "736.00000", "2006-09-30": "629.00000", "2006-06-30": "508.00000", "2006-03-31": "569.00000", "2005-12-31": "790.00000", "2005-09-30": "219.00000", "2005-06-30": "355.00000", "2005-03-31": "436.00000"}, "EBIT": {"2020-09-30": "410.00000", "2020-06-30": "715.00000", "2020-03-31": "650.00000", "2019-12-31": "606.00000", "2019-09-30": "758.00000", "2019-06-30": "523.00000", "2019-03-31": "740.00000", "2018-12-31": "728.00000", "2018-09-30": "337.00000", "2018-06-30": "383.00000", "2018-03-31": "618.00000", "2017-12-31": "151.00000", "2017-09-30": "470.00000", "2017-06-30": "511.00000", "2017-03-31": "915.00000", "2016-12-31": "724.00000", "2016-09-30": "452.00000", "2016-06-30": "8.00000", "2016-03-31": "565.00000", "2015-12-31": "447.00000", "2015-09-30": "362.00000", "2015-06-30": "461.00000", "2015-03-31": "675.00000", "2014-12-31": "453.00000", "2014-09-30": "515.00000", "2014-06-30": "435.00000", "2014-03-31": "435.00000", "2013-12-31": "531.00000", "2013-09-30": "506.00000", "2013-06-30": "398.00000", "2013-03-31": "363.00000", "2012-12-31": "356.00000", "2012-09-30": "500.00000", "2012-06-30": "325.00000", "2012-03-31": "378.00000", "2011-12-31": "465.00000", "2011-09-30": "500.00000", "2011-06-30": "377.00000", "2011-03-31": "404.00000", "2010-12-31": "390.00000", "2010-09-30": "412.00000", "2010-06-30": "336.00000", "2010-03-31": "221.00000", "2009-12-31": "357.00000", "2009-09-30": "354.00000", "2009-06-30": "264.00000", "2009-03-31": "331.00000", "2008-12-31": "347.00000", "2008-09-30": "444.00000", "2008-06-30": "178.00000", "2008-03-31": "371.00000", "2007-12-31": "503.00000", "2007-09-30": "499.00000", "2007-06-30": "410.00000", "2007-03-31": "267.00000", "2006-12-31": "570.00000", "2006-09-30": "466.00000", "2006-06-30": "337.00000", "2006-03-31": "412.00000", "2005-12-31": "630.00000", "2005-09-30": "67.00000", "2005-06-30": "202.00000", "2005-03-31": "275.00000"}, "Basic Shares Outstanding": {"2020-09-30": "289.49000", "2020-06-30": "293.06000", "2020-03-31": "292.79000", "2019-12-31": "277.90400", "2019-09-30": "277.36000", "2019-06-30": "274.98700", "2019-03-31": "274.67400", "2018-12-31": "268.07200", "2018-09-30": "273.94400", "2018-06-30": "265.83700", "2018-03-31": "257.93200", "2017-12-31": "251.54500", "2017-09-30": "251.69200", "2017-06-30": "251.44700", "2017-03-31": "251.13100", "2016-12-31": "250.21700", "2016-09-30": "250.38600", "2016-06-30": "250.09600", "2016-03-31": "249.73400", "2015-12-31": "248.24900", "2015-09-30": "248.43200", "2015-06-30": "248.10800", "2015-03-31": "247.72200", "2014-12-31": "245.89100", "2014-09-30": "246.13700", "2014-06-30": "245.68800", "2014-03-31": "245.27700", "2013-12-31": "243.86300", "2013-09-30": "244.14000", "2013-06-30": "243.60300", "2013-03-31": "243.29400", "2012-12-31": "241.34700", "2012-09-30": "241.68900", "2012-06-30": "241.14100", "2012-03-31": "240.56600", "2011-12-31": "239.72000", "2011-09-30": "239.54500", "2011-06-30": "239.41500", "2011-03-31": "240.12800", "2010-12-31": "244.73600", "2010-09-30": "246.66800", "2010-06-30": "246.78400", "2010-03-31": "246.08300", "2009-12-31": "243.33900", "2009-09-30": "243.92500", "2009-06-30": "242.71800", "2009-03-31": "241.76600", "2008-12-31": "247.38700", "2008-09-30": "243.79300", "2008-06-30": "245.57600", "2008-03-31": "258.62400", "2007-12-31": "259.26900", "2007-09-30": "259.56300", "2007-06-30": "260.19800", "2007-03-31": "259.45900", "2006-12-31": "256.47700", "2006-09-30": "257.48700", "2006-06-30": "255.72800", "2006-03-31": "254.25700", "2005-12-31": "245.90600", "2005-09-30": "252.97400", "2005-06-30": "243.89800", "2005-03-31": "232.93900"}, "Shares Outstanding": {"2020-09-30": "290.58200", "2020-06-30": "294.15500", "2020-03-31": "313.92500", "2019-12-31": "282.03300", "2019-09-30": "295.78900", "2019-06-30": "279.61900", "2019-03-31": "277.22800", "2018-12-31": "269.85200", "2018-09-30": "275.90700", "2018-06-30": "265.83700", "2018-03-31": "259.49000", "2017-12-31": "252.30000", "2017-09-30": "253.36400", "2017-06-30": "252.82200", "2017-03-31": "252.24600", "2016-12-31": "251.15500", "2016-09-30": "252.40500", "2016-06-30": "252.03600", "2016-03-31": "251.48700", "2015-12-31": "250.92300", "2015-09-30": "251.02400", "2015-06-30": "251.49100", "2015-03-31": "251.20600", "2014-12-31": "250.65500", "2014-09-30": "250.77100", "2014-06-30": "250.06100", "2014-03-31": "249.66900", "2013-12-31": "249.33200", "2013-09-30": "249.25900", "2013-06-30": "248.51500", "2013-03-31": "247.53400", "2012-12-31": "246.69300", "2012-09-30": "245.80200", "2012-06-30": "246.26000", "2012-03-31": "243.76100", "2011-12-31": "241.52300", "2011-09-30": "241.88000", "2011-06-30": "240.76100", "2011-03-31": "241.90300", "2010-12-31": "247.94200", "2010-09-30": "249.81100", "2010-06-30": "249.72700", "2010-03-31": "250.37300", "2009-12-31": "247.38400", "2009-09-30": "248.46100", "2009-06-30": "247.09000", "2009-03-31": "245.01700", "2008-12-31": "251.15900", "2008-09-30": "247.90400", "2008-06-30": "249.67700", "2008-03-31": "262.67100", "2007-12-31": "264.00400", "2007-09-30": "264.27900", "2007-06-30": "264.96300", "2007-03-31": "263.99600", "2006-12-31": "261.36800", "2006-09-30": "262.10200", "2006-06-30": "260.32000", "2006-03-31": "259.25100", "2005-12-31": "252.08800", "2005-09-30": "257.37000", "2005-06-30": "250.07300", "2005-03-31": "241.10500"}, "Basic EPS": {"2020-09-30": "1.21000", "2020-06-30": "7.64000", "2020-03-31": "2.60000", "2019-12-31": "1.58000", "2019-09-30": "2.93000", "2019-06-30": "1.29000", "2019-03-31": "1.60000", "2018-12-31": "3.22000", "2018-09-30": "1.00000", "2018-06-30": "-2.11000", "2018-03-31": "1.34000", "2017-12-31": "-2.00000", "2017-09-30": "0.23000", "2017-06-30": "1.03000", "2017-03-31": "1.76000", "2016-12-31": "1.53000", "2016-09-30": "2.48000", "2016-06-30": "0.06000", "2016-03-31": "1.41000", "2015-12-31": "1.48000", "2015-09-30": "1.00000", "2015-06-30": "1.19000", "2015-03-31": "1.76000", "2014-12-31": "1.20000", "2014-09-30": "1.41000", "2014-06-30": "1.10000", "2014-03-31": "1.01000", "2013-12-31": "1.16000", "2013-09-30": "1.21000", "2013-06-30": "1.00000", "2013-03-31": "0.73000", "2012-12-31": "1.21000", "2012-09-30": "1.11000", "2012-06-30": "0.26000", "2012-03-31": "0.98000", "2011-12-31": "1.18000", "2011-09-30": "1.21000", "2011-06-30": "2.10000", "2011-03-31": "1.06000", "2010-12-31": "1.04000", "2010-09-30": "0.53000", "2010-06-30": "0.90000", "2010-03-31": "0.43000", "2009-12-31": "1.17000", "2009-09-30": "1.30000", "2009-06-30": "0.82000", "2009-03-31": "1.31000", "2008-12-31": "1.31000", "2008-09-30": "1.26000", "2008-06-30": "0.99000", "2008-03-31": "0.94000", "2007-12-31": "1.12000", "2007-09-30": "1.17000", "2007-06-30": "1.07000", "2007-03-31": "0.88000", "2006-12-31": "0.48000", "2006-09-30": "2.54000", "2006-06-30": "1.46000", "2006-03-31": "1.00000", "2005-12-31": "1.41000", "2005-09-30": "0.87000", "2005-06-30": "0.50000", "2005-03-31": "0.96000"}, "EPS - Earnings Per Share": {"2020-09-30": "1.21000", "2020-06-30": "7.61000", "2020-03-31": "2.53000", "2019-12-31": "1.60000", "2019-09-30": "2.84000", "2019-06-30": "1.26000", "2019-03-31": "1.59000", "2018-12-31": "3.21000", "2018-09-30": "0.99000", "2018-06-30": "-2.11000", "2018-03-31": "1.33000", "2017-12-31": "-1.99000", "2017-09-30": "0.22000", "2017-06-30": "1.03000", "2017-03-31": "1.75000", "2016-12-31": "1.54000", "2016-09-30": "2.46000", "2016-06-30": "0.06000", "2016-03-31": "1.40000", "2015-12-31": "1.47000", "2015-09-30": "0.99000", "2015-06-30": "1.17000", "2015-03-31": "1.74000", "2014-12-31": "1.17000", "2014-09-30": "1.39000", "2014-06-30": "1.08000", "2014-03-31": "0.99000", "2013-12-31": "1.12000", "2013-09-30": "1.19000", "2013-06-30": "0.98000", "2013-03-31": "0.72000", "2012-12-31": "1.17000", "2012-09-30": "1.09000", "2012-06-30": "0.25000", "2012-03-31": "0.97000", "2011-12-31": "1.17000", "2011-09-30": "1.20000", "2011-06-30": "2.09000", "2011-03-31": "1.05000", "2010-12-31": "1.02000", "2010-09-30": "0.53000", "2010-06-30": "0.89000", "2010-03-31": "0.42000", "2009-12-31": "1.16000", "2009-09-30": "1.27000", "2009-06-30": "0.80000", "2009-03-31": "1.29000", "2008-12-31": "1.29000", "2008-09-30": "1.24000", "2008-06-30": "0.98000", "2008-03-31": "0.92000", "2007-12-31": "1.10000", "2007-09-30": "1.15000", "2007-06-30": "1.05000", "2007-03-31": "0.86000", "2006-12-31": "0.48000", "2006-09-30": "2.49000", "2006-06-30": "1.43000", "2006-03-31": "0.98000", "2005-12-31": "1.39000", "2005-09-30": "0.86000", "2005-06-30": "0.48000", "2005-03-31": "0.92000"}}, "balance sheet": {"Cash On Hand": {"2019-12-31": "139.00000", "2018-12-31": "137.00000", "2017-12-31": "350.00000", "2016-12-31": "415.00000", "2015-12-31": "430.00000", "2014-12-31": "581.00000", "2013-12-31": "928.00000", "2012-12-31": "521.00000", "2011-12-31": "276.00000", "2010-12-31": "1043.00000", "2009-12-31": "145.00000", "2008-12-31": "534.00000", "2007-12-31": "669.00000", "2006-12-31": "924.00000", "2005-12-31": "781.00000"}, "Receivables": {"2019-12-31": "1860.00000", "2018-12-31": "1632.00000", "2017-12-31": "1731.00000", "2016-12-31": "1623.00000", "2015-12-31": "1509.00000", "2014-12-31": "1477.00000", "2013-12-31": "1611.00000", "2012-12-31": "1613.00000", "2011-12-31": "1345.00000", "2010-12-31": "1314.00000", "2009-12-31": "1665.00000", "2008-12-31": "1180.00000", "2007-12-31": "1173.00000", "2006-12-31": "1075.00000", "2005-12-31": "1174.00000"}, "Inventory": {"2019-12-31": "277.00000", "2018-12-31": "258.00000", "2017-12-31": "307.00000", "2016-12-31": "258.00000", "2015-12-31": "298.00000", "2014-12-31": "396.00000", "2013-12-31": "287.00000", "2012-12-31": "408.00000", "2011-12-31": "346.00000", "2010-12-31": "258.00000", "2009-12-31": "197.00000", "2008-12-31": "320.00000", "2007-12-31": "224.00000", "2006-12-31": "215.00000", "2005-12-31": "205.00000"}, "Pre-Paid Expenses": {"2019-12-31": "", "2018-12-31": "", "2017-12-31": "", "2016-12-31": "", "2015-12-31": "", "2014-12-31": "", "2013-12-31": "", "2012-12-31": "", "2011-12-31": "", "2010-12-31": "", "2009-12-31": "", "2008-12-31": "", "2007-12-31": "", "2006-12-31": "", "2005-12-31": ""}, "Other Current Assets": {"2019-12-31": "618.00000", "2018-12-31": "1159.00000", "2017-12-31": "953.00000", "2016-12-31": "814.00000", "2015-12-31": "654.00000", "2014-12-31": "1425.00000", "2013-12-31": "870.00000", "2012-12-31": "1005.00000", "2011-12-31": "365.00000", "2010-12-31": "663.00000", "2009-12-31": "278.00000", "2008-12-31": "411.00000", "2007-12-31": "7651.00000", "2006-12-31": "9470.00000", "2005-12-31": "10922.00000"}, "Total Current Assets": {"2019-12-31": "3339.00000", "2018-12-31": "3645.00000", "2017-12-31": "3341.00000", "2016-12-31": "3110.00000", "2015-12-31": "2891.00000", "2014-12-31": "4184.00000", "2013-12-31": "3997.00000", "2012-12-31": "3695.00000", "2011-12-31": "2332.00000", "2010-12-31": "3353.00000", "2009-12-31": "2295.00000", "2008-12-31": "2476.00000", "2007-12-31": "9964.00000", "2006-12-31": "12016.00000", "2005-12-31": "13827.00000"}, "Property, Plant, And Equipment": {"2019-12-31": "36452.00000", "2018-12-31": "34439.00000", "2017-12-31": "36503.00000", "2016-12-31": "32931.00000", "2015-12-31": "28039.00000", "2014-12-31": "25902.00000", "2013-12-31": "25460.00000", "2012-12-31": "25191.00000", "2011-12-31": "23465.00000", "2010-12-31": "19876.00000", "2009-12-31": "18281.00000", "2008-12-31": "16865.00000", "2007-12-31": "14884.00000", "2006-12-31": "13175.00000", "2005-12-31": "11756.00000"}, "Long-Term Investments": {"2019-12-31": "13622.00000", "2018-12-31": "11972.00000", "2017-12-31": "2527.00000", "2016-12-31": "2097.00000", "2015-12-31": "2905.00000", "2014-12-31": "2848.00000", "2013-12-31": "1575.00000", "2012-12-31": "1516.00000", "2011-12-31": "1671.00000", "2010-12-31": "2951.00000", "2009-12-31": "4323.00000", "2008-12-31": "3248.00000", "2007-12-31": "1243.00000", "2006-12-31": "1086.00000", "2005-12-31": "1091.00000"}, "Goodwill And Intangible Assets": {"2019-12-31": "1815.00000", "2018-12-31": "1826.00000", "2017-12-31": "2993.00000", "2016-12-31": "2912.00000", "2015-12-31": "1223.00000", "2014-12-31": "1346.00000", "2013-12-31": "1450.00000", "2012-12-31": "1547.00000", "2011-12-31": "1484.00000", "2010-12-31": "540.00000", "2009-12-31": "524.00000", "2008-12-31": "539.00000", "2007-12-31": "179.00000", "2006-12-31": "", "2005-12-31": ""}, "Other Long-Term Assets": {"2019-12-31": "2827.00000", "2018-12-31": "2332.00000", "2017-12-31": "1952.00000", "2016-12-31": "1456.00000", "2015-12-31": "1311.00000", "2014-12-31": "4240.00000", "2013-12-31": "3728.00000", "2012-12-31": "900.00000", "2011-12-31": "1307.00000", "2010-12-31": "627.00000", "2009-12-31": "608.00000", "2008-12-31": "709.00000", "2007-12-31": "777.00000", "2006-12-31": "789.00000", "2005-12-31": "823.00000"}, "Total Long-Term Assets": {"2019-12-31": "61735.00000", "2018-12-31": "56993.00000", "2017-12-31": "47113.00000", "2016-12-31": "44676.00000", "2015-12-31": "38259.00000", "2014-12-31": "35467.00000", "2013-12-31": "33247.00000", "2012-12-31": "32804.00000", "2011-12-31": "30917.00000", "2010-12-31": "26930.00000", "2009-12-31": "26217.00000", "2008-12-31": "23924.00000", "2007-12-31": "18753.00000", "2006-12-31": "16933.00000", "2005-12-31": "15419.00000"}, "Total Assets": {"2019-12-31": "65665.00000", "2018-12-31": "60638.00000", "2017-12-31": "50454.00000", "2016-12-31": "47786.00000", "2015-12-31": "41150.00000", "2014-12-31": "39651.00000", "2013-12-31": "37244.00000", "2012-12-31": "36499.00000", "2011-12-31": "33249.00000", "2010-12-31": "30283.00000", "2009-12-31": "28512.00000", "2008-12-31": "26400.00000", "2007-12-31": "28717.00000", "2006-12-31": "28949.00000", "2005-12-31": "29246.00000"}, "Total Current Liabilities": {"2019-12-31": "9150.00000", "2018-12-31": "7523.00000", "2017-12-31": "6635.00000", "2016-12-31": "5927.00000", "2015-12-31": "4612.00000", "2014-12-31": "5069.00000", "2013-12-31": "4369.00000", "2012-12-31": "4258.00000", "2011-12-31": "4152.00000", "2010-12-31": "3786.00000", "2009-12-31": "3888.00000", "2008-12-31": "3612.00000", "2007-12-31": "9020.00000", "2006-12-31": "10349.00000", "2005-12-31": "12253.00000"}, "Long Term Debt": {"2019-12-31": "20785.00000", "2018-12-31": "20903.00000", "2017-12-31": "16445.00000", "2016-12-31": "14429.00000", "2015-12-31": "13134.00000", "2014-12-31": "12086.00000", "2013-12-31": "11253.00000", "2012-12-31": "11621.00000", "2011-12-31": "10078.00000", "2010-12-31": "8980.00000", "2009-12-31": "7460.00000", "2008-12-31": "6544.00000", "2007-12-31": "4553.00000", "2006-12-31": "4525.00000", "2005-12-31": "4815.00000"}, "Other Non-Current Liabilities": {"2019-12-31": "7160.00000", "2018-12-31": "6970.00000", "2017-12-31": "6689.00000", "2016-12-31": "6035.00000", "2015-12-31": "5308.00000", "2014-12-31": "5188.00000", "2013-12-31": "5090.00000", "2012-12-31": "5149.00000", "2011-12-31": "4996.00000", "2010-12-31": "4661.00000", "2009-12-31": "4475.00000", "2008-12-31": "4457.00000", "2007-12-31": "4503.00000", "2006-12-31": "4325.00000", "2005-12-31": "4143.00000"}, "Total Long Term Liabilities": {"2019-12-31": "34710.00000", "2018-12-31": "33867.00000", "2017-12-31": "28679.00000", "2016-12-31": "26618.00000", "2015-12-31": "23959.00000", "2014-12-31": "22482.00000", "2013-12-31": "21025.00000", "2012-12-31": "21558.00000", "2011-12-31": "18919.00000", "2010-12-31": "17259.00000", "2009-12-31": "15373.00000", "2008-12-31": "14479.00000", "2007-12-31": "11358.00000", "2006-12-31": "11089.00000", "2005-12-31": "10833.00000"}, "Total Liabilities": {"2019-12-31": "43860.00000", "2018-12-31": "41390.00000", "2017-12-31": "35314.00000", "2016-12-31": "32545.00000", "2015-12-31": "28571.00000", "2014-12-31": "27551.00000", "2013-12-31": "25394.00000", "2012-12-31": "25816.00000", "2011-12-31": "23071.00000", "2010-12-31": "21045.00000", "2009-12-31": "19261.00000", "2008-12-31": "18091.00000", "2007-12-31": "20378.00000", "2006-12-31": "21438.00000", "2005-12-31": "23086.00000"}, "Common Stock Net": {"2019-12-31": "7480.00000", "2018-12-31": "5540.00000", "2017-12-31": "3149.00000", "2016-12-31": "2982.00000", "2015-12-31": "2621.00000", "2014-12-31": "2484.00000", "2013-12-31": "2409.00000", "2012-12-31": "2217.00000", "2011-12-31": "2104.00000", "2010-12-31": "2036.00000", "2009-12-31": "2418.00000", "2008-12-31": "2265.00000", "2007-12-31": "3198.00000", "2006-12-31": "3245.00000", "2005-12-31": "2958.00000"}, "Retained Earnings (Accumulated Deficit)": {"2019-12-31": "11130.00000", "2018-12-31": "10104.00000", "2017-12-31": "10147.00000", "2016-12-31": "10717.00000", "2015-12-31": "9994.00000", "2014-12-31": "9339.00000", "2013-12-31": "8827.00000", "2012-12-31": "8441.00000", "2011-12-31": "8162.00000", "2010-12-31": "7329.00000", "2009-12-31": "6971.00000", "2008-12-31": "6235.00000", "2007-12-31": "5464.00000", "2006-12-31": "4681.00000", "2005-12-31": "3588.00000"}, "Comprehensive Income": {"2019-12-31": "-939.00000", "2018-12-31": "-764.00000", "2017-12-31": "-626.00000", "2016-12-31": "-748.00000", "2015-12-31": "-806.00000", "2014-12-31": "-497.00000", "2013-12-31": "-228.00000", "2012-12-31": "-376.00000", "2011-12-31": "-489.00000", "2010-12-31": "-330.00000", "2009-12-31": "-369.00000", "2008-12-31": "-513.00000", "2007-12-31": "-301.00000", "2006-12-31": "-390.00000", "2005-12-31": "-358.00000"}, "Other Share Holders Equity": {"2019-12-31": "", "2018-12-31": "", "2017-12-31": "", "2016-12-31": "", "2015-12-31": "", "2014-12-31": "", "2013-12-31": "", "2012-12-31": "", "2011-12-31": "", "2010-12-31": "", "2009-12-31": "", "2008-12-31": "", "2007-12-31": "", "2006-12-31": "", "2005-12-31": ""}, "Share Holder Equity": {"2019-12-31": "21805.00000", "2018-12-31": "19248.00000", "2017-12-31": "15140.00000", "2016-12-31": "15241.00000", "2015-12-31": "12579.00000", "2014-12-31": "12100.00000", "2013-12-31": "11850.00000", "2012-12-31": "10683.00000", "2011-12-31": "10178.00000", "2010-12-31": "9238.00000", "2009-12-31": "9251.00000", "2008-12-31": "8309.00000", "2007-12-31": "8339.00000", "2006-12-31": "7511.00000", "2005-12-31": "6160.00000"}, "Total Liabilities And Share Holders Equity": {"2019-12-31": "65665.00000", "2018-12-31": "60638.00000", "2017-12-31": "50454.00000", "2016-12-31": "47786.00000", "2015-12-31": "41150.00000", "2014-12-31": "39651.00000", "2013-12-31": "37244.00000", "2012-12-31": "36499.00000", "2011-12-31": "33249.00000", "2010-12-31": "30283.00000", "2009-12-31": "28512.00000", "2008-12-31": "26400.00000", "2007-12-31": "28717.00000", "2006-12-31": "28949.00000", "2005-12-31": "29246.00000"}}, "balance sheet, quarterly": {"Cash On Hand": {"2020-09-30": "3543.00000", "2020-06-30": "4927.00000", "2020-03-31": "2270.00000", "2019-12-31": "139.00000", "2019-09-30": "134.00000", "2019-06-30": "218.00000", "2019-03-31": "119.00000", "2018-12-31": "137.00000", "2018-09-30": "285.00000", "2018-06-30": "312.00000", "2018-03-31": "293.00000", "2017-12-31": "350.00000", "2017-09-30": "248.00000", "2017-06-30": "293.00000", "2017-03-31": "362.00000", "2016-12-31": "415.00000", "2016-09-30": "532.00000", "2016-06-30": "633.00000", "2016-03-31": "399.00000", "2015-12-31": "430.00000", "2015-09-30": "710.00000", "2015-06-30": "644.00000", "2015-03-31": "387.00000", "2014-12-31": "581.00000", "2014-09-30": "689.00000", "2014-06-30": "809.00000", "2014-03-31": "870.00000", "2013-12-31": "928.00000", "2013-09-30": "1089.00000", "2013-06-30": "1043.00000", "2013-03-31": "1528.00000", "2012-12-31": "521.00000", "2012-09-30": "572.00000", "2012-06-30": "242.00000", "2012-03-31": "427.00000", "2011-12-31": "276.00000", "2011-09-30": "790.00000", "2011-06-30": "580.00000", "2011-03-31": "1537.00000", "2010-12-31": "1043.00000", "2010-09-30": "551.00000", "2010-06-30": "191.00000", "2010-03-31": "266.00000", "2009-12-31": "145.00000", "2009-09-30": "783.00000", "2009-06-30": "845.00000", "2009-03-31": "923.00000", "2008-12-31": "534.00000", "2008-09-30": "611.00000", "2008-06-30": "643.00000", "2008-03-31": "1219.00000", "2007-12-31": "669.00000", "2007-09-30": "1073.00000", "2007-06-30": "1353.00000", "2007-03-31": "1659.00000", "2006-12-31": "924.00000", "2006-09-30": "1666.00000", "2006-06-30": "725.00000", "2006-03-31": "654.00000", "2005-12-31": "781.00000", "2005-09-30": "515.00000", "2005-06-30": "738.00000", "2005-03-31": "621.00000"}, "Receivables": {"2020-09-30": "1683.00000", "2020-06-30": "1640.00000", "2020-03-31": "1775.00000", "2019-12-31": "1860.00000", "2019-09-30": "1991.00000", "2019-06-30": "1371.00000", "2019-03-31": "1713.00000", "2018-12-31": "1632.00000", "2018-09-30": "1805.00000", "2018-06-30": "1577.00000", "2018-03-31": "1862.00000", "2017-12-31": "1731.00000", "2017-09-30": "1536.00000", "2017-06-30": "1440.00000", "2017-03-31": "1557.00000", "2016-12-31": "1623.00000", "2016-09-30": "1269.00000", "2016-06-30": "1176.00000", "2016-03-31": "1333.00000", "2015-12-31": "1509.00000", "2015-09-30": "1225.00000", "2015-06-30": "1258.00000", "2015-03-31": "1314.00000", "2014-12-31": "1477.00000", "2014-09-30": "1358.00000", "2014-06-30": "1365.00000", "2014-03-31": "1495.00000", "2013-12-31": "1611.00000", "2013-09-30": "1308.00000", "2013-06-30": "1454.00000", "2013-03-31": "1638.00000", "2012-12-31": "1613.00000", "2012-09-30": "1273.00000", "2012-06-30": "1022.00000", "2012-03-31": "1239.00000", "2011-12-31": "1345.00000", "2011-09-30": "1398.00000", "2011-06-30": "1419.00000", "2011-03-31": "1336.00000", "2010-12-31": "1314.00000", "2010-09-30": "1268.00000", "2010-06-30": "1196.00000", "2010-03-31": "1357.00000", "2009-12-31": "1665.00000", "2009-09-30": "1168.00000", "2009-06-30": "1790.00000", "2009-03-31": "1784.00000", "2008-12-31": "1180.00000", "2008-09-30": "985.00000", "2008-06-30": "1177.00000", "2008-03-31": "1135.00000", "2007-12-31": "1173.00000", "2007-09-30": "810.00000", "2007-06-30": "777.00000", "2007-03-31": "924.00000", "2006-12-31": "1075.00000", "2006-09-30": "745.00000", "2006-06-30": "770.00000", "2006-03-31": "1131.00000", "2005-12-31": "1174.00000", "2005-09-30": "836.00000", "2005-06-30": "794.00000", "2005-03-31": "926.00000"}, "Inventory": {"2020-09-30": "309.00000", "2020-06-30": "267.00000", "2020-03-31": "217.00000", "2019-12-31": "277.00000", "2019-09-30": "270.00000", "2019-06-30": "214.00000", "2019-03-31": "189.00000", "2018-12-31": "258.00000", "2018-09-30": "345.00000", "2018-06-30": "288.00000", "2018-03-31": "285.00000", "2017-12-31": "307.00000", "2017-09-30": "296.00000", "2017-06-30": "239.00000", "2017-03-31": "210.00000", "2016-12-31": "258.00000", "2016-09-30": "302.00000", "2016-06-30": "270.00000", "2016-03-31": "231.00000", "2015-12-31": "298.00000", "2015-09-30": "416.00000", "2015-06-30": "266.00000", "2015-03-31": "255.00000", "2014-12-31": "396.00000", "2014-09-30": "472.00000", "2014-06-30": "267.00000", "2014-03-31": "197.00000", "2013-12-31": "287.00000", "2013-09-30": "463.00000", "2013-06-30": "357.00000", "2013-03-31": "270.00000", "2012-12-31": "408.00000", "2012-09-30": "398.00000", "2012-06-30": "249.00000", "2012-03-31": "222.00000", "2011-12-31": "346.00000", "2011-09-30": "369.00000", "2011-06-30": "211.00000", "2011-03-31": "176.00000", "2010-12-31": "258.00000", "2010-09-30": "296.00000", "2010-06-30": "151.00000", "2010-03-31": "160.00000", "2009-12-31": "197.00000", "2009-09-30": "296.00000", "2009-06-30": "169.00000", "2009-03-31": "150.00000", "2008-12-31": "320.00000", "2008-09-30": "461.00000", "2008-06-30": "125.00000", "2008-03-31": "103.00000", "2007-12-31": "224.00000", "2007-09-30": "325.00000", "2007-06-30": "167.00000", "2007-03-31": "111.00000", "2006-12-31": "215.00000", "2006-09-30": "300.00000", "2006-06-30": "136.00000", "2006-03-31": "98.00000", "2005-12-31": "205.00000", "2005-09-30": "240.00000", "2005-06-30": "101.00000", "2005-03-31": "70.00000"}, "Pre-Paid Expenses": {"2020-09-30": "", "2020-06-30": "", "2020-03-31": "", "2019-12-31": "", "2019-09-30": "", "2019-06-30": "", "2019-03-31": "", "2018-12-31": "", "2018-09-30": "", "2018-06-30": "", "2018-03-31": "", "2017-12-31": "", "2017-09-30": "", "2017-06-30": "", "2017-03-31": "", "2016-12-31": "", "2016-09-30": "", "2016-06-30": "", "2016-03-31": "", "2015-12-31": "", "2015-09-30": "", "2015-06-30": "", "2015-03-31": "", "2014-12-31": "", "2014-09-30": "", "2014-06-30": "", "2014-03-31": "", "2013-12-31": "", "2013-09-30": "", "2013-06-30": "", "2013-03-31": "", "2012-12-31": "", "2012-09-30": "", "2012-06-30": "", "2012-03-31": "", "2011-12-31": "", "2011-09-30": "", "2011-06-30": "", "2011-03-31": "", "2010-12-31": "", "2010-09-30": "", "2010-06-30": "", "2010-03-31": "", "2009-12-31": "", "2009-09-30": "", "2009-06-30": "", "2009-03-31": "", "2008-12-31": "", "2008-09-30": "", "2008-06-30": "", "2008-03-31": "", "2007-12-31": "", "2007-09-30": "", "2007-06-30": "", "2007-03-31": "", "2006-12-31": "", "2006-09-30": "", "2006-06-30": "", "2006-03-31": "", "2005-12-31": "", "2005-09-30": "", "2005-06-30": "", "2005-03-31": ""}, "Other Current Assets": {"2020-09-30": "859.00000", "2020-06-30": "806.00000", "2020-03-31": "1162.00000", "2019-12-31": "618.00000", "2019-09-30": "551.00000", "2019-06-30": "535.00000", "2019-03-31": "784.00000", "2018-12-31": "1159.00000", "2018-09-30": "2610.00000", "2018-06-30": "2770.00000", "2018-03-31": "954.00000", "2017-12-31": "953.00000", "2017-09-30": "798.00000", "2017-06-30": "795.00000", "2017-03-31": "824.00000", "2016-12-31": "814.00000", "2016-09-30": "821.00000", "2016-06-30": "1262.00000", "2016-03-31": "920.00000", "2015-12-31": "654.00000", "2015-09-30": "1057.00000", "2015-06-30": "1239.00000", "2015-03-31": "1456.00000", "2014-12-31": "1425.00000", "2014-09-30": "1443.00000", "2014-06-30": "1364.00000", "2014-03-31": "1287.00000", "2013-12-31": "870.00000", "2013-09-30": "733.00000", "2013-06-30": "731.00000", "2013-03-31": "659.00000", "2012-12-31": "1005.00000", "2012-09-30": "835.00000", "2012-06-30": "527.00000", "2012-03-31": "410.00000", "2011-12-31": "365.00000", "2011-09-30": "381.00000", "2011-06-30": "341.00000", "2011-03-31": "341.00000", "2010-12-31": "663.00000", "2010-09-30": "380.00000", "2010-06-30": "335.00000", "2010-03-31": "319.00000", "2009-12-31": "278.00000", "2009-09-30": "332.00000", "2009-06-30": "424.00000", "2009-03-31": "422.00000", "2008-12-31": "411.00000", "2008-09-30": "363.00000", "2008-06-30": "418.00000", "2008-03-31": "7712.00000", "2007-12-31": "7651.00000", "2007-09-30": "8573.00000", "2007-06-30": "7884.00000", "2007-03-31": "7601.00000", "2006-12-31": "9470.00000", "2006-09-30": "9543.00000", "2006-06-30": "9038.00000", "2006-03-31": "9641.00000", "2005-12-31": "10922.00000", "2005-09-30": "11786.00000", "2005-06-30": "7396.00000", "2005-03-31": "7112.00000"}, "Total Current Assets": {"2020-09-30": "6394.00000", "2020-06-30": "7640.00000", "2020-03-31": "5424.00000", "2019-12-31": "3339.00000", "2019-09-30": "3666.00000", "2019-06-30": "2783.00000", "2019-03-31": "3262.00000", "2018-12-31": "3645.00000", "2018-09-30": "5045.00000", "2018-06-30": "4947.00000", "2018-03-31": "3394.00000", "2017-12-31": "3341.00000", "2017-09-30": "2878.00000", "2017-06-30": "2767.00000", "2017-03-31": "2953.00000", "2016-12-31": "3110.00000", "2016-09-30": "2924.00000", "2016-06-30": "3341.00000", "2016-03-31": "2883.00000", "2015-12-31": "2891.00000", "2015-09-30": "3606.00000", "2015-06-30": "3506.00000", "2015-03-31": "3656.00000", "2014-12-31": "4184.00000", "2014-09-30": "4414.00000", "2014-06-30": "4195.00000", "2014-03-31": "4224.00000", "2013-12-31": "3997.00000", "2013-09-30": "3712.00000", "2013-06-30": "3661.00000", "2013-03-31": "4123.00000", "2012-12-31": "3695.00000", "2012-09-30": "3078.00000", "2012-06-30": "2040.00000", "2012-03-31": "2298.00000", "2011-12-31": "2332.00000", "2011-09-30": "2938.00000", "2011-06-30": "2551.00000", "2011-03-31": "3426.00000", "2010-12-31": "3353.00000", "2010-09-30": "2495.00000", "2010-06-30": "1873.00000", "2010-03-31": "2107.00000", "2009-12-31": "2295.00000", "2009-09-30": "2696.00000", "2009-06-30": "3324.00000", "2009-03-31": "3327.00000", "2008-12-31": "2476.00000", "2008-09-30": "2570.00000", "2008-06-30": "2510.00000", "2008-03-31": "10470.00000", "2007-12-31": "9964.00000", "2007-09-30": "11130.00000", "2007-06-30": "10588.00000", "2007-03-31": "10731.00000", "2006-12-31": "12016.00000", "2006-09-30": "12735.00000", "2006-06-30": "11232.00000", "2006-03-31": "12088.00000", "2005-12-31": "13827.00000", "2005-09-30": "13468.00000", "2005-06-30": "9149.00000", "2005-03-31": "8836.00000"}, "Property, Plant, And Equipment": {"2020-09-30": "38784.00000", "2020-06-30": "37945.00000", "2020-03-31": "37067.00000", "2019-12-31": "36452.00000", "2019-09-30": "35520.00000", "2019-06-30": "35282.00000", "2019-03-31": "34698.00000", "2018-12-31": "34439.00000", "2018-09-30": "35498.00000", "2018-06-30": "34916.00000", "2018-03-31": "37025.00000", "2017-12-31": "36503.00000", "2017-09-30": "35384.00000", "2017-06-30": "34561.00000", "2017-03-31": "33492.00000", "2016-12-31": "32931.00000", "2016-09-30": "31487.00000", "2016-06-30": "29495.00000", "2016-03-31": "28433.00000", "2015-12-31": "28039.00000", "2015-09-30": "27314.00000", "2015-06-30": "26693.00000", "2015-03-31": "26236.00000", "2014-12-31": "25902.00000", "2014-09-30": "26409.00000", "2014-06-30": "26012.00000", "2014-03-31": "25452.00000", "2013-12-31": "25460.00000", "2013-09-30": "24763.00000", "2013-06-30": "25171.00000", "2013-03-31": "25458.00000", "2012-12-31": "25191.00000", "2012-09-30": "24990.00000", "2012-06-30": "24597.00000", "2012-03-31": "24076.00000", "2011-12-31": "23465.00000", "2011-09-30": "22703.00000", "2011-06-30": "22156.00000", "2011-03-31": "20200.00000", "2010-12-31": "19876.00000", "2010-09-30": "19221.00000", "2010-06-30": "18924.00000", "2010-03-31": "18490.00000", "2009-12-31": "18281.00000", "2009-09-30": "17772.00000", "2009-06-30": "17413.00000", "2009-03-31": "17208.00000", "2008-12-31": "16865.00000", "2008-09-30": "15814.00000", "2008-06-30": "15571.00000", "2008-03-31": "15288.00000", "2007-12-31": "14884.00000", "2007-09-30": "14329.00000", "2007-06-30": "14050.00000", "2007-03-31": "13486.00000", "2006-12-31": "13175.00000", "2006-09-30": "12680.00000", "2006-06-30": "12385.00000", "2006-03-31": "12169.00000", "2005-12-31": "11756.00000", "2005-09-30": "11780.00000", "2005-06-30": "11434.00000", "2005-03-31": "11245.00000"}, "Long-Term Investments": {"2020-09-30": "13417.00000", "2020-06-30": "13955.00000", "2020-03-31": "13834.00000", "2019-12-31": "13622.00000", "2019-09-30": "13221.00000", "2019-06-30": "13012.00000", "2019-03-31": "12038.00000", "2018-12-31": "11972.00000", "2018-09-30": "12114.00000", "2018-06-30": "11983.00000", "2018-03-31": "11766.00000", "2017-12-31": "2527.00000", "2017-09-30": "2128.00000", "2017-06-30": "2134.00000", "2017-03-31": "2120.00000", "2016-12-31": "2097.00000", "2016-09-30": "1840.00000", "2016-06-30": "2267.00000", "2016-03-31": "2727.00000", "2015-12-31": "2905.00000", "2015-09-30": "2845.00000", "2015-06-30": "2929.00000", "2015-03-31": "2772.00000", "2014-12-31": "2848.00000", "2014-09-30": "1797.00000", "2014-06-30": "1769.00000", "2014-03-31": "1634.00000", "2013-12-31": "1575.00000", "2013-09-30": "1564.00000", "2013-06-30": "1466.00000", "2013-03-31": "1519.00000", "2012-12-31": "1516.00000", "2012-09-30": "1585.00000", "2012-06-30": "1639.00000", "2012-03-31": "1722.00000", "2011-12-31": "1671.00000", "2011-09-30": "1807.00000", "2011-06-30": "1952.00000", "2011-03-31": "2942.00000", "2010-12-31": "2951.00000", "2010-09-30": "3142.00000", "2010-06-30": "4407.00000", "2010-03-31": "4380.00000", "2009-12-31": "4323.00000", "2009-09-30": "4113.00000", "2009-06-30": "3489.00000", "2009-03-31": "3186.00000", "2008-12-31": "3248.00000", "2008-09-30": "3159.00000", "2008-06-30": "3246.00000", "2008-03-31": "1494.00000", "2007-12-31": "1243.00000", "2007-09-30": "1121.00000", "2007-06-30": "1122.00000", "2007-03-31": "1138.00000", "2006-12-31": "1086.00000", "2006-09-30": "1062.00000", "2006-06-30": "1092.00000", "2006-03-31": "1201.00000", "2005-12-31": "1091.00000", "2005-09-30": "1104.00000", "2005-06-30": "1109.00000", "2005-03-31": "1147.00000"}, "Goodwill And Intangible Assets": {"2020-09-30": "1807.00000", "2020-06-30": "1810.00000", "2020-03-31": "1813.00000", "2019-12-31": "1815.00000", "2019-09-30": "1818.00000", "2019-06-30": "1821.00000", "2019-03-31": "1824.00000", "2018-12-31": "1826.00000", "2018-09-30": "2592.00000", "2018-06-30": "2592.00000", "2018-03-31": "3002.00000", "2017-12-31": "2993.00000", "2017-09-30": "2930.00000", "2017-06-30": "2920.00000", "2017-03-31": "2924.00000", "2016-12-31": "2912.00000", "2016-09-30": "2547.00000", "2016-06-30": "1185.00000", "2016-03-31": "1251.00000", "2015-12-31": "1223.00000", "2015-09-30": "1254.00000", "2015-06-30": "1295.00000", "2015-03-31": "1315.00000", "2014-12-31": "1346.00000", "2014-09-30": "1369.00000", "2014-06-30": "1421.00000", "2014-03-31": "1422.00000", "2013-12-31": "1450.00000", "2013-09-30": "1473.00000", "2013-06-30": "1473.00000", "2013-03-31": "1547.00000", "2012-12-31": "1547.00000", "2012-09-30": "1550.00000", "2012-06-30": "1508.00000", "2012-03-31": "1514.00000", "2011-12-31": "1484.00000", "2011-09-30": "1461.00000", "2011-06-30": "1509.00000", "2011-03-31": "537.00000", "2010-12-31": "540.00000", "2010-09-30": "542.00000", "2010-06-30": "538.00000", "2010-03-31": "523.00000", "2009-12-31": "524.00000", "2009-09-30": "527.00000", "2009-06-30": "529.00000", "2009-03-31": "531.00000", "2008-12-31": "539.00000", "2008-09-30": "", "2008-06-30": "", "2008-03-31": "", "2007-12-31": "179.00000", "2007-09-30": "", "2007-06-30": "", "2007-03-31": "", "2006-12-31": "", "2006-09-30": "", "2006-06-30": "", "2006-03-31": "", "2005-12-31": "", "2005-09-30": "", "2005-06-30": "", "2005-03-31": ""}, "Other Long-Term Assets": {"2020-09-30": "2757.00000", "2020-06-30": "2693.00000", "2020-03-31": "2599.00000", "2019-12-31": "2827.00000", "2019-09-30": "2868.00000", "2019-06-30": "2421.00000", "2019-03-31": "2305.00000", "2018-12-31": "2332.00000", "2018-09-30": "2255.00000", "2018-06-30": "2162.00000", "2018-03-31": "3717.00000", "2017-12-31": "1952.00000", "2017-09-30": "1908.00000", "2017-06-30": "1676.00000", "2017-03-31": "1421.00000", "2016-12-31": "1456.00000", "2016-09-30": "1361.00000", "2016-06-30": "1452.00000", "2016-03-31": "1463.00000", "2015-12-31": "1311.00000", "2015-09-30": "1375.00000", "2015-06-30": "1343.00000", "2015-03-31": "1376.00000", "2014-12-31": "4240.00000", "2014-09-30": "1423.00000", "2014-06-30": "1264.00000", "2014-03-31": "1204.00000", "2013-12-31": "3728.00000", "2013-09-30": "1288.00000", "2013-06-30": "917.00000", "2013-03-31": "914.00000", "2012-12-31": "900.00000", "2012-09-30": "767.00000", "2012-06-30": "730.00000", "2012-03-31": "823.00000", "2011-12-31": "1307.00000", "2011-09-30": "671.00000", "2011-06-30": "647.00000", "2011-03-31": "630.00000", "2010-12-31": "627.00000", "2010-09-30": "648.00000", "2010-06-30": "623.00000", "2010-03-31": "598.00000", "2009-12-31": "608.00000", "2009-09-30": "605.00000", "2009-06-30": "565.00000", "2009-03-31": "529.00000", "2008-12-31": "709.00000", "2008-09-30": "746.00000", "2008-06-30": "806.00000", "2008-03-31": "965.00000", "2007-12-31": "777.00000", "2007-09-30": "852.00000", "2007-06-30": "840.00000", "2007-03-31": "791.00000", "2006-12-31": "789.00000", "2006-09-30": "829.00000", "2006-06-30": "834.00000", "2006-03-31": "838.00000", "2005-12-31": "823.00000", "2005-09-30": "1021.00000", "2005-06-30": "881.00000", "2005-03-31": "848.00000"}, "Total Long-Term Assets": {"2020-09-30": "60265.00000", "2020-06-30": "60167.00000", "2020-03-31": "62277.00000", "2019-12-31": "61735.00000", "2019-09-30": "60324.00000", "2019-06-30": "59344.00000", "2019-03-31": "57744.00000", "2018-12-31": "56993.00000", "2018-09-30": "55560.00000", "2018-06-30": "54960.00000", "2018-03-31": "57091.00000", "2017-12-31": "47113.00000", "2017-09-30": "47251.00000", "2017-06-30": "46609.00000", "2017-03-31": "45331.00000", "2016-12-31": "44676.00000", "2016-09-30": "42602.00000", "2016-06-30": "39534.00000", "2016-03-31": "38952.00000", "2015-12-31": "38259.00000", "2015-09-30": "36960.00000", "2015-06-30": "36500.00000", "2015-03-31": "35895.00000", "2014-12-31": "35467.00000", "2014-09-30": "34568.00000", "2014-06-30": "34112.00000", "2014-03-31": "33260.00000", "2013-12-31": "33247.00000", "2013-09-30": "33189.00000", "2013-06-30": "33359.00000", "2013-03-31": "33150.00000", "2012-12-31": "32804.00000", "2012-09-30": "32312.00000", "2012-06-30": "32162.00000", "2012-03-31": "31747.00000", "2011-12-31": "30917.00000", "2011-09-30": "29678.00000", "2011-06-30": "29285.00000", "2011-03-31": "27270.00000", "2010-12-31": "26930.00000", "2010-09-30": "26454.00000", "2010-06-30": "27213.00000", "2010-03-31": "26665.00000", "2009-12-31": "26217.00000", "2009-09-30": "25699.00000", "2009-06-30": "24598.00000", "2009-03-31": "24007.00000", "2008-12-31": "23924.00000", "2008-09-30": "21279.00000", "2008-06-30": "21245.00000", "2008-03-31": "19384.00000", "2007-12-31": "18753.00000", "2007-09-30": "18172.00000", "2007-06-30": "17889.00000", "2007-03-31": "17293.00000", "2006-12-31": "16933.00000", "2006-09-30": "16311.00000", "2006-06-30": "16055.00000", "2006-03-31": "15962.00000", "2005-12-31": "15419.00000", "2005-09-30": "15511.00000", "2005-06-30": "15056.00000", "2005-03-31": "14924.00000"}, "Total Assets": {"2020-09-30": "67222.00000", "2020-06-30": "68385.00000", "2020-03-31": "68293.00000", "2019-12-31": "65665.00000", "2019-09-30": "64585.00000", "2019-06-30": "62727.00000", "2019-03-31": "61618.00000", "2018-12-31": "60638.00000", "2018-09-30": "60605.00000", "2018-06-30": "59907.00000", "2018-03-31": "60485.00000", "2017-12-31": "50454.00000", "2017-09-30": "50129.00000", "2017-06-30": "49376.00000", "2017-03-31": "48284.00000", "2016-12-31": "47786.00000", "2016-09-30": "45526.00000", "2016-06-30": "42875.00000", "2016-03-31": "41835.00000", "2015-12-31": "41150.00000", "2015-09-30": "40566.00000", "2015-06-30": "40006.00000", "2015-03-31": "39551.00000", "2014-12-31": "39651.00000", "2014-09-30": "38982.00000", "2014-06-30": "38307.00000", "2014-03-31": "37484.00000", "2013-12-31": "37244.00000", "2013-09-30": "36901.00000", "2013-06-30": "37020.00000", "2013-03-31": "37273.00000", "2012-12-31": "36499.00000", "2012-09-30": "35390.00000", "2012-06-30": "34202.00000", "2012-03-31": "34045.00000", "2011-12-31": "33249.00000", "2011-09-30": "32616.00000", "2011-06-30": "31836.00000", "2011-03-31": "30696.00000", "2010-12-31": "30283.00000", "2010-09-30": "28949.00000", "2010-06-30": "29086.00000", "2010-03-31": "28772.00000", "2009-12-31": "28512.00000", "2009-09-30": "28395.00000", "2009-06-30": "27922.00000", "2009-03-31": "27334.00000", "2008-12-31": "26400.00000", "2008-09-30": "23849.00000", "2008-06-30": "23755.00000", "2008-03-31": "29854.00000", "2007-12-31": "28717.00000", "2007-09-30": "29302.00000", "2007-06-30": "28477.00000", "2007-03-31": "28024.00000", "2006-12-31": "28949.00000", "2006-09-30": "29046.00000", "2006-06-30": "27287.00000", "2006-03-31": "28050.00000", "2005-12-31": "29246.00000", "2005-09-30": "28979.00000", "2005-06-30": "24205.00000", "2005-03-31": "23760.00000"}, "Total Current Liabilities": {"2020-09-30": "7635.00000", "2020-06-30": "9595.00000", "2020-03-31": "12177.00000", "2019-12-31": "9150.00000", "2019-09-30": "9498.00000", "2019-06-30": "8177.00000", "2019-03-31": "8612.00000", "2018-12-31": "7523.00000", "2018-09-30": "8491.00000", "2018-06-30": "8602.00000", "2018-03-31": "9109.00000", "2017-12-31": "6635.00000", "2017-09-30": "7194.00000", "2017-06-30": "6063.00000", "2017-03-31": "5812.00000", "2016-12-31": "5927.00000", "2016-09-30": "6794.00000", "2016-06-30": "5680.00000", "2016-03-31": "5132.00000", "2015-12-31": "4612.00000", "2015-09-30": "5118.00000", "2015-06-30": "4399.00000", "2015-03-31": "3770.00000", "2014-12-31": "5069.00000", "2014-09-30": "4292.00000", "2014-06-30": "3882.00000", "2014-03-31": "3875.00000", "2013-12-31": "4369.00000", "2013-09-30": "4530.00000", "2013-06-30": "4725.00000", "2013-03-31": "5189.00000", "2012-12-31": "4258.00000", "2012-09-30": "4349.00000", "2012-06-30": "4434.00000", "2012-03-31": "4480.00000", "2011-12-31": "4152.00000", "2011-09-30": "3995.00000", "2011-06-30": "3575.00000", "2011-03-31": "3654.00000", "2010-12-31": "3786.00000", "2010-09-30": "3777.00000", "2010-06-30": "4051.00000", "2010-03-31": "4238.00000", "2009-12-31": "3888.00000", "2009-09-30": "4310.00000", "2009-06-30": "4353.00000", "2009-03-31": "4900.00000", "2008-12-31": "3612.00000", "2008-09-30": "3135.00000", "2008-06-30": "4276.00000", "2008-03-31": "9924.00000", "2007-12-31": "9020.00000", "2007-09-30": "9831.00000", "2007-06-30": "9467.00000", "2007-03-31": "9200.00000", "2006-12-31": "10349.00000", "2006-09-30": "10796.00000", "2006-06-30": "9829.00000", "2006-03-31": "10716.00000", "2005-12-31": "12253.00000", "2005-09-30": "13120.00000", "2005-06-30": "8765.00000", "2005-03-31": "9045.00000"}, "Long Term Debt": {"2020-09-30": "21770.00000", "2020-06-30": "20535.00000", "2020-03-31": "20198.00000", "2019-12-31": "20785.00000", "2019-09-30": "20995.00000", "2019-06-30": "21199.00000", "2019-03-31": "19738.00000", "2018-12-31": "20903.00000", "2018-09-30": "21335.00000", "2018-06-30": "21278.00000", "2018-03-31": "20863.00000", "2017-12-31": "16445.00000", "2017-09-30": "14803.00000", "2017-06-30": "15000.00000", "2017-03-31": "14409.00000", "2016-12-31": "14429.00000", "2016-09-30": "13522.00000", "2016-06-30": "13178.00000", "2016-03-31": "12975.00000", "2015-12-31": "13134.00000", "2015-09-30": "12527.00000", "2015-06-30": "12626.00000", "2015-03-31": "13012.00000", "2014-12-31": "12086.00000", "2014-09-30": "12437.00000", "2014-06-30": "12323.00000", "2014-03-31": "11700.00000", "2013-12-31": "11253.00000", "2013-09-30": "10478.00000", "2013-06-30": "10530.00000", "2013-03-31": "10680.00000", "2012-12-31": "11621.00000", "2012-09-30": "11193.00000", "2012-06-30": "10315.00000", "2012-03-31": "10180.00000", "2011-12-31": "10078.00000", "2011-09-30": "10033.00000", "2011-06-30": "9648.00000", "2011-03-31": "9174.00000", "2010-12-31": "8980.00000", "2010-09-30": "8032.00000", "2010-06-30": "7562.00000", "2010-03-31": "7198.00000", "2009-12-31": "7460.00000", "2009-09-30": "6845.00000", "2009-06-30": "6723.00000", "2009-03-31": "6044.00000", "2008-12-31": "6544.00000", "2008-09-30": "5864.00000", "2008-06-30": "4809.00000", "2008-03-31": "4589.00000", "2007-12-31": "4553.00000", "2007-09-30": "4502.00000", "2007-06-30": "4219.00000", "2007-03-31": "4520.00000", "2006-12-31": "4525.00000", "2006-09-30": "4416.00000", "2006-06-30": "4414.00000", "2006-03-31": "4778.00000", "2005-12-31": "4815.00000", "2005-09-30": "4346.00000", "2005-06-30": "4369.00000", "2005-03-31": "4132.00000"}, "Other Non-Current Liabilities": {"2020-09-30": "7098.00000", "2020-06-30": "7051.00000", "2020-03-31": "7089.00000", "2019-12-31": "7160.00000", "2019-09-30": "6967.00000", "2019-06-30": "7104.00000", "2019-03-31": "7003.00000", "2018-12-31": "6970.00000", "2018-09-30": "7243.00000", "2018-06-30": "7193.00000", "2018-03-31": "7166.00000", "2017-12-31": "6689.00000", "2017-09-30": "5705.00000", "2017-06-30": "5691.00000", "2017-03-31": "5704.00000", "2016-12-31": "6035.00000", "2016-09-30": "5952.00000", "2016-06-30": "5796.00000", "2016-03-31": "5397.00000", "2015-12-31": "5308.00000", "2015-09-30": "5228.00000", "2015-06-30": "5273.00000", "2015-03-31": "5239.00000", "2014-12-31": "5188.00000", "2014-09-30": "5132.00000", "2014-06-30": "5137.00000", "2014-03-31": "5147.00000", "2013-12-31": "5090.00000", "2013-09-30": "5036.00000", "2013-06-30": "5168.00000", "2013-03-31": "5277.00000", "2012-12-31": "5149.00000", "2012-09-30": "5252.00000", "2012-06-30": "5233.00000", "2012-03-31": "5052.00000", "2011-12-31": "4996.00000", "2011-09-30": "4723.00000", "2011-06-30": "4715.00000", "2011-03-31": "4687.00000", "2010-12-31": "4661.00000", "2010-09-30": "4589.00000", "2010-06-30": "4536.00000", "2010-03-31": "4524.00000", "2009-12-31": "4475.00000", "2009-09-30": "4554.00000", "2009-06-30": "4475.00000", "2009-03-31": "4416.00000", "2008-12-31": "4457.00000", "2008-09-30": "4389.00000", "2008-06-30": "4481.00000", "2008-03-31": "4515.00000", "2007-12-31": "4503.00000", "2007-09-30": "4397.00000", "2007-06-30": "4386.00000", "2007-03-31": "4396.00000", "2006-12-31": "4325.00000", "2006-09-30": "4257.00000", "2006-06-30": "4216.00000", "2006-03-31": "4197.00000", "2005-12-31": "4143.00000", "2005-09-30": "3849.00000", "2005-06-30": "3836.00000", "2005-03-31": "3846.00000"}, "Total Long Term Liabilities": {"2020-09-30": "34731.00000", "2020-06-30": "33404.00000", "2020-03-31": "34001.00000", "2019-12-31": "34710.00000", "2019-09-30": "34536.00000", "2019-06-30": "35116.00000", "2019-03-31": "33536.00000", "2018-12-31": "33867.00000", "2018-09-30": "33003.00000", "2018-06-30": "32941.00000", "2018-03-31": "33071.00000", "2017-12-31": "28679.00000", "2017-09-30": "27433.00000", "2017-06-30": "27708.00000", "2017-03-31": "26903.00000", "2016-12-31": "26618.00000", "2016-09-30": "25541.00000", "2016-06-30": "24632.00000", "2016-03-31": "23979.00000", "2015-12-31": "23959.00000", "2015-09-30": "23052.00000", "2015-06-30": "23132.00000", "2015-03-31": "23500.00000", "2014-12-31": "22482.00000", "2014-09-30": "22533.00000", "2014-06-30": "22374.00000", "2014-03-31": "21720.00000", "2013-12-31": "21025.00000", "2013-09-30": "20617.00000", "2013-06-30": "20747.00000", "2013-03-31": "20823.00000", "2012-12-31": "21558.00000", "2012-09-30": "20545.00000", "2012-06-30": "19475.00000", "2012-03-31": "19195.00000", "2011-12-31": "18919.00000", "2011-09-30": "18637.00000", "2011-06-30": "18289.00000", "2011-03-31": "17639.00000", "2010-12-31": "17259.00000", "2010-09-30": "16165.00000", "2010-06-30": "15625.00000", "2010-03-31": "15239.00000", "2009-12-31": "15373.00000", "2009-09-30": "15102.00000", "2009-06-30": "14837.00000", "2009-03-31": "14021.00000", "2008-12-31": "14479.00000", "2008-09-30": "12816.00000", "2008-06-30": "11796.00000", "2008-03-31": "11353.00000", "2007-12-31": "11358.00000", "2007-09-30": "11391.00000", "2007-06-30": "11021.00000", "2007-03-31": "11115.00000", "2006-12-31": "11089.00000", "2006-09-30": "10774.00000", "2006-06-30": "10631.00000", "2006-03-31": "10851.00000", "2005-12-31": "10833.00000", "2005-09-30": "9982.00000", "2005-06-30": "9793.00000", "2005-03-31": "9584.00000"}, "Total Liabilities": {"2020-09-30": "42366.00000", "2020-06-30": "42999.00000", "2020-03-31": "46178.00000", "2019-12-31": "43860.00000", "2019-09-30": "44034.00000", "2019-06-30": "43293.00000", "2019-03-31": "42148.00000", "2018-12-31": "41390.00000", "2018-09-30": "41494.00000", "2018-06-30": "41543.00000", "2018-03-31": "42180.00000", "2017-12-31": "35314.00000", "2017-09-30": "34627.00000", "2017-06-30": "33771.00000", "2017-03-31": "32715.00000", "2016-12-31": "32545.00000", "2016-09-30": "32335.00000", "2016-06-30": "30312.00000", "2016-03-31": "29111.00000", "2015-12-31": "28571.00000", "2015-09-30": "28170.00000", "2015-06-30": "27531.00000", "2015-03-31": "27270.00000", "2014-12-31": "27551.00000", "2014-09-30": "26825.00000", "2014-06-30": "26256.00000", "2014-03-31": "25595.00000", "2013-12-31": "25394.00000", "2013-09-30": "25147.00000", "2013-06-30": "25472.00000", "2013-03-31": "26012.00000", "2012-12-31": "25816.00000", "2012-09-30": "24894.00000", "2012-06-30": "23909.00000", "2012-03-31": "23675.00000", "2011-12-31": "23071.00000", "2011-09-30": "22632.00000", "2011-06-30": "21864.00000", "2011-03-31": "21293.00000", "2010-12-31": "21045.00000", "2010-09-30": "19942.00000", "2010-06-30": "19676.00000", "2010-03-31": "19477.00000", "2009-12-31": "19261.00000", "2009-09-30": "19412.00000", "2009-06-30": "19190.00000", "2009-03-31": "18921.00000", "2008-12-31": "18091.00000", "2008-09-30": "15951.00000", "2008-06-30": "16072.00000", "2008-03-31": "21277.00000", "2007-12-31": "20378.00000", "2007-09-30": "21222.00000", "2007-06-30": "20488.00000", "2007-03-31": "20315.00000", "2006-12-31": "21438.00000", "2006-09-30": "21570.00000", "2006-06-30": "20460.00000", "2006-03-31": "21567.00000", "2005-12-31": "23086.00000", "2005-09-30": "23102.00000", "2005-06-30": "18558.00000", "2005-03-31": "18629.00000"}, "Common Stock Net": {"2020-09-30": "7034.00000", "2020-06-30": "7490.00000", "2020-03-31": "7472.00000", "2019-12-31": "7480.00000", "2019-09-30": "6374.00000", "2019-06-30": "5605.00000", "2019-03-31": "5568.00000", "2018-12-31": "5540.00000", "2018-09-30": "5485.00000", "2018-06-30": "5279.00000", "2018-03-31": "4436.00000", "2017-12-31": "3149.00000", "2017-09-30": "3088.00000", "2017-06-30": "3046.00000", "2017-03-31": "3008.00000", "2016-12-31": "2982.00000", "2016-09-30": "2684.00000", "2016-06-30": "2681.00000", "2016-03-31": "2642.00000", "2015-12-31": "2621.00000", "2015-09-30": "2587.00000", "2015-06-30": "2555.00000", "2015-03-31": "2514.00000", "2014-12-31": "2484.00000", "2014-09-30": "2499.00000", "2014-06-30": "2448.00000", "2014-03-31": "2401.00000", "2013-12-31": "2409.00000", "2013-09-30": "2424.00000", "2013-06-30": "2366.00000", "2013-03-31": "2334.00000", "2012-12-31": "2217.00000", "2012-09-30": "2178.00000", "2012-06-30": "2164.00000", "2012-03-31": "2117.00000", "2011-12-31": "2104.00000", "2011-09-30": "2089.00000", "2011-06-30": "2074.00000", "2011-03-31": "2052.00000", "2010-12-31": "2036.00000", "2010-09-30": "2012.00000", "2010-06-30": "2493.00000", "2010-03-31": "2462.00000", "2009-12-31": "2418.00000", "2009-09-30": "2381.00000", "2009-06-30": "2328.00000", "2009-03-31": "2281.00000", "2008-12-31": "2265.00000", "2008-09-30": "2265.00000", "2008-06-30": "2240.00000", "2008-03-31": "3219.00000", "2007-12-31": "3198.00000", "2007-09-30": "3191.00000", "2007-06-30": "3325.00000", "2007-03-31": "3287.00000", "2006-12-31": "3245.00000", "2006-09-30": "3242.00000", "2006-06-30": "3157.00000", "2006-03-31": "3093.00000", "2005-12-31": "2958.00000", "2005-09-30": "2952.00000", "2005-06-30": "2915.00000", "2005-03-31": "2422.00000"}, "Retained Earnings (Accumulated Deficit)": {"2020-09-30": "13560.00000", "2020-06-30": "13511.00000", "2020-03-31": "11577.00000", "2019-12-31": "11130.00000", "2019-09-30": "10966.00000", "2019-06-30": "10425.00000", "2019-03-31": "10337.00000", "2018-12-31": "10104.00000", "2018-09-30": "9485.00000", "2018-06-30": "9455.00000", "2018-03-31": "10260.00000", "2017-12-31": "10147.00000", "2017-09-30": "10855.00000", "2017-06-30": "11004.00000", "2017-03-31": "10952.00000", "2016-12-31": "10717.00000", "2016-09-30": "10527.00000", "2016-06-30": "9952.00000", "2016-03-31": "10125.00000", "2015-12-31": "9994.00000", "2015-09-30": "9799.00000", "2015-06-30": "9724.00000", "2015-03-31": "9603.00000", "2014-12-31": "9339.00000", "2014-09-30": "9205.00000", "2014-06-30": "9019.00000", "2014-03-31": "8912.00000", "2013-12-31": "8827.00000", "2013-09-30": "8700.00000", "2013-06-30": "8557.00000", "2013-03-31": "8466.00000", "2012-12-31": "8441.00000", "2012-09-30": "8293.00000", "2012-06-30": "8171.00000", "2012-03-31": "8254.00000", "2011-12-31": "8162.00000", "2011-09-30": "8048.00000", "2011-06-30": "7868.00000", "2011-03-31": "7472.00000", "2010-12-31": "7329.00000", "2010-09-30": "7143.00000", "2010-06-30": "7106.00000", "2010-03-31": "6981.00000", "2009-12-31": "6971.00000", "2009-09-30": "6779.00000", "2009-06-30": "6559.00000", "2009-03-31": "6456.00000", "2008-12-31": "6235.00000", "2008-09-30": "6001.00000", "2008-06-30": "5780.00000", "2008-03-31": "5622.00000", "2007-12-31": "5464.00000", "2007-09-30": "5256.00000", "2007-06-30": "5032.00000", "2007-03-31": "4837.00000", "2006-12-31": "4681.00000", "2006-09-30": "4635.00000", "2006-06-30": "4060.00000", "2006-03-31": "3765.00000", "2005-12-31": "3588.00000", "2005-09-30": "3308.00000", "2005-06-30": "3161.00000", "2005-03-31": "3114.00000"}, "Comprehensive Income": {"2020-09-30": "-513.00000", "2020-06-30": "-542.00000", "2020-03-31": "-1190.00000", "2019-12-31": "-939.00000", "2019-09-30": "-978.00000", "2019-06-30": "-848.00000", "2019-03-31": "-817.00000", "2018-12-31": "-764.00000", "2018-09-30": "-612.00000", "2018-06-30": "-601.00000", "2018-03-31": "-545.00000", "2017-12-31": "-626.00000", "2017-09-30": "-678.00000", "2017-06-30": "-718.00000", "2017-03-31": "-696.00000", "2016-12-31": "-748.00000", "2016-09-30": "-865.00000", "2016-06-30": "-852.00000", "2016-03-31": "-821.00000", "2015-12-31": "-806.00000", "2015-09-30": "-761.00000", "2015-06-30": "-596.00000", "2015-03-31": "-613.00000", "2014-12-31": "-497.00000", "2014-09-30": "-371.00000", "2014-06-30": "-273.00000", "2014-03-31": "-273.00000", "2013-12-31": "-228.00000", "2013-09-30": "-215.00000", "2013-06-30": "-219.00000", "2013-03-31": "-377.00000", "2012-12-31": "-376.00000", "2012-09-30": "-389.00000", "2012-06-30": "-456.00000", "2012-03-31": "-418.00000", "2011-12-31": "-489.00000", "2011-09-30": "-503.00000", "2011-06-30": "-358.00000", "2011-03-31": "-332.00000", "2010-12-31": "-330.00000", "2010-09-30": "-344.00000", "2010-06-30": "-399.00000", "2010-03-31": "-372.00000", "2009-12-31": "-369.00000", "2009-09-30": "-401.00000", "2009-06-30": "-395.00000", "2009-03-31": "-474.00000", "2008-12-31": "-513.00000", "2008-09-30": "-349.00000", "2008-06-30": "-317.00000", "2008-03-31": "-243.00000", "2007-12-31": "-301.00000", "2007-09-30": "-344.00000", "2007-06-30": "-345.00000", "2007-03-31": "-391.00000", "2006-12-31": "-390.00000", "2006-09-30": "-375.00000", "2006-06-30": "-364.00000", "2006-03-31": "-348.00000", "2005-12-31": "-358.00000", "2005-09-30": "-354.00000", "2005-06-30": "-399.00000", "2005-03-31": "-374.00000"}, "Other Share Holders Equity": {"2020-09-30": "", "2020-06-30": "", "2020-03-31": "", "2019-12-31": "", "2019-09-30": "", "2019-06-30": "", "2019-03-31": "", "2018-12-31": "", "2018-09-30": "", "2018-06-30": "", "2018-03-31": "", "2017-12-31": "", "2017-09-30": "", "2017-06-30": "", "2017-03-31": "", "2016-12-31": "", "2016-09-30": "", "2016-06-30": "", "2016-03-31": "", "2015-12-31": "", "2015-09-30": "", "2015-06-30": "", "2015-03-31": "", "2014-12-31": "", "2014-09-30": "", "2014-06-30": "", "2014-03-31": "", "2013-12-31": "", "2013-09-30": "", "2013-06-30": "", "2013-03-31": "", "2012-12-31": "", "2012-09-30": "", "2012-06-30": "", "2012-03-31": "", "2011-12-31": "", "2011-09-30": "", "2011-06-30": "", "2011-03-31": "", "2010-12-31": "", "2010-09-30": "", "2010-06-30": "", "2010-03-31": "", "2009-12-31": "", "2009-09-30": "", "2009-06-30": "", "2009-03-31": "", "2008-12-31": "", "2008-09-30": "", "2008-06-30": "", "2008-03-31": "", "2007-12-31": "", "2007-09-30": "", "2007-06-30": "", "2007-03-31": "", "2006-12-31": "", "2006-09-30": "", "2006-06-30": "", "2006-03-31": "", "2005-12-31": "", "2005-09-30": "", "2005-06-30": "", "2005-03-31": ""}, "Share Holder Equity": {"2020-09-30": "24856.00000", "2020-06-30": "25386.00000", "2020-03-31": "22115.00000", "2019-12-31": "21805.00000", "2019-09-30": "20551.00000", "2019-06-30": "19434.00000", "2019-03-31": "19470.00000", "2018-12-31": "19248.00000", "2018-09-30": "19111.00000", "2018-06-30": "18364.00000", "2018-03-31": "18305.00000", "2017-12-31": "15140.00000", "2017-09-30": "15502.00000", "2017-06-30": "15605.00000", "2017-03-31": "15569.00000", "2016-12-31": "15241.00000", "2016-09-30": "13191.00000", "2016-06-30": "12563.00000", "2016-03-31": "12724.00000", "2015-12-31": "12579.00000", "2015-09-30": "12396.00000", "2015-06-30": "12475.00000", "2015-03-31": "12281.00000", "2014-12-31": "12100.00000", "2014-09-30": "12157.00000", "2014-06-30": "12051.00000", "2014-03-31": "11889.00000", "2013-12-31": "11850.00000", "2013-09-30": "11754.00000", "2013-06-30": "11548.00000", "2013-03-31": "11261.00000", "2012-12-31": "10683.00000", "2012-09-30": "10496.00000", "2012-06-30": "10293.00000", "2012-03-31": "10370.00000", "2011-12-31": "10178.00000", "2011-09-30": "9984.00000", "2011-06-30": "9972.00000", "2011-03-31": "9403.00000", "2010-12-31": "9238.00000", "2010-09-30": "9007.00000", "2010-06-30": "9410.00000", "2010-03-31": "9295.00000", "2009-12-31": "9251.00000", "2009-09-30": "8983.00000", "2009-06-30": "8732.00000", "2009-03-31": "8413.00000", "2008-12-31": "8309.00000", "2008-09-30": "7898.00000", "2008-06-30": "7683.00000", "2008-03-31": "8577.00000", "2007-12-31": "8339.00000", "2007-09-30": "8080.00000", "2007-06-30": "7989.00000", "2007-03-31": "7709.00000", "2006-12-31": "7511.00000", "2006-09-30": "7476.00000", "2006-06-30": "6827.00000", "2006-03-31": "6483.00000", "2005-12-31": "6160.00000", "2005-09-30": "5877.00000", "2005-06-30": "5647.00000", "2005-03-31": "5131.00000"}, "Total Liabilities And Share Holders Equity": {"2020-09-30": "67222.00000", "2020-06-30": "68385.00000", "2020-03-31": "68293.00000", "2019-12-31": "65665.00000", "2019-09-30": "64585.00000", "2019-06-30": "62727.00000", "2019-03-31": "61618.00000", "2018-12-31": "60638.00000", "2018-09-30": "60605.00000", "2018-06-30": "59907.00000", "2018-03-31": "60485.00000", "2017-12-31": "50454.00000", "2017-09-30": "50129.00000", "2017-06-30": "49376.00000", "2017-03-31": "48284.00000", "2016-12-31": "47786.00000", "2016-09-30": "45526.00000", "2016-06-30": "42875.00000", "2016-03-31": "41835.00000", "2015-12-31": "41150.00000", "2015-09-30": "40566.00000", "2015-06-30": "40006.00000", "2015-03-31": "39551.00000", "2014-12-31": "39651.00000", "2014-09-30": "38982.00000", "2014-06-30": "38307.00000", "2014-03-31": "37484.00000", "2013-12-31": "37244.00000", "2013-09-30": "36901.00000", "2013-06-30": "37020.00000", "2013-03-31": "37273.00000", "2012-12-31": "36499.00000", "2012-09-30": "35390.00000", "2012-06-30": "34202.00000", "2012-03-31": "34045.00000", "2011-12-31": "33249.00000", "2011-09-30": "32616.00000", "2011-06-30": "31836.00000", "2011-03-31": "30696.00000", "2010-12-31": "30283.00000", "2010-09-30": "28949.00000", "2010-06-30": "29086.00000", "2010-03-31": "28772.00000", "2009-12-31": "28512.00000", "2009-09-30": "28395.00000", "2009-06-30": "27922.00000", "2009-03-31": "27334.00000", "2008-12-31": "26400.00000", "2008-09-30": "23849.00000", "2008-06-30": "23755.00000", "2008-03-31": "29854.00000", "2007-12-31": "28717.00000", "2007-09-30": "29302.00000", "2007-06-30": "28477.00000", "2007-03-31": "28024.00000", "2006-12-31": "28949.00000", "2006-09-30": "29046.00000", "2006-06-30": "27287.00000", "2006-03-31": "28050.00000", "2005-12-31": "29246.00000", "2005-09-30": "28979.00000", "2005-06-30": "24205.00000", "2005-03-31": "23760.00000"}}, "cash flow statement": {"Net Income/Loss": {"2019-12-31": "2362.00000", "2018-12-31": "1126.00000", "2017-12-31": "351.00000", "2016-12-31": "1519.00000", "2015-12-31": "1448.00000", "2014-12-31": "1262.00000", "2013-12-31": "1088.00000", "2012-12-31": "920.00000", "2011-12-31": "1381.00000", "2010-12-31": "703.00000", "2009-12-31": "1122.00000", "2008-12-31": "1068.00000", "2007-12-31": "1092.00000", "2006-12-31": "1406.00000", "2005-12-31": "920.00000"}, "Total Depreciation And Amortization - Cash Flow": {"2019-12-31": "1569.00000", "2018-12-31": "1491.00000", "2017-12-31": "1436.00000", "2016-12-31": "1312.00000", "2015-12-31": "1250.00000", "2014-12-31": "1156.00000", "2013-12-31": "1113.00000", "2012-12-31": "1090.00000", "2011-12-31": "976.00000", "2010-12-31": "866.00000", "2009-12-31": "775.00000", "2008-12-31": "687.00000", "2007-12-31": "686.00000", "2006-12-31": "657.00000", "2005-12-31": "626.00000"}, "Other Non-Cash Items": {"2019-12-31": "-283.00000", "2018-12-31": "495.00000", "2017-12-31": "1659.00000", "2016-12-31": "-392.00000", "2015-12-31": "-47.00000", "2014-12-31": "-54.00000", "2013-12-31": "344.00000", "2012-12-31": "248.00000", "2011-12-31": "-280.00000", "2010-12-31": "491.00000", "2009-12-31": "237.00000", "2008-12-31": "-142.00000", "2007-12-31": "139.00000", "2006-12-31": "-360.00000", "2005-12-31": "-299.00000"}, "Total Non-Cash Items": {"2019-12-31": "1286.00000", "2018-12-31": "1986.00000", "2017-12-31": "3095.00000", "2016-12-31": "920.00000", "2015-12-31": "1203.00000", "2014-12-31": "1102.00000", "2013-12-31": "1457.00000", "2012-12-31": "1338.00000", "2011-12-31": "696.00000", "2010-12-31": "1357.00000", "2009-12-31": "1012.00000", "2008-12-31": "545.00000", "2007-12-31": "825.00000", "2006-12-31": "297.00000", "2005-12-31": "327.00000"}, "Change In Accounts Receivable": {"2019-12-31": "-91.00000", "2018-12-31": "-145.00000", "2017-12-31": "29.00000", "2016-12-31": "", "2015-12-31": "", "2014-12-31": "", "2013-12-31": "", "2012-12-31": "", "2011-12-31": "", "2010-12-31": "", "2009-12-31": "", "2008-12-31": "", "2007-12-31": "-63.00000", "2006-12-31": "94.00000", "2005-12-31": "-79.00000"}, "Change In Inventories": {"2019-12-31": "-22.00000", "2018-12-31": "32.00000", "2017-12-31": "-42.00000", "2016-12-31": "", "2015-12-31": "", "2014-12-31": "", "2013-12-31": "", "2012-12-31": "", "2011-12-31": "", "2010-12-31": "", "2009-12-31": "", "2008-12-31": "", "2007-12-31": "-9.00000", "2006-12-31": "-3.00000", "2005-12-31": "-38.00000"}, "Change In Accounts Payable": {"2019-12-31": "12.00000", "2018-12-31": "96.00000", "2017-12-31": "84.00000", "2016-12-31": "", "2015-12-31": "", "2014-12-31": "", "2013-12-31": "", "2012-12-31": "", "2011-12-31": "", "2010-12-31": "", "2009-12-31": "", "2008-12-31": "", "2007-12-31": "-82.00000", "2006-12-31": "227.00000", "2005-12-31": "280.00000"}, "Change In Assets/Liabilities": {"2019-12-31": "-293.00000", "2018-12-31": "333.00000", "2017-12-31": "186.00000", "2016-12-31": "-138.00000", "2015-12-31": "181.00000", "2014-12-31": "-311.00000", "2013-12-31": "-761.00000", "2012-12-31": "-281.00000", "2011-12-31": "-195.00000", "2010-12-31": "149.00000", "2009-12-31": "-211.00000", "2008-12-31": "-572.00000", "2007-12-31": "353.00000", "2006-12-31": "-388.00000", "2005-12-31": "-804.00000"}, "Total Change In Assets/Liabilities": {"2019-12-31": "-560.00000", "2018-12-31": "404.00000", "2017-12-31": "179.00000", "2016-12-31": "-138.00000", "2015-12-31": "181.00000", "2014-12-31": "-311.00000", "2013-12-31": "-761.00000", "2012-12-31": "-281.00000", "2011-12-31": "-195.00000", "2010-12-31": "149.00000", "2009-12-31": "-211.00000", "2008-12-31": "-572.00000", "2007-12-31": "126.00000", "2006-12-31": "-121.00000", "2005-12-31": "-717.00000"}, "Cash Flow From Operating Activities": {"2019-12-31": "3088.00000", "2018-12-31": "3516.00000", "2017-12-31": "3625.00000", "2016-12-31": "2311.00000", "2015-12-31": "2898.00000", "2014-12-31": "2161.00000", "2013-12-31": "1784.00000", "2012-12-31": "2018.00000", "2011-12-31": "1867.00000", "2010-12-31": "2154.00000", "2009-12-31": "1875.00000", "2008-12-31": "1191.00000", "2007-12-31": "2098.00000", "2006-12-31": "1629.00000", "2005-12-31": "524.00000"}, "Net Change In Property, Plant, And Equipment": {"2019-12-31": "-2809.00000", "2018-12-31": "-1964.00000", "2017-12-31": "-3690.00000", "2016-12-31": "-3451.00000", "2015-12-31": "-2783.00000", "2014-12-31": "-2974.00000", "2013-12-31": "-2002.00000", "2012-12-31": "-2882.00000", "2011-12-31": "-2842.00000", "2010-12-31": "-1759.00000", "2009-12-31": "-1733.00000", "2008-12-31": "234.00000", "2007-12-31": "-1908.00000", "2006-12-31": "-1867.00000", "2005-12-31": "-1100.00000"}, "Net Change In Intangible Assets": {"2019-12-31": "", "2018-12-31": "", "2017-12-31": "", "2016-12-31": "", "2015-12-31": "", "2014-12-31": "", "2013-12-31": "", "2012-12-31": "", "2011-12-31": "", "2010-12-31": "", "2009-12-31": "", "2008-12-31": "", "2007-12-31": "", "2006-12-31": "", "2005-12-31": ""}, "Net Acquisitions/Divestitures": {"2019-12-31": "", "2018-12-31": "", "2017-12-31": "", "2016-12-31": "", "2015-12-31": "", "2014-12-31": "", "2013-12-31": "", "2012-12-31": "", "2011-12-31": "", "2010-12-31": "", "2009-12-31": "", "2008-12-31": "", "2007-12-31": "", "2006-12-31": "", "2005-12-31": ""}, "Net Change In Short-term Investments": {"2019-12-31": "", "2018-12-31": "", "2017-12-31": "", "2016-12-31": "", "2015-12-31": "", "2014-12-31": "", "2013-12-31": "", "2012-12-31": "", "2011-12-31": "", "2010-12-31": "", "2009-12-31": "", "2008-12-31": "", "2007-12-31": "", "2006-12-31": "", "2005-12-31": ""}, "Net Change In Long-Term Investments": {"2019-12-31": "-1797.00000", "2018-12-31": "-10168.00000", "2017-12-31": "-269.00000", "2016-12-31": "-1404.00000", "2015-12-31": "-152.00000", "2014-12-31": "-252.00000", "2013-12-31": "-24.00000", "2012-12-31": "-450.00000", "2011-12-31": "-943.00000", "2010-12-31": "-610.00000", "2009-12-31": "-976.00000", "2008-12-31": "-2691.00000", "2007-12-31": "-154.00000", "2006-12-31": "-300.00000", "2005-12-31": "-123.00000"}, "Net Change In Investments - Total": {"2019-12-31": "-1797.00000", "2018-12-31": "-10168.00000", "2017-12-31": "-269.00000", "2016-12-31": "-1404.00000", "2015-12-31": "-152.00000", "2014-12-31": "-252.00000", "2013-12-31": "-24.00000", "2012-12-31": "-450.00000", "2011-12-31": "-943.00000", "2010-12-31": "-610.00000", "2009-12-31": "-976.00000", "2008-12-31": "-2691.00000", "2007-12-31": "-154.00000", "2006-12-31": "-300.00000", "2005-12-31": "-123.00000"}, "Investing Activities - Other": {"2019-12-31": "13.00000", "2018-12-31": "-338.00000", "2017-12-31": "-926.00000", "2016-12-31": "20.00000", "2015-12-31": "67.00000", "2014-12-31": "-116.00000", "2013-12-31": "337.00000", "2012-12-31": "174.00000", "2011-12-31": "715.00000", "2010-12-31": "1086.00000", "2009-12-31": "37.00000", "2008-12-31": "71.00000", "2007-12-31": "-11.00000", "2006-12-31": "1301.00000", "2005-12-31": "36.00000"}, "Cash Flow From Investing Activities": {"2019-12-31": "-4593.00000", "2018-12-31": "-12470.00000", "2017-12-31": "-4885.00000", "2016-12-31": "-4835.00000", "2015-12-31": "-2868.00000", "2014-12-31": "-3342.00000", "2013-12-31": "-1689.00000", "2012-12-31": "-3158.00000", "2011-12-31": "-3070.00000", "2010-12-31": "-1283.00000", "2009-12-31": "-2672.00000", "2008-12-31": "-2386.00000", "2007-12-31": "-2073.00000", "2006-12-31": "-866.00000", "2005-12-31": "-1187.00000"}, "Net Long-Term Debt": {"2019-12-31": "629.00000", "2018-12-31": "5585.00000", "2017-12-31": "1673.00000", "2016-12-31": "894.00000", "2015-12-31": "1138.00000", "2014-12-31": "1238.00000", "2013-12-31": "293.00000", "2012-12-31": "1985.00000", "2011-12-31": "1616.00000", "2010-12-31": "220.00000", "2009-12-31": "1716.00000", "2008-12-31": "1687.00000", "2007-12-31": "-668.00000", "2006-12-31": "289.00000", "2005-12-31": "233.00000"}, "Net Current Debt": {"2019-12-31": "656.00000", "2018-12-31": "-84.00000", "2017-12-31": "-39.00000", "2016-12-31": "692.00000", "2015-12-31": "-622.00000", "2014-12-31": "412.00000", "2013-12-31": "256.00000", "2012-12-31": "-47.00000", "2011-12-31": "-498.00000", "2010-12-31": "568.00000", "2009-12-31": "-759.00000", "2008-12-31": "504.00000", "2007-12-31": "812.00000", "2006-12-31": "-791.00000", "2005-12-31": "659.00000"}, "Debt Issuance/Retirement Net - Total": {"2019-12-31": "1285.00000", "2018-12-31": "5501.00000", "2017-12-31": "1634.00000", "2016-12-31": "1586.00000", "2015-12-31": "516.00000", "2014-12-31": "1650.00000", "2013-12-31": "549.00000", "2012-12-31": "1938.00000", "2011-12-31": "1118.00000", "2010-12-31": "788.00000", "2009-12-31": "957.00000", "2008-12-31": "2191.00000", "2007-12-31": "144.00000", "2006-12-31": "-502.00000", "2005-12-31": "892.00000"}, "Net Common Equity Issued/Repurchased": {"2019-12-31": "1804.00000", "2018-12-31": "2251.00000", "2017-12-31": "32.00000", "2016-12-31": "-5.00000", "2015-12-31": "-22.00000", "2014-12-31": "18.00000", "2013-12-31": "17.00000", "2012-12-31": "62.00000", "2011-12-31": "10.00000", "2010-12-31": "-462.00000", "2009-12-31": "51.00000", "2008-12-31": "-1000.00000", "2007-12-31": "-145.00000", "2006-12-31": "60.00000", "2005-12-31": "599.00000"}, "Net Total Equity Issued/Repurchased": {"2019-12-31": "1804.00000", "2018-12-31": "4509.00000", "2017-12-31": "32.00000", "2016-12-31": "-5.00000", "2015-12-31": "-22.00000", "2014-12-31": "18.00000", "2013-12-31": "-65.00000", "2012-12-31": "62.00000", "2011-12-31": "-70.00000", "2010-12-31": "-462.00000", "2009-12-31": "51.00000", "2008-12-31": "-1000.00000", "2007-12-31": "-145.00000", "2006-12-31": "60.00000", "2005-12-31": "399.00000"}, "Total Common And Preferred Stock Dividends Paid": {"2019-12-31": "-1135.00000", "2018-12-31": "-966.00000", "2017-12-31": "-755.00000", "2016-12-31": "-687.00000", "2015-12-31": "-629.00000", "2014-12-31": "-599.00000", "2013-12-31": "-611.00000", "2012-12-31": "-556.00000", "2011-12-31": "-448.00000", "2010-12-31": "-374.00000", "2009-12-31": "-351.00000", "2008-12-31": "-349.00000", "2007-12-31": "-326.00000", "2006-12-31": "-283.00000", "2005-12-31": "-268.00000"}, "Financial Activities - Other": {"2019-12-31": "-479.00000", "2018-12-31": "-194.00000", "2017-12-31": "281.00000", "2016-12-31": "1608.00000", "2015-12-31": "-41.00000", "2014-12-31": "-215.00000", "2013-12-31": "465.00000", "2012-12-31": "-89.00000", "2011-12-31": "-66.00000", "2010-12-31": "-21.00000", "2009-12-31": "-81.00000", "2008-12-31": "16.00000", "2007-12-31": "21.00000", "2006-12-31": "113.00000", "2005-12-31": "-6.00000"}, "Cash Flow From Financial Activities": {"2019-12-31": "1475.00000", "2018-12-31": "8850.00000", "2017-12-31": "1192.00000", "2016-12-31": "2502.00000", "2015-12-31": "-176.00000", "2014-12-31": "854.00000", "2013-12-31": "338.00000", "2012-12-31": "1355.00000", "2011-12-31": "534.00000", "2010-12-31": "-69.00000", "2009-12-31": "576.00000", "2008-12-31": "858.00000", "2007-12-31": "-306.00000", "2006-12-31": "-612.00000", "2005-12-31": "1017.00000"}, "Net Cash Flow": {"2019-12-31": "-29.00000", "2018-12-31": "-118.00000", "2017-12-31": "-61.00000", "2016-12-31": "-25.00000", "2015-12-31": "-160.00000", "2014-12-31": "-334.00000", "2013-12-31": "429.00000", "2012-12-31": "223.00000", "2011-12-31": "-660.00000", "2010-12-31": "802.00000", "2009-12-31": "-221.00000", "2008-12-31": "-337.00000", "2007-12-31": "-252.00000", "2006-12-31": "151.00000", "2005-12-31": "354.00000"}, "Stock-Based Compensation": {"2019-12-31": "75.00000", "2018-12-31": "83.00000", "2017-12-31": "82.00000", "2016-12-31": "52.00000", "2015-12-31": "", "2014-12-31": "", "2013-12-31": "", "2012-12-31": "", "2011-12-31": "", "2010-12-31": "", "2009-12-31": "", "2008-12-31": "", "2007-12-31": "", "2006-12-31": "", "2005-12-31": ""}, "Common Stock Dividends Paid": {"2019-12-31": "-993.00000", "2018-12-31": "-877.00000", "2017-12-31": "-755.00000", "2016-12-31": "-686.00000", "2015-12-31": "-628.00000", "2014-12-31": "-598.00000", "2013-12-31": "-606.00000", "2012-12-31": "-550.00000", "2011-12-31": "-440.00000", "2010-12-31": "-364.00000", "2009-12-31": "-341.00000", "2008-12-31": "-339.00000", "2007-12-31": "-316.00000", "2006-12-31": "-283.00000", "2005-12-31": "-268.00000"}}, "cash flow statement, quarterly": {"Net Income/Loss": {"2020-09-30": 421, "2020-06-30": 2305, "2020-03-31": "947.00000", "2019-12-31": 500, "2019-09-30": 909, "2019-06-30": 435, "2019-03-31": "518.00000", "2018-12-31": 964, "2018-09-30": 334, "2018-06-30": -530, "2018-03-31": "358.00000", "2017-12-31": -451, "2017-09-30": 102, "2017-06-30": 248, "2017-03-31": "452.00000", "2016-12-31": 409, "2016-09-30": 719, "2016-06-30": 27, "2016-03-31": "364.00000", "2015-12-31": 388, "2015-09-30": 282, "2015-06-30": 320, "2015-03-31": "458.00000", "2014-12-31": 321, "2014-09-30": 383, "2014-06-30": 292, "2014-03-31": "266.00000", "2013-12-31": 320, "2013-09-30": 323, "2013-06-30": 267, "2013-03-31": "178.00000", "2012-12-31": 305, "2012-09-30": 290, "2012-06-30": 74, "2012-03-31": "251.00000", "2011-12-31": 308, "2011-09-30": 319, "2011-06-30": 494, "2011-03-31": "260.00000", "2010-12-31": 271, "2010-09-30": 127, "2010-06-30": 205, "2010-03-31": "100.00000", "2009-12-31": 306, "2009-09-30": 302, "2009-06-30": 189, "2009-03-31": "325.00000", "2008-12-31": 260, "2008-09-30": 302, "2008-06-30": 262, "2008-03-31": "244.00000", "2007-12-31": 282, "2007-09-30": 305, "2007-06-30": 277, "2007-03-31": "228.00000", "2006-12-31": 125, "2006-09-30": 653, "2006-06-30": 394, "2006-03-31": "234.00000", "2005-12-31": 364, "2005-09-30": 216, "2005-06-30": 117, "2005-03-31": "223.00000"}, "Total Depreciation And Amortization - Cash Flow": {"2020-09-30": 418, "2020-06-30": 412, "2020-03-31": "412.00000", "2019-12-31": 395, "2019-09-30": 402, "2019-06-30": 389, "2019-03-31": "383.00000", "2018-12-31": 376, "2018-09-30": 366, "2018-06-30": 377, "2018-03-31": "372.00000", "2017-12-31": 330, "2017-09-30": 378, "2017-06-30": 368, "2017-03-31": "360.00000", "2016-12-31": 342, "2016-09-30": 328, "2016-06-30": 314, "2016-03-31": "328.00000", "2015-12-31": 325, "2015-09-30": 315, "2015-06-30": 307, "2015-03-31": "303.00000", "2014-12-31": 290, "2014-09-30": 292, "2014-06-30": 288, "2014-03-31": "286.00000", "2013-12-31": 285, "2013-09-30": 286, "2013-06-30": 247, "2013-03-31": "295.00000", "2012-12-31": 287, "2012-09-30": 280, "2012-06-30": 266, "2012-03-31": "257.00000", "2011-12-31": 247, "2011-09-30": 251, "2011-06-30": 248, "2011-03-31": "230.00000", "2010-12-31": 223, "2010-09-30": 218, "2010-06-30": 215, "2010-03-31": "210.00000", "2009-12-31": 207, "2009-09-30": 196, "2009-06-30": 189, "2009-03-31": "183.00000", "2008-12-31": 179, "2008-09-30": 162, "2008-06-30": 171, "2008-03-31": "175.00000", "2007-12-31": 172, "2007-09-30": 174, "2007-06-30": 171, "2007-03-31": "169.00000", "2006-12-31": 166, "2006-09-30": 163, "2006-06-30": 171, "2006-03-31": "157.00000", "2005-12-31": 160, "2005-09-30": 152, "2005-06-30": 153, "2005-03-31": "161.00000"}, "Other Non-Cash Items": {"2020-09-30": 271, "2020-06-30": -2920, "2020-03-31": "-373.00000", "2019-12-31": -10, "2019-09-30": -128, "2019-06-30": -217, "2019-03-31": "72.00000", "2018-12-31": -593, "2018-09-30": 64, "2018-06-30": 766, "2018-03-31": "258.00000", "2017-12-31": 1102, "2017-09-30": 230, "2017-06-30": 160, "2017-03-31": "167.00000", "2016-12-31": 66, "2016-09-30": -403, "2016-06-30": -142, "2016-03-31": "87.00000", "2015-12-31": 20, "2015-09-30": -104, "2015-06-30": -50, "2015-03-31": "87.00000", "2014-12-31": -21, "2014-09-30": -24, "2014-06-30": -38, "2014-03-31": "29.00000", "2013-12-31": -11, "2013-09-30": 29, "2013-06-30": 145, "2013-03-31": "181.00000", "2012-12-31": -47, "2012-09-30": 92, "2012-06-30": 207, "2012-03-31": "-4.00000", "2011-12-31": -219, "2011-09-30": 74, "2011-06-30": -176, "2011-03-31": "41.00000", "2010-12-31": -83, "2010-09-30": 319, "2010-06-30": 228, "2010-03-31": "27.00000", "2009-12-31": 14, "2009-09-30": -9, "2009-06-30": 132, "2009-03-31": "100.00000", "2008-12-31": -21, "2008-09-30": 95, "2008-06-30": -131, "2008-03-31": "-85.00000", "2007-12-31": 146, "2007-09-30": 122, "2007-06-30": 29, "2007-03-31": "-158.00000", "2006-12-31": 396, "2006-09-30": -401, "2006-06-30": -400, "2006-03-31": "45.00000", "2005-12-31": 78, "2005-09-30": -337, "2005-06-30": 28, "2005-03-31": "-68.00000"}, "Total Non-Cash Items": {"2020-09-30": 689, "2020-06-30": -2508, "2020-03-31": "39.00000", "2019-12-31": 385, "2019-09-30": 274, "2019-06-30": 172, "2019-03-31": "455.00000", "2018-12-31": -217, "2018-09-30": 430, "2018-06-30": 1143, "2018-03-31": "630.00000", "2017-12-31": 1432, "2017-09-30": 608, "2017-06-30": 528, "2017-03-31": "527.00000", "2016-12-31": 408, "2016-09-30": -75, "2016-06-30": 172, "2016-03-31": "415.00000", "2015-12-31": 345, "2015-09-30": 211, "2015-06-30": 257, "2015-03-31": "390.00000", "2014-12-31": 269, "2014-09-30": 268, "2014-06-30": 250, "2014-03-31": "315.00000", "2013-12-31": 274, "2013-09-30": 315, "2013-06-30": 392, "2013-03-31": "476.00000", "2012-12-31": 240, "2012-09-30": 372, "2012-06-30": 473, "2012-03-31": "253.00000", "2011-12-31": 28, "2011-09-30": 325, "2011-06-30": 72, "2011-03-31": "271.00000", "2010-12-31": 140, "2010-09-30": 537, "2010-06-30": 443, "2010-03-31": "237.00000", "2009-12-31": 221, "2009-09-30": 187, "2009-06-30": 321, "2009-03-31": "283.00000", "2008-12-31": 158, "2008-09-30": 257, "2008-06-30": 40, "2008-03-31": "90.00000", "2007-12-31": 318, "2007-09-30": 296, "2007-06-30": 200, "2007-03-31": "11.00000", "2006-12-31": 562, "2006-09-30": -238, "2006-06-30": -229, "2006-03-31": "202.00000", "2005-12-31": 238, "2005-09-30": -185, "2005-06-30": 181, "2005-03-31": "93.00000"}, "Change In Accounts Receivable": {"2020-09-30": 0, "2020-06-30": 0, "2020-03-31": "", "2019-12-31": -91, "2019-09-30": 0, "2019-06-30": 0, "2019-03-31": "", "2018-12-31": -145, "2018-09-30": 0, "2018-06-30": 0, "2018-03-31": "", "2017-12-31": 29, "2017-09-30": 0, "2017-06-30": 0, "2017-03-31": "", "2016-12-31": 0, "2016-09-30": 0, "2016-06-30": 0, "2016-03-31": "", "2015-12-31": 0, "2015-09-30": 0, "2015-06-30": 0, "2015-03-31": "", "2014-12-31": 0, "2014-09-30": 0, "2014-06-30": 0, "2014-03-31": "", "2013-12-31": 0, "2013-09-30": 0, "2013-06-30": 0, "2013-03-31": "", "2012-12-31": 0, "2012-09-30": 0, "2012-06-30": 0, "2012-03-31": "", "2011-12-31": 0, "2011-09-30": 0, "2011-06-30": 0, "2011-03-31": "", "2010-12-31": 0, "2010-09-30": 0, "2010-06-30": 0, "2010-03-31": "", "2009-12-31": 0, "2009-09-30": 0, "2009-06-30": 0, "2009-03-31": "", "2008-12-31": 0, "2008-09-30": 0, "2008-06-30": 0, "2008-03-31": "", "2007-12-31": -63, "2007-09-30": 0, "2007-06-30": 0, "2007-03-31": "", "2006-12-31": 94, "2006-09-30": 0, "2006-06-30": 0, "2006-03-31": "", "2005-12-31": -79, "2005-09-30": 0, "2005-06-30": 0, "2005-03-31": ""}, "Change In Inventories": {"2020-09-30": 0, "2020-06-30": 0, "2020-03-31": "", "2019-12-31": -22, "2019-09-30": 0, "2019-06-30": 0, "2019-03-31": "", "2018-12-31": 32, "2018-09-30": 0, "2018-06-30": 0, "2018-03-31": "", "2017-12-31": -42, "2017-09-30": 0, "2017-06-30": 0, "2017-03-31": "", "2016-12-31": 0, "2016-09-30": 0, "2016-06-30": 0, "2016-03-31": "", "2015-12-31": 0, "2015-09-30": 0, "2015-06-30": 0, "2015-03-31": "", "2014-12-31": 0, "2014-09-30": 0, "2014-06-30": 0, "2014-03-31": "", "2013-12-31": 0, "2013-09-30": 0, "2013-06-30": 0, "2013-03-31": "", "2012-12-31": 0, "2012-09-30": 0, "2012-06-30": 0, "2012-03-31": "", "2011-12-31": 0, "2011-09-30": 0, "2011-06-30": 0, "2011-03-31": "", "2010-12-31": 0, "2010-09-30": 0, "2010-06-30": 0, "2010-03-31": "", "2009-12-31": 0, "2009-09-30": 0, "2009-06-30": 0, "2009-03-31": "", "2008-12-31": 0, "2008-09-30": 0, "2008-06-30": 0, "2008-03-31": "", "2007-12-31": -9, "2007-09-30": 0, "2007-06-30": 0, "2007-03-31": "", "2006-12-31": -3, "2006-09-30": 0, "2006-06-30": 0, "2006-03-31": "", "2005-12-31": -38, "2005-09-30": 0, "2005-06-30": 0, "2005-03-31": ""}, "Change In Accounts Payable": {"2020-09-30": 0, "2020-06-30": 0, "2020-03-31": "", "2019-12-31": 12, "2019-09-30": 0, "2019-06-30": 0, "2019-03-31": "", "2018-12-31": 96, "2018-09-30": 0, "2018-06-30": 0, "2018-03-31": "", "2017-12-31": 84, "2017-09-30": 0, "2017-06-30": 0, "2017-03-31": "", "2016-12-31": 0, "2016-09-30": 0, "2016-06-30": 0, "2016-03-31": "", "2015-12-31": 0, "2015-09-30": 0, "2015-06-30": 0, "2015-03-31": "", "2014-12-31": 0, "2014-09-30": 0, "2014-06-30": 0, "2014-03-31": "", "2013-12-31": 0, "2013-09-30": 0, "2013-06-30": 0, "2013-03-31": "", "2012-12-31": 0, "2012-09-30": 0, "2012-06-30": 0, "2012-03-31": "", "2011-12-31": 0, "2011-09-30": 0, "2011-06-30": 0, "2011-03-31": "", "2010-12-31": 0, "2010-09-30": 0, "2010-06-30": 0, "2010-03-31": "", "2009-12-31": 0, "2009-09-30": 0, "2009-06-30": 0, "2009-03-31": "", "2008-12-31": 0, "2008-09-30": 0, "2008-06-30": 0, "2008-03-31": "", "2007-12-31": -82, "2007-09-30": 0, "2007-06-30": 0, "2007-03-31": "", "2006-12-31": 227, "2006-09-30": 0, "2006-06-30": 0, "2006-03-31": "", "2005-12-31": 280, "2005-09-30": 0, "2005-06-30": 0, "2005-03-31": ""}, "Change In Assets/Liabilities": {"2020-09-30": -508, "2020-06-30": 36, "2020-03-31": "208.00000", "2019-12-31": 352, "2019-09-30": -769, "2019-06-30": 139, "2019-03-31": "-15.00000", "2018-12-31": 75, "2018-09-30": 231, "2018-06-30": 49, "2018-03-31": "-22.00000", "2017-12-31": -35, "2017-09-30": 68, "2017-06-30": 106, "2017-03-31": "47.00000", "2016-12-31": -157, "2016-09-30": 126, "2016-06-30": 82, "2016-03-31": "-189.00000", "2015-12-31": 38, "2015-09-30": 341, "2015-06-30": -188, "2015-03-31": "-10.00000", "2014-12-31": -166, "2014-09-30": -62, "2014-06-30": -430, "2014-03-31": "347.00000", "2013-12-31": -117, "2013-09-30": -435, "2013-06-30": -384, "2013-03-31": "175.00000", "2012-12-31": -257, "2012-09-30": -117, "2012-06-30": -88, "2012-03-31": "181.00000", "2011-12-31": -140, "2011-09-30": -120, "2011-06-30": -222, "2011-03-31": "287.00000", "2010-12-31": 172, "2010-09-30": -351, "2010-06-30": -216, "2010-03-31": "544.00000", "2009-12-31": -446, "2009-09-30": -124, "2009-06-30": -123, "2009-03-31": "482.00000", "2008-12-31": -106, "2008-09-30": -655, "2008-06-30": -176, "2008-03-31": "365.00000", "2007-12-31": 124, "2007-09-30": -712, "2007-06-30": -183, "2007-03-31": "1124.00000", "2006-12-31": -704, "2006-09-30": 207, "2006-06-30": -278, "2006-03-31": "387.00000", "2005-12-31": -809, "2005-09-30": 39, "2005-06-30": -427, "2005-03-31": "393.00000"}, "Total Change In Assets/Liabilities": {"2020-09-30": -508, "2020-06-30": 36, "2020-03-31": "208.00000", "2019-12-31": 85, "2019-09-30": -769, "2019-06-30": 139, "2019-03-31": "-15.00000", "2018-12-31": 146, "2018-09-30": 231, "2018-06-30": 49, "2018-03-31": "-22.00000", "2017-12-31": -42, "2017-09-30": 68, "2017-06-30": 106, "2017-03-31": "47.00000", "2016-12-31": -157, "2016-09-30": 126, "2016-06-30": 82, "2016-03-31": "-189.00000", "2015-12-31": 38, "2015-09-30": 341, "2015-06-30": -188, "2015-03-31": "-10.00000", "2014-12-31": -166, "2014-09-30": -62, "2014-06-30": -430, "2014-03-31": "347.00000", "2013-12-31": -117, "2013-09-30": -435, "2013-06-30": -384, "2013-03-31": "175.00000", "2012-12-31": -257, "2012-09-30": -117, "2012-06-30": -88, "2012-03-31": "181.00000", "2011-12-31": -140, "2011-09-30": -120, "2011-06-30": -222, "2011-03-31": "287.00000", "2010-12-31": 172, "2010-09-30": -351, "2010-06-30": -216, "2010-03-31": "544.00000", "2009-12-31": -446, "2009-09-30": -124, "2009-06-30": -123, "2009-03-31": "482.00000", "2008-12-31": -106, "2008-09-30": -655, "2008-06-30": -176, "2008-03-31": "365.00000", "2007-12-31": -91, "2007-09-30": -724, "2007-06-30": -183, "2007-03-31": "1124.00000", "2006-12-31": -419, "2006-09-30": 189, "2006-06-30": -278, "2006-03-31": "387.00000", "2005-12-31": -722, "2005-09-30": 39, "2005-06-30": -427, "2005-03-31": "393.00000"}, "Cash Flow From Operating Activities": {"2020-09-30": 602, "2020-06-30": -291, "2020-03-31": "1318.00000", "2019-12-31": 970, "2019-09-30": 414, "2019-06-30": 753, "2019-03-31": "951.00000", "2018-12-31": 857, "2018-09-30": 986, "2018-06-30": 707, "2018-03-31": "966.00000", "2017-12-31": 921, "2017-09-30": 815, "2017-06-30": 885, "2017-03-31": "1004.00000", "2016-12-31": 620, "2016-09-30": 775, "2016-06-30": 290, "2016-03-31": "626.00000", "2015-12-31": 809, "2015-09-30": 870, "2015-06-30": 408, "2015-03-31": "811.00000", "2014-12-31": 500, "2014-09-30": 627, "2014-06-30": 130, "2014-03-31": "904.00000", "2013-12-31": 454, "2013-09-30": 225, "2013-06-30": 270, "2013-03-31": "835.00000", "2012-12-31": 330, "2012-09-30": 536, "2012-06-30": 453, "2012-03-31": "699.00000", "2011-12-31": 224, "2011-09-30": 504, "2011-06-30": 334, "2011-03-31": "805.00000", "2010-12-31": 552, "2010-09-30": 295, "2010-06-30": 419, "2010-03-31": "888.00000", "2009-12-31": -9, "2009-09-30": 359, "2009-06-30": 386, "2009-03-31": "1139.00000", "2008-12-31": 386, "2008-09-30": -60, "2008-06-30": 134, "2008-03-31": "731.00000", "2007-12-31": 527, "2007-09-30": -104, "2007-06-30": 292, "2007-03-31": "1383.00000", "2006-12-31": 238, "2006-09-30": 599, "2006-06-30": -63, "2006-03-31": "855.00000", "2005-12-31": -171, "2005-09-30": 105, "2005-06-30": -122, "2005-03-31": "712.00000"}, "Net Change In Property, Plant, And Equipment": {"2020-09-30": -1098, "2020-06-30": -1188, "2020-03-31": "-1005.00000", "2019-12-31": -1118, "2019-09-30": -942, "2019-06-30": -293, "2019-03-31": "-456.00000", "2018-12-31": 689, "2018-09-30": -820, "2018-06-30": -854, "2018-03-31": "-979.00000", "2017-12-31": -822, "2017-09-30": -1066, "2017-06-30": -810, "2017-03-31": "-992.00000", "2016-12-31": -1125, "2016-09-30": -763, "2016-06-30": -592, "2016-03-31": "-971.00000", "2015-12-31": -903, "2015-09-30": -761, "2015-06-30": -339, "2015-03-31": "-780.00000", "2014-12-31": -654, "2014-09-30": -807, "2014-06-30": -712, "2014-03-31": "-801.00000", "2013-12-31": -217, "2013-09-30": -655, "2013-06-30": -599, "2013-03-31": "-531.00000", "2012-12-31": -641, "2012-09-30": -724, "2012-06-30": -706, "2012-03-31": "-811.00000", "2011-12-31": -811, "2011-09-30": -806, "2011-06-30": -618, "2011-03-31": "-607.00000", "2010-12-31": -405, "2010-09-30": -515, "2010-06-30": -393, "2010-03-31": "-446.00000", "2009-12-31": -541, "2009-09-30": -433, "2009-06-30": -267, "2009-03-31": "-492.00000", "2008-12-31": -296, "2008-09-30": -427, "2008-06-30": 1491, "2008-03-31": "-534.00000", "2007-12-31": -628, "2007-09-30": -452, "2007-06-30": -437, "2007-03-31": "-391.00000", "2006-12-31": -562, "2006-09-30": -436, "2006-06-30": -476, "2006-03-31": "-393.00000", "2005-12-31": -160, "2005-09-30": -366, "2005-06-30": -316, "2005-03-31": "-258.00000"}, "Net Change In Intangible Assets": {"2020-09-30": 0, "2020-06-30": 0, "2020-03-31": "", "2019-12-31": 0, "2019-09-30": 0, "2019-06-30": 0, "2019-03-31": "", "2018-12-31": 0, "2018-09-30": 0, "2018-06-30": 0, "2018-03-31": "", "2017-12-31": 0, "2017-09-30": 0, "2017-06-30": 0, "2017-03-31": "", "2016-12-31": 0, "2016-09-30": 0, "2016-06-30": 0, "2016-03-31": "", "2015-12-31": 0, "2015-09-30": 0, "2015-06-30": 0, "2015-03-31": "", "2014-12-31": 0, "2014-09-30": 0, "2014-06-30": 0, "2014-03-31": "", "2013-12-31": 0, "2013-09-30": 0, "2013-06-30": 0, "2013-03-31": "", "2012-12-31": 0, "2012-09-30": 0, "2012-06-30": 0, "2012-03-31": "", "2011-12-31": 0, "2011-09-30": 0, "2011-06-30": 0, "2011-03-31": "", "2010-12-31": 0, "2010-09-30": 0, "2010-06-30": 0, "2010-03-31": "", "2009-12-31": 0, "2009-09-30": 0, "2009-06-30": 0, "2009-03-31": "", "2008-12-31": 0, "2008-09-30": 0, "2008-06-30": 0, "2008-03-31": "", "2007-12-31": 0, "2007-09-30": 0, "2007-06-30": 0, "2007-03-31": "", "2006-12-31": 0, "2006-09-30": 0, "2006-06-30": 0, "2006-03-31": "", "2005-12-31": 0, "2005-09-30": 0, "2005-06-30": 0, "2005-03-31": ""}, "Net Acquisitions/Divestitures": {"2020-09-30": 0, "2020-06-30": 0, "2020-03-31": "", "2019-12-31": 0, "2019-09-30": 0, "2019-06-30": 0, "2019-03-31": "", "2018-12-31": 0, "2018-09-30": 0, "2018-06-30": 0, "2018-03-31": "", "2017-12-31": 0, "2017-09-30": 0, "2017-06-30": 0, "2017-03-31": "", "2016-12-31": 0, "2016-09-30": 0, "2016-06-30": 0, "2016-03-31": "", "2015-12-31": 0, "2015-09-30": 0, "2015-06-30": 0, "2015-03-31": "", "2014-12-31": 0, "2014-09-30": 0, "2014-06-30": 0, "2014-03-31": "", "2013-12-31": 0, "2013-09-30": 0, "2013-06-30": 0, "2013-03-31": "", "2012-12-31": 0, "2012-09-30": 0, "2012-06-30": 0, "2012-03-31": "", "2011-12-31": 0, "2011-09-30": 0, "2011-06-30": 0, "2011-03-31": "", "2010-12-31": 0, "2010-09-30": 0, "2010-06-30": 0, "2010-03-31": "", "2009-12-31": 0, "2009-09-30": 0, "2009-06-30": 0, "2009-03-31": "", "2008-12-31": 0, "2008-09-30": 0, "2008-06-30": 0, "2008-03-31": "", "2007-12-31": 0, "2007-09-30": 0, "2007-06-30": 0, "2007-03-31": "", "2006-12-31": 0, "2006-09-30": 0, "2006-06-30": 0, "2006-03-31": "", "2005-12-31": 0, "2005-09-30": 0, "2005-06-30": 0, "2005-03-31": ""}, "Net Change In Short-term Investments": {"2020-09-30": 0, "2020-06-30": 0, "2020-03-31": "", "2019-12-31": 0, "2019-09-30": 0, "2019-06-30": 0, "2019-03-31": "", "2018-12-31": 0, "2018-09-30": 0, "2018-06-30": 0, "2018-03-31": "", "2017-12-31": 0, "2017-09-30": 0, "2017-06-30": 0, "2017-03-31": "", "2016-12-31": 0, "2016-09-30": 0, "2016-06-30": 0, "2016-03-31": "", "2015-12-31": 0, "2015-09-30": 0, "2015-06-30": 0, "2015-03-31": "", "2014-12-31": -92, "2014-09-30": 26, "2014-06-30": 66, "2014-03-31": "", "2013-12-31": -566, "2013-09-30": 182, "2013-06-30": 384, "2013-03-31": "", "2012-12-31": -9, "2012-09-30": 0, "2012-06-30": 9, "2012-03-31": "", "2011-12-31": 0, "2011-09-30": 0, "2011-06-30": 0, "2011-03-31": "", "2010-12-31": 0, "2010-09-30": 0, "2010-06-30": 0, "2010-03-31": "", "2009-12-31": 0, "2009-09-30": 0, "2009-06-30": 0, "2009-03-31": "", "2008-12-31": 0, "2008-09-30": 0, "2008-06-30": 0, "2008-03-31": "", "2007-12-31": 0, "2007-09-30": 0, "2007-06-30": 0, "2007-03-31": "", "2006-12-31": 0, "2006-09-30": 0, "2006-06-30": 0, "2006-03-31": "", "2005-12-31": 0, "2005-09-30": 0, "2005-06-30": 0, "2005-03-31": ""}, "Net Change In Long-Term Investments": {"2020-09-30": -89, "2020-06-30": -54, "2020-03-31": "-86.00000", "2019-12-31": -348, "2019-09-30": -58, "2019-06-30": -1297, "2019-03-31": "-94.00000", "2018-12-31": -247, "2018-09-30": -98, "2018-06-30": -206, "2018-03-31": "-9617.00000", "2017-12-31": -159, "2017-09-30": -13, "2017-06-30": -45, "2017-03-31": "-52.00000", "2016-12-31": -260, "2016-09-30": -1096, "2016-06-30": -17, "2016-03-31": "-31.00000", "2015-12-31": 7, "2015-09-30": 10, "2015-06-30": -134, "2015-03-31": "-35.00000", "2014-12-31": -53, "2014-09-30": -33, "2014-06-30": -151, "2014-03-31": "-15.00000", "2013-12-31": 1, "2013-09-30": -16, "2013-06-30": -2, "2013-03-31": "-7.00000", "2012-12-31": -91, "2012-09-30": -58, "2012-06-30": -251, "2012-03-31": "-50.00000", "2011-12-31": -246, "2011-09-30": -12, "2011-06-30": -682, "2011-03-31": "-3.00000", "2010-12-31": -225, "2010-09-30": -15, "2010-06-30": -298, "2010-03-31": "-72.00000", "2009-12-31": -202, "2009-09-30": -551, "2009-06-30": -195, "2009-03-31": "-28.00000", "2008-12-31": -500, "2008-09-30": -15, "2008-06-30": -1598, "2008-03-31": "-578.00000", "2007-12-31": -97, "2007-09-30": -11, "2007-06-30": -43, "2007-03-31": "-3.00000", "2006-12-31": -150, "2006-09-30": -3, "2006-06-30": -38, "2006-03-31": "-109.00000", "2005-12-31": -11, "2005-09-30": -74, "2005-06-30": -41, "2005-03-31": "3.00000"}, "Net Change In Investments - Total": {"2020-09-30": -89, "2020-06-30": -54, "2020-03-31": "-86.00000", "2019-12-31": -348, "2019-09-30": -58, "2019-06-30": -1297, "2019-03-31": "-94.00000", "2018-12-31": -247, "2018-09-30": -98, "2018-06-30": -206, "2018-03-31": "-9617.00000", "2017-12-31": -159, "2017-09-30": -13, "2017-06-30": -45, "2017-03-31": "-52.00000", "2016-12-31": -260, "2016-09-30": -1096, "2016-06-30": -17, "2016-03-31": "-31.00000", "2015-12-31": 7, "2015-09-30": 10, "2015-06-30": -134, "2015-03-31": "-35.00000", "2014-12-31": -145, "2014-09-30": -7, "2014-06-30": -85, "2014-03-31": "-15.00000", "2013-12-31": -565, "2013-09-30": 166, "2013-06-30": 382, "2013-03-31": "-7.00000", "2012-12-31": -100, "2012-09-30": -58, "2012-06-30": -242, "2012-03-31": "-50.00000", "2011-12-31": -246, "2011-09-30": -12, "2011-06-30": -682, "2011-03-31": "-3.00000", "2010-12-31": -225, "2010-09-30": -15, "2010-06-30": -298, "2010-03-31": "-72.00000", "2009-12-31": -202, "2009-09-30": -551, "2009-06-30": -195, "2009-03-31": "-28.00000", "2008-12-31": -500, "2008-09-30": -15, "2008-06-30": -1598, "2008-03-31": "-578.00000", "2007-12-31": -97, "2007-09-30": -11, "2007-06-30": -43, "2007-03-31": "-3.00000", "2006-12-31": -150, "2006-09-30": -3, "2006-06-30": -38, "2006-03-31": "-109.00000", "2005-12-31": -11, "2005-09-30": -74, "2005-06-30": -41, "2005-03-31": "3.00000"}, "Investing Activities - Other": {"2020-09-30": 748, "2020-06-30": 5277, "2020-03-31": "-90.00000", "2019-12-31": 312, "2019-09-30": -172, "2019-06-30": -67, "2019-03-31": "-60.00000", "2018-12-31": -120, "2018-09-30": -57, "2018-06-30": -55, "2018-03-31": "-106.00000", "2017-12-31": -644, "2017-09-30": -123, "2017-06-30": -177, "2017-03-31": "18.00000", "2016-12-31": -18, "2016-09-30": 20, "2016-06-30": 5, "2016-03-31": "13.00000", "2015-12-31": 7, "2015-09-30": -27, "2015-06-30": 42, "2015-03-31": "45.00000", "2014-12-31": -77, "2014-09-30": -31, "2014-06-30": -54, "2014-03-31": "46.00000", "2013-12-31": -6, "2013-09-30": 215, "2013-06-30": -248, "2013-03-31": "376.00000", "2012-12-31": 159, "2012-09-30": -13, "2012-06-30": 26, "2012-03-31": "2.00000", "2011-12-31": 291, "2011-09-30": 167, "2011-06-30": 403, "2011-03-31": "-146.00000", "2010-12-31": -20, "2010-09-30": 1064, "2010-06-30": 20, "2010-03-31": "22.00000", "2009-12-31": 41, "2009-09-30": 1, "2009-06-30": -3, "2009-03-31": "-2.00000", "2008-12-31": 6, "2008-09-30": 4, "2008-06-30": 58, "2008-03-31": "3.00000", "2007-12-31": -5, "2007-09-30": -1, "2007-06-30": 1, "2007-03-31": "-6.00000", "2006-12-31": 189, "2006-09-30": 450, "2006-06-30": 665, "2006-03-31": "-3.00000", "2005-12-31": -261, "2005-09-30": 243, "2005-06-30": 38, "2005-03-31": "16.00000"}, "Cash Flow From Investing Activities": {"2020-09-30": -439, "2020-06-30": 4035, "2020-03-31": "-1181.00000", "2019-12-31": -1154, "2019-09-30": -1172, "2019-06-30": -1657, "2019-03-31": "-610.00000", "2018-12-31": 322, "2018-09-30": -975, "2018-06-30": -1115, "2018-03-31": "-10702.00000", "2017-12-31": -1625, "2017-09-30": -1202, "2017-06-30": -1032, "2017-03-31": "-1026.00000", "2016-12-31": -1403, "2016-09-30": -1839, "2016-06-30": -604, "2016-03-31": "-989.00000", "2015-12-31": -889, "2015-09-30": -778, "2015-06-30": -431, "2015-03-31": "-770.00000", "2014-12-31": -876, "2014-09-30": -845, "2014-06-30": -851, "2014-03-31": "-770.00000", "2013-12-31": -788, "2013-09-30": -274, "2013-06-30": -465, "2013-03-31": "-162.00000", "2012-12-31": -582, "2012-09-30": -795, "2012-06-30": -922, "2012-03-31": "-859.00000", "2011-12-31": -766, "2011-09-30": -651, "2011-06-30": -897, "2011-03-31": "-756.00000", "2010-12-31": -650, "2010-09-30": 534, "2010-06-30": -671, "2010-03-31": "-496.00000", "2009-12-31": -702, "2009-09-30": -983, "2009-06-30": -465, "2009-03-31": "-522.00000", "2008-12-31": -790, "2008-09-30": -438, "2008-06-30": -49, "2008-03-31": "-1109.00000", "2007-12-31": -730, "2007-09-30": -464, "2007-06-30": -479, "2007-03-31": "-400.00000", "2006-12-31": -523, "2006-09-30": 11, "2006-06-30": 151, "2006-03-31": "-505.00000", "2005-12-31": -432, "2005-09-30": -197, "2005-06-30": -319, "2005-03-31": "-239.00000"}, "Net Long-Term Debt": {"2020-09-30": -542, "2020-06-30": 1903, "2020-03-31": "186.00000", "2019-12-31": -140, "2019-09-30": -990, "2019-06-30": 2292, "2019-03-31": "-533.00000", "2018-12-31": -37, "2018-09-30": 93, "2018-06-30": -266, "2018-03-31": "5795.00000", "2017-12-31": 1107, "2017-09-30": -360, "2017-06-30": 697, "2017-03-31": "229.00000", "2016-12-31": 179, "2016-09-30": 317, "2016-06-30": 397, "2016-03-31": "1.00000", "2015-12-31": 396, "2015-09-30": 41, "2015-06-30": 417, "2015-03-31": "284.00000", "2014-12-31": 20, "2014-09-30": 348, "2014-06-30": 820, "2014-03-31": "50.00000", "2013-12-31": 333, "2013-09-30": 200, "2013-06-30": -203, "2013-03-31": "-37.00000", "2012-12-31": 254, "2012-09-30": 1123, "2012-06-30": -53, "2012-03-31": "661.00000", "2011-12-31": 457, "2011-09-30": 559, "2011-06-30": 57, "2011-03-31": "543.00000", "2010-12-31": 176, "2010-09-30": 484, "2010-06-30": 55, "2010-03-31": "-495.00000", "2009-12-31": 860, "2009-09-30": 59, "2009-06-30": 781, "2009-03-31": "16.00000", "2008-12-31": 1112, "2008-09-30": 55, "2008-06-30": 478, "2008-03-31": "42.00000", "2007-12-31": 42, "2007-09-30": -60, "2007-06-30": -617, "2007-03-31": "-33.00000", "2006-12-31": -52, "2006-09-30": 152, "2006-06-30": 233, "2006-03-31": "-44.00000", "2005-12-31": 185, "2005-09-30": -135, "2005-06-30": 233, "2005-03-31": "-50.00000"}, "Net Current Debt": {"2020-09-30": 0, "2020-06-30": -3998, "2020-03-31": "2127.00000", "2019-12-31": -232, "2019-09-30": 1332, "2019-06-30": -941, "2019-03-31": "497.00000", "2018-12-31": -799, "2018-09-30": -550, "2018-06-30": 116, "2018-03-31": "1149.00000", "2017-12-31": -514, "2017-09-30": 968, "2017-06-30": -396, "2017-03-31": "-97.00000", "2016-12-31": -944, "2016-09-30": 771, "2016-06-30": 334, "2016-03-31": "531.00000", "2015-12-31": -421, "2015-09-30": 138, "2015-06-30": 24, "2015-03-31": "-363.00000", "2014-12-31": 523, "2014-09-30": -57, "2014-06-30": 15, "2014-03-31": "-69.00000", "2013-12-31": 175, "2013-09-30": 91, "2013-06-30": 33, "2013-03-31": "-43.00000", "2012-12-31": 95, "2012-09-30": -383, "2012-06-30": 465, "2012-03-31": "-224.00000", "2011-12-31": -198, "2011-09-30": 19, "2011-06-30": -127, "2011-03-31": "-192.00000", "2010-12-31": 384, "2010-09-30": -350, "2010-06-30": 240, "2010-03-31": "294.00000", "2009-12-31": -707, "2009-09-30": 560, "2009-06-30": -535, "2009-03-31": "-77.00000", "2008-12-31": -481, "2008-09-30": 489, "2008-06-30": -70, "2008-03-31": "566.00000", "2007-12-31": -142, "2007-09-30": 580, "2007-06-30": 525, "2007-03-31": "-151.00000", "2006-12-31": -159, "2006-09-30": 36, "2006-06-30": -299, "2006-03-31": "-369.00000", "2005-12-31": 756, "2005-09-30": 59, "2005-06-30": -92, "2005-03-31": "-64.00000"}, "Debt Issuance/Retirement Net - Total": {"2020-09-30": -542, "2020-06-30": -2095, "2020-03-31": "2313.00000", "2019-12-31": -372, "2019-09-30": 342, "2019-06-30": 1351, "2019-03-31": "-36.00000", "2018-12-31": -836, "2018-09-30": -457, "2018-06-30": -150, "2018-03-31": "6944.00000", "2017-12-31": 593, "2017-09-30": 608, "2017-06-30": 301, "2017-03-31": "132.00000", "2016-12-31": -765, "2016-09-30": 1088, "2016-06-30": 731, "2016-03-31": "532.00000", "2015-12-31": -25, "2015-09-30": 179, "2015-06-30": 441, "2015-03-31": "-79.00000", "2014-12-31": 543, "2014-09-30": 291, "2014-06-30": 835, "2014-03-31": "-19.00000", "2013-12-31": 508, "2013-09-30": 291, "2013-06-30": -170, "2013-03-31": "-80.00000", "2012-12-31": 349, "2012-09-30": 740, "2012-06-30": 412, "2012-03-31": "437.00000", "2011-12-31": 259, "2011-09-30": 578, "2011-06-30": -70, "2011-03-31": "351.00000", "2010-12-31": 560, "2010-09-30": 134, "2010-06-30": 295, "2010-03-31": "-201.00000", "2009-12-31": 153, "2009-09-30": 619, "2009-06-30": 246, "2009-03-31": "-61.00000", "2008-12-31": 631, "2008-09-30": 544, "2008-06-30": 408, "2008-03-31": "608.00000", "2007-12-31": -100, "2007-09-30": 520, "2007-06-30": -92, "2007-03-31": "-184.00000", "2006-12-31": -211, "2006-09-30": 188, "2006-06-30": -66, "2006-03-31": "-413.00000", "2005-12-31": 941, "2005-09-30": -76, "2005-06-30": 141, "2005-03-31": "-114.00000"}, "Net Common Equity Issued/Repurchased": {"2020-09-30": -504, "2020-06-30": -5, "2020-03-31": "-46.00000", "2019-12-31": 1070, "2019-09-30": 732, "2019-06-30": 5, "2019-03-31": "-3.00000", "2018-12-31": 10, "2018-09-30": 171, "2018-06-30": 811, "2018-03-31": "1259.00000", "2017-12-31": 10, "2017-09-30": 8, "2017-06-30": 11, "2017-03-31": "3.00000", "2016-12-31": 10, "2016-09-30": 10, "2016-06-30": 14, "2016-03-31": "-39.00000", "2015-12-31": 11, "2015-09-30": 2, "2015-06-30": 13, "2015-03-31": "-48.00000", "2014-12-31": 13, "2014-09-30": 14, "2014-06-30": 17, "2014-03-31": "-26.00000", "2013-12-31": 5, "2013-09-30": 35, "2013-06-30": 7, "2013-03-31": "-30.00000", "2012-12-31": 28, "2012-09-30": 5, "2012-06-30": 32, "2012-03-31": "-3.00000", "2011-12-31": 6, "2011-09-30": 2, "2011-06-30": 5, "2011-03-31": "-3.00000", "2010-12-31": 11, "2010-09-30": -493, "2010-06-30": 8, "2010-03-31": "12.00000", "2009-12-31": -1, "2009-09-30": 24, "2009-06-30": 18, "2009-03-31": "10.00000", "2008-12-31": -15, "2008-09-30": 6, "2008-06-30": -993, "2008-03-31": "2.00000", "2007-12-31": -20, "2007-09-30": -153, "2007-06-30": 12, "2007-03-31": "16.00000", "2006-12-31": -17, "2006-09-30": 43, "2006-06-30": 29, "2006-03-31": "5.00000", "2005-12-31": 2, "2005-09-30": 26, "2005-06-30": 487, "2005-03-31": "84.00000"}, "Net Total Equity Issued/Repurchased": {"2020-09-30": -505, "2020-06-30": 886, "2020-03-31": "-46.00000", "2019-12-31": 1070, "2019-09-30": 732, "2019-06-30": 5, "2019-03-31": "-3.00000", "2018-12-31": 9, "2018-09-30": 737, "2018-06-30": 811, "2018-03-31": "2952.00000", "2017-12-31": 10, "2017-09-30": 8, "2017-06-30": 11, "2017-03-31": "3.00000", "2016-12-31": 10, "2016-09-30": 10, "2016-06-30": 14, "2016-03-31": "-39.00000", "2015-12-31": 11, "2015-09-30": 2, "2015-06-30": 13, "2015-03-31": "-48.00000", "2014-12-31": 13, "2014-09-30": 14, "2014-06-30": 17, "2014-03-31": "-26.00000", "2013-12-31": -77, "2013-09-30": 35, "2013-06-30": 7, "2013-03-31": "-30.00000", "2012-12-31": 28, "2012-09-30": 5, "2012-06-30": 32, "2012-03-31": "-3.00000", "2011-12-31": 6, "2011-09-30": 2, "2011-06-30": -75, "2011-03-31": "-3.00000", "2010-12-31": 11, "2010-09-30": -493, "2010-06-30": 8, "2010-03-31": "12.00000", "2009-12-31": -1, "2009-09-30": 24, "2009-06-30": 18, "2009-03-31": "10.00000", "2008-12-31": -15, "2008-09-30": 6, "2008-06-30": -993, "2008-03-31": "2.00000", "2007-12-31": -20, "2007-09-30": -153, "2007-06-30": 12, "2007-03-31": "16.00000", "2006-12-31": -17, "2006-09-30": 43, "2006-06-30": 29, "2006-03-31": "5.00000", "2005-12-31": 2, "2005-09-30": 26, "2005-06-30": 487, "2005-03-31": "-116.00000"}, "Total Common And Preferred Stock Dividends Paid": {"2020-09-30": -341, "2020-06-30": -333, "2020-03-31": "-305.00000", "2019-12-31": -294, "2019-09-30": -287, "2019-06-30": -286, "2019-03-31": "-268.00000", "2018-12-31": -268, "2018-09-30": -253, "2018-06-30": -251, "2018-03-31": "-194.00000", "2017-12-31": -193, "2017-09-30": -193, "2017-06-30": -193, "2017-03-31": "-176.00000", "2016-12-31": -176, "2016-09-30": -175, "2016-06-30": -175, "2016-03-31": "-161.00000", "2015-12-31": -160, "2015-09-30": -160, "2015-06-30": -160, "2015-03-31": "-149.00000", "2014-12-31": -148, "2014-09-30": -149, "2014-06-30": -148, "2014-03-31": "-154.00000", "2013-12-31": -154, "2013-09-30": -155, "2013-06-30": -155, "2013-03-31": "-147.00000", "2012-12-31": -146, "2012-09-30": -147, "2012-06-30": -146, "2012-03-31": "-117.00000", "2011-12-31": -117, "2011-09-30": -116, "2011-06-30": -119, "2011-03-31": "-96.00000", "2010-12-31": -98, "2010-09-30": -99, "2010-06-30": -89, "2010-03-31": "-88.00000", "2009-12-31": -89, "2009-09-30": -87, "2009-06-30": -87, "2009-03-31": "-88.00000", "2008-12-31": -90, "2008-09-30": -88, "2008-06-30": -87, "2008-03-31": "-84.00000", "2007-12-31": -92, "2007-09-30": -82, "2007-06-30": -73, "2007-03-31": "-79.00000", "2006-12-31": -80, "2006-09-30": -69, "2006-06-30": -69, "2006-03-31": "-65.00000", "2005-12-31": -75, "2005-09-30": -74, "2005-06-30": -69, "2005-03-31": "-50.00000"}, "Financial Activities - Other": {"2020-09-30": -164, "2020-06-30": 270, "2020-03-31": "152.00000", "2019-12-31": -504, "2019-09-30": 177, "2019-06-30": -78, "2019-03-31": "-74.00000", "2018-12-31": -120, "2018-09-30": -72, "2018-06-30": 22, "2018-03-31": "-24.00000", "2017-12-31": 401, "2017-09-30": -86, "2017-06-30": -29, "2017-03-31": "-5.00000", "2016-12-31": 1585, "2016-09-30": 43, "2016-06-30": -18, "2016-03-31": "-2.00000", "2015-12-31": -31, "2015-09-30": -42, "2015-06-30": -13, "2015-03-31": "45.00000", "2014-12-31": -126, "2014-09-30": -56, "2014-06-30": -39, "2014-03-31": "6.00000", "2013-12-31": -96, "2013-09-30": -18, "2013-06-30": 2, "2013-03-31": "577.00000", "2012-12-31": -33, "2012-09-30": -35, "2012-06-30": -14, "2012-03-31": "-7.00000", "2011-12-31": -18, "2011-09-30": -58, "2011-06-30": 4, "2011-03-31": "6.00000", "2010-12-31": -10, "2010-09-30": -12, "2010-06-30": 4, "2010-03-31": "-3.00000", "2009-12-31": 2, "2009-09-30": 6, "2009-06-30": 0, "2009-03-31": "-89.00000", "2008-12-31": 11, "2008-09-30": 4, "2008-06-30": 11, "2008-03-31": "-10.00000", "2007-12-31": 11, "2007-09-30": 3, "2007-06-30": 5, "2007-03-31": "2.00000", "2006-12-31": 12, "2006-09-30": 8, "2006-06-30": 89, "2006-03-31": "4.00000", "2005-12-31": 4, "2005-09-30": -8, "2005-06-30": 1, "2005-03-31": "-3.00000"}, "Cash Flow From Financial Activities": {"2020-09-30": -1552, "2020-06-30": -1272, "2020-03-31": "2114.00000", "2019-12-31": -100, "2019-09-30": 964, "2019-06-30": 992, "2019-03-31": "-381.00000", "2018-12-31": -1215, "2018-09-30": -45, "2018-06-30": 432, "2018-03-31": "9678.00000", "2017-12-31": 811, "2017-09-30": 337, "2017-06-30": 90, "2017-03-31": "-46.00000", "2016-12-31": 654, "2016-09-30": 966, "2016-06-30": 552, "2016-03-31": "330.00000", "2015-12-31": -205, "2015-09-30": -21, "2015-06-30": 281, "2015-03-31": "-231.00000", "2014-12-31": 282, "2014-09-30": 100, "2014-06-30": 665, "2014-03-31": "-193.00000", "2013-12-31": 181, "2013-09-30": 153, "2013-06-30": -316, "2013-03-31": "320.00000", "2012-12-31": 198, "2012-09-30": 563, "2012-06-30": 284, "2012-03-31": "310.00000", "2011-12-31": 130, "2011-09-30": 406, "2011-06-30": -260, "2011-03-31": "258.00000", "2010-12-31": 463, "2010-09-30": -470, "2010-06-30": 218, "2010-03-31": "-280.00000", "2009-12-31": 65, "2009-09-30": 562, "2009-06-30": 177, "2009-03-31": "-228.00000", "2008-12-31": 537, "2008-09-30": 466, "2008-06-30": -661, "2008-03-31": "516.00000", "2007-12-31": -201, "2007-09-30": 288, "2007-06-30": -148, "2007-03-31": "-245.00000", "2006-12-31": -296, "2006-09-30": 170, "2006-06-30": -17, "2006-03-31": "-469.00000", "2005-12-31": 872, "2005-09-30": -132, "2005-06-30": 560, "2005-03-31": "-283.00000"}, "Net Cash Flow": {"2020-09-30": -1384, "2020-06-30": 2476, "2020-03-31": "2237.00000", "2019-12-31": -280, "2019-09-30": 203, "2019-06-30": 87, "2019-03-31": "-39.00000", "2018-12-31": -42, "2018-09-30": -39, "2018-06-30": 20, "2018-03-31": "-57.00000", "2017-12-31": 103, "2017-09-30": -49, "2017-06-30": -57, "2017-03-31": "-58.00000", "2016-12-31": -140, "2016-09-30": -98, "2016-06-30": 240, "2016-03-31": "-27.00000", "2015-12-31": -287, "2015-09-30": 61, "2015-06-30": 259, "2015-03-31": "-193.00000", "2014-12-31": -97, "2014-09-30": -122, "2014-06-30": -55, "2014-03-31": "-60.00000", "2013-12-31": -157, "2013-09-30": 107, "2013-06-30": -517, "2013-03-31": "996.00000", "2012-12-31": -55, "2012-09-30": 309, "2012-06-30": -183, "2012-03-31": "152.00000", "2011-12-31": -405, "2011-09-30": 265, "2011-06-30": -827, "2011-03-31": "307.00000", "2010-12-31": 365, "2010-09-30": 359, "2010-06-30": -34, "2010-03-31": "112.00000", "2009-12-31": -646, "2009-09-30": -62, "2009-06-30": 98, "2009-03-31": "389.00000", "2008-12-31": 133, "2008-09-30": -32, "2008-06-30": -576, "2008-03-31": "138.00000", "2007-12-31": -404, "2007-09-30": -280, "2007-06-30": -306, "2007-03-31": "738.00000", "2006-12-31": -581, "2006-09-30": 780, "2006-06-30": 71, "2006-03-31": "-119.00000", "2005-12-31": 269, "2005-09-30": -224, "2005-06-30": 119, "2005-03-31": "190.00000"}, "Stock-Based Compensation": {"2020-09-30": 21, "2020-06-30": 14, "2020-03-31": "22.00000", "2019-12-31": 19, "2019-09-30": 17, "2019-06-30": 18, "2019-03-31": "21.00000", "2018-12-31": 33, "2018-09-30": 17, "2018-06-30": 18, "2018-03-31": "15.00000", "2017-12-31": 82, "2017-09-30": 0, "2017-06-30": 0, "2017-03-31": "", "2016-12-31": 52, "2016-09-30": 0, "2016-06-30": 0, "2016-03-31": "", "2015-12-31": 0, "2015-09-30": 0, "2015-06-30": 0, "2015-03-31": "", "2014-12-31": 0, "2014-09-30": 0, "2014-06-30": 0, "2014-03-31": "", "2013-12-31": 0, "2013-09-30": 0, "2013-06-30": 0, "2013-03-31": "", "2012-12-31": 0, "2012-09-30": 0, "2012-06-30": 0, "2012-03-31": "", "2011-12-31": 0, "2011-09-30": 0, "2011-06-30": 0, "2011-03-31": "", "2010-12-31": 0, "2010-09-30": 0, "2010-06-30": 0, "2010-03-31": "", "2009-12-31": 0, "2009-09-30": 0, "2009-06-30": 0, "2009-03-31": "", "2008-12-31": 0, "2008-09-30": 0, "2008-06-30": 0, "2008-03-31": "", "2007-12-31": 0, "2007-09-30": 0, "2007-06-30": 0, "2007-03-31": "", "2006-12-31": 0, "2006-09-30": 0, "2006-06-30": 0, "2006-03-31": "", "2005-12-31": 0, "2005-09-30": 0, "2005-06-30": 0, "2005-03-31": ""}, "Common Stock Dividends Paid": {"2020-09-30": -305, "2020-06-30": -298, "2020-03-31": "-269.00000", "2019-12-31": -259, "2019-09-30": -251, "2019-06-30": -251, "2019-03-31": "-232.00000", "2018-12-31": -232, "2018-09-30": -229, "2018-06-30": -222, "2018-03-31": "-194.00000", "2017-12-31": -194, "2017-09-30": -193, "2017-06-30": -192, "2017-03-31": "-176.00000", "2016-12-31": -176, "2016-09-30": -175, "2016-06-30": -174, "2016-03-31": "-161.00000", "2015-12-31": -160, "2015-09-30": -160, "2015-06-30": -159, "2015-03-31": "-149.00000", "2014-12-31": -148, "2014-09-30": -149, "2014-06-30": -147, "2014-03-31": "-154.00000", "2013-12-31": -154, "2013-09-30": -153, "2013-06-30": -154, "2013-03-31": "-145.00000", "2012-12-31": -145, "2012-09-30": -145, "2012-06-30": -145, "2012-03-31": "-115.00000", "2011-12-31": -115, "2011-09-30": -115, "2011-06-30": -116, "2011-03-31": "-94.00000", "2010-12-31": -95, "2010-09-30": -97, "2010-06-30": -86, "2010-03-31": "-86.00000", "2009-12-31": -86, "2009-09-30": -85, "2009-06-30": -84, "2009-03-31": "-86.00000", "2008-12-31": -87, "2008-09-30": -86, "2008-06-30": -84, "2008-03-31": "-82.00000", "2007-12-31": -82, "2007-09-30": -82, "2007-06-30": -73, "2007-03-31": "-79.00000", "2006-12-31": -80, "2006-09-30": -69, "2006-06-30": -69, "2006-03-31": "-65.00000", "2005-12-31": -75, "2005-09-30": -74, "2005-06-30": -69, "2005-03-31": "-50.00000"}}, "financial ratios": {"Current Ratio": {"2019-12-31": "0.36490", "2018-12-31": "0.48450", "2017-12-31": "0.50350", "2016-12-31": "0.52470", "2015-12-31": "0.62680", "2014-12-31": "0.82540", "2013-12-31": "0.91490", "2012-12-31": "0.86780", "2011-12-31": "0.56170", "2010-12-31": "0.88560", "2009-12-31": "0.59030", "2008-12-31": "0.68550", "2007-12-31": "1.10470", "2006-12-31": "1.16110", "2005-12-31": "1.12850"}, "Long-term Debt / Capital": {"2019-12-31": "0.48800", "2018-12-31": "0.52060", "2017-12-31": "0.52070", "2016-12-31": "0.48630", "2015-12-31": "0.51080", "2014-12-31": "0.49970", "2013-12-31": "0.48710", "2012-12-31": "0.52100", "2011-12-31": "0.49750", "2010-12-31": "0.49290", "2009-12-31": "0.44640", "2008-12-31": "0.44060", "2007-12-31": "0.35320", "2006-12-31": "0.37600", "2005-12-31": "0.43870"}, "Debt/Equity Ratio": {"2019-12-31": "1.18390", "2018-12-31": "1.27650", "2017-12-31": "1.28220", "2016-12-31": "1.12340", "2015-12-31": "1.16570", "2014-12-31": "1.18080", "2013-12-31": "1.09240", "2012-12-31": "1.20680", "2011-12-31": "1.06730", "2010-12-31": "1.02700", "2009-12-31": "0.93510", "2008-12-31": "0.89750", "2007-12-31": "0.67440", "2006-12-31": "0.72670", "2005-12-31": "0.96690"}, "Gross Margin": {"2019-12-31": "75.33480", "2018-12-31": "71.06510", "2017-12-31": "71.22410", "2016-12-31": "65.31470", "2015-12-31": "64.76400", "2014-12-31": "58.39600", "2013-12-31": "61.98730", "2012-12-31": "63.39800", "2011-12-31": "60.05380", "2010-12-31": "58.95810", "2009-12-31": "60.75750", "2008-12-31": "45.94720", "2007-12-31": "58.34940", "2006-12-31": "60.05440", "2005-12-31": "55.02950"}, "Operating Margin": {"2019-12-31": "24.25890", "2018-12-31": "20.45140", "2017-12-31": "21.23440", "2016-12-31": "17.17570", "2015-12-31": "19.01090", "2014-12-31": "16.65610", "2013-12-31": "17.03140", "2012-12-31": "16.16050", "2011-12-31": "17.39740", "2010-12-31": "15.09500", "2009-12-31": "16.11150", "2008-12-31": "12.45590", "2007-12-31": "14.67910", "2006-12-31": "15.17730", "2005-12-31": "10.19810"}, "EBIT Margin": {"2019-12-31": "24.25890", "2018-12-31": "20.45140", "2017-12-31": "21.23440", "2016-12-31": "17.17570", "2015-12-31": "19.01090", "2014-12-31": "16.65610", "2013-12-31": "17.03140", "2012-12-31": "16.16050", "2011-12-31": "17.39740", "2010-12-31": "15.09500", "2009-12-31": "16.11150", "2008-12-31": "12.45590", "2007-12-31": "14.67910", "2006-12-31": "15.17730", "2005-12-31": "10.19810"}, "EBITDA Margin": {"2019-12-31": "38.74780", "2018-12-31": "35.21090", "2017-12-31": "36.13070", "2016-12-31": "30.05990", "2015-12-31": "31.22860", "2014-12-31": "27.13190", "2013-12-31": "27.57410", "2012-12-31": "27.45930", "2011-12-31": "27.12240", "2010-12-31": "24.71400", "2009-12-31": "25.67230", "2008-12-31": "18.84180", "2007-12-31": "20.67670", "2006-12-31": "20.76350", "2005-12-31": "15.63590"}, "Pre-Tax Profit Margin": {"2019-12-31": "16.01260", "2018-12-31": "7.06790", "2017-12-31": "12.94610", "2016-12-31": "17.91220", "2015-12-31": "16.65530", "2014-12-31": "13.81060", "2013-12-31": "13.54550", "2012-12-31": "9.77510", "2011-12-31": "17.16820", "2010-12-31": "8.74150", "2009-12-31": "18.20870", "2008-12-31": "13.41330", "2007-12-31": "13.49010", "2006-12-31": "16.27410", "2005-12-31": "7.74840"}, "Net Profit Margin": {"2019-12-31": "18.97680", "2018-12-31": "9.14670", "2017-12-31": "2.65560", "2016-12-31": "13.45380", "2015-12-31": "13.18540", "2014-12-31": "10.52110", "2013-12-31": "9.48190", "2012-12-31": "8.90430", "2011-12-31": "13.26230", "2010-12-31": "7.87520", "2009-12-31": "13.80460", "2008-12-31": "10.34580", "2007-12-31": "9.60830", "2006-12-31": "11.95480", "2005-12-31": "7.99170"}, "Asset Turnover": {"2019-12-31": "0.16490", "2018-12-31": "0.16660", "2017-12-31": "0.19110", "2016-12-31": "0.21310", "2015-12-31": "0.24860", "2014-12-31": "0.27830", "2013-12-31": "0.28350", "2012-12-31": "0.26430", "2011-12-31": "0.30180", "2010-12-31": "0.29730", "2009-12-31": "0.28430", "2008-12-31": "0.40750", "2007-12-31": "0.39830", "2006-12-31": "0.40630", "2005-12-31": "0.39360"}, "Inventory Turnover Ratio": {"2019-12-31": "9.64260", "2018-12-31": "11.32950", "2017-12-31": "9.03580", "2016-12-31": "13.68990", "2015-12-31": "12.09730", "2014-12-31": "11.59340", "2013-12-31": "13.98260", "2012-12-31": "8.65440", "2011-12-31": "11.58670", "2010-12-31": "14.32170", "2009-12-31": "16.14720", "2008-12-31": "18.17190", "2007-12-31": "21.26790", "2006-12-31": "21.85120", "2005-12-31": "25.25370"}, "Receiveable Turnover": {"2019-12-31": "5.82200", "2018-12-31": "6.19000", "2017-12-31": "5.56900", "2016-12-31": "6.27420", "2015-12-31": "6.78000", "2014-12-31": "7.47120", "2013-12-31": "6.55310", "2012-12-31": "5.98080", "2011-12-31": "7.46170", "2010-12-31": "6.85160", "2009-12-31": "4.86850", "2008-12-31": "9.11690", "2007-12-31": "9.75110", "2006-12-31": "10.94050", "2005-12-31": "9.80580"}, "Days Sales In Receivables": {"2019-12-31": "62.69280", "2018-12-31": "58.96650", "2017-12-31": "65.54100", "2016-12-31": "58.17490", "2015-12-31": "53.83490", "2014-12-31": "48.85410", "2013-12-31": "55.69910", "2012-12-31": "61.02880", "2011-12-31": "48.91640", "2010-12-31": "53.27220", "2009-12-31": "74.97220", "2008-12-31": "40.03530", "2007-12-31": "37.43180", "2006-12-31": "33.36240", "2005-12-31": "37.22290"}, "ROE - Return On Equity": {"2019-12-31": "10.23710", "2018-12-31": "5.52740", "2017-12-31": "2.52650", "2016-12-31": "9.97960", "2015-12-31": "11.52960", "2014-12-31": "10.44700", "2013-12-31": "9.19700", "2012-12-31": "8.62800", "2011-12-31": "13.59520", "2010-12-31": "7.69310", "2009-12-31": "12.26100", "2008-12-31": "13.01010", "2007-12-31": "13.40690", "2006-12-31": "14.52540", "2005-12-31": "14.82140"}, "Return On Tangible Equity": {"2019-12-31": "10.00000", "2018-12-31": "5.38400", "2017-12-31": "3.14480", "2016-12-31": "12.32060", "2015-12-31": "12.75100", "2014-12-31": "11.73520", "2013-12-31": "10.46150", "2012-12-31": "10.07010", "2011-12-31": "15.88450", "2010-12-31": "8.08230", "2009-12-31": "12.85670", "2008-12-31": "13.74520", "2007-12-31": "13.70100", "2006-12-31": "14.52540", "2005-12-31": "14.82140"}, "ROA - Return On Assets": {"2019-12-31": "3.04420", "2018-12-31": "1.54690", "2017-12-31": "0.75710", "2016-12-31": "3.17880", "2015-12-31": "3.51880", "2014-12-31": "3.18280", "2013-12-31": "2.92130", "2012-12-31": "2.52060", "2011-12-31": "4.15350", "2010-12-31": "2.32140", "2009-12-31": "3.93520", "2008-12-31": "4.04550", "2007-12-31": "3.89320", "2006-12-31": "3.76870", "2005-12-31": "3.12180"}, "ROI - Return On Investment": {"2019-12-31": "4.69360", "2018-12-31": "2.33620", "2017-12-31": "1.20940", "2016-12-31": "5.11960", "2015-12-31": "5.63140", "2014-12-31": "5.21790", "2013-12-31": "4.70930", "2012-12-31": "4.12480", "2011-12-31": "6.81770", "2010-12-31": "3.85880", "2009-12-31": "6.71410", "2008-12-31": "7.19050", "2007-12-31": "8.67200", "2006-12-31": "9.06450", "2005-12-31": "8.31890"}, "Book Value Per Share": {"2019-12-31": "74.67470", "2018-12-31": "70.24820", "2017-12-31": "60.31870", "2016-12-31": "60.96400", "2015-12-31": "50.72180", "2014-12-31": "49.18700", "2013-12-31": "48.56560", "2012-12-31": "44.14460", "2011-12-31": "42.40830", "2010-12-31": "38.49170", "2009-12-31": "37.45340", "2008-12-31": "34.19340", "2007-12-31": "31.95020", "2006-12-31": "28.66790", "2005-12-31": "23.96890"}, "Operating Cash Flow Per Share": {"2019-12-31": -2.0803, "2018-12-31": -1.3384, "2017-12-31": 5.1663, "2016-12-31": -2.3479, "2015-12-31": 2.928, "2014-12-31": 1.4663, "2013-12-31": -1.0251, "2012-12-31": 0.4501, "2011-12-31": -0.9574, "2010-12-31": 1.1082, "2009-12-31": 2.8373, "2008-12-31": -3.2048, "2007-12-31": 1.7142, "2006-12-31": 4.154, "2005-12-31": 2.0786}, "Free Cash Flow Per Share": {"2019-12-31": -4.7621, "2018-12-31": 6.0089, "2017-12-31": 4.2814, "2016-12-31": -4.9973, "2015-12-31": 3.7018, "2014-12-31": -2.3692, "2013-12-31": 2.628, "2012-12-31": 0.5346, "2011-12-31": -5.63, "2010-12-31": 1.0191, "2009-12-31": -5.0997, "2008-12-31": 4.954, "2007-12-31": 1.6303, "2006-12-31": 1.3743, "2005-12-31": -2.2849}}, "financial ratios, quarterly": {"Current Ratio": {"2020-09-30": "0.83750", "2020-06-30": "0.79620", "2020-03-31": "0.44540", "2019-12-31": "0.36490", "2019-09-30": "0.38600", "2019-06-30": "0.34030", "2019-03-31": "0.37880", "2018-12-31": "0.48450", "2018-09-30": "0.59420", "2018-06-30": "0.57510", "2018-03-31": "0.37260", "2017-12-31": "0.50350", "2017-09-30": "0.40010", "2017-06-30": "0.45640", "2017-03-31": "0.50810", "2016-12-31": "0.52470", "2016-09-30": "0.43040", "2016-06-30": "0.58820", "2016-03-31": "0.56180", "2015-12-31": "0.62680", "2015-09-30": "0.70460", "2015-06-30": "0.79700", "2015-03-31": "0.96980", "2014-12-31": "0.82540", "2014-09-30": "1.02840", "2014-06-30": "1.08060", "2014-03-31": "1.09010", "2013-12-31": "0.91490", "2013-09-30": "0.81940", "2013-06-30": "0.77480", "2013-03-31": "0.79460", "2012-12-31": "0.86780", "2012-09-30": "0.70770", "2012-06-30": "0.46010", "2012-03-31": "0.51290", "2011-12-31": "0.56170", "2011-09-30": "0.73540", "2011-06-30": "0.71360", "2011-03-31": "0.93760", "2010-12-31": "0.88560", "2010-09-30": "0.66060", "2010-06-30": "0.46240", "2010-03-31": "0.49720", "2009-12-31": "0.59030", "2009-09-30": "0.62550", "2009-06-30": "0.76360", "2009-03-31": "0.67900", "2008-12-31": "0.68550", "2008-09-30": "0.81980", "2008-06-30": "0.58700", "2008-03-31": "1.05500", "2007-12-31": "1.10470", "2007-09-30": "1.13210", "2007-06-30": "1.11840", "2007-03-31": "1.16640", "2006-12-31": "1.16110", "2006-09-30": "1.17960", "2006-06-30": "1.14270", "2006-03-31": "1.12800", "2005-12-31": "1.12850", "2005-09-30": "1.02650", "2005-06-30": "1.04380", "2005-03-31": "0.97690"}, "Long-term Debt / Capital": {"2020-09-30": "0.46690", "2020-06-30": "0.44720", "2020-03-31": "0.47730", "2019-12-31": "0.48800", "2019-09-30": "0.50530", "2019-06-30": "0.52170", "2019-03-31": "0.50340", "2018-12-31": "0.52060", "2018-09-30": "0.52750", "2018-06-30": "0.53680", "2018-03-31": "0.53270", "2017-12-31": "0.52070", "2017-09-30": "0.48850", "2017-06-30": "0.49010", "2017-03-31": "0.48070", "2016-12-31": "0.48630", "2016-09-30": "0.50620", "2016-06-30": "0.51190", "2016-03-31": "0.50490", "2015-12-31": "0.51080", "2015-09-30": "0.50260", "2015-06-30": "0.50300", "2015-03-31": "0.51450", "2014-12-31": "0.49970", "2014-09-30": "0.50570", "2014-06-30": "0.50560", "2014-03-31": "0.49600", "2013-12-31": "0.48710", "2013-09-30": "0.47130", "2013-06-30": "0.47690", "2013-03-31": "0.48680", "2012-12-31": "0.52100", "2012-09-30": "0.51610", "2012-06-30": "0.50050", "2012-03-31": "0.49540", "2011-12-31": "0.49750", "2011-09-30": "0.50120", "2011-06-30": "0.49170", "2011-03-31": "0.49380", "2010-12-31": "0.49290", "2010-09-30": "0.47140", "2010-06-30": "0.44560", "2010-03-31": "0.43640", "2009-12-31": "0.44640", "2009-09-30": "0.43250", "2009-06-30": "0.43500", "2009-03-31": "0.41810", "2008-12-31": "0.44060", "2008-09-30": "0.42610", "2008-06-30": "0.38500", "2008-03-31": "0.34850", "2007-12-31": "0.35320", "2007-09-30": "0.35780", "2007-06-30": "0.34560", "2007-03-31": "0.36960", "2006-12-31": "0.37600", "2006-09-30": "0.37130", "2006-06-30": "0.39270", "2006-03-31": "0.42430", "2005-12-31": "0.43870", "2005-09-30": "0.42510", "2005-06-30": "0.43620", "2005-03-31": "0.44610"}, "Debt/Equity Ratio": {"2020-09-30": "1.02320", "2020-06-30": "1.02270", "2020-03-31": "1.26700", "2019-12-31": "1.18390", "2019-09-30": "1.27520", "2019-06-30": "1.32500", "2019-03-31": "1.25390", "2018-12-31": "1.27650", "2018-09-30": "1.34460", "2018-06-30": "1.42090", "2018-03-31": "1.44220", "2017-12-31": "1.28220", "2017-09-30": "1.20780", "2017-06-30": "1.16070", "2017-03-31": "1.11130", "2016-12-31": "1.12340", "2016-09-30": "1.31110", "2016-06-30": "1.26260", "2016-03-31": "1.19600", "2015-12-31": "1.16570", "2015-09-30": "1.19330", "2015-06-30": "1.17330", "2015-03-31": "1.16310", "2014-12-31": "1.18080", "2014-09-30": "1.14620", "2014-06-30": "1.14150", "2014-03-31": "1.08340", "2013-12-31": "1.09240", "2013-09-30": "1.05840", "2013-06-30": "1.08940", "2013-03-31": "1.13870", "2012-12-31": "1.20680", "2012-09-30": "1.18960", "2012-06-30": "1.13920", "2012-03-31": "1.09150", "2011-12-31": "1.06730", "2011-09-30": "1.08280", "2011-06-30": "1.02740", "2011-03-31": "1.04530", "2010-12-31": "1.02700", "2010-09-30": "0.99020", "2010-06-30": "0.93430", "2010-03-31": "0.90770", "2009-12-31": "0.93510", "2009-09-30": "0.92600", "2009-06-30": "0.87470", "2009-03-31": "0.87850", "2008-12-31": "0.89750", "2008-09-30": "0.82110", "2008-06-30": "0.77310", "2008-03-31": "0.72780", "2007-12-31": "0.67440", "2007-09-30": "0.70730", "2007-06-30": "0.64910", "2007-03-31": "0.68450", "2006-12-31": "0.72670", "2006-09-30": "0.75830", "2006-06-30": "0.80120", "2006-03-31": "0.85450", "2005-12-31": "0.96690", "2005-09-30": "0.85960", "2005-06-30": "0.88910", "2005-03-31": "0.94840"}, "Gross Margin": {"2020-09-30": "76.05900", "2020-06-30": "82.50200", "2020-03-31": "79.36610", "2019-12-31": "76.62250", "2019-09-30": "77.30240", "2019-06-30": "79.28250", "2019-03-31": "69.11660", "2018-12-31": "74.27460", "2018-09-30": "63.39180", "2018-06-30": "73.83910", "2018-03-31": "72.87070", "2017-12-31": "104.86760", "2017-09-30": "64.24040", "2017-06-30": "68.21950", "2017-03-31": "64.40120", "2016-12-31": "76.34150", "2016-09-30": "62.95860", "2016-06-30": "52.13360", "2016-03-31": "66.36160", "2015-12-31": "67.78970", "2015-09-30": "61.38650", "2015-06-30": "64.00510", "2015-03-31": "65.51080", "2014-12-31": "61.66730", "2014-09-30": "58.15280", "2014-06-30": "59.22330", "2014-03-31": "54.63330", "2013-12-31": "61.36780", "2013-09-30": "64.01410", "2013-06-30": "64.69260", "2013-03-31": "57.96230", "2012-12-31": "59.93250", "2012-09-30": "65.57640", "2012-06-30": "68.83680", "2012-03-31": "60.21820", "2011-12-31": "66.16740", "2011-09-30": "59.23910", "2011-06-30": "58.21640", "2011-03-31": "56.20380", "2010-12-31": "60.55440", "2010-09-30": "63.09070", "2010-06-30": "62.89840", "2010-03-31": "50.90770", "2009-12-31": "59.24270", "2009-09-30": "65.67730", "2009-06-30": "66.54830", "2009-03-31": "53.55790", "2008-12-31": "53.77240", "2008-09-30": "46.84250", "2008-06-30": "39.39270", "2008-03-31": "44.74010", "2007-12-31": "58.81030", "2007-09-30": "66.05330", "2007-06-30": "60.76660", "2007-03-31": "48.90150", "2006-12-31": "63.26660", "2006-09-30": "64.84780", "2006-06-30": "62.95250", "2006-03-31": "50.89930", "2005-12-31": "31.70230", "2005-09-30": "74.42810", "2005-06-30": "66.44170", "2005-03-31": "60.15070"}, "Operating Margin": {"2020-09-30": "15.50680", "2020-06-30": "28.30560", "2020-03-31": "21.45920", "2019-12-31": "20.59120", "2019-09-30": "27.48370", "2019-06-30": "23.45290", "2019-03-31": "25.53490", "2018-12-31": "25.76080", "2018-09-30": "13.13840", "2018-06-30": "17.60920", "2018-03-31": "24.36910", "2017-12-31": "10.80890", "2017-09-30": "17.54390", "2017-06-30": "20.17370", "2017-03-31": "30.18810", "2016-12-31": "25.22650", "2016-09-30": "17.83040", "2016-06-30": "0.37110", "2016-03-31": "21.54840", "2015-12-31": "16.54940", "2015-09-30": "14.59090", "2015-06-30": "19.47610", "2015-03-31": "25.16780", "2014-12-31": "16.49070", "2014-09-30": "18.29490", "2014-06-30": "16.24350", "2014-03-31": "15.56350", "2013-12-31": "19.63030", "2013-09-30": "19.83540", "2013-06-30": "15.01320", "2013-03-31": "13.69810", "2012-12-31": "13.34330", "2012-09-30": "19.94420", "2012-06-30": "15.55770", "2012-03-31": "15.86240", "2011-12-31": "17.85710", "2011-09-30": "19.40990", "2011-06-30": "15.56570", "2011-03-31": "16.59820", "2010-12-31": "16.63110", "2010-09-30": "19.47070", "2010-06-30": "16.73310", "2010-03-31": "8.72140", "2009-12-31": "14.53580", "2009-09-30": "19.10420", "2009-06-30": "15.63060", "2009-03-31": "15.70210", "2008-12-31": "15.13300", "2008-09-30": "16.49330", "2008-06-30": "7.11150", "2008-03-31": "11.34560", "2007-12-31": "16.17360", "2007-09-30": "18.73830", "2007-06-30": "15.40770", "2007-03-31": "8.88810", "2006-12-31": "17.56550", "2006-09-30": "17.29770", "2006-06-30": "13.55590", "2006-03-31": "12.35010", "2005-12-31": "16.05510", "2005-09-30": "2.47230", "2005-06-30": "9.08680", "2005-03-31": "10.35780"}, "EBIT Margin": {"2020-09-30": "15.50680", "2020-06-30": "28.30560", "2020-03-31": "21.45920", "2019-12-31": "20.59120", "2019-09-30": "27.48370", "2019-06-30": "23.45290", "2019-03-31": "25.53490", "2018-12-31": "25.76080", "2018-09-30": "13.13840", "2018-06-30": "17.60920", "2018-03-31": "24.36910", "2017-12-31": "10.80890", "2017-09-30": "17.54390", "2017-06-30": "20.17370", "2017-03-31": "30.18810", "2016-12-31": "25.22650", "2016-09-30": "17.83040", "2016-06-30": "0.37110", "2016-03-31": "21.54840", "2015-12-31": "16.54940", "2015-09-30": "14.59090", "2015-06-30": "19.47610", "2015-03-31": "25.16780", "2014-12-31": "16.49070", "2014-09-30": "18.29490", "2014-06-30": "16.24350", "2014-03-31": "15.56350", "2013-12-31": "19.63030", "2013-09-30": "19.83540", "2013-06-30": "15.01320", "2013-03-31": "13.69810", "2012-12-31": "13.34330", "2012-09-30": "19.94420", "2012-06-30": "15.55770", "2012-03-31": "15.86240", "2011-12-31": "17.85710", "2011-09-30": "19.40990", "2011-06-30": "15.56570", "2011-03-31": "16.59820", "2010-12-31": "16.63110", "2010-09-30": "19.47070", "2010-06-30": "16.73310", "2010-03-31": "8.72140", "2009-12-31": "14.53580", "2009-09-30": "19.10420", "2009-06-30": "15.63060", "2009-03-31": "15.70210", "2008-12-31": "15.13300", "2008-09-30": "16.49330", "2008-06-30": "7.11150", "2008-03-31": "11.34560", "2007-12-31": "16.17360", "2007-09-30": "18.73830", "2007-06-30": "15.40770", "2007-03-31": "8.88810", "2006-12-31": "17.56550", "2006-09-30": "17.29770", "2006-06-30": "13.55590", "2006-03-31": "12.35010", "2005-12-31": "16.05510", "2005-09-30": "2.47230", "2005-06-30": "9.08680", "2005-03-31": "10.35780"}, "EBITDA Margin": {"2020-09-30": "", "2020-06-30": "", "2020-03-31": "", "2019-12-31": "", "2019-09-30": "", "2019-06-30": "", "2019-03-31": "", "2018-12-31": "", "2018-09-30": "", "2018-06-30": "", "2018-03-31": "", "2017-12-31": "", "2017-09-30": "", "2017-06-30": "", "2017-03-31": "", "2016-12-31": "", "2016-09-30": "", "2016-06-30": "", "2016-03-31": "", "2015-12-31": "", "2015-09-30": "", "2015-06-30": "", "2015-03-31": "", "2014-12-31": "", "2014-09-30": "", "2014-06-30": "", "2014-03-31": "", "2013-12-31": "", "2013-09-30": "", "2013-06-30": "", "2013-03-31": "", "2012-12-31": "", "2012-09-30": "", "2012-06-30": "", "2012-03-31": "", "2011-12-31": "", "2011-09-30": "", "2011-06-30": "", "2011-03-31": "", "2010-12-31": "", "2010-09-30": "", "2010-06-30": "", "2010-03-31": "", "2009-12-31": "", "2009-09-30": "", "2009-06-30": "", "2009-03-31": "", "2008-12-31": "", "2008-09-30": "", "2008-06-30": "", "2008-03-31": "", "2007-12-31": "", "2007-09-30": "", "2007-06-30": "", "2007-03-31": "", "2006-12-31": "", "2006-09-30": "", "2006-06-30": "", "2006-03-31": "", "2005-12-31": "", "2005-09-30": "", "2005-06-30": "", "2005-03-31": ""}, "Pre-Tax Profit Margin": {"2020-09-30": "7.60210", "2020-06-30": "18.32940", "2020-03-31": "13.10660", "2019-12-31": "16.95550", "2019-09-30": "16.24370", "2019-06-30": "12.82510", "2019-03-31": "17.28780", "2018-12-31": "33.93490", "2018-09-30": "13.45030", "2018-06-30": "-54.39080", "2018-03-31": "23.38330", "2017-12-31": "6.72870", "2017-09-30": "0.18660", "2017-06-30": "15.67310", "2017-03-31": "24.81030", "2016-12-31": "17.38680", "2016-09-30": "38.73770", "2016-06-30": "-5.19480", "2016-03-31": "17.35320", "2015-12-31": "15.99410", "2015-09-30": "10.88270", "2015-06-30": "16.73000", "2015-03-31": "22.59510", "2014-12-31": "11.43070", "2014-09-30": "15.87920", "2014-06-30": "14.04030", "2014-03-31": "13.84620", "2013-12-31": "12.86510", "2013-09-30": "16.93450", "2013-06-30": "11.24100", "2013-03-31": "13.28300", "2012-12-31": "11.58170", "2012-09-30": "13.12330", "2012-06-30": "-2.48920", "2012-03-31": "14.98110", "2011-12-31": "15.59140", "2011-09-30": "15.06210", "2011-06-30": "24.19490", "2011-03-31": "14.09200", "2010-12-31": "13.30490", "2010-09-30": "4.67860", "2010-06-30": "11.80280", "2010-03-31": "5.48540", "2009-12-31": "15.96090", "2009-09-30": "22.12630", "2009-06-30": "15.15690", "2009-03-31": "19.82920", "2008-12-31": "11.73140", "2008-09-30": "14.04160", "2008-06-30": "17.81860", "2008-03-31": "10.70340", "2007-12-31": "14.50160", "2007-09-30": "16.74800", "2007-06-30": "15.55810", "2007-03-31": "7.72300", "2006-12-31": "16.36360", "2006-09-30": "29.10170", "2006-06-30": "10.74010", "2006-03-31": "9.95200", "2005-12-31": "10.21920", "2005-09-30": "5.05540", "2005-06-30": "6.11790", "2005-03-31": "8.21090"}, "Net Profit Margin": {"2020-09-30": "13.27530", "2020-06-30": "88.63820", "2020-03-31": "25.09080", "2019-12-31": "15.18860", "2019-09-30": "29.47790", "2019-06-30": "15.87440", "2019-03-31": "15.21740", "2018-12-31": "30.57330", "2018-09-30": "10.68230", "2018-06-30": "-25.79310", "2018-03-31": "13.68300", "2017-12-31": "-35.86260", "2017-09-30": "2.12770", "2017-06-30": "10.22500", "2017-03-31": "14.54970", "2016-12-31": "13.20560", "2016-09-30": "24.53650", "2016-06-30": "0.74210", "2016-03-31": "13.46300", "2015-12-31": "13.66160", "2015-09-30": "9.99600", "2015-06-30": "12.46300", "2015-03-31": "16.29380", "2014-12-31": "10.81180", "2014-09-30": "12.36230", "2014-06-30": "10.04480", "2014-03-31": "8.83720", "2013-12-31": "10.42510", "2013-09-30": "11.60330", "2013-06-30": "9.24180", "2013-03-31": "6.71700", "2012-12-31": "10.98200", "2012-09-30": "10.69010", "2012-06-30": "2.96790", "2012-03-31": "9.90350", "2011-12-31": "10.94470", "2011-09-30": "11.21890", "2011-06-30": "20.76800", "2011-03-31": "10.43550", "2010-12-31": "10.66100", "2010-09-30": "6.19090", "2010-06-30": "11.05580", "2010-03-31": "4.18310", "2009-12-31": "11.72640", "2009-09-30": "17.10740", "2009-06-30": "11.72290", "2009-03-31": "14.99050", "2008-12-31": "13.91190", "2008-09-30": "11.44130", "2008-06-30": "9.74830", "2008-03-31": "7.40060", "2007-12-31": "9.29260", "2007-09-30": "11.45330", "2007-06-30": "10.40960", "2007-03-31": "7.58990", "2006-12-31": "3.85210", "2006-09-30": "24.23910", "2006-06-30": "15.00400", "2006-03-31": "7.64390", "2005-12-31": "9.04690", "2005-09-30": "8.15500", "2005-06-30": "5.44310", "2005-03-31": "8.39920"}, "Asset Turnover": {"2020-09-30": "0.03930", "2020-06-30": "0.03690", "2020-03-31": "0.04440", "2019-12-31": "0.04480", "2019-09-30": "0.04270", "2019-06-30": "0.03560", "2019-03-31": "0.04700", "2018-12-31": "0.04660", "2018-09-30": "0.04230", "2018-06-30": "0.03630", "2018-03-31": "0.04190", "2017-12-31": "0.02770", "2017-09-30": "0.05340", "2017-06-30": "0.05130", "2017-03-31": "0.06280", "2016-12-31": "0.06010", "2016-09-30": "0.05570", "2016-06-30": "0.05030", "2016-03-31": "0.06270", "2015-12-31": "0.06560", "2015-09-30": "0.06120", "2015-06-30": "0.05920", "2015-03-31": "0.06780", "2014-12-31": "0.06930", "2014-09-30": "0.07220", "2014-06-30": "0.06990", "2014-03-31": "0.07460", "2013-12-31": "0.07260", "2013-09-30": "0.06910", "2013-06-30": "0.07160", "2013-03-31": "0.07110", "2012-12-31": "0.07310", "2012-09-30": "0.07080", "2012-06-30": "0.06110", "2012-03-31": "0.07000", "2011-12-31": "0.07830", "2011-09-30": "0.07900", "2011-06-30": "0.07610", "2011-03-31": "0.07930", "2010-12-31": "0.07740", "2010-09-30": "0.07310", "2010-06-30": "0.06900", "2010-03-31": "0.08810", "2009-12-31": "0.08610", "2009-09-30": "0.06530", "2009-06-30": "0.06050", "2009-03-31": "0.07710", "2008-12-31": "0.08690", "2008-09-30": "0.11290", "2008-06-30": "0.10540", "2008-03-31": "0.10950", "2007-12-31": "0.10830", "2007-09-30": "0.09090", "2007-06-30": "0.09340", "2007-03-31": "0.10720", "2006-12-31": "0.11210", "2006-09-30": "0.09270", "2006-06-30": "0.09110", "2006-03-31": "0.11890", "2005-12-31": "0.13420", "2005-09-30": "0.09350", "2005-06-30": "0.09180", "2005-03-31": "0.11170"}, "Inventory Turnover Ratio": {"2020-09-30": "2.04850", "2020-06-30": "1.65540", "2020-03-31": "2.88020", "2019-12-31": "2.48380", "2019-09-30": "2.31850", "2019-06-30": "2.15890", "2019-03-31": "4.73550", "2018-12-31": "2.81780", "2018-09-30": "2.72170", "2018-06-30": "1.97570", "2018-03-31": "2.41400", "2017-12-31": "-0.22150", "2017-09-30": "3.23650", "2017-06-30": "3.36820", "2017-03-31": "5.13810", "2016-12-31": "2.63180", "2016-09-30": "3.10930", "2016-06-30": "3.82220", "2016-03-31": "3.81820", "2015-12-31": "2.91950", "2015-09-30": "2.30290", "2015-06-30": "3.20300", "2015-03-31": "3.62750", "2014-12-31": "2.65910", "2014-09-30": "2.49580", "2014-06-30": "4.08990", "2014-03-31": "6.43650", "2013-12-31": "3.64110", "2013-09-30": "1.98270", "2013-06-30": "2.62180", "2013-03-31": "4.12590", "2012-12-31": "2.62010", "2012-09-30": "2.16830", "2012-06-30": "2.61450", "2012-03-31": "4.27030", "2011-12-31": "2.54620", "2011-09-30": "2.84550", "2011-06-30": "4.79620", "2011-03-31": "6.05680", "2010-12-31": "3.58530", "2010-09-30": "2.63850", "2010-06-30": "4.93380", "2010-03-31": "7.77500", "2009-12-31": "5.08120", "2009-09-30": "2.14860", "2009-06-30": "3.34320", "2009-03-31": "6.52670", "2008-12-31": "3.31250", "2008-09-30": "3.10410", "2008-06-30": "12.13600", "2008-03-31": "17.54370", "2007-12-31": "5.71880", "2007-09-30": "2.78150", "2007-06-30": "6.25150", "2007-03-31": "13.82880", "2006-12-31": "5.54420", "2006-09-30": "3.15670", "2006-06-30": "6.77210", "2006-03-31": "16.71430", "2005-12-31": "13.07320", "2005-09-30": "2.88750", "2005-06-30": "7.38610", "2005-03-31": "15.11430"}, "Receiveable Turnover": {"2020-09-30": "1.57100", "2020-06-30": "1.54020", "2020-03-31": "1.70650", "2019-12-31": "1.58230", "2019-09-30": "1.38520", "2019-06-30": "1.62660", "2019-03-31": "1.69180", "2018-12-31": "1.73160", "2018-09-30": "1.42110", "2018-06-30": "1.37920", "2018-03-31": "1.36200", "2017-12-31": "0.80700", "2017-09-30": "1.74410", "2017-06-30": "1.75900", "2017-03-31": "1.94670", "2016-12-31": "1.76830", "2016-09-30": "1.99760", "2016-06-30": "1.83330", "2016-03-31": "1.96700", "2015-12-31": "1.78990", "2015-09-30": "2.02530", "2015-06-30": "1.88160", "2015-03-31": "2.04110", "2014-12-31": "1.85990", "2014-09-30": "2.07290", "2014-06-30": "1.96190", "2014-03-31": "1.86960", "2013-12-31": "1.67910", "2013-09-30": "1.95030", "2013-06-30": "1.82320", "2013-03-31": "1.61780", "2012-12-31": "1.65410", "2012-09-30": "1.96940", "2012-06-30": "2.04400", "2012-03-31": "1.92330", "2011-12-31": "1.93610", "2011-09-30": "1.84260", "2011-06-30": "1.70680", "2011-03-31": "1.82190", "2010-12-31": "1.78460", "2010-09-30": "1.66880", "2010-06-30": "1.67890", "2010-03-31": "1.86740", "2009-12-31": "1.47510", "2009-09-30": "1.58650", "2009-06-30": "0.94360", "2009-03-31": "1.18160", "2008-12-31": "1.94320", "2008-09-30": "2.73300", "2008-06-30": "2.12660", "2008-03-31": "2.88110", "2007-12-31": "2.65130", "2007-09-30": "3.28770", "2007-06-30": "3.42470", "2007-03-31": "3.25110", "2006-12-31": "3.01860", "2006-09-30": "3.61610", "2006-06-30": "3.22860", "2006-03-31": "2.94960", "2005-12-31": "3.34240", "2005-09-30": "3.24160", "2005-06-30": "2.79970", "2005-03-31": "2.86720"}, "Days Sales In Receivables": {"2020-09-30": "57.28820", "2020-06-30": "58.43230", "2020-03-31": "52.74020", "2019-12-31": "56.88070", "2019-09-30": "64.97100", "2019-06-30": "55.33180", "2019-03-31": "53.19880", "2018-12-31": "51.97450", "2018-09-30": "63.33330", "2018-06-30": "65.25520", "2018-03-31": "66.08040", "2017-12-31": "111.51750", "2017-09-30": "51.60140", "2017-06-30": "51.16460", "2017-03-31": "46.23230", "2016-12-31": "50.89550", "2016-09-30": "45.05330", "2016-06-30": "49.09090", "2016-03-31": "45.75520", "2015-12-31": "50.28140", "2015-09-30": "44.43770", "2015-06-30": "47.83270", "2015-03-31": "44.09400", "2014-12-31": "48.39100", "2014-09-30": "43.41740", "2014-06-30": "45.87380", "2014-03-31": "48.13950", "2013-12-31": "53.60070", "2013-09-30": "46.14660", "2013-06-30": "49.36250", "2013-03-31": "55.63020", "2012-12-31": "54.41150", "2012-09-30": "45.70000", "2012-06-30": "44.03060", "2012-03-31": "46.79400", "2011-12-31": "46.48620", "2011-09-30": "48.84320", "2011-06-30": "52.72920", "2011-03-31": "49.40020", "2010-12-31": "50.43070", "2010-09-30": "53.93200", "2010-06-30": "53.60560", "2010-03-31": "48.19650", "2009-12-31": "61.01380", "2009-09-30": "56.72960", "2009-06-30": "95.38190", "2009-03-31": "76.16700", "2008-12-31": "46.31490", "2008-09-30": "32.93090", "2008-06-30": "42.32120", "2008-03-31": "31.23850", "2007-12-31": "33.94530", "2007-09-30": "27.37510", "2007-06-30": "26.27960", "2007-03-31": "27.68310", "2006-12-31": "29.81510", "2006-09-30": "24.88860", "2006-06-30": "27.87610", "2006-03-31": "30.51260", "2005-12-31": "26.92660", "2005-09-30": "27.76380", "2005-06-30": "32.14580", "2005-03-31": "31.38980"}, "ROE - Return On Equity": {"2020-09-30": "1.97340", "2020-06-30": "2.37630", "2020-03-31": "4.37060", "2019-12-31": "2.19700", "2019-09-30": "3.57360", "2019-06-30": "2.08090", "2019-03-31": "3.25730", "2018-12-31": "5.38010", "2018-09-30": "1.66350", "2018-06-30": "-3.51330", "2018-03-31": "1.98890", "2017-12-31": "-2.77780", "2017-09-30": "0.65880", "2017-06-30": "1.59130", "2017-03-31": "2.90690", "2016-12-31": "2.68710", "2016-09-30": "5.45900", "2016-06-30": "0.21530", "2016-03-31": "2.86520", "2015-12-31": "3.08940", "2015-09-30": "2.27860", "2015-06-30": "2.56920", "2015-03-31": "3.73540", "2014-12-31": "2.65730", "2014-09-30": "3.15560", "2014-06-30": "2.42710", "2014-03-31": "2.24110", "2013-12-31": "2.70500", "2013-09-30": "2.75270", "2013-06-30": "2.31610", "2013-03-31": "1.58350", "2012-12-31": "2.86040", "2012-09-30": "2.76820", "2012-06-30": "0.72030", "2012-03-31": "2.42510", "2011-12-31": "3.09120", "2011-09-30": "3.14130", "2011-06-30": "4.96380", "2011-03-31": "2.79480", "2010-12-31": "2.96560", "2010-09-30": "1.42580", "2010-06-30": "2.20190", "2010-03-31": "1.08750", "2009-12-31": "3.34390", "2009-09-30": "3.39980", "2009-06-30": "2.18950", "2009-03-31": "3.86310", "2008-12-31": "3.16730", "2008-09-30": "3.82380", "2008-06-30": "3.41010", "2008-03-31": "2.84480", "2007-12-31": "3.36970", "2007-09-30": "4.08420", "2007-06-30": "3.50480", "2007-03-31": "2.94460", "2006-12-31": "1.71750", "2006-09-30": "7.26320", "2006-06-30": "2.70980", "2006-03-31": "3.60940", "2005-12-31": "5.79550", "2005-09-30": "3.67530", "2005-06-30": "2.10730", "2005-03-31": "4.30720"}, "Return On Tangible Equity": {"2020-09-30": "1.85690", "2020-06-30": "2.23960", "2020-03-31": "4.27050", "2019-12-31": "2.14610", "2019-09-30": "3.48580", "2019-06-30": "2.02690", "2019-03-31": "3.17350", "2018-12-31": "5.24050", "2018-09-30": "1.69500", "2018-06-30": "-3.70910", "2018-03-31": "2.15640", "2017-12-31": "-3.45760", "2017-09-30": "0.81130", "2017-06-30": "1.95510", "2017-03-31": "3.57450", "2016-12-31": "3.31740", "2016-09-30": "6.75500", "2016-06-30": "0.23730", "2016-03-31": "3.17270", "2015-12-31": "3.41670", "2015-09-30": "2.53100", "2015-06-30": "2.86230", "2015-03-31": "4.17650", "2014-12-31": "2.98490", "2014-09-30": "3.55020", "2014-06-30": "2.74690", "2014-03-31": "2.54130", "2013-12-31": "3.07690", "2013-09-30": "3.14170", "2013-06-30": "2.65010", "2013-03-31": "1.83240", "2012-12-31": "3.33840", "2012-09-30": "3.24170", "2012-06-30": "0.84230", "2012-03-31": "2.83420", "2011-12-31": "3.61170", "2011-09-30": "3.67240", "2011-06-30": "5.83720", "2011-03-31": "2.93260", "2010-12-31": "3.11570", "2010-09-30": "1.50030", "2010-06-30": "2.31060", "2010-03-31": "1.14000", "2009-12-31": "3.50640", "2009-09-30": "3.57140", "2009-06-30": "2.30400", "2009-03-31": "4.12330", "2008-12-31": "3.34620", "2008-09-30": "3.82380", "2008-06-30": "3.41010", "2008-03-31": "2.84480", "2007-12-31": "3.44360", "2007-09-30": "4.08420", "2007-06-30": "3.50480", "2007-03-31": "2.94460", "2006-12-31": "1.71750", "2006-09-30": "7.26320", "2006-06-30": "2.70980", "2006-03-31": "3.60940", "2005-12-31": "5.79550", "2005-09-30": "3.67530", "2005-06-30": "2.10730", "2005-03-31": "4.30720"}, "ROA - Return On Assets": {"2020-09-30": "0.63670", "2020-06-30": "0.77210", "2020-03-31": "1.26950", "2019-12-31": "0.65330", "2019-09-30": "1.01110", "2019-06-30": "0.56910", "2019-03-31": "0.90880", "2018-12-31": "1.50570", "2018-09-30": "0.46200", "2018-06-30": "-0.97650", "2018-03-31": "0.54560", "2017-12-31": "-0.83240", "2017-09-30": "0.20350", "2017-06-30": "0.50230", "2017-03-31": "0.93610", "2016-12-31": "0.85590", "2016-09-30": "1.57930", "2016-06-30": "0.06300", "2016-03-31": "0.87010", "2015-12-31": "0.94290", "2015-09-30": "0.69520", "2015-06-30": "0.79990", "2015-03-31": "1.15800", "2014-12-31": "0.80960", "2014-09-30": "0.98250", "2014-06-30": "0.76230", "2014-03-31": "0.70960", "2013-12-31": "0.85920", "2013-09-30": "0.87530", "2013-06-30": "0.72120", "2013-03-31": "0.47760", "2012-12-31": "0.83560", "2012-09-30": "0.81940", "2012-06-30": "0.21640", "2012-03-31": "0.73730", "2011-12-31": "0.94440", "2011-09-30": "0.95970", "2011-06-30": "1.55170", "2011-03-31": "0.84700", "2010-12-31": "0.89490", "2010-09-30": "0.43870", "2010-06-30": "0.70480", "2010-03-31": "0.34760", "2009-12-31": "1.07320", "2009-09-30": "1.06360", "2009-06-30": "0.67690", "2009-03-31": "1.18900", "2008-12-31": "0.98480", "2008-09-30": "1.26630", "2008-06-30": "1.10290", "2008-03-31": "0.81730", "2007-12-31": "0.97850", "2007-09-30": "1.12620", "2007-06-30": "0.98320", "2007-03-31": "0.81000", "2006-12-31": "0.44560", "2006-09-30": "1.86940", "2006-06-30": "0.67800", "2006-03-31": "0.83420", "2005-12-31": "1.22070", "2005-09-30": "0.74540", "2005-06-30": "0.49160", "2005-03-31": "0.93010"}, "ROI - Return On Investment": {"2020-09-30": "0.91790", "2020-06-30": "1.14980", "2020-03-31": "2.04900", "2019-12-31": "1.00730", "2019-09-30": "1.57180", "2019-06-30": "0.87860", "2019-03-31": "1.42830", "2018-12-31": "2.27390", "2018-09-30": "0.69230", "2018-06-30": "-1.47570", "2018-03-31": "0.84250", "2017-12-31": "-1.32970", "2017-09-30": "0.33660", "2017-06-30": "0.81030", "2017-03-31": "1.50780", "2016-12-31": "1.37850", "2016-09-30": "2.69160", "2016-06-30": "0.10490", "2016-03-31": "1.41640", "2015-12-31": "1.50900", "2015-09-30": "1.13150", "2015-06-30": "1.27490", "2015-03-31": "1.81080", "2014-12-31": "1.32720", "2014-09-30": "1.55730", "2014-06-30": "1.19800", "2014-03-31": "1.12760", "2013-12-31": "1.38510", "2013-09-30": "1.45290", "2013-06-30": "1.20930", "2013-03-31": "0.81130", "2012-12-31": "1.36750", "2012-09-30": "1.33710", "2012-06-30": "0.35910", "2012-03-31": "1.22140", "2011-12-31": "1.55020", "2011-09-30": "1.56370", "2011-06-30": "2.51780", "2011-03-31": "1.39960", "2010-12-31": "1.48750", "2010-09-30": "0.74530", "2010-06-30": "1.20790", "2010-03-31": "0.60630", "2009-12-31": "1.83110", "2009-09-30": "1.90800", "2009-06-30": "1.22290", "2009-03-31": "2.24800", "2008-12-31": "1.75050", "2008-09-30": "2.19440", "2008-06-30": "2.09730", "2008-03-31": "1.85330", "2007-12-31": "2.17960", "2007-09-30": "2.62280", "2007-06-30": "2.29360", "2007-03-31": "1.85620", "2006-12-31": "1.07180", "2006-09-30": "4.56610", "2006-06-30": "1.64580", "2006-03-31": "2.07800", "2005-12-31": "3.25280", "2005-09-30": "2.11290", "2005-06-30": "1.18810", "2005-03-31": "2.38580"}, "Book Value Per Share": {"2020-09-30": "86.30560", "2020-06-30": "86.64160", "2020-03-31": "75.73630", "2019-12-31": "74.67470", "2019-09-30": "72.87590", "2019-06-30": "70.92700", "2019-03-31": "71.05840", "2018-12-31": "70.24820", "2018-09-30": "69.74820", "2018-06-30": "67.51470", "2018-03-31": "69.33710", "2017-12-31": "60.31870", "2017-09-30": "61.76100", "2017-06-30": "62.17130", "2017-03-31": "62.02790", "2016-12-31": "60.96400", "2016-09-30": "52.76400", "2016-06-30": "50.25200", "2016-03-31": "51.10040", "2015-12-31": "50.72180", "2015-09-30": "49.98390", "2015-06-30": "50.30240", "2015-03-31": "49.72070", "2014-12-31": "49.18700", "2014-09-30": "49.41870", "2014-06-30": "48.98780", "2014-03-31": "48.52650", "2013-12-31": "48.56560", "2013-09-30": "48.17210", "2013-06-30": "47.32790", "2013-03-31": "46.15160", "2012-12-31": "44.14460", "2012-09-30": "43.37190", "2012-06-30": "42.53310", "2012-03-31": "43.02910", "2011-12-31": "42.40830", "2011-09-30": "41.60000", "2011-06-30": "41.55000", "2011-03-31": "39.34310", "2010-12-31": "38.49170", "2010-09-30": "37.21900", "2010-06-30": "37.94360", "2010-03-31": "37.63160", "2009-12-31": "37.45340", "2009-09-30": "36.51630", "2009-06-30": "35.64080", "2009-03-31": "34.47950", "2008-12-31": "34.19340", "2008-09-30": "31.97570", "2008-06-30": "31.23170", "2008-03-31": "32.86210", "2007-12-31": "31.95020", "2007-09-30": "30.95790", "2007-06-30": "30.26140", "2007-03-31": "29.31180", "2006-12-31": "28.66790", "2006-09-30": "28.53440", "2006-06-30": "26.25770", "2006-03-31": "25.03090", "2005-12-31": "23.96890", "2005-09-30": "22.86770", "2005-06-30": "22.05860", "2005-03-31": "21.46860"}, "Operating Cash Flow Per Share": {"2020-09-30": 2.1146, "2020-06-30": -0.7071, "2020-03-31": "4.19850", "2019-12-31": 3.7886, "2019-09-30": 1.0665, "2019-06-30": 2.6636, "2019-03-31": "3.43040", "2018-12-31": 3.3921, "2018-09-30": 3.344, "2018-06-30": 2.5706, "2018-03-31": "3.72270", "2017-12-31": 3.6954, "2017-09-30": 3.2007, "2017-06-30": 3.4915, "2017-03-31": "3.98020", "2016-12-31": 2.5019, "2016-09-30": 3.0652, "2016-06-30": 1.1452, "2016-03-31": "2.48920", "2015-12-31": 3.2275, "2015-09-30": 3.4748, "2015-06-30": 1.6187, "2015-03-31": "3.22840", "2014-12-31": 1.9978, "2014-09-30": 2.4886, "2014-06-30": 0.5142, "2014-03-31": "3.62080", "2013-12-31": 1.8193, "2013-09-30": 0.8894, "2013-06-30": 1.0731, "2013-03-31": "3.37330", "2012-12-31": 1.3129, "2012-09-30": 2.1893, "2012-06-30": 1.8104, "2012-03-31": "2.86760", "2011-12-31": 0.9375, "2011-09-30": 2.0618, "2011-06-30": 1.403, "2011-03-31": "3.32780", "2010-12-31": 2.2747, "2010-09-30": 1.1791, "2010-06-30": 1.687, "2010-03-31": "3.54670", "2009-12-31": -0.0034, "2009-09-30": 1.4109, "2009-06-30": 1.5231, "2009-03-31": "4.64870", "2008-12-31": 1.4948, "2008-09-30": -0.2173, "2008-06-30": 0.6816, "2008-03-31": "2.78290", "2007-12-31": 2.0023, "2007-09-30": -0.3771, "2007-06-30": 1.0829, "2007-03-31": "5.23870", "2006-12-31": 0.9255, "2006-09-30": 2.2647, "2006-06-30": -0.2556, "2006-03-31": "3.29800", "2005-12-31": -0.6218, "2005-09-30": 0.3411, "2005-06-30": -0.5938, "2005-03-31": "2.95310"}, "Free Cash Flow Per Share": {"2020-09-30": -1.7557, "2020-06-30": -4.961, "2020-03-31": "0.99710", "2019-12-31": -0.4544, "2019-09-30": -1.9718, "2019-06-30": 1.6299, "2019-03-31": "1.78550", "2018-12-31": 5.7296, "2018-09-30": 0.6236, "2018-06-30": -0.5518, "2018-03-31": "-0.05010", "2017-12-31": 0.3897, "2017-09-30": -0.9914, "2017-06-30": 0.2965, "2017-03-31": "0.04760", "2016-12-31": -2.0232, "2016-09-30": 0.0513, "2016-06-30": -1.1953, "2016-03-31": "-1.37180", "2015-12-31": -0.3743, "2015-09-30": 0.435, "2015-06-30": 0.2742, "2015-03-31": "0.12340", "2014-12-31": -0.6156, "2014-09-30": -0.7124, "2014-06-30": -2.328, "2014-03-31": "0.41250", "2013-12-31": 0.9511, "2013-09-30": -1.7248, "2013-06-30": -1.3287, "2013-03-31": "1.22810", "2012-12-31": -1.2525, "2012-09-30": -0.7676, "2012-06-30": -1.0227, "2012-03-31": "-0.45950", "2011-12-31": -2.4328, "2011-09-30": -1.2469, "2011-06-30": -1.1757, "2011-03-31": "0.81850", "2010-12-31": 0.6003, "2010-09-30": -0.8812, "2010-06-30": 0.1086, "2010-03-31": "1.76540", "2009-12-31": -2.2111, "2009-09-30": -0.315, "2009-06-30": 0.4595, "2009-03-31": "2.64060", "2008-12-31": 0.2886, "2008-09-30": -1.9123, "2008-06-30": 6.5474, "2008-03-31": "0.75000", "2007-12-31": -0.3814, "2007-09-30": -2.0956, "2007-06-30": -0.5609, "2007-03-31": "3.75760", "2006-12-31": -1.2387, "2006-09-30": 0.6239, "2006-06-30": -2.0779, "2006-03-31": "1.78210", "2005-12-31": -1.333, "2005-09-30": -1.0159, "2005-06-30": -1.819, "2005-03-31": "1.88300"}}, "revenue": {"Sempra Energy Annual Revenue (Millions of US $)": {"2019": "$10,829", "2018": "$10,102", "2017": "$9,640", "2016": "$10,183", "2015": "$10,231", "2014": "$11,035", "2013": "$10,557", "2012": "$9,647", "2011": "$10,036", "2010": "$9,003", "2009": "$8,106", "2008": "$10,758", "2007": "$11,438", "2006": "$11,761", "2005": "$11,512"}, "Sempra Energy Quarterly Revenue (Millions of US $)": {"2020-09-30": "$2,644", "2020-06-30": "$2,526", "2020-03-31": "$3,029", "2019-12-31": "$2,943", "2019-09-30": "$2,758", "2019-06-30": "$2,230", "2019-03-31": "$2,898", "2018-12-31": "$2,826", "2018-09-30": "$2,565", "2018-06-30": "$2,175", "2018-03-31": "$2,536", "2017-12-31": "$1,397", "2017-09-30": "$2,679", "2017-06-30": "$2,533", "2017-03-31": "$3,031", "2016-12-31": "$2,870", "2016-09-30": "$2,535", "2016-06-30": "$2,156", "2016-03-31": "$2,622", "2015-12-31": "$2,701", "2015-09-30": "$2,481", "2015-06-30": "$2,367", "2015-03-31": "$2,682", "2014-12-31": "$2,747", "2014-09-30": "$2,815", "2014-06-30": "$2,678", "2014-03-31": "$2,795", "2013-12-31": "$2,705", "2013-09-30": "$2,551", "2013-06-30": "$2,651", "2013-03-31": "$2,650", "2012-12-31": "$2,668", "2012-09-30": "$2,507", "2012-06-30": "$2,089", "2012-03-31": "$2,383", "2011-12-31": "$2,604", "2011-09-30": "$2,576", "2011-06-30": "$2,422", "2011-03-31": "$2,434", "2010-12-31": "$2,345", "2010-09-30": "$2,116", "2010-06-30": "$2,008", "2010-03-31": "$2,534", "2009-12-31": "$2,456", "2009-09-30": "$1,853", "2009-06-30": "$1,689", "2009-03-31": "$2,108", "2008-12-31": "$2,293", "2008-09-30": "$2,692", "2008-06-30": "$2,503", "2008-03-31": "$3,270", "2007-12-31": "$3,110", "2007-09-30": "$2,663", "2007-06-30": "$2,661", "2007-03-31": "$3,004", "2006-12-31": "$3,245", "2006-09-30": "$2,694", "2006-06-30": "$2,486", "2006-03-31": "$3,336", "2005-12-31": "$3,924", "2005-09-30": "$2,710", "2005-06-30": "$2,223", "2005-03-31": "$2,655"}}, "gross-profit": {"Sempra Energy Annual Gross Profit (Millions of US $)": {"2019": "$8,158", "2018": "$7,179", "2017": "$6,866", "2016": "$6,651", "2015": "$6,626", "2014": "$6,444", "2013": "$6,544", "2012": "$6,116", "2011": "$6,027", "2010": "$5,308", "2009": "$4,925", "2008": "$4,943", "2007": "$6,674", "2006": "$7,063", "2005": "$6,335"}, "Sempra Energy Quarterly Gross Profit (Millions of US $)": {"2020-09-30": "$2,011", "2020-06-30": "$2,084", "2020-03-31": "$2,404", "2019-12-31": "$2,255", "2019-09-30": "$2,132", "2019-06-30": "$1,768", "2019-03-31": "$2,003", "2018-12-31": "$2,099", "2018-09-30": "$1,626", "2018-06-30": "$1,606", "2018-03-31": "$1,848", "2017-12-31": "$1,465", "2017-09-30": "$1,721", "2017-06-30": "$1,728", "2017-03-31": "$1,952", "2016-12-31": "$2,191", "2016-09-30": "$1,596", "2016-06-30": "$1,124", "2016-03-31": "$1,740", "2015-12-31": "$1,831", "2015-09-30": "$1,523", "2015-06-30": "$1,515", "2015-03-31": "$1,757", "2014-12-31": "$1,694", "2014-09-30": "$1,637", "2014-06-30": "$1,586", "2014-03-31": "$1,527", "2013-12-31": "$1,660", "2013-09-30": "$1,633", "2013-06-30": "$1,715", "2013-03-31": "$1,536", "2012-12-31": "$1,599", "2012-09-30": "$1,644", "2012-06-30": "$1,438", "2012-03-31": "$1,435", "2011-12-31": "$1,723", "2011-09-30": "$1,526", "2011-06-30": "$1,410", "2011-03-31": "$1,368", "2010-12-31": "$1,420", "2010-09-30": "$1,335", "2010-06-30": "$1,263", "2010-03-31": "$1,290", "2009-12-31": "$1,455", "2009-09-30": "$1,217", "2009-06-30": "$1,124", "2009-03-31": "$1,129", "2008-12-31": "$1,233", "2008-09-30": "$1,261", "2008-06-30": "$986", "2008-03-31": "$1,463", "2007-12-31": "$1,829", "2007-09-30": "$1,759", "2007-06-30": "$1,617", "2007-03-31": "$1,469", "2006-12-31": "$2,053", "2006-09-30": "$1,747", "2006-06-30": "$1,565", "2006-03-31": "$1,698", "2005-12-31": "$1,244", "2005-09-30": "$2,017", "2005-06-30": "$1,477", "2005-03-31": "$1,597"}}, "operating-income": {"Sempra Energy Annual Operating Income (Millions of US $)": {"2019": "$2,627", "2018": "$2,066", "2017": "$2,047", "2016": "$1,749", "2015": "$1,945", "2014": "$1,838", "2013": "$1,798", "2012": "$1,559", "2011": "$1,746", "2010": "$1,359", "2009": "$1,306", "2008": "$1,340", "2007": "$1,679", "2006": "$1,785", "2005": "$1,174"}, "Sempra Energy Quarterly Operating Income (Millions of US $)": {"2020-09-30": "$410", "2020-06-30": "$715", "2020-03-31": "$650", "2019-12-31": "$606", "2019-09-30": "$758", "2019-06-30": "$523", "2019-03-31": "$740", "2018-12-31": "$728", "2018-09-30": "$337", "2018-06-30": "$383", "2018-03-31": "$618", "2017-12-31": "$151", "2017-09-30": "$470", "2017-06-30": "$511", "2017-03-31": "$915", "2016-12-31": "$724", "2016-09-30": "$452", "2016-06-30": "$8", "2016-03-31": "$565", "2015-12-31": "$447", "2015-09-30": "$362", "2015-06-30": "$461", "2015-03-31": "$675", "2014-12-31": "$453", "2014-09-30": "$515", "2014-06-30": "$435", "2014-03-31": "$435", "2013-12-31": "$531", "2013-09-30": "$506", "2013-06-30": "$398", "2013-03-31": "$363", "2012-12-31": "$356", "2012-09-30": "$500", "2012-06-30": "$325", "2012-03-31": "$378", "2011-12-31": "$465", "2011-09-30": "$500", "2011-06-30": "$377", "2011-03-31": "$404", "2010-12-31": "$390", "2010-09-30": "$412", "2010-06-30": "$336", "2010-03-31": "$221", "2009-12-31": "$357", "2009-09-30": "$354", "2009-06-30": "$264", "2009-03-31": "$331", "2008-12-31": "$347", "2008-09-30": "$444", "2008-06-30": "$178", "2008-03-31": "$371", "2007-12-31": "$503", "2007-09-30": "$499", "2007-06-30": "$410", "2007-03-31": "$267", "2006-12-31": "$570", "2006-09-30": "$466", "2006-06-30": "$337", "2006-03-31": "$412", "2005-12-31": "$630", "2005-09-30": "$67", "2005-06-30": "$202", "2005-03-31": "$275"}}, "ebitda": {"Sempra Energy Annual EBITDA (Millions of US $)": {"2019": "$4,196", "2018": "$3,557", "2017": "$3,483", "2016": "$3,061", "2015": "$3,195", "2014": "$2,994", "2013": "$2,911", "2012": "$2,649", "2011": "$2,722", "2010": "$2,225", "2009": "$2,081", "2008": "$2,027", "2007": "$2,365", "2006": "$2,442", "2005": "$1,800"}, "Sempra Energy Quarterly EBITDA (Millions of US $)": {"2020-09-30": "$828", "2020-06-30": "$1,127", "2020-03-31": "$1,062", "2019-12-31": "$1,001", "2019-09-30": "$1,160", "2019-06-30": "$912", "2019-03-31": "$1,123", "2018-12-31": "$1,104", "2018-09-30": "$703", "2018-06-30": "$760", "2018-03-31": "$990", "2017-12-31": "$481", "2017-09-30": "$848", "2017-06-30": "$879", "2017-03-31": "$1,275", "2016-12-31": "$1,066", "2016-09-30": "$780", "2016-06-30": "$322", "2016-03-31": "$893", "2015-12-31": "$772", "2015-09-30": "$677", "2015-06-30": "$768", "2015-03-31": "$978", "2014-12-31": "$743", "2014-09-30": "$807", "2014-06-30": "$723", "2014-03-31": "$721", "2013-12-31": "$816", "2013-09-30": "$792", "2013-06-30": "$645", "2013-03-31": "$658", "2012-12-31": "$643", "2012-09-30": "$780", "2012-06-30": "$591", "2012-03-31": "$635", "2011-12-31": "$712", "2011-09-30": "$751", "2011-06-30": "$625", "2011-03-31": "$634", "2010-12-31": "$613", "2010-09-30": "$630", "2010-06-30": "$551", "2010-03-31": "$431", "2009-12-31": "$564", "2009-09-30": "$550", "2009-06-30": "$453", "2009-03-31": "$514", "2008-12-31": "$526", "2008-09-30": "$606", "2008-06-30": "$349", "2008-03-31": "$546", "2007-12-31": "$675", "2007-09-30": "$673", "2007-06-30": "$581", "2007-03-31": "$436", "2006-12-31": "$736", "2006-09-30": "$629", "2006-06-30": "$508", "2006-03-31": "$569", "2005-12-31": "$790", "2005-09-30": "$219", "2005-06-30": "$355", "2005-03-31": "$436"}}, "net-income": {"Sempra Energy Annual Net Income (Millions of US $)": {"2019": "$2,055", "2018": "$924", "2017": "$256", "2016": "$1,370", "2015": "$1,349", "2014": "$1,161", "2013": "$1,001", "2012": "$859", "2011": "$1,331", "2010": "$709", "2009": "$1,119", "2008": "$1,113", "2007": "$1,099", "2006": "$1,406", "2005": "$920"}, "Sempra Energy Quarterly Net Income (Millions of US $)": {"2020-09-30": "$351", "2020-06-30": "$2,239", "2020-03-31": "$760", "2019-12-31": "$447", "2019-09-30": "$813", "2019-06-30": "$354", "2019-03-31": "$441", "2018-12-31": "$864", "2018-09-30": "$274", "2018-06-30": "$-561", "2018-03-31": "$347", "2017-12-31": "$-501", "2017-09-30": "$57", "2017-06-30": "$259", "2017-03-31": "$441", "2016-12-31": "$379", "2016-09-30": "$622", "2016-06-30": "$16", "2016-03-31": "$353", "2015-12-31": "$369", "2015-09-30": "$248", "2015-06-30": "$295", "2015-03-31": "$437", "2014-12-31": "$297", "2014-09-30": "$348", "2014-06-30": "$269", "2014-03-31": "$247", "2013-12-31": "$282", "2013-09-30": "$296", "2013-06-30": "$245", "2013-03-31": "$178", "2012-12-31": "$293", "2012-09-30": "$268", "2012-06-30": "$62", "2012-03-31": "$236", "2011-12-31": "$285", "2011-09-30": "$289", "2011-06-30": "$503", "2011-03-31": "$254", "2010-12-31": "$250", "2010-09-30": "$131", "2010-06-30": "$222", "2010-03-31": "$106", "2009-12-31": "$288", "2009-09-30": "$317", "2009-06-30": "$198", "2009-03-31": "$316", "2008-12-31": "$319", "2008-09-30": "$308", "2008-06-30": "$244", "2008-03-31": "$242", "2007-12-31": "$289", "2007-09-30": "$305", "2007-06-30": "$277", "2007-03-31": "$228", "2006-12-31": "$125", "2006-09-30": "$653", "2006-06-30": "$373", "2006-03-31": "$255", "2005-12-31": "$355", "2005-09-30": "$221", "2005-06-30": "$121", "2005-03-31": "$223"}}, "eps-earnings-per-share-diluted": {"Sempra Energy Annual EPS": {"2019": "$7.29", "2018": "$3.42", "2017": "$1.01", "2016": "$5.46", "2015": "$5.37", "2014": "$4.63", "2013": "$4.01", "2012": "$3.48", "2011": "$5.51", "2010": "$2.86", "2009": "$4.52", "2008": "$4.43", "2007": "$4.16", "2006": "$5.38", "2005": "$3.65"}, "Sempra Energy Quarterly EPS": {"2020-09-30": "$1.21", "2020-06-30": "$7.61", "2020-03-31": "$2.53", "2019-12-31": "$1.60", "2019-09-30": "$2.84", "2019-06-30": "$1.26", "2019-03-31": "$1.59", "2018-12-31": "$3.21", "2018-09-30": "$0.99", "2018-06-30": "$-2.11", "2018-03-31": "$1.33", "2017-12-31": "$-1.99", "2017-09-30": "$0.22", "2017-06-30": "$1.03", "2017-03-31": "$1.75", "2016-12-31": "$1.54", "2016-09-30": "$2.46", "2016-06-30": "$0.06", "2016-03-31": "$1.40", "2015-12-31": "$1.47", "2015-09-30": "$0.99", "2015-06-30": "$1.17", "2015-03-31": "$1.74", "2014-12-31": "$1.17", "2014-09-30": "$1.39", "2014-06-30": "$1.08", "2014-03-31": "$0.99", "2013-12-31": "$1.12", "2013-09-30": "$1.19", "2013-06-30": "$0.98", "2013-03-31": "$0.72", "2012-12-31": "$1.17", "2012-09-30": "$1.09", "2012-06-30": "$0.25", "2012-03-31": "$0.97", "2011-12-31": "$1.17", "2011-09-30": "$1.20", "2011-06-30": "$2.09", "2011-03-31": "$1.05", "2010-12-31": "$1.02", "2010-09-30": "$0.53", "2010-06-30": "$0.89", "2010-03-31": "$0.42", "2009-12-31": "$1.16", "2009-09-30": "$1.27", "2009-06-30": "$0.80", "2009-03-31": "$1.29", "2008-12-31": "$1.29", "2008-09-30": "$1.24", "2008-06-30": "$0.98", "2008-03-31": "$0.92", "2007-12-31": "$1.10", "2007-09-30": "$1.15", "2007-06-30": "$1.05", "2007-03-31": "$0.86", "2006-12-31": "$0.48", "2006-09-30": "$2.49", "2006-06-30": "$1.43", "2006-03-31": "$0.98", "2005-12-31": "$1.39", "2005-09-30": "$0.86", "2005-06-30": "$0.48", "2005-03-31": "$0.92"}}, "shares-outstanding": {"Sempra Energy Annual Shares Outstanding (Millions of Shares)": {"2019": "282", "2018": "270", "2017": "252", "2016": "251", "2015": "251", "2014": "251", "2013": "249", "2012": "247", "2011": "242", "2010": "248", "2009": "247", "2008": "251", "2007": "264", "2006": "261", "2005": "252"}, "Sempra Energy Quarterly Shares Outstanding (Millions of Shares)": {"2020-09-30": "291", "2020-06-30": "294", "2020-03-31": "314", "2019-12-31": "282", "2019-09-30": "296", "2019-06-30": "280", "2019-03-31": "277", "2018-12-31": "270", "2018-09-30": "276", "2018-06-30": "266", "2018-03-31": "259", "2017-12-31": "252", "2017-09-30": "253", "2017-06-30": "253", "2017-03-31": "252", "2016-12-31": "251", "2016-09-30": "252", "2016-06-30": "252", "2016-03-31": "251", "2015-12-31": "251", "2015-09-30": "251", "2015-06-30": "251", "2015-03-31": "251", "2014-12-31": "251", "2014-09-30": "251", "2014-06-30": "250", "2014-03-31": "250", "2013-12-31": "249", "2013-09-30": "249", "2013-06-30": "249", "2013-03-31": "248", "2012-12-31": "247", "2012-09-30": "246", "2012-06-30": "246", "2012-03-31": "244", "2011-12-31": "242", "2011-09-30": "242", "2011-06-30": "241", "2011-03-31": "242", "2010-12-31": "248", "2010-09-30": "250", "2010-06-30": "250", "2010-03-31": "250", "2009-12-31": "247", "2009-09-30": "248", "2009-06-30": "247", "2009-03-31": "245", "2008-12-31": "251", "2008-09-30": "248", "2008-06-30": "250", "2008-03-31": "263", "2007-12-31": "264", "2007-09-30": "264", "2007-06-30": "265", "2007-03-31": "264", "2006-12-31": "261", "2006-09-30": "262", "2006-06-30": "260", "2006-03-31": "259", "2005-12-31": "252", "2005-09-30": "257", "2005-06-30": "250", "2005-03-31": "241"}}, "total-assets": {"Sempra Energy Annual Total Assets (Millions of US $)": {"2019": "$65,665", "2018": "$60,638", "2017": "$50,454", "2016": "$47,786", "2015": "$41,150", "2014": "$39,651", "2013": "$37,244", "2012": "$36,499", "2011": "$33,249", "2010": "$30,283", "2009": "$28,512", "2008": "$26,400", "2007": "$28,717", "2006": "$28,949", "2005": "$29,246"}, "Sempra Energy Quarterly Total Assets (Millions of US $)": {"2020-09-30": "$67,222", "2020-06-30": "$68,385", "2020-03-31": "$68,293", "2019-12-31": "$65,665", "2019-09-30": "$64,585", "2019-06-30": "$62,727", "2019-03-31": "$61,618", "2018-12-31": "$60,638", "2018-09-30": "$60,605", "2018-06-30": "$59,907", "2018-03-31": "$60,485", "2017-12-31": "$50,454", "2017-09-30": "$50,129", "2017-06-30": "$49,376", "2017-03-31": "$48,284", "2016-12-31": "$47,786", "2016-09-30": "$45,526", "2016-06-30": "$42,875", "2016-03-31": "$41,835", "2015-12-31": "$41,150", "2015-09-30": "$40,566", "2015-06-30": "$40,006", "2015-03-31": "$39,551", "2014-12-31": "$39,651", "2014-09-30": "$38,982", "2014-06-30": "$38,307", "2014-03-31": "$37,484", "2013-12-31": "$37,244", "2013-09-30": "$36,901", "2013-06-30": "$37,020", "2013-03-31": "$37,273", "2012-12-31": "$36,499", "2012-09-30": "$35,390", "2012-06-30": "$34,202", "2012-03-31": "$34,045", "2011-12-31": "$33,249", "2011-09-30": "$32,616", "2011-06-30": "$31,836", "2011-03-31": "$30,696", "2010-12-31": "$30,283", "2010-09-30": "$28,949", "2010-06-30": "$29,086", "2010-03-31": "$28,772", "2009-12-31": "$28,512", "2009-09-30": "$28,395", "2009-06-30": "$27,922", "2009-03-31": "$27,334", "2008-12-31": "$26,400", "2008-09-30": "$23,849", "2008-06-30": "$23,755", "2008-03-31": "$29,854", "2007-12-31": "$28,717", "2007-09-30": "$29,302", "2007-06-30": "$28,477", "2007-03-31": "$28,024", "2006-12-31": "$28,949", "2006-09-30": "$29,046", "2006-06-30": "$27,287", "2006-03-31": "$28,050", "2005-12-31": "$29,246", "2005-09-30": "$28,979", "2005-06-30": "$24,205", "2005-03-31": "$23,760"}}, "cash-on-hand": {"Sempra Energy Annual Cash on Hand (Millions of US $)": {"2019": "$139", "2018": "$137", "2017": "$350", "2016": "$415", "2015": "$430", "2014": "$581", "2013": "$928", "2012": "$521", "2011": "$276", "2010": "$1,043", "2009": "$145", "2008": "$534", "2007": "$669", "2006": "$924", "2005": "$781"}, "Sempra Energy Quarterly Cash on Hand (Millions of US $)": {"2020-09-30": "$3,543", "2020-06-30": "$4,927", "2020-03-31": "$2,270", "2019-12-31": "$139", "2019-09-30": "$134", "2019-06-30": "$218", "2019-03-31": "$119", "2018-12-31": "$137", "2018-09-30": "$285", "2018-06-30": "$312", "2018-03-31": "$293", "2017-12-31": "$350", "2017-09-30": "$248", "2017-06-30": "$293", "2017-03-31": "$362", "2016-12-31": "$415", "2016-09-30": "$532", "2016-06-30": "$633", "2016-03-31": "$399", "2015-12-31": "$430", "2015-09-30": "$710", "2015-06-30": "$644", "2015-03-31": "$387", "2014-12-31": "$581", "2014-09-30": "$689", "2014-06-30": "$809", "2014-03-31": "$870", "2013-12-31": "$928", "2013-09-30": "$1,089", "2013-06-30": "$1,043", "2013-03-31": "$1,528", "2012-12-31": "$521", "2012-09-30": "$572", "2012-06-30": "$242", "2012-03-31": "$427", "2011-12-31": "$276", "2011-09-30": "$790", "2011-06-30": "$580", "2011-03-31": "$1,537", "2010-12-31": "$1,043", "2010-09-30": "$551", "2010-06-30": "$191", "2010-03-31": "$266", "2009-12-31": "$145", "2009-09-30": "$783", "2009-06-30": "$845", "2009-03-31": "$923", "2008-12-31": "$534", "2008-09-30": "$611", "2008-06-30": "$643", "2008-03-31": "$1,219", "2007-12-31": "$669", "2007-09-30": "$1,073", "2007-06-30": "$1,353", "2007-03-31": "$1,659", "2006-12-31": "$924", "2006-09-30": "$1,666", "2006-06-30": "$725", "2006-03-31": "$654", "2005-12-31": "$781", "2005-09-30": "$515", "2005-06-30": "$738", "2005-03-31": "$621"}}, "long-term-debt": {"Sempra Energy Annual Long Term Debt (Millions of US $)": {"2019": "$20,785", "2018": "$20,903", "2017": "$16,445", "2016": "$14,429", "2015": "$13,134", "2014": "$12,086", "2013": "$11,253", "2012": "$11,621", "2011": "$10,078", "2010": "$8,980", "2009": "$7,460", "2008": "$6,544", "2007": "$4,553", "2006": "$4,525", "2005": "$4,815"}, "Sempra Energy Quarterly Long Term Debt (Millions of US $)": {"2020-09-30": "$21,770", "2020-06-30": "$20,535", "2020-03-31": "$20,198", "2019-12-31": "$20,785", "2019-09-30": "$20,995", "2019-06-30": "$21,199", "2019-03-31": "$19,738", "2018-12-31": "$20,903", "2018-09-30": "$21,335", "2018-06-30": "$21,278", "2018-03-31": "$20,863", "2017-12-31": "$16,445", "2017-09-30": "$14,803", "2017-06-30": "$15,000", "2017-03-31": "$14,409", "2016-12-31": "$14,429", "2016-09-30": "$13,522", "2016-06-30": "$13,178", "2016-03-31": "$12,975", "2015-12-31": "$13,134", "2015-09-30": "$12,527", "2015-06-30": "$12,626", "2015-03-31": "$13,012", "2014-12-31": "$12,086", "2014-09-30": "$12,437", "2014-06-30": "$12,323", "2014-03-31": "$11,700", "2013-12-31": "$11,253", "2013-09-30": "$10,478", "2013-06-30": "$10,530", "2013-03-31": "$10,680", "2012-12-31": "$11,621", "2012-09-30": "$11,193", "2012-06-30": "$10,315", "2012-03-31": "$10,180", "2011-12-31": "$10,078", "2011-09-30": "$10,033", "2011-06-30": "$9,648", "2011-03-31": "$9,174", "2010-12-31": "$8,980", "2010-09-30": "$8,032", "2010-06-30": "$7,562", "2010-03-31": "$7,198", "2009-12-31": "$7,460", "2009-09-30": "$6,845", "2009-06-30": "$6,723", "2009-03-31": "$6,044", "2008-12-31": "$6,544", "2008-09-30": "$5,864", "2008-06-30": "$4,809", "2008-03-31": "$4,589", "2007-12-31": "$4,553", "2007-09-30": "$4,502", "2007-06-30": "$4,219", "2007-03-31": "$4,520", "2006-12-31": "$4,525", "2006-09-30": "$4,416", "2006-06-30": "$4,414", "2006-03-31": "$4,778", "2005-12-31": "$4,815", "2005-09-30": "$4,346", "2005-06-30": "$4,369", "2005-03-31": "$4,132"}}, "total-liabilities": {"Sempra Energy Annual Total Liabilities (Millions of US $)": {"2019": "$43,860", "2018": "$41,390", "2017": "$35,314", "2016": "$32,545", "2015": "$28,571", "2014": "$27,551", "2013": "$25,394", "2012": "$25,816", "2011": "$23,071", "2010": "$21,045", "2009": "$19,261", "2008": "$18,091", "2007": "$20,378", "2006": "$21,438", "2005": "$23,086"}, "Sempra Energy Quarterly Total Liabilities (Millions of US $)": {"2020-09-30": "$42,366", "2020-06-30": "$42,999", "2020-03-31": "$46,178", "2019-12-31": "$43,860", "2019-09-30": "$44,034", "2019-06-30": "$43,293", "2019-03-31": "$42,148", "2018-12-31": "$41,390", "2018-09-30": "$41,494", "2018-06-30": "$41,543", "2018-03-31": "$42,180", "2017-12-31": "$35,314", "2017-09-30": "$34,627", "2017-06-30": "$33,771", "2017-03-31": "$32,715", "2016-12-31": "$32,545", "2016-09-30": "$32,335", "2016-06-30": "$30,312", "2016-03-31": "$29,111", "2015-12-31": "$28,571", "2015-09-30": "$28,170", "2015-06-30": "$27,531", "2015-03-31": "$27,270", "2014-12-31": "$27,551", "2014-09-30": "$26,825", "2014-06-30": "$26,256", "2014-03-31": "$25,595", "2013-12-31": "$25,394", "2013-09-30": "$25,147", "2013-06-30": "$25,472", "2013-03-31": "$26,012", "2012-12-31": "$25,816", "2012-09-30": "$24,894", "2012-06-30": "$23,909", "2012-03-31": "$23,675", "2011-12-31": "$23,071", "2011-09-30": "$22,632", "2011-06-30": "$21,864", "2011-03-31": "$21,293", "2010-12-31": "$21,045", "2010-09-30": "$19,942", "2010-06-30": "$19,676", "2010-03-31": "$19,477", "2009-12-31": "$19,261", "2009-09-30": "$19,412", "2009-06-30": "$19,190", "2009-03-31": "$18,921", "2008-12-31": "$18,091", "2008-09-30": "$15,951", "2008-06-30": "$16,072", "2008-03-31": "$21,277", "2007-12-31": "$20,378", "2007-09-30": "$21,222", "2007-06-30": "$20,488", "2007-03-31": "$20,315", "2006-12-31": "$21,438", "2006-09-30": "$21,570", "2006-06-30": "$20,460", "2006-03-31": "$21,567", "2005-12-31": "$23,086", "2005-09-30": "$23,102", "2005-06-30": "$18,558", "2005-03-31": "$18,629"}}, "total-share-holder-equity": {"Sempra Energy Annual Share Holder Equity (Millions of US $)": {"2019": "$21,805", "2018": "$19,248", "2017": "$15,140", "2016": "$15,241", "2015": "$12,579", "2014": "$12,100", "2013": "$11,850", "2012": "$10,683", "2011": "$10,178", "2010": "$9,238", "2009": "$9,251", "2008": "$8,309", "2007": "$8,339", "2006": "$7,511", "2005": "$6,160"}, "Sempra Energy Quarterly Share Holder Equity (Millions of US $)": {"2020-09-30": "$24,856", "2020-06-30": "$25,386", "2020-03-31": "$22,115", "2019-12-31": "$21,805", "2019-09-30": "$20,551", "2019-06-30": "$19,434", "2019-03-31": "$19,470", "2018-12-31": "$19,248", "2018-09-30": "$19,111", "2018-06-30": "$18,364", "2018-03-31": "$18,305", "2017-12-31": "$15,140", "2017-09-30": "$15,502", "2017-06-30": "$15,605", "2017-03-31": "$15,569", "2016-12-31": "$15,241", "2016-09-30": "$13,191", "2016-06-30": "$12,563", "2016-03-31": "$12,724", "2015-12-31": "$12,579", "2015-09-30": "$12,396", "2015-06-30": "$12,475", "2015-03-31": "$12,281", "2014-12-31": "$12,100", "2014-09-30": "$12,157", "2014-06-30": "$12,051", "2014-03-31": "$11,889", "2013-12-31": "$11,850", "2013-09-30": "$11,754", "2013-06-30": "$11,548", "2013-03-31": "$11,261", "2012-12-31": "$10,683", "2012-09-30": "$10,496", "2012-06-30": "$10,293", "2012-03-31": "$10,370", "2011-12-31": "$10,178", "2011-09-30": "$9,984", "2011-06-30": "$9,972", "2011-03-31": "$9,403", "2010-12-31": "$9,238", "2010-09-30": "$9,007", "2010-06-30": "$9,410", "2010-03-31": "$9,295", "2009-12-31": "$9,251", "2009-09-30": "$8,983", "2009-06-30": "$8,732", "2009-03-31": "$8,413", "2008-12-31": "$8,309", "2008-09-30": "$7,898", "2008-06-30": "$7,683", "2008-03-31": "$8,577", "2007-12-31": "$8,339", "2007-09-30": "$8,080", "2007-06-30": "$7,989", "2007-03-31": "$7,709", "2006-12-31": "$7,511", "2006-09-30": "$7,476", "2006-06-30": "$6,827", "2006-03-31": "$6,483", "2005-12-31": "$6,160", "2005-09-30": "$5,877", "2005-06-30": "$5,647", "2005-03-31": "$5,131"}}, "profit-margins": {"current": "34.85%"}, "gross margin": {"2020-09-30": "78.57%", "2020-06-30": "78.85%", "2020-03-31": "78.09%", "2019-12-31": "75.33%", "2019-09-30": "74.70%", "2019-06-30": "71.26%", "2019-03-31": "70.09%", "2018-12-31": "71.07%", "2018-09-30": "75.46%", "2018-06-30": "75.57%", "2018-03-31": "73.94%", "2017-12-31": "71.22%", "2017-09-30": "68.32%", "2017-06-30": "68.07%", "2017-03-31": "64.79%", "2016-12-31": "65.31%", "2016-09-30": "62.82%", "2016-06-30": "62.43%", "2016-03-31": "64.98%", "2015-12-31": "64.76%", "2015-09-30": "63.14%", "2015-06-30": "62.23%", "2015-03-31": "61.11%", "2014-12-31": "58.40%", "2014-09-30": "58.31%", "2014-06-30": "59.71%", "2014-03-31": "61.06%", "2013-12-31": "61.99%", "2013-09-30": "61.63%", "2013-06-30": "61.99%", "2013-03-31": "62.71%", "2012-12-31": "63.40%", "2012-09-30": "65.12%", "2012-06-30": "63.43%", "2012-03-31": "61.03%", "2011-12-31": "60.05%", "2011-09-30": "58.55%", "2011-06-30": "59.39%", "2011-03-31": "60.50%", "2010-12-31": "58.96%", "2010-09-30": "58.62%", "2010-06-30": "59.03%", "2010-03-31": "59.61%", "2009-12-31": "60.76%", "2009-09-30": "59.21%", "2009-06-30": "54.05%", "2009-03-31": "48.03%", "2008-12-31": "45.95%", "2008-09-30": "47.85%", "2008-06-30": "52.29%", "2008-03-31": "56.97%", "2007-12-31": "58.35%", "2007-09-30": "59.60%", "2007-06-30": "59.34%", "2007-03-31": "59.80%", "2006-12-31": "60.05%", "2006-09-30": "50.27%", "2006-06-30": "52.38%", "2006-03-31": "52.78%", "2005-12-31": "55.03%"}, "operating margin": {"2020-09-30": "21.37%", "2020-06-30": "24.24%", "2020-03-31": "23.15%", "2019-12-31": "24.26%", "2019-09-30": "25.66%", "2019-06-30": "22.13%", "2019-03-31": "20.91%", "2018-12-31": "20.45%", "2018-09-30": "17.17%", "2018-06-30": "18.46%", "2018-03-31": "19.14%", "2017-12-31": "21.23%", "2017-09-30": "23.58%", "2017-06-30": "23.72%", "2017-03-31": "19.82%", "2016-12-31": "17.18%", "2016-09-30": "14.70%", "2016-06-30": "13.88%", "2016-03-31": "18.04%", "2015-12-31": "19.01%", "2015-09-30": "18.98%", "2015-06-30": "19.83%", "2015-03-31": "19.03%", "2014-12-31": "16.66%", "2014-09-30": "17.43%", "2014-06-30": "17.77%", "2014-03-31": "17.47%", "2013-12-31": "17.03%", "2013-09-30": "15.43%", "2013-06-30": "15.44%", "2013-03-31": "15.57%", "2012-12-31": "16.16%", "2012-09-30": "17.41%", "2012-06-30": "17.28%", "2012-03-31": "17.23%", "2011-12-31": "17.40%", "2011-09-30": "17.09%", "2011-06-30": "16.99%", "2011-03-31": "17.32%", "2010-12-31": "15.09%", "2010-09-30": "14.55%", "2010-06-30": "14.33%", "2010-03-31": "14.02%", "2009-12-31": "16.11%", "2009-09-30": "16.32%", "2009-06-30": "15.78%", "2009-03-31": "13.55%", "2008-12-31": "12.46%", "2008-09-30": "12.92%", "2008-06-30": "13.43%", "2008-03-31": "15.23%", "2007-12-31": "14.68%", "2007-09-30": "15.09%", "2007-06-30": "14.76%", "2007-03-31": "14.35%", "2006-12-31": "15.18%", "2006-09-30": "14.83%", "2006-06-30": "11.61%", "2006-03-31": "10.75%", "2005-12-31": "10.20%"}, "ebitda margin": {"2020-09-30": "36.06%", "2020-06-30": "38.65%", "2020-03-31": "37.73%", "2019-12-31": "38.75%", "2019-09-30": "40.13%", "2019-06-30": "36.52%", "2019-03-31": "35.26%", "2018-12-31": "35.21%", "2018-09-30": "33.83%", "2018-06-30": "35.04%", "2018-03-31": "34.97%", "2017-12-31": "36.13%", "2017-09-30": "36.61%", "2017-06-30": "36.47%", "2017-03-31": "32.51%", "2016-12-31": "30.06%", "2016-09-30": "27.63%", "2016-06-30": "26.75%", "2016-03-31": "30.58%", "2015-12-31": "31.23%", "2015-09-30": "30.81%", "2015-06-30": "31.06%", "2015-03-31": "29.77%", "2014-12-31": "27.13%", "2014-09-30": "27.90%", "2014-06-30": "28.45%", "2014-03-31": "27.79%", "2013-12-31": "27.57%", "2013-09-30": "26.03%", "2013-06-30": "26.02%", "2013-03-31": "26.95%", "2012-12-31": "27.46%", "2012-09-30": "28.36%", "2012-06-30": "27.86%", "2012-03-31": "27.27%", "2011-12-31": "27.12%", "2011-09-30": "26.83%", "2011-06-30": "26.85%", "2011-03-31": "27.27%", "2010-12-31": "24.71%", "2010-09-30": "23.88%", "2010-06-30": "23.68%", "2010-03-31": "23.42%", "2009-12-31": "25.67%", "2009-09-30": "25.72%", "2009-06-30": "23.90%", "2009-03-31": "20.79%", "2008-12-31": "18.84%", "2008-09-30": "18.80%", "2008-06-30": "19.43%", "2008-03-31": "21.15%", "2007-12-31": "20.68%", "2007-09-30": "20.96%", "2007-06-30": "20.53%", "2007-03-31": "20.20%", "2006-12-31": "20.76%", "2006-09-30": "20.06%", "2006-06-30": "16.75%", "2006-03-31": "15.85%", "2005-12-31": "15.64%"}, "pre tax profit margin": {"2020-09-30": "14.00%", "2020-06-30": "16.05%", "2020-03-31": "14.87%", "2019-12-31": "16.01%", "2019-09-30": "20.48%", "2019-06-30": "19.88%", "2019-03-31": "5.94%", "2018-12-31": "7.07%", "2018-09-30": "-1.74%", "2018-06-30": "-5.59%", "2018-03-31": "11.91%", "2017-12-31": "12.95%", "2017-09-30": "14.87%", "2017-06-30": "23.98%", "2017-03-31": "20.02%", "2016-12-31": "17.91%", "2016-09-30": "17.55%", "2016-06-30": "10.49%", "2016-03-31": "15.27%", "2015-12-31": "16.66%", "2015-09-30": "15.43%", "2015-06-30": "16.61%", "2015-03-31": "15.96%", "2014-12-31": "13.81%", "2014-09-30": "14.17%", "2014-06-30": "14.38%", "2014-03-31": "13.69%", "2013-12-31": "13.55%", "2013-09-30": "13.22%", "2013-06-30": "12.29%", "2013-03-31": "9.46%", "2012-12-31": "9.78%", "2012-09-30": "10.85%", "2012-06-30": "11.39%", "2012-03-31": "17.40%", "2011-12-31": "17.17%", "2011-09-30": "16.66%", "2011-06-30": "14.38%", "2011-03-31": "11.13%", "2010-12-31": "8.74%", "2010-09-30": "9.51%", "2010-06-30": "13.31%", "2010-03-31": "14.03%", "2009-12-31": "18.21%", "2009-09-30": "17.03%", "2009-06-30": "15.04%", "2009-03-31": "15.75%", "2008-12-31": "13.41%", "2008-09-30": "14.04%", "2008-06-30": "14.66%", "2008-03-31": "14.19%", "2007-12-31": "13.49%", "2007-09-30": "14.02%", "2007-06-30": "16.90%", "2007-03-31": "15.87%", "2006-12-31": "16.27%", "2006-09-30": "14.34%", "2006-06-30": "9.13%", "2006-03-31": "8.25%", "2005-12-31": "7.75%"}, "net profit margin": {"2020-09-30": "34.08%", "2020-06-30": "37.84%", "2020-03-31": "21.66%", "2019-12-31": "18.98%", "2019-09-30": "23.08%", "2019-06-30": "18.38%", "2019-03-31": "9.73%", "2018-12-31": "9.15%", "2018-09-30": "-5.08%", "2018-06-30": "-7.49%", "2018-03-31": "1.77%", "2017-12-31": "2.66%", "2017-09-30": "10.22%", "2017-06-30": "15.51%", "2017-03-31": "13.77%", "2016-12-31": "13.45%", "2016-09-30": "13.58%", "2016-06-30": "9.90%", "2016-03-31": "12.44%", "2015-12-31": "13.19%", "2015-09-30": "12.43%", "2015-06-30": "12.98%", "2015-03-31": "12.37%", "2014-12-31": "10.52%", "2014-09-30": "10.42%", "2014-06-30": "10.20%", "2014-03-31": "10.00%", "2013-12-31": "9.48%", "2013-09-30": "9.62%", "2013-06-30": "9.39%", "2013-03-31": "8.08%", "2012-12-31": "8.90%", "2012-09-30": "8.88%", "2012-06-30": "9.03%", "2012-03-31": "13.15%", "2011-12-31": "13.26%", "2011-09-30": "13.26%", "2011-06-30": "12.21%", "2011-03-31": "9.63%", "2010-12-31": "7.88%", "2010-09-30": "8.20%", "2010-06-30": "10.54%", "2010-03-31": "10.65%", "2009-12-31": "13.80%", "2009-09-30": "14.48%", "2009-06-30": "12.99%", "2009-03-31": "12.37%", "2008-12-31": "10.35%", "2008-09-30": "9.36%", "2008-06-30": "9.35%", "2008-03-31": "9.51%", "2007-12-31": "9.61%", "2007-09-30": "8.08%", "2007-06-30": "11.06%", "2007-03-31": "12.07%", "2006-12-31": "11.95%", "2006-09-30": "13.15%", "2006-06-30": "9.67%", "2006-03-31": "7.81%", "2005-12-31": "7.99%"}, "pe ratio": {"current": "16.63", "2021-02-05": "9.79", "2020-09-30": "9.10", "2020-06-30": "7.93", "2020-03-31": "13.46", "2019-12-31": "20.18", "2019-09-30": "16.22", "2019-06-30": "18.91", "2019-03-31": "33.99", "2018-12-31": "31.32", "2018-09-30": "0.00", "2018-06-30": "0.00", "2018-03-31": "172.66", "2017-12-31": "96.18", "2017-09-30": "22.82", "2017-06-30": "14.84", "2017-03-31": "16.99", "2016-12-31": "16.75", "2016-09-30": "17.84", "2016-06-30": "26.16", "2016-03-31": "18.34", "2015-12-31": "15.01", "2015-09-30": "16.21", "2015-06-30": "15.25", "2015-03-31": "16.97", "2014-12-31": "20.00", "2014-09-30": "19.02", "2014-06-30": "19.64", "2014-03-31": "18.45", "2013-12-31": "18.14", "2013-09-30": "16.97", "2013-06-30": "16.50", "2013-03-31": "19.61", "2012-12-31": "16.03", "2012-09-30": "14.33", "2012-06-30": "14.62", "2012-03-31": "8.34", "2011-12-31": "7.44", "2011-09-30": "6.98", "2011-06-30": "8.12", "2011-03-31": "10.90", "2010-12-31": "12.90", "2010-09-30": "13.08", "2010-06-30": "9.03", "2010-03-31": "9.79", "2009-12-31": "8.80", "2009-09-30": "7.54", "2009-06-30": "7.51", "2009-03-31": "6.68", "2008-12-31": "6.61", "2008-09-30": "8.13", "2008-06-30": "9.22", "2008-03-31": "8.51", "2007-12-31": "9.96", "2007-09-30": "10.97", "2007-06-30": "8.06", "2007-03-31": "7.67", "2006-12-31": "6.85"}, "price sales": {"2021-02-05": "3.34", "2020-09-30": "3.11", "2020-06-30": "3.03", "2020-03-31": "2.95", "2019-12-31": "3.83", "2019-09-30": "3.70", "2019-06-30": "3.40", "2019-03-31": "3.10", "2018-12-31": "2.69", "2018-09-30": "3.23", "2018-06-30": "3.15", "2018-03-31": "2.84", "2017-12-31": "2.55", "2017-09-30": "2.34", "2017-06-30": "2.30", "2017-03-31": "2.34", "2016-12-31": "2.19", "2016-09-30": "2.36", "2016-06-30": "2.50", "2016-03-31": "2.22", "2015-12-31": "1.98", "2015-09-30": "2.01", "2015-06-30": "1.98", "2015-03-31": "2.10", "2014-12-31": "2.11", "2014-09-30": "1.99", "2014-06-30": "2.01", "2014-03-31": "1.84", "2013-12-31": "1.72", "2013-09-30": "1.63", "2013-06-30": "1.55", "2013-03-31": "1.58", "2012-12-31": "1.42", "2012-09-30": "1.29", "2012-06-30": "1.34", "2012-03-31": "1.12", "2011-12-31": "1.01", "2011-09-30": "0.96", "2011-06-30": "1.04", "2011-03-31": "1.10", "2010-12-31": "1.07", "2010-09-30": "1.07", "2010-06-30": "0.95", "2010-03-31": "1.04", "2009-12-31": "1.21", "2009-09-30": "1.10", "2009-06-30": "0.98", "2009-03-31": "0.83", "2008-12-31": "0.69", "2008-09-30": "0.76", "2008-06-30": "0.86", "2008-03-31": "0.81", "2007-12-31": "0.96", "2007-09-30": "0.88", "2007-06-30": "0.89", "2007-03-31": "0.92", "2006-12-31": "0.82"}, "price book": {"current": "1.68", "2021-02-05": "1.46", "2020-09-30": "1.36", "2020-06-30": "1.33", "2020-03-31": "1.45", "2019-12-31": "1.96", "2019-09-30": "1.94", "2019-06-30": "1.83", "2019-03-31": "1.67", "2018-12-31": "1.44", "2018-09-30": "1.52", "2018-06-30": "1.59", "2018-03-31": "1.47", "2017-12-31": "1.61", "2017-09-30": "1.67", "2017-06-30": "1.61", "2017-03-31": "1.58", "2016-12-31": "1.46", "2016-09-30": "1.78", "2016-06-30": "1.97", "2016-03-31": "1.76", "2015-12-31": "1.59", "2015-09-30": "1.65", "2015-06-30": "1.66", "2015-03-31": "1.84", "2014-12-31": "1.89", "2014-09-30": "1.77", "2014-06-30": "1.76", "2014-03-31": "1.63", "2013-12-31": "1.50", "2013-09-30": "1.43", "2013-06-30": "1.38", "2013-03-31": "1.38", "2012-12-31": "1.27", "2012-09-30": "1.16", "2012-06-30": "1.25", "2012-03-31": "1.07", "2011-12-31": "0.99", "2011-09-30": "0.93", "2011-06-30": "0.95", "2011-03-31": "1.01", "2010-12-31": "1.00", "2010-09-30": "1.05", "2010-06-30": "0.89", "2010-03-31": "0.95", "2009-12-31": "1.06", "2009-09-30": "0.96", "2009-06-30": "0.98", "2009-03-31": "0.93", "2008-12-31": "0.86", "2008-09-30": "1.08", "2008-06-30": "1.23", "2008-03-31": "1.09", "2007-12-31": "1.30", "2007-09-30": "1.25", "2007-06-30": "1.30", "2007-03-31": "1.37", "2006-12-31": "1.28", "2006-09-30": "1.15", "2006-06-30": "1.12", "2006-03-31": "1.20"}, "price fcf": {"2021-02-05": "", "2020-09-30": "$-6.17", "2020-06-30": "$-6.39", "2020-03-31": "$0.20", "2019-12-31": "$0.99", "2019-09-30": "$7.17", "2019-06-30": "$9.77", "2019-03-31": "$7.59", "2018-12-31": "$5.75", "2018-09-30": "$0.41", "2018-06-30": "$-1.20", "2018-03-31": "$-0.36", "2017-12-31": "$-0.26", "2017-09-30": "$-2.67", "2017-06-30": "$-1.63", "2017-03-31": "$-3.12", "2016-12-31": "$-4.54", "2016-09-30": "$-2.89", "2016-06-30": "$-2.51", "2016-03-31": "$-1.04", "2015-12-31": "$0.46", "2015-09-30": "$0.22", "2015-06-30": "$-0.93", "2015-03-31": "$-3.53", "2014-12-31": "$-3.24", "2014-09-30": "$-1.68", "2014-06-30": "$-2.69", "2014-03-31": "$-1.69", "2013-12-31": "$-0.87", "2013-09-30": "$-3.08", "2013-06-30": "$-2.12", "2013-03-31": "$-1.81", "2012-12-31": "$-3.50", "2012-09-30": "$-4.68", "2012-06-30": "$-5.16", "2012-03-31": "$-5.31", "2011-12-31": "$-4.04", "2011-09-30": "$-1.00", "2011-06-30": "$-0.64", "2011-03-31": "$0.65", "2010-12-31": "$1.59", "2010-09-30": "$-1.22", "2010-06-30": "$-0.65", "2010-03-31": "$-0.30", "2009-12-31": "$0.57", "2009-09-30": "$3.07", "2009-06-30": "$1.48", "2009-03-31": "$7.56", "2008-12-31": "$5.67", "2008-09-30": "$5.00", "2008-06-30": "$4.82", "2008-03-31": "$-2.29", "2007-12-31": "$0.72", "2007-09-30": "$-0.14", "2007-06-30": "$2.58", "2007-03-31": "$1.06", "2006-12-31": "$-0.91"}, "net worth": {"value": "$36.42B"}, "current ratio": {"current": "0.84", "2020-09-30": "0.84", "2020-06-30": "0.80", "2020-03-31": "0.45", "2019-12-31": "0.37", "2019-09-30": "0.39", "2019-06-30": "0.34", "2019-03-31": "0.38", "2018-12-31": "0.49", "2018-09-30": "0.59", "2018-06-30": "0.58", "2018-03-31": "0.37", "2017-12-31": "0.50", "2017-09-30": "0.40", "2017-06-30": "0.46", "2017-03-31": "0.51", "2016-12-31": "0.53", "2016-09-30": "0.43", "2016-06-30": "0.59", "2016-03-31": "0.56", "2015-12-31": "0.63", "2015-09-30": "0.71", "2015-06-30": "0.80", "2015-03-31": "0.97", "2014-12-31": "0.83", "2014-09-30": "1.03", "2014-06-30": "1.08", "2014-03-31": "1.09", "2013-12-31": "0.92", "2013-09-30": "0.82", "2013-06-30": "0.78", "2013-03-31": "0.80", "2012-12-31": "0.87", "2012-09-30": "0.71", "2012-06-30": "0.46", "2012-03-31": "0.51", "2011-12-31": "0.56", "2011-09-30": "0.74", "2011-06-30": "0.71", "2011-03-31": "0.94", "2010-12-31": "0.89", "2010-09-30": "0.66", "2010-06-30": "0.46", "2010-03-31": "0.50", "2009-12-31": "0.59", "2009-09-30": "0.63", "2009-06-30": "0.76", "2009-03-31": "0.68", "2008-12-31": "0.69", "2008-09-30": "0.82", "2008-06-30": "0.59", "2008-03-31": "1.06", "2007-12-31": "1.11", "2007-09-30": "1.13", "2007-06-30": "1.12", "2007-03-31": "1.17", "2006-12-31": "1.16", "2006-09-30": "1.18", "2006-06-30": "1.14", "2006-03-31": "1.13", "2005-12-31": "1.13", "2005-09-30": "1.03", "2005-06-30": "1.04", "2005-03-31": "0.98"}, "quick ratio": {"2020-09-30": "0.80", "2020-06-30": "0.77", "2020-03-31": "0.43", "2019-12-31": "0.34", "2019-09-30": "0.36", "2019-06-30": "0.31", "2019-03-31": "0.36", "2018-12-31": "0.45", "2018-09-30": "0.55", "2018-06-30": "0.54", "2018-03-31": "0.34", "2017-12-31": "0.46", "2017-09-30": "0.36", "2017-06-30": "0.42", "2017-03-31": "0.47", "2016-12-31": "0.48", "2016-09-30": "0.39", "2016-06-30": "0.54", "2016-03-31": "0.52", "2015-12-31": "0.56", "2015-09-30": "0.62", "2015-06-30": "0.74", "2015-03-31": "0.90", "2014-12-31": "0.75", "2014-09-30": "0.92", "2014-06-30": "1.01", "2014-03-31": "1.04", "2013-12-31": "0.85", "2013-09-30": "0.72", "2013-06-30": "0.70", "2013-03-31": "0.74", "2012-12-31": "0.77", "2012-09-30": "0.62", "2012-06-30": "0.40", "2012-03-31": "0.46", "2011-12-31": "0.48", "2011-09-30": "0.64", "2011-06-30": "0.66", "2011-03-31": "0.89", "2010-12-31": "0.82", "2010-09-30": "0.58", "2010-06-30": "0.43", "2010-03-31": "0.46", "2009-12-31": "0.54", "2009-09-30": "0.56", "2009-06-30": "0.73", "2009-03-31": "0.65", "2008-12-31": "0.60", "2008-09-30": "0.67", "2008-06-30": "0.56", "2008-03-31": "1.05", "2007-12-31": "1.08", "2007-09-30": "1.10", "2007-06-30": "1.10", "2007-03-31": "1.15", "2006-12-31": "1.14", "2006-09-30": "1.15", "2006-06-30": "1.13", "2006-03-31": "1.12", "2005-12-31": "1.11", "2005-09-30": "1.01", "2005-06-30": "1.03", "2005-03-31": "0.97"}, "debt equity ratio": {"current": "1.00", "2020-09-30": "1.70", "2020-06-30": "1.69", "2020-03-31": "2.09", "2019-12-31": "2.01", "2019-09-30": "2.14", "2019-06-30": "2.23", "2019-03-31": "2.17", "2018-12-31": "2.15", "2018-09-30": "2.17", "2018-06-30": "2.26", "2018-03-31": "2.30", "2017-12-31": "2.33", "2017-09-30": "2.23", "2017-06-30": "2.16", "2017-03-31": "2.10", "2016-12-31": "2.14", "2016-09-30": "2.45", "2016-06-30": "2.41", "2016-03-31": "2.29", "2015-12-31": "2.27", "2015-09-30": "2.27", "2015-06-30": "2.21", "2015-03-31": "2.22", "2014-12-31": "2.28", "2014-09-30": "2.21", "2014-06-30": "2.18", "2014-03-31": "2.15", "2013-12-31": "2.14", "2013-09-30": "2.14", "2013-06-30": "2.21", "2013-03-31": "2.31", "2012-12-31": "2.42", "2012-09-30": "2.37", "2012-06-30": "2.32", "2012-03-31": "2.28", "2011-12-31": "2.27", "2011-09-30": "2.27", "2011-06-30": "2.19", "2011-03-31": "2.26", "2010-12-31": "2.28", "2010-09-30": "2.21", "2010-06-30": "2.09", "2010-03-31": "2.10", "2009-12-31": "2.08", "2009-09-30": "2.16", "2009-06-30": "2.20", "2009-03-31": "2.25", "2008-12-31": "2.18", "2008-09-30": "2.02", "2008-06-30": "2.09", "2008-03-31": "2.48", "2007-12-31": "2.44", "2007-09-30": "2.63", "2007-06-30": "2.57", "2007-03-31": "2.64", "2006-12-31": "2.85", "2006-09-30": "2.89", "2006-06-30": "3.00", "2006-03-31": "3.33", "2005-12-31": "3.75", "2005-09-30": "3.93", "2005-06-30": "3.29", "2005-03-31": "3.63"}, "return on equity": {"2020-09-30": "16.13%", "2020-06-30": "18.96%", "2020-03-31": "11.32%", "2019-12-31": "10.12%", "2019-09-30": "12.56%", "2019-06-30": "10.01%", "2019-03-31": "5.34%", "2018-12-31": "4.93%", "2018-09-30": "-2.49%", "2018-06-30": "-3.91%", "2018-03-31": "1.00%", "2017-12-31": "1.66%", "2017-09-30": "7.34%", "2017-06-30": "11.41%", "2017-03-31": "10.31%", "2016-12-31": "10.20%", "2016-09-30": "10.65%", "2016-06-30": "7.85%", "2016-03-31": "10.08%", "2015-12-31": "10.85%", "2015-09-30": "10.37%", "2015-06-30": "11.24%", "2015-03-31": "11.12%", "2014-12-31": "9.64%", "2014-09-30": "9.56%", "2014-06-30": "9.20%", "2014-03-31": "9.10%", "2013-12-31": "8.63%", "2013-09-30": "8.95%", "2013-06-30": "8.95%", "2013-03-31": "7.50%", "2012-12-31": "8.21%", "2012-09-30": "8.23%", "2012-06-30": "8.54%", "2012-03-31": "12.97%", "2011-12-31": "13.47%", "2011-09-30": "13.43%", "2011-06-30": "12.10%", "2011-03-31": "9.25%", "2010-12-31": "7.68%", "2010-09-30": "8.08%", "2010-06-30": "10.10%", "2010-03-31": "10.03%", "2009-12-31": "12.65%", "2009-09-30": "13.36%", "2009-06-30": "13.68%", "2009-03-31": "14.70%", "2008-12-31": "13.71%", "2008-09-30": "13.33%", "2008-06-30": "13.22%", "2008-03-31": "13.50%", "2007-12-31": "13.69%", "2007-09-30": "11.95%", "2007-06-30": "16.72%", "2007-03-31": "18.68%", "2006-12-31": "19.87%", "2006-09-30": "24.29%", "2006-06-30": "19.00%", "2006-03-31": "15.76%", "2005-12-31": "16.13%"}, "return on assets": {"2020-09-30": "5.63%", "2020-06-30": "6.38%", "2020-03-31": "3.63%", "2019-12-31": "3.23%", "2019-09-30": "3.96%", "2019-06-30": "3.15%", "2019-03-31": "1.68%", "2018-12-31": "1.53%", "2018-09-30": "-0.76%", "2018-06-30": "-1.19%", "2018-03-31": "0.31%", "2017-12-31": "0.52%", "2017-09-30": "2.32%", "2017-06-30": "3.56%", "2017-03-31": "3.16%", "2016-12-31": "3.08%", "2016-09-30": "3.17%", "2016-06-30": "2.37%", "2016-03-31": "3.09%", "2015-12-31": "3.35%", "2015-09-30": "3.20%", "2015-06-30": "3.48%", "2015-03-31": "3.45%", "2014-12-31": "3.01%", "2014-09-30": "3.02%", "2014-06-30": "2.92%", "2014-03-31": "2.88%", "2013-12-31": "2.70%", "2013-09-30": "2.74%", "2013-06-30": "2.69%", "2013-03-31": "2.23%", "2012-12-31": "2.45%", "2012-09-30": "2.49%", "2012-06-30": "2.60%", "2012-03-31": "3.99%", "2011-12-31": "4.15%", "2011-09-30": "4.13%", "2011-06-30": "3.74%", "2011-03-31": "2.88%", "2010-12-31": "2.42%", "2010-09-30": "2.59%", "2010-06-30": "3.25%", "2010-03-31": "3.20%", "2009-12-31": "3.99%", "2009-09-30": "4.18%", "2009-06-30": "4.33%", "2009-03-31": "4.69%", "2008-12-31": "4.29%", "2008-09-30": "4.08%", "2008-06-30": "3.87%", "2008-03-31": "3.83%", "2007-12-31": "3.84%", "2007-09-30": "3.26%", "2007-06-30": "4.48%", "2007-03-31": "4.87%", "2006-12-31": "4.96%", "2006-09-30": "5.76%", "2006-06-30": "4.24%", "2006-03-31": "3.45%", "2005-12-31": "3.47%"}, "return on investments": {"2020-09-30": "5.37%", "2020-06-30": "6.33%", "2020-03-31": "6.07%", "2019-12-31": "6.41%", "2019-09-30": "6.81%", "2019-06-30": "5.80%", "2019-03-31": "5.49%", "2018-12-31": "5.18%", "2018-09-30": "3.95%", "2018-06-30": "4.61%", "2018-03-31": "5.32%", "2017-12-31": "6.69%", "2017-09-30": "8.69%", "2017-06-30": "8.90%", "2017-03-31": "7.49%", "2016-12-31": "6.49%", "2016-09-30": "5.67%", "2016-06-30": "5.42%", "2016-03-31": "7.24%", "2015-12-31": "7.70%", "2015-09-30": "7.84%", "2015-06-30": "8.49%", "2015-03-31": "8.44%", "2014-12-31": "7.60%", "2014-09-30": "8.01%", "2014-06-30": "8.18%", "2014-03-31": "8.22%", "2013-12-31": "8.05%", "2013-09-30": "7.33%", "2013-06-30": "7.35%", "2013-03-31": "7.14%", "2012-12-31": "7.32%", "2012-09-30": "8.03%", "2012-06-30": "8.19%", "2012-03-31": "8.55%", "2011-12-31": "8.90%", "2011-09-30": "8.75%", "2011-06-30": "8.62%", "2011-03-31": "8.71%", "2010-12-31": "7.91%", "2010-09-30": "7.89%", "2010-06-30": "7.68%", "2010-03-31": "7.42%", "2009-12-31": "8.36%", "2009-09-30": "8.56%", "2009-06-30": "9.47%", "2009-03-31": "9.36%", "2008-12-31": "9.88%", "2008-09-30": "11.44%", "2008-06-30": "12.13%", "2008-03-31": "14.03%", "2007-12-31": "13.46%", "2007-09-30": "14.24%", "2007-06-30": "14.17%", "2007-03-31": "13.84%", "2006-12-31": "15.38%", "2006-09-30": "16.27%", "2006-06-30": "13.24%", "2006-03-31": "12.35%", "2005-12-31": "11.60%"}, "return on tangible equity": {"2020-09-30": "17.47%", "2020-06-30": "20.62%", "2020-03-31": "12.39%", "2019-12-31": "11.11%", "2019-09-30": "13.85%", "2019-06-30": "11.17%", "2019-03-31": "6.05%", "2018-12-31": "5.68%", "2018-09-30": "-2.95%", "2018-06-30": "-4.72%", "2018-03-31": "1.23%", "2017-12-31": "2.05%", "2017-09-30": "9.05%", "2017-06-30": "14.09%", "2017-03-31": "12.41%", "2016-12-31": "11.96%", "2016-09-30": "12.13%", "2016-06-30": "8.70%", "2016-03-31": "11.21%", "2015-12-31": "12.09%", "2015-09-30": "11.60%", "2015-06-30": "12.61%", "2015-03-31": "12.53%", "2014-12-31": "10.89%", "2014-09-30": "10.84%", "2014-06-30": "10.47%", "2014-03-31": "10.38%", "2013-12-31": "9.89%", "2013-09-30": "10.32%", "2013-06-30": "10.39%", "2013-03-31": "8.76%", "2012-12-31": "9.62%", "2012-09-30": "9.65%", "2012-06-30": "10.01%", "2012-03-31": "15.21%", "2011-12-31": "15.41%", "2011-09-30": "15.00%", "2011-06-30": "13.20%", "2011-03-31": "9.82%", "2010-12-31": "8.15%", "2010-09-30": "8.58%", "2010-06-30": "10.72%", "2010-03-31": "10.64%", "2009-12-31": "13.45%", "2009-09-30": "14.24%", "2009-06-30": "14.37%", "2009-03-31": "15.20%", "2008-12-31": "13.94%", "2008-09-30": "13.40%", "2008-06-30": "13.29%", "2008-03-31": "13.57%", "2007-12-31": "13.76%", "2007-09-30": "11.95%", "2007-06-30": "16.72%", "2007-03-31": "18.68%", "2006-12-31": "19.87%", "2006-09-30": "24.29%", "2006-06-30": "19.00%", "2006-03-31": "15.76%", "2005-12-31": "16.13%"}, "dividend yield history": {"last payout": "$4.18", "last yield": "3.31%"}}