{"ticker": "ST", "price": {"title": "Sensata Technologies Holding Historical Annual Stock Price Data", "value": 52.87, "historical": {"2020": {"Average Stock Price": "41.8243", "Year Open": "54.2000", "Year High": "54.2000", "Year Low": "23.1100", "Year Close": "52.7400", "Annual % Change": "-2.10%"}, "2019": {"Average Stock Price": "48.4415", "Year Open": "45.0200", "Year High": "54.0500", "Year Low": "42.6900", "Year Close": "53.8700", "Annual % Change": "20.14%"}, "2018": {"Average Stock Price": "50.7362", "Year Open": "51.5400", "Year High": "57.0100", "Year Low": "41.1700", "Year Close": "44.8400", "Annual % Change": "-12.27%"}, "2017": {"Average Stock Price": "44.3661", "Year Open": "39.7800", "Year High": "52.5500", "Year Low": "39.2400", "Year Close": "51.1100", "Annual % Change": "31.22%"}, "2016": {"Average Stock Price": "37.1619", "Year Open": "45.1500", "Year High": "45.1500", "Year Low": "30.3300", "Year Close": "38.9500", "Annual % Change": "-15.44%"}, "2015": {"Average Stock Price": "50.8298", "Year Open": "52.2600", "Year High": "58.6600", "Year Low": "42.7500", "Year Close": "46.0600", "Annual % Change": "-12.12%"}, "2014": {"Average Stock Price": "44.9351", "Year Open": "38.2900", "Year High": "53.7000", "Year Low": "36.7800", "Year Close": "52.4100", "Annual % Change": "35.18%"}, "2013": {"Average Stock Price": "35.8192", "Year Open": "33.3600", "Year High": "40.9400", "Year Low": "31.1300", "Year Close": "38.7700", "Annual % Change": "19.37%"}, "2012": {"Average Stock Price": "30.3347", "Year Open": "26.7500", "Year High": "34.9700", "Year Low": "26.0300", "Year Close": "32.4800", "Annual % Change": "23.59%"}, "2011": {"Average Stock Price": "32.2780", "Year Open": "30.2800", "Year High": "39.2500", "Year Low": "25.2000", "Year Close": "26.2800", "Annual % Change": "-12.72%"}, "2010": {"Average Stock Price": "20.2097", "Year Open": "18.5000", "Year High": "30.5200", "Year Low": "15.5500", "Year Close": "30.1100", "Annual % Change": "0.00%"}}}, "market cap": {"value": "$8.32B"}, "income statement": {"Revenue": {"2019-12-31": "3450.63100", "2018-12-31": "3521.62700", "2017-12-31": "3306.73300", "2016-12-31": "3202.28800", "2015-12-31": "2974.96100", "2014-12-31": "2409.80300", "2013-12-31": "1980.73200", "2012-12-31": "1913.91000", "2011-12-31": "1826.94500", "2010-12-31": "1540.07900", "2009-12-31": "1134.94400", "2008-12-31": "1422.65500"}, "Cost Of Goods Sold": {"2019-12-31": "2267.43300", "2018-12-31": "2266.86300", "2017-12-31": "2138.89800", "2016-12-31": "2084.15900", "2015-12-31": "1977.79900", "2014-12-31": "1567.33400", "2013-12-31": "1256.24900", "2012-12-31": "1257.54700", "2011-12-31": "1166.84200", "2010-12-31": "948.07000", "2009-12-31": "742.08000", "2008-12-31": "951.76300"}, "Gross Profit": {"2019-12-31": "1183.19800", "2018-12-31": "1254.76400", "2017-12-31": "1167.83500", "2016-12-31": "1118.12900", "2015-12-31": "997.16200", "2014-12-31": "842.46900", "2013-12-31": "724.48300", "2012-12-31": "656.36300", "2011-12-31": "660.10290", "2010-12-31": "592.00900", "2009-12-31": "392.86400", "2008-12-31": "470.89200"}, "Research And Development Expenses": {"2019-12-31": "148.42500", "2018-12-31": "147.27900", "2017-12-31": "130.12700", "2016-12-31": "126.65600", "2015-12-31": "123.66600", "2014-12-31": "82.17800", "2013-12-31": "57.95000", "2012-12-31": "52.07200", "2011-12-31": "44.59700", "2010-12-31": "24.66400", "2009-12-31": "16.79600", "2008-12-31": "38.25600"}, "SG&A Expenses": {"2019-12-31": "281.44200", "2018-12-31": "305.55800", "2017-12-31": "301.89600", "2016-12-31": "293.50600", "2015-12-31": "271.36100", "2014-12-31": "220.10500", "2013-12-31": "163.14500", "2012-12-31": "141.89400", "2011-12-31": "164.79000", "2010-12-31": "194.10600", "2009-12-31": "126.54500", "2008-12-31": "166.62500"}, "Other Operating Income Or Expenses": {"2019-12-31": "", "2018-12-31": "", "2017-12-31": "", "2016-12-31": "", "2015-12-31": "", "2014-12-31": "", "2013-12-31": "", "2012-12-31": "", "2011-12-31": "", "2010-12-31": "", "2009-12-31": "", "2008-12-31": ""}, "Operating Expenses": {"2019-12-31": "2893.74600", "2018-12-31": "2811.20800", "2017-12-31": "2750.94600", "2016-12-31": "2709.93200", "2015-12-31": "2581.37700", "2014-12-31": "2038.21400", "2013-12-31": "1617.25100", "2012-12-31": "1636.44200", "2011-12-31": "1532.81600", "2010-12-31": "1311.21600", "2009-12-31": "1076.45500", "2008-12-31": "1342.70300"}, "Operating Income": {"2019-12-31": "556.88500", "2018-12-31": "710.41890", "2017-12-31": "555.78690", "2016-12-31": "492.35600", "2015-12-31": "393.58400", "2014-12-31": "371.58910", "2013-12-31": "363.48110", "2012-12-31": "277.46800", "2011-12-31": "294.12890", "2010-12-31": "228.86300", "2009-12-31": "58.48890", "2008-12-31": "79.95200"}, "Total Non-Operating Income/Expense": {"2019-12-31": "-166.46200", "2018-12-31": "-184.04400", "2017-12-31": "-153.34600", "2016-12-31": "-170.91100", "2015-12-31": "-187.95500", "2014-12-31": "-118.16300", "2013-12-31": "-129.54400", "2012-12-31": "-104.80300", "2011-12-31": "-218.79400", "2010-12-31": "-59.00800", "2009-12-31": "-41.49800", "2008-12-31": "-140.87000"}, "Pre-Tax Income": {"2019-12-31": "390.42300", "2018-12-31": "526.37500", "2017-12-31": "402.44100", "2016-12-31": "321.44500", "2015-12-31": "205.62900", "2014-12-31": "253.42600", "2013-12-31": "233.93700", "2012-12-31": "172.66500", "2011-12-31": "75.33500", "2010-12-31": "169.85500", "2009-12-31": "16.99100", "2008-12-31": "-60.91800"}, "Income Taxes": {"2019-12-31": "107.70900", "2018-12-31": "-72.62000", "2017-12-31": "-5.91600", "2016-12-31": "59.01100", "2015-12-31": "-142.06700", "2014-12-31": "-30.32300", "2013-12-31": "45.81200", "2012-12-31": "-4.81600", "2011-12-31": "68.86100", "2010-12-31": "39.80500", "2009-12-31": "44.27700", "2008-12-31": "53.53100"}, "Income After Taxes": {"2019-12-31": "282.71400", "2018-12-31": "598.99500", "2017-12-31": "408.35700", "2016-12-31": "262.43400", "2015-12-31": "347.69600", "2014-12-31": "283.74900", "2013-12-31": "188.12500", "2012-12-31": "177.48100", "2011-12-31": "6.47400", "2010-12-31": "130.05000", "2009-12-31": "-27.28600", "2008-12-31": "-114.44900"}, "Other Income": {"2019-12-31": "", "2018-12-31": "", "2017-12-31": "", "2016-12-31": "", "2015-12-31": "", "2014-12-31": "", "2013-12-31": "", "2012-12-31": "", "2011-12-31": "", "2010-12-31": "", "2009-12-31": "", "2008-12-31": ""}, "Income From Continuous Operations": {"2019-12-31": "282.71400", "2018-12-31": "598.99500", "2017-12-31": "408.35700", "2016-12-31": "262.43400", "2015-12-31": "347.69600", "2014-12-31": "283.74900", "2013-12-31": "188.12500", "2012-12-31": "177.48100", "2011-12-31": "6.47400", "2010-12-31": "130.05000", "2009-12-31": "-27.28600", "2008-12-31": "-114.44900"}, "Income From Discontinued Operations": {"2019-12-31": "", "2018-12-31": "", "2017-12-31": "", "2016-12-31": "", "2015-12-31": "", "2014-12-31": "", "2013-12-31": "", "2012-12-31": "", "2011-12-31": "", "2010-12-31": "", "2009-12-31": "-0.39500", "2008-12-31": "-20.08200"}, "Net Income": {"2019-12-31": "282.71400", "2018-12-31": "598.99500", "2017-12-31": "408.35700", "2016-12-31": "262.43400", "2015-12-31": "347.69600", "2014-12-31": "283.74900", "2013-12-31": "188.12500", "2012-12-31": "177.48100", "2011-12-31": "6.47400", "2010-12-31": "130.05000", "2009-12-31": "-27.68100", "2008-12-31": "-134.53100"}, "EBITDA": {"2019-12-31": "823.43700", "2018-12-31": "963.07590", "2017-12-31": "833.39890", "2016-12-31": "808.09090", "2015-12-31": "684.54300", "2014-12-31": "594.79110", "2013-12-31": "553.06410", "2012-12-31": "482.06400", "2011-12-31": "488.72690", "2010-12-31": "420.56900", "2009-12-31": "288.91890", "2008-12-31": "303.94600"}, "EBIT": {"2019-12-31": "556.88500", "2018-12-31": "710.41890", "2017-12-31": "555.78690", "2016-12-31": "492.35600", "2015-12-31": "393.58400", "2014-12-31": "371.58910", "2013-12-31": "363.48110", "2012-12-31": "277.46800", "2011-12-31": "294.12890", "2010-12-31": "228.86300", "2009-12-31": "58.48890", "2008-12-31": "79.95200"}, "Basic Shares Outstanding": {"2019-12-31": "160.94600", "2018-12-31": "168.57000", "2017-12-31": "171.16500", "2016-12-31": "170.70900", "2015-12-31": "169.97700", "2014-12-31": "170.11300", "2013-12-31": "176.09100", "2012-12-31": "177.47300", "2011-12-31": "175.30700", "2010-12-31": "166.27800", "2009-12-31": "144.05700", "2008-12-31": "144.06500"}, "Shares Outstanding": {"2019-12-31": "161.96800", "2018-12-31": "169.85900", "2017-12-31": "172.16900", "2016-12-31": "171.46000", "2015-12-31": "171.51300", "2014-12-31": "172.21700", "2013-12-31": "179.02400", "2012-12-31": "181.62300", "2011-12-31": "181.21200", "2010-12-31": "172.94600", "2009-12-31": "144.05700", "2008-12-31": "144.06500"}, "Basic EPS": {"2019-12-31": "1.76000", "2018-12-31": "3.55000", "2017-12-31": "2.39000", "2016-12-31": "1.54000", "2015-12-31": "2.05000", "2014-12-31": "1.67000", "2013-12-31": "1.07000", "2012-12-31": "1.00000", "2011-12-31": "0.04000", "2010-12-31": "0.78000", "2009-12-31": "-0.19000", "2008-12-31": "-0.93000"}, "EPS - Earnings Per Share": {"2019-12-31": "1.75000", "2018-12-31": "3.53000", "2017-12-31": "2.37000", "2016-12-31": "1.53000", "2015-12-31": "2.03000", "2014-12-31": "1.65000", "2013-12-31": "1.05000", "2012-12-31": "0.98000", "2011-12-31": "0.04000", "2010-12-31": "0.75000", "2009-12-31": "-0.19000", "2008-12-31": "-0.93000"}}, "income statement, quarterly": {"Revenue": {"2020-09-30": "788.31300", "2020-06-30": "576.50500", "2020-03-31": "774.26900", "2019-12-31": "846.69090", "2019-09-30": "849.71500", "2019-06-30": "883.72600", "2019-03-31": "870.49900", "2018-12-31": "847.92190", "2018-09-30": "873.55200", "2018-06-30": "913.86000", "2018-03-31": "886.29300", "2017-12-31": "840.53390", "2017-09-30": "819.05400", "2017-06-30": "839.87400", "2017-03-31": "807.27100", "2016-12-31": "788.39630", "2016-09-30": "789.79800", "2016-06-30": "827.54500", "2016-03-31": "796.54900", "2015-12-31": "726.47100", "2015-09-30": "727.36000", "2015-06-30": "770.44500", "2015-03-31": "750.68500", "2014-12-31": "705.26100", "2014-09-30": "577.09500", "2014-06-30": "575.85300", "2014-03-31": "551.59400", "2013-12-31": "505.01510", "2013-09-30": "498.88600", "2013-06-30": "506.41800", "2013-03-31": "470.41300", "2012-12-31": "445.35610", "2012-09-30": "471.92900", "2012-06-30": "504.61700", "2012-03-31": "492.00800", "2011-12-31": "453.36500", "2011-09-30": "474.31300", "2011-06-30": "455.03800", "2011-03-31": "444.22900", "2010-12-31": "387.84190", "2010-09-30": "383.29400", "2010-06-30": "391.80600", "2010-03-31": "377.13700", "2009-12-31": "338.08900", "2009-09-30": "302.46800", "2009-06-30": "255.37100", "2009-03-31": "239.01600", "2008-12-31": ""}, "Cost Of Goods Sold": {"2020-09-30": "530.25500", "2020-06-30": "412.44300", "2020-03-31": "566.40600", "2019-12-31": "556.48220", "2019-09-30": "554.91000", "2019-06-30": "575.23500", "2019-03-31": "580.80600", "2018-12-31": "543.56300", "2018-09-30": "558.33400", "2018-06-30": "582.50900", "2018-03-31": "582.45700", "2017-12-31": "538.73490", "2017-09-30": "527.23900", "2017-06-30": "540.50500", "2017-03-31": "532.41900", "2016-12-31": "509.39590", "2016-09-30": "508.94400", "2016-06-30": "537.44100", "2016-03-31": "528.37800", "2015-12-31": "476.65690", "2015-09-30": "476.63400", "2015-06-30": "517.87500", "2015-03-31": "506.63300", "2014-12-31": "469.74900", "2014-09-30": "371.94000", "2014-06-30": "368.44600", "2014-03-31": "357.19900", "2013-12-31": "315.80700", "2013-09-30": "309.06100", "2013-06-30": "322.69900", "2013-03-31": "308.68200", "2012-12-31": "297.50100", "2012-09-30": "308.63900", "2012-06-30": "326.15900", "2012-03-31": "325.24800", "2011-12-31": "298.56200", "2011-09-30": "306.28600", "2011-06-30": "284.74900", "2011-03-31": "277.24500", "2010-12-31": "236.05100", "2010-09-30": "238.64600", "2010-06-30": "240.59000", "2010-03-31": "232.78300", "2009-12-31": "220.94000", "2009-09-30": "190.90800", "2009-06-30": "168.90200", "2009-03-31": "161.34400", "2008-12-31": ""}, "Gross Profit": {"2020-09-30": "258.05800", "2020-06-30": "164.06200", "2020-03-31": "207.86300", "2019-12-31": "290.20870", "2019-09-30": "294.80510", "2019-06-30": "308.49100", "2019-03-31": "289.69300", "2018-12-31": "304.35890", "2018-09-30": "315.21800", "2018-06-30": "331.35100", "2018-03-31": "303.83610", "2017-12-31": "301.79900", "2017-09-30": "291.81500", "2017-06-30": "299.36900", "2017-03-31": "274.85200", "2016-12-31": "279.00040", "2016-09-30": "280.85400", "2016-06-30": "290.10400", "2016-03-31": "268.17100", "2015-12-31": "249.81410", "2015-09-30": "250.72600", "2015-06-30": "252.57000", "2015-03-31": "244.05200", "2014-12-31": "235.51200", "2014-09-30": "205.15500", "2014-06-30": "207.40700", "2014-03-31": "194.39500", "2013-12-31": "189.20810", "2013-09-30": "189.82500", "2013-06-30": "183.71900", "2013-03-31": "161.73100", "2012-12-31": "147.85510", "2012-09-30": "163.29000", "2012-06-30": "178.45800", "2012-03-31": "166.76000", "2011-12-31": "154.80300", "2011-09-30": "168.02700", "2011-06-30": "170.28900", "2011-03-31": "166.98400", "2010-12-31": "151.79090", "2010-09-30": "144.64800", "2010-06-30": "151.21600", "2010-03-31": "144.35400", "2009-12-31": "117.14900", "2009-09-30": "111.56000", "2009-06-30": "86.46900", "2009-03-31": "77.67200", "2008-12-31": ""}, "Research And Development Expenses": {"2020-09-30": "33.42300", "2020-06-30": "30.23900", "2020-03-31": "34.45300", "2019-12-31": "38.45500", "2019-09-30": "38.18900", "2019-06-30": "36.68500", "2019-03-31": "35.09600", "2018-12-31": "35.49800", "2018-09-30": "37.80000", "2018-06-30": "37.98000", "2018-03-31": "36.00100", "2017-12-31": "33.12200", "2017-09-30": "33.99800", "2017-06-30": "31.20300", "2017-03-31": "31.80400", "2016-12-31": "31.41600", "2016-09-30": "31.60100", "2016-06-30": "32.28800", "2016-03-31": "31.35100", "2015-12-31": "30.87200", "2015-09-30": "30.81600", "2015-06-30": "31.24200", "2015-03-31": "30.73600", "2014-12-31": "26.49700", "2014-09-30": "19.52500", "2014-06-30": "18.49200", "2014-03-31": "17.66400", "2013-12-31": "14.83700", "2013-09-30": "15.18900", "2013-06-30": "14.30800", "2013-03-31": "13.61600", "2012-12-31": "12.92300", "2012-09-30": "13.39500", "2012-06-30": "12.46000", "2012-03-31": "13.29400", "2011-12-31": "11.50300", "2011-09-30": "12.25000", "2011-06-30": "12.07700", "2011-03-31": "8.76700", "2010-12-31": "7.41100", "2010-09-30": "6.11200", "2010-06-30": "6.21100", "2010-03-31": "4.93000", "2009-12-31": "4.11000", "2009-09-30": "3.56900", "2009-06-30": "3.96000", "2009-03-31": "5.16300", "2008-12-31": ""}, "SG&A Expenses": {"2020-09-30": "75.74700", "2020-06-30": "64.73000", "2020-03-31": "77.22100", "2019-12-31": "70.70900", "2019-09-30": "68.15800", "2019-06-30": "72.02600", "2019-03-31": "70.54900", "2018-12-31": "69.87700", "2018-09-30": "73.88600", "2018-06-30": "80.47300", "2018-03-31": "81.32200", "2017-12-31": "75.08600", "2017-09-30": "75.89100", "2017-06-30": "80.80500", "2017-03-31": "70.11400", "2016-12-31": "68.86900", "2016-09-30": "75.04600", "2016-06-30": "77.66000", "2016-03-31": "71.93100", "2015-12-31": "67.72400", "2015-09-30": "66.23300", "2015-06-30": "73.00800", "2015-03-31": "64.39600", "2014-12-31": "71.81000", "2014-09-30": "52.98500", "2014-06-30": "50.63800", "2014-03-31": "44.67200", "2013-12-31": "41.71500", "2013-09-30": "40.35500", "2013-06-30": "42.82100", "2013-03-31": "38.25400", "2012-12-31": "31.70000", "2012-09-30": "36.08500", "2012-06-30": "35.53000", "2012-03-31": "38.57900", "2011-12-31": "34.83300", "2011-09-30": "41.28600", "2011-06-30": "44.22700", "2011-03-31": "44.44400", "2010-12-31": "38.09300", "2010-09-30": "39.38200", "2010-06-30": "38.74000", "2010-03-31": "77.89100", "2009-12-31": "31.31000", "2009-09-30": "33.19000", "2009-06-30": "30.48200", "2009-03-31": "31.62900", "2008-12-31": ""}, "Other Operating Income Or Expenses": {"2020-09-30": "", "2020-06-30": "", "2020-03-31": "", "2019-12-31": "", "2019-09-30": "", "2019-06-30": "", "2019-03-31": "", "2018-12-31": "", "2018-09-30": "", "2018-06-30": "", "2018-03-31": "", "2017-12-31": "", "2017-09-30": "", "2017-06-30": "", "2017-03-31": "", "2016-12-31": "", "2016-09-30": "", "2016-06-30": "", "2016-03-31": "", "2015-12-31": "", "2015-09-30": "", "2015-06-30": "", "2015-03-31": "", "2014-12-31": "", "2014-09-30": "", "2014-06-30": "", "2014-03-31": "", "2013-12-31": "", "2013-09-30": "", "2013-06-30": "", "2013-03-31": "", "2012-12-31": "", "2012-09-30": "", "2012-06-30": "", "2012-03-31": "", "2011-12-31": "", "2011-09-30": "", "2011-06-30": "", "2011-03-31": "", "2010-12-31": "", "2010-09-30": "", "2010-06-30": "", "2010-03-31": "", "2009-12-31": "", "2009-09-30": "", "2009-06-30": "", "2009-03-31": "", "2008-12-31": ""}, "Operating Expenses": {"2020-09-30": "661.46800", "2020-06-30": "578.37300", "2020-03-31": "715.67000", "2019-12-31": "725.97300", "2019-09-30": "703.58300", "2019-06-30": "736.28700", "2019-03-31": "727.90310", "2018-12-31": "685.56010", "2018-09-30": "651.23300", "2018-06-30": "735.80000", "2018-03-31": "738.61500", "2017-12-31": "686.62210", "2017-09-30": "678.77400", "2017-06-30": "699.90500", "2017-03-31": "685.64500", "2016-12-31": "660.55310", "2016-09-30": "666.99000", "2016-06-30": "699.42700", "2016-03-31": "682.96200", "2015-12-31": "635.31200", "2015-09-30": "620.48190", "2015-06-30": "677.28900", "2015-03-31": "648.29400", "2014-12-31": "628.94290", "2014-09-30": "484.97800", "2014-06-30": "471.87700", "2014-03-31": "452.41600", "2013-12-31": "407.02200", "2013-09-30": "398.78700", "2013-06-30": "415.82800", "2013-03-31": "395.61400", "2012-12-31": "403.70900", "2012-09-30": "400.68800", "2012-06-30": "418.23500", "2012-03-31": "413.81000", "2011-12-31": "393.70800", "2011-09-30": "396.90500", "2011-06-30": "376.84800", "2011-03-31": "365.35500", "2010-12-31": "317.42600", "2010-09-30": "320.22200", "2010-06-30": "321.12900", "2010-03-31": "352.43900", "2009-12-31": "294.38000", "2009-09-30": "270.25600", "2009-06-30": "243.55600", "2009-03-31": "268.29500", "2008-12-31": ""}, "Operating Income": {"2020-09-30": "126.84500", "2020-06-30": "-1.86800", "2020-03-31": "58.59900", "2019-12-31": "120.71790", "2019-09-30": "146.13200", "2019-06-30": "147.43900", "2019-03-31": "142.59590", "2018-12-31": "162.36190", "2018-09-30": "222.31900", "2018-06-30": "178.06000", "2018-03-31": "147.67800", "2017-12-31": "153.91190", "2017-09-30": "140.28000", "2017-06-30": "139.96910", "2017-03-31": "121.62600", "2016-12-31": "127.84320", "2016-09-30": "122.80800", "2016-06-30": "128.11800", "2016-03-31": "113.58700", "2015-12-31": "91.15910", "2015-09-30": "106.87810", "2015-06-30": "93.15600", "2015-03-31": "102.39100", "2014-12-31": "76.31810", "2014-09-30": "92.11700", "2014-06-30": "103.97600", "2014-03-31": "99.17800", "2013-12-31": "97.99310", "2013-09-30": "100.09900", "2013-06-30": "90.59000", "2013-03-31": "74.79900", "2012-12-31": "41.64700", "2012-09-30": "71.24100", "2012-06-30": "86.38200", "2012-03-31": "78.19800", "2011-12-31": "59.65700", "2011-09-30": "77.40800", "2011-06-30": "78.19000", "2011-03-31": "78.87400", "2010-12-31": "70.41590", "2010-09-30": "63.07200", "2010-06-30": "70.67700", "2010-03-31": "24.69800", "2009-12-31": "43.70900", "2009-09-30": "32.21200", "2009-06-30": "11.81500", "2009-03-31": "-29.27900", "2008-12-31": ""}, "Total Non-Operating Income/Expense": {"2020-09-30": "-34.93500", "2020-06-30": "-39.23200", "2020-03-31": "-51.68400", "2019-12-31": "-40.12000", "2019-09-30": "-47.11600", "2019-06-30": "-43.16200", "2019-03-31": "-36.06400", "2018-12-31": "-42.96900", "2018-09-30": "-48.63900", "2018-06-30": "-49.37400", "2018-03-31": "-43.06200", "2017-12-31": "-38.45800", "2017-09-30": "-37.42900", "2017-06-30": "-41.90100", "2017-03-31": "-35.55800", "2016-12-31": "-50.60200", "2016-09-30": "-41.90200", "2016-06-30": "-41.62700", "2016-03-31": "-36.78000", "2015-12-31": "-47.27900", "2015-09-30": "-40.51100", "2015-06-30": "-43.64700", "2015-03-31": "-56.51800", "2014-12-31": "-43.99200", "2014-09-30": "-32.13100", "2014-06-30": "-19.37400", "2014-03-31": "-22.66600", "2013-12-31": "-33.34000", "2013-09-30": "-13.85400", "2013-06-30": "-55.76200", "2013-03-31": "-26.58800", "2012-12-31": "-34.60100", "2012-09-30": "-13.89700", "2012-06-30": "-35.50400", "2012-03-31": "-20.80100", "2011-12-31": "-27.13000", "2011-09-30": "-29.33100", "2011-06-30": "-98.82900", "2011-03-31": "-63.50400", "2010-12-31": "2.00300", "2010-09-30": "-101.46400", "2010-06-30": "26.64500", "2010-03-31": "13.80800", "2009-12-31": "-20.71000", "2009-09-30": "-69.59900", "2009-06-30": "21.81600", "2009-03-31": "26.98200", "2008-12-31": ""}, "Pre-Tax Income": {"2020-09-30": "91.91000", "2020-06-30": "-41.10000", "2020-03-31": "6.91500", "2019-12-31": "80.59800", "2019-09-30": "99.01600", "2019-06-30": "104.27700", "2019-03-31": "106.53200", "2018-12-31": "119.39300", "2018-09-30": "173.68000", "2018-06-30": "128.68600", "2018-03-31": "104.61600", "2017-12-31": "115.45400", "2017-09-30": "102.85100", "2017-06-30": "98.06800", "2017-03-31": "86.06800", "2016-12-31": "77.24100", "2016-09-30": "80.90600", "2016-06-30": "86.49100", "2016-03-31": "76.80700", "2015-12-31": "43.88000", "2015-09-30": "66.36700", "2015-06-30": "49.50900", "2015-03-31": "45.87300", "2014-12-31": "32.32600", "2014-09-30": "59.98600", "2014-06-30": "84.60200", "2014-03-31": "76.51200", "2013-12-31": "64.65300", "2013-09-30": "86.24500", "2013-06-30": "34.82800", "2013-03-31": "48.21100", "2012-12-31": "7.04600", "2012-09-30": "57.34400", "2012-06-30": "50.87800", "2012-03-31": "57.39700", "2011-12-31": "32.52700", "2011-09-30": "48.07700", "2011-06-30": "-20.63900", "2011-03-31": "15.37000", "2010-12-31": "72.41900", "2010-09-30": "-38.39200", "2010-06-30": "97.32200", "2010-03-31": "38.50600", "2009-12-31": "23.03000", "2009-09-30": "-37.38700", "2009-06-30": "33.63100", "2009-03-31": "-2.29700", "2008-12-31": ""}, "Income Taxes": {"2020-09-30": "15.18100", "2020-06-30": "1.44100", "2020-03-31": "-1.51600", "2019-12-31": "27.06000", "2019-09-30": "28.34100", "2019-06-30": "30.84100", "2019-03-31": "21.46700", "2018-12-31": "-134.70600", "2018-09-30": "24.56200", "2018-06-30": "23.39800", "2018-03-31": "14.12600", "2017-12-31": "-53.67500", "2017-09-30": "14.81600", "2017-06-30": "18.61100", "2017-03-31": "14.33200", "2016-12-31": "10.71400", "2016-09-30": "11.12100", "2016-06-30": "20.98100", "2016-03-31": "16.19500", "2015-12-31": "-174.40900", "2015-09-30": "13.21500", "2015-06-30": "8.60900", "2015-03-31": "10.51800", "2014-12-31": "-37.19400", "2014-09-30": "-21.97700", "2014-06-30": "20.70900", "2014-03-31": "8.13900", "2013-12-31": "-2.41400", "2013-09-30": "20.22300", "2013-06-30": "14.45700", "2013-03-31": "13.54600", "2012-12-31": "-63.89500", "2012-09-30": "15.83800", "2012-06-30": "24.76000", "2012-03-31": "18.48100", "2011-12-31": "8.14800", "2011-09-30": "21.83000", "2011-06-30": "13.98800", "2011-03-31": "24.89500", "2010-12-31": "3.80900", "2010-09-30": "9.99700", "2010-06-30": "14.80300", "2010-03-31": "11.19600", "2009-12-31": "9.12000", "2009-09-30": "16.64800", "2009-06-30": "10.87600", "2009-03-31": "7.64100", "2008-12-31": ""}, "Income After Taxes": {"2020-09-30": "76.72900", "2020-06-30": "-42.54100", "2020-03-31": "8.43100", "2019-12-31": "53.53800", "2019-09-30": "70.67500", "2019-06-30": "73.43600", "2019-03-31": "85.06500", "2018-12-31": "254.09900", "2018-09-30": "149.11800", "2018-06-30": "105.28800", "2018-03-31": "90.49000", "2017-12-31": "169.12900", "2017-09-30": "88.03500", "2017-06-30": "79.45700", "2017-03-31": "71.73600", "2016-12-31": "66.52700", "2016-09-30": "69.78500", "2016-06-30": "65.51000", "2016-03-31": "60.61200", "2015-12-31": "218.28900", "2015-09-30": "53.15200", "2015-06-30": "40.90000", "2015-03-31": "35.35500", "2014-12-31": "69.52000", "2014-09-30": "81.96300", "2014-06-30": "63.89300", "2014-03-31": "68.37300", "2013-12-31": "67.06700", "2013-09-30": "66.02200", "2013-06-30": "20.37100", "2013-03-31": "34.66500", "2012-12-31": "70.94100", "2012-09-30": "41.50600", "2012-06-30": "26.11800", "2012-03-31": "38.91600", "2011-12-31": "24.37900", "2011-09-30": "26.24700", "2011-06-30": "-34.62700", "2011-03-31": "-9.52500", "2010-12-31": "68.61000", "2010-09-30": "-48.38900", "2010-06-30": "82.51900", "2010-03-31": "27.31000", "2009-12-31": "13.91000", "2009-09-30": "-54.03500", "2009-06-30": "22.75500", "2009-03-31": "-9.93800", "2008-12-31": ""}, "Other Income": {"2020-09-30": "", "2020-06-30": "", "2020-03-31": "", "2019-12-31": "", "2019-09-30": "", "2019-06-30": "", "2019-03-31": "", "2018-12-31": "", "2018-09-30": "", "2018-06-30": "", "2018-03-31": "", "2017-12-31": "", "2017-09-30": "", "2017-06-30": "", "2017-03-31": "", "2016-12-31": "", "2016-09-30": "", "2016-06-30": "", "2016-03-31": "", "2015-12-31": "", "2015-09-30": "", "2015-06-30": "", "2015-03-31": "", "2014-12-31": "", "2014-09-30": "", "2014-06-30": "", "2014-03-31": "", "2013-12-31": "", "2013-09-30": "", "2013-06-30": "", "2013-03-31": "", "2012-12-31": "", "2012-09-30": "", "2012-06-30": "", "2012-03-31": "", "2011-12-31": "", "2011-09-30": "", "2011-06-30": "", "2011-03-31": "", "2010-12-31": "", "2010-09-30": "", "2010-06-30": "", "2010-03-31": "", "2009-12-31": "0.00000", "2009-09-30": "", "2009-06-30": "", "2009-03-31": "", "2008-12-31": ""}, "Income From Continuous Operations": {"2020-09-30": "76.72900", "2020-06-30": "-42.54100", "2020-03-31": "8.43100", "2019-12-31": "53.53800", "2019-09-30": "70.67500", "2019-06-30": "73.43600", "2019-03-31": "85.06500", "2018-12-31": "254.09900", "2018-09-30": "149.11800", "2018-06-30": "105.28800", "2018-03-31": "90.49000", "2017-12-31": "169.12900", "2017-09-30": "88.03500", "2017-06-30": "79.45700", "2017-03-31": "71.73600", "2016-12-31": "66.52700", "2016-09-30": "69.78500", "2016-06-30": "65.51000", "2016-03-31": "60.61200", "2015-12-31": "218.28900", "2015-09-30": "53.15200", "2015-06-30": "40.90000", "2015-03-31": "35.35500", "2014-12-31": "69.52000", "2014-09-30": "81.96300", "2014-06-30": "63.89300", "2014-03-31": "68.37300", "2013-12-31": "67.06700", "2013-09-30": "66.02200", "2013-06-30": "20.37100", "2013-03-31": "34.66500", "2012-12-31": "70.94100", "2012-09-30": "41.50600", "2012-06-30": "26.11800", "2012-03-31": "38.91600", "2011-12-31": "24.37900", "2011-09-30": "26.24700", "2011-06-30": "-34.62700", "2011-03-31": "-9.52500", "2010-12-31": "68.61000", "2010-09-30": "-48.38900", "2010-06-30": "82.51900", "2010-03-31": "27.31000", "2009-12-31": "14.14600", "2009-09-30": "-54.03500", "2009-06-30": "22.75500", "2009-03-31": "-9.93800", "2008-12-31": ""}, "Income From Discontinued Operations": {"2020-09-30": "", "2020-06-30": "", "2020-03-31": "", "2019-12-31": "", "2019-09-30": "", "2019-06-30": "", "2019-03-31": "", "2018-12-31": "", "2018-09-30": "", "2018-06-30": "", "2018-03-31": "", "2017-12-31": "", "2017-09-30": "", "2017-06-30": "", "2017-03-31": "", "2016-12-31": "", "2016-09-30": "", "2016-06-30": "", "2016-03-31": "", "2015-12-31": "", "2015-09-30": "", "2015-06-30": "", "2015-03-31": "", "2014-12-31": "", "2014-09-30": "", "2014-06-30": "", "2014-03-31": "", "2013-12-31": "", "2013-09-30": "", "2013-06-30": "", "2013-03-31": "", "2012-12-31": "", "2012-09-30": "", "2012-06-30": "", "2012-03-31": "", "2011-12-31": "", "2011-09-30": "", "2011-06-30": "", "2011-03-31": "", "2010-12-31": "", "2010-09-30": "", "2010-06-30": "", "2010-03-31": "", "2009-12-31": "0.00000", "2009-09-30": "", "2009-06-30": "-0.13400", "2009-03-31": "-0.26100", "2008-12-31": ""}, "Net Income": {"2020-09-30": "76.72900", "2020-06-30": "-42.54100", "2020-03-31": "8.43100", "2019-12-31": "53.53800", "2019-09-30": "70.67500", "2019-06-30": "73.43600", "2019-03-31": "85.06500", "2018-12-31": "254.09900", "2018-09-30": "149.11800", "2018-06-30": "105.28800", "2018-03-31": "90.49000", "2017-12-31": "169.12900", "2017-09-30": "88.03500", "2017-06-30": "79.45700", "2017-03-31": "71.73600", "2016-12-31": "66.52700", "2016-09-30": "69.78500", "2016-06-30": "65.51000", "2016-03-31": "60.61200", "2015-12-31": "218.28900", "2015-09-30": "53.15200", "2015-06-30": "40.90000", "2015-03-31": "35.35500", "2014-12-31": "69.52000", "2014-09-30": "81.96300", "2014-06-30": "63.89300", "2014-03-31": "68.37300", "2013-12-31": "67.06700", "2013-09-30": "66.02200", "2013-06-30": "20.37100", "2013-03-31": "34.66500", "2012-12-31": "70.94100", "2012-09-30": "41.50600", "2012-06-30": "26.11800", "2012-03-31": "38.91600", "2011-12-31": "24.37900", "2011-09-30": "26.24700", "2011-06-30": "-34.62700", "2011-03-31": "-9.52500", "2010-12-31": "68.61000", "2010-09-30": "-48.38900", "2010-06-30": "82.51900", "2010-03-31": "27.31000", "2009-12-31": "14.14600", "2009-09-30": "-54.03500", "2009-06-30": "22.62100", "2009-03-31": "-10.19900", "2008-12-31": ""}, "EBITDA": {"2020-09-30": "190.09800", "2020-06-30": "63.11600", "2020-03-31": "128.00100", "2019-12-31": "189.26390", "2019-09-30": "213.06400", "2019-06-30": "213.32600", "2019-03-31": "207.78290", "2018-12-31": "226.44690", "2018-09-30": "284.14000", "2018-06-30": "240.08200", "2018-03-31": "212.40700", "2017-12-31": "222.40390", "2017-09-30": "209.64400", "2017-06-30": "208.81510", "2017-03-31": "192.53600", "2016-12-31": "206.53720", "2016-09-30": "201.49700", "2016-06-30": "205.86100", "2016-03-31": "194.19600", "2015-12-31": "170.13310", "2015-09-30": "175.94000", "2015-06-30": "166.77500", "2015-03-31": "171.69500", "2014-12-31": "148.53410", "2014-09-30": "145.02400", "2014-06-30": "152.76700", "2014-03-31": "148.46600", "2013-12-31": "145.54510", "2013-09-30": "147.47000", "2013-06-30": "137.58300", "2013-03-31": "122.46600", "2012-12-31": "93.18300", "2012-09-30": "121.65600", "2012-06-30": "136.70100", "2012-03-31": "130.52400", "2011-12-31": "109.35500", "2011-09-30": "127.97900", "2011-06-30": "124.85500", "2011-03-31": "126.53800", "2010-12-31": "117.82890", "2010-09-30": "110.44300", "2010-06-30": "118.36600", "2010-03-31": "73.93100", "2009-12-31": "98.43200", "2009-09-30": "84.53300", "2009-06-30": "63.07500", "2009-03-31": "42.84700", "2008-12-31": ""}, "EBIT": {"2020-09-30": "126.84500", "2020-06-30": "-1.86800", "2020-03-31": "58.59900", "2019-12-31": "120.71800", "2019-09-30": "146.13200", "2019-06-30": "147.43900", "2019-03-31": "142.59590", "2018-12-31": "162.36190", "2018-09-30": "222.31900", "2018-06-30": "178.06000", "2018-03-31": "147.67800", "2017-12-31": "153.91180", "2017-09-30": "140.28000", "2017-06-30": "139.96910", "2017-03-31": "121.62600", "2016-12-31": "127.84300", "2016-09-30": "122.80800", "2016-06-30": "128.11800", "2016-03-31": "113.58700", "2015-12-31": "91.15890", "2015-09-30": "106.87810", "2015-06-30": "93.15600", "2015-03-31": "102.39100", "2014-12-31": "76.31810", "2014-09-30": "92.11700", "2014-06-30": "103.97600", "2014-03-31": "99.17800", "2013-12-31": "97.99310", "2013-09-30": "100.09900", "2013-06-30": "90.59000", "2013-03-31": "74.79900", "2012-12-31": "41.64700", "2012-09-30": "71.24100", "2012-06-30": "86.38200", "2012-03-31": "78.19800", "2011-12-31": "59.65690", "2011-09-30": "77.40800", "2011-06-30": "78.19000", "2011-03-31": "78.87400", "2010-12-31": "70.41600", "2010-09-30": "63.07200", "2010-06-30": "70.67700", "2010-03-31": "24.69800", "2009-12-31": "43.70900", "2009-09-30": "32.21200", "2009-06-30": "11.81500", "2009-03-31": "-29.27900", "2008-12-31": ""}, "Basic Shares Outstanding": {"2020-09-30": "157.22000", "2020-06-30": "157.18600", "2020-03-31": "157.59900", "2019-12-31": "160.94600", "2019-09-30": "160.45800", "2019-06-30": "161.61800", "2019-03-31": "163.24700", "2018-12-31": "168.57000", "2018-09-30": "167.29000", "2018-06-30": "171.43900", "2018-03-31": "171.40400", "2017-12-31": "171.16500", "2017-09-30": "171.26900", "2017-06-30": "171.13200", "2017-03-31": "170.94700", "2016-12-31": "170.70900", "2016-09-30": "170.84000", "2016-06-30": "170.72300", "2016-03-31": "170.40400", "2015-12-31": "169.97700", "2015-09-30": "170.14700", "2015-06-30": "170.00700", "2015-03-31": "169.48700", "2014-12-31": "170.11300", "2014-09-30": "168.55400", "2014-06-30": "170.74800", "2014-03-31": "172.08500", "2013-12-31": "176.09100", "2013-09-30": "175.94100", "2013-06-30": "175.21000", "2013-03-31": "177.93600", "2012-12-31": "177.47300", "2012-09-30": "177.76100", "2012-06-30": "177.45700", "2012-03-31": "176.76600", "2011-12-31": "175.30700", "2011-09-30": "175.98400", "2011-06-30": "174.94400", "2011-03-31": "173.94300", "2010-12-31": "166.27800", "2010-09-30": "171.12600", "2010-06-30": "171.02500", "2010-03-31": "150.21100", "2009-12-31": "144.05700", "2009-09-30": "144.05600", "2009-06-30": "144.05600", "2009-03-31": "144.05600", "2008-12-31": ""}, "Shares Outstanding": {"2020-09-30": "157.97900", "2020-06-30": "157.18600", "2020-03-31": "158.38500", "2019-12-31": "161.96800", "2019-09-30": "161.30800", "2019-06-30": "162.47800", "2019-03-31": "164.52100", "2018-12-31": "169.85900", "2018-09-30": "168.59400", "2018-06-30": "172.69300", "2018-03-31": "172.85600", "2017-12-31": "172.16900", "2017-09-30": "172.24500", "2017-06-30": "171.92000", "2017-03-31": "171.90500", "2016-12-31": "171.46000", "2016-09-30": "171.47800", "2016-06-30": "171.34300", "2016-03-31": "171.25700", "2015-12-31": "171.51300", "2015-09-30": "171.60800", "2015-06-30": "171.66700", "2015-03-31": "171.26200", "2014-12-31": "172.21700", "2014-09-30": "170.76500", "2014-06-30": "172.91800", "2014-03-31": "174.15100", "2013-12-31": "179.02400", "2013-09-30": "178.62900", "2013-06-30": "178.40700", "2013-03-31": "181.52200", "2012-12-31": "181.62300", "2012-09-30": "181.65400", "2012-06-30": "181.78100", "2012-03-31": "181.50500", "2011-12-31": "181.21200", "2011-09-30": "181.52600", "2011-06-30": "174.94400", "2011-03-31": "173.94300", "2010-12-31": "172.94600", "2010-09-30": "171.12600", "2010-06-30": "177.80400", "2010-03-31": "156.69600", "2009-12-31": "144.05700", "2009-09-30": "144.05600", "2009-06-30": "144.52600", "2009-03-31": "144.05600", "2008-12-31": ""}, "Basic EPS": {"2020-09-30": "0.49000", "2020-06-30": "-0.27000", "2020-03-31": "0.05000", "2019-12-31": "0.35000", "2019-09-30": "0.44000", "2019-06-30": "0.45000", "2019-03-31": "0.52000", "2018-12-31": "1.52000", "2018-09-30": "0.89000", "2018-06-30": "0.61000", "2018-03-31": "0.53000", "2017-12-31": "1.00000", "2017-09-30": "0.51000", "2017-06-30": "0.46000", "2017-03-31": "0.42000", "2016-12-31": "0.39000", "2016-09-30": "0.41000", "2016-06-30": "0.38000", "2016-03-31": "0.36000", "2015-12-31": "1.29000", "2015-09-30": "0.31000", "2015-06-30": "0.24000", "2015-03-31": "0.21000", "2014-12-31": "0.41000", "2014-09-30": "0.49000", "2014-06-30": "0.37000", "2014-03-31": "0.40000", "2013-12-31": "0.38000", "2013-09-30": "0.38000", "2013-06-30": "0.12000", "2013-03-31": "0.19000", "2012-12-31": "0.40000", "2012-09-30": "0.23000", "2012-06-30": "0.15000", "2012-03-31": "0.22000", "2011-12-31": "0.14000", "2011-09-30": "0.15000", "2011-06-30": "-0.20000", "2011-03-31": "-0.05000", "2010-12-31": "0.40000", "2010-09-30": "-0.28000", "2010-06-30": "0.48000", "2010-03-31": "0.18000", "2009-12-31": "0.10000", "2009-09-30": "-0.38000", "2009-06-30": "0.16000", "2009-03-31": "-0.07000", "2008-12-31": ""}, "EPS - Earnings Per Share": {"2020-09-30": "0.49000", "2020-06-30": "-0.27000", "2020-03-31": "0.05000", "2019-12-31": "0.34000", "2019-09-30": "0.44000", "2019-06-30": "0.45000", "2019-03-31": "0.52000", "2018-12-31": "1.52000", "2018-09-30": "0.88000", "2018-06-30": "0.61000", "2018-03-31": "0.52000", "2017-12-31": "0.98000", "2017-09-30": "0.51000", "2017-06-30": "0.46000", "2017-03-31": "0.42000", "2016-12-31": "0.39000", "2016-09-30": "0.41000", "2016-06-30": "0.38000", "2016-03-31": "0.35000", "2015-12-31": "1.27000", "2015-09-30": "0.31000", "2015-06-30": "0.24000", "2015-03-31": "0.21000", "2014-12-31": "0.41000", "2014-09-30": "0.48000", "2014-06-30": "0.37000", "2014-03-31": "0.39000", "2013-12-31": "0.38000", "2013-09-30": "0.37000", "2013-06-30": "0.11000", "2013-03-31": "0.19000", "2012-12-31": "0.40000", "2012-09-30": "0.23000", "2012-06-30": "0.14000", "2012-03-31": "0.21000", "2011-12-31": "0.15000", "2011-09-30": "0.14000", "2011-06-30": "-0.20000", "2011-03-31": "-0.05000", "2010-12-31": "0.40000", "2010-09-30": "-0.28000", "2010-06-30": "0.46000", "2010-03-31": "0.17000", "2009-12-31": "0.10000", "2009-09-30": "-0.38000", "2009-06-30": "0.16000", "2009-03-31": "-0.07000", "2008-12-31": "0.00000"}}, "balance sheet": {"Cash On Hand": {"2019-12-31": "774.11900", "2018-12-31": "729.83300", "2017-12-31": "753.08900", "2016-12-31": "351.42800", "2015-12-31": "342.26300", "2014-12-31": "211.32900", "2013-12-31": "317.89600", "2012-12-31": "413.53900", "2011-12-31": "92.12700", "2010-12-31": "493.66200", "2009-12-31": "148.46800", "2008-12-31": ""}, "Receivables": {"2019-12-31": "557.87400", "2018-12-31": "581.76900", "2017-12-31": "556.54100", "2016-12-31": "500.21100", "2015-12-31": "467.56700", "2014-12-31": "444.85200", "2013-12-31": "291.72300", "2012-12-31": "258.11400", "2011-12-31": "261.42500", "2010-12-31": "198.24500", "2009-12-31": "180.83900", "2008-12-31": ""}, "Inventory": {"2019-12-31": "506.67800", "2018-12-31": "492.31900", "2017-12-31": "446.12900", "2016-12-31": "389.84400", "2015-12-31": "358.70100", "2014-12-31": "356.36400", "2013-12-31": "183.39500", "2012-12-31": "176.23300", "2011-12-31": "197.54200", "2010-12-31": "140.94900", "2009-12-31": "125.37500", "2008-12-31": ""}, "Pre-Paid Expenses": {"2019-12-31": "126.98100", "2018-12-31": "113.23400", "2017-12-31": "92.53200", "2016-12-31": "100.00200", "2015-12-31": "109.39200", "2014-12-31": "90.91800", "2013-12-31": "41.64200", "2012-12-31": "33.92300", "2011-12-31": "32.08300", "2010-12-31": "25.00600", "2009-12-31": "19.62700", "2008-12-31": ""}, "Other Current Assets": {"2019-12-31": "", "2018-12-31": "", "2017-12-31": "", "2016-12-31": "", "2015-12-31": "", "2014-12-31": "", "2013-12-31": "", "2012-12-31": "", "2011-12-31": "", "2010-12-31": "", "2009-12-31": "0.55900", "2008-12-31": ""}, "Total Current Assets": {"2019-12-31": "1965.65200", "2018-12-31": "1917.15500", "2017-12-31": "1848.29100", "2016-12-31": "1341.48500", "2015-12-31": "1277.92300", "2014-12-31": "1118.76400", "2013-12-31": "855.63100", "2012-12-31": "894.68000", "2011-12-31": "593.16600", "2010-12-31": "864.42800", "2009-12-31": "487.28700", "2008-12-31": ""}, "Property, Plant, And Equipment": {"2019-12-31": "830.99800", "2018-12-31": "787.17800", "2017-12-31": "750.04900", "2016-12-31": "724.04600", "2015-12-31": "694.15500", "2014-12-31": "589.48400", "2013-12-31": "344.65700", "2012-12-31": "323.18600", "2011-12-31": "331.17500", "2010-12-31": "231.69300", "2009-12-31": "219.61700", "2008-12-31": ""}, "Long-Term Investments": {"2019-12-31": "", "2018-12-31": "", "2017-12-31": "", "2016-12-31": "", "2015-12-31": "", "2014-12-31": "", "2013-12-31": "", "2012-12-31": "", "2011-12-31": "", "2010-12-31": "", "2009-12-31": "", "2008-12-31": ""}, "Goodwill And Intangible Assets": {"2019-12-31": "3864.50200", "2018-12-31": "3978.49300", "2017-12-31": "3925.58800", "2016-12-31": "4080.89500", "2015-12-31": "4282.31500", "2014-12-31": "3335.56900", "2013-12-31": "2258.43700", "2012-12-31": "2357.99000", "2011-12-31": "2484.38100", "2010-12-31": "2252.09800", "2009-12-31": "2396.10100", "2008-12-31": "0.00000"}, "Other Long-Term Assets": {"2019-12-31": "152.21700", "2018-12-31": "86.89000", "2017-12-31": "84.59400", "2016-12-31": "73.85500", "2015-12-31": "18.10000", "2014-12-31": "26.94000", "2013-12-31": "10.34400", "2012-12-31": "11.44500", "2011-12-31": "17.36600", "2010-12-31": "9.51000", "2009-12-31": "17.17500", "2008-12-31": ""}, "Total Long-Term Assets": {"2019-12-31": "4868.86700", "2018-12-31": "4880.53200", "2017-12-31": "4793.23400", "2016-12-31": "4899.49100", "2015-12-31": "5020.98700", "2014-12-31": "3997.84500", "2013-12-31": "2643.19300", "2012-12-31": "2753.71100", "2011-12-31": "2863.48500", "2010-12-31": "2523.56900", "2009-12-31": "2679.58300", "2008-12-31": ""}, "Total Assets": {"2019-12-31": "6834.51900", "2018-12-31": "6797.68700", "2017-12-31": "6641.52500", "2016-12-31": "6240.97600", "2015-12-31": "6298.91000", "2014-12-31": "5116.60900", "2013-12-31": "3498.82400", "2012-12-31": "3648.39100", "2011-12-31": "3456.65100", "2010-12-31": "3387.99700", "2009-12-31": "3166.87000", "2008-12-31": "0.00000"}, "Total Current Liabilities": {"2019-12-31": "634.74600", "2018-12-31": "639.94400", "2017-12-31": "629.49500", "2016-12-31": "583.29600", "2015-12-31": "865.17500", "2014-12-31": "677.50600", "2013-12-31": "318.49200", "2012-12-31": "278.36300", "2011-12-31": "279.25200", "2010-12-31": "255.10000", "2009-12-31": "241.52100", "2008-12-31": ""}, "Long Term Debt": {"2019-12-31": "3248.69500", "2018-12-31": "3250.38000", "2017-12-31": "3254.54900", "2016-12-31": "3258.95100", "2015-12-31": "3300.55200", "2014-12-31": "2695.85700", "2013-12-31": "1715.86600", "2012-12-31": "1811.77700", "2011-12-31": "1821.96900", "2010-12-31": "1872.91400", "2009-12-31": "2283.68700", "2008-12-31": ""}, "Other Non-Current Liabilities": {"2019-12-31": "90.19000", "2018-12-31": "39.27700", "2017-12-31": "33.57200", "2016-12-31": "29.21600", "2015-12-31": "39.80300", "2014-12-31": "41.81700", "2013-12-31": "22.00600", "2012-12-31": "31.30800", "2011-12-31": "26.10100", "2010-12-31": "30.09200", "2009-12-31": "39.50200", "2008-12-31": ""}, "Total Long Term Liabilities": {"2019-12-31": "3626.01800", "2018-12-31": "3549.30900", "2017-12-31": "3666.40400", "2016-12-31": "3715.67300", "2015-12-31": "3765.15900", "2014-12-31": "3136.21100", "2013-12-31": "2038.74400", "2012-12-31": "2147.73400", "2011-12-31": "2132.44800", "2010-12-31": "2125.11600", "2009-12-31": "2538.19100", "2008-12-31": ""}, "Total Liabilities": {"2019-12-31": "4260.76400", "2018-12-31": "4189.25300", "2017-12-31": "4295.89900", "2016-12-31": "4298.96900", "2015-12-31": "4630.33400", "2014-12-31": "3813.71700", "2013-12-31": "2357.23600", "2012-12-31": "2426.09700", "2011-12-31": "2411.70000", "2010-12-31": "2380.21600", "2009-12-31": "2779.71200", "2008-12-31": "0.00000"}, "Common Stock Net": {"2019-12-31": "2.21200", "2018-12-31": "2.20300", "2017-12-31": "2.28900", "2016-12-31": "2.28900", "2015-12-31": "2.28900", "2014-12-31": "2.28900", "2013-12-31": "2.28900", "2012-12-31": "2.28900", "2011-12-31": "2.26400", "2010-12-31": "2.22400", "2009-12-31": "1.82500", "2008-12-31": "0.00000"}, "Retained Earnings (Accumulated Deficit)": {"2019-12-31": "1616.35700", "2018-12-31": "1340.63600", "2017-12-31": "1031.61200", "2016-12-31": "636.84100", "2015-12-31": "391.24700", "2014-12-31": "67.23300", "2013-12-31": "-187.79200", "2012-12-31": "-316.36800", "2011-12-31": "-491.16400", "2010-12-31": "-497.63800", "2009-12-31": "-627.68800", "2008-12-31": ""}, "Comprehensive Income": {"2019-12-31": "-20.48400", "2018-12-31": "-26.17800", "2017-12-31": "-63.16400", "2016-12-31": "-34.06700", "2015-12-31": "-25.99000", "2014-12-31": "-11.74800", "2013-12-31": "-33.10700", "2012-12-31": "-39.40600", "2011-12-31": "-23.22400", "2010-12-31": "-27.45800", "2009-12-31": "-37.19900", "2008-12-31": ""}, "Other Share Holders Equity": {"2019-12-31": "", "2018-12-31": "", "2017-12-31": "", "2016-12-31": "", "2015-12-31": "", "2014-12-31": "", "2013-12-31": "", "2012-12-31": "", "2011-12-31": "", "2010-12-31": "", "2009-12-31": "-0.01700", "2008-12-31": "0.00000"}, "Share Holder Equity": {"2019-12-31": "2573.75500", "2018-12-31": "2608.43400", "2017-12-31": "2345.62600", "2016-12-31": "1942.00700", "2015-12-31": "1668.57600", "2014-12-31": "1302.89200", "2013-12-31": "1141.58800", "2012-12-31": "1222.29400", "2011-12-31": "1044.95100", "2010-12-31": "1007.78100", "2009-12-31": "387.15800", "2008-12-31": "0.00000"}, "Total Liabilities And Share Holders Equity": {"2019-12-31": "6834.51900", "2018-12-31": "6797.68700", "2017-12-31": "6641.52500", "2016-12-31": "6240.97600", "2015-12-31": "6298.91000", "2014-12-31": "5116.60900", "2013-12-31": "3498.82400", "2012-12-31": "3648.39100", "2011-12-31": "3456.65100", "2010-12-31": "3387.99700", "2009-12-31": "3166.87000", "2008-12-31": "0.00000"}}, "balance sheet, quarterly": {"Cash On Hand": {"2020-09-30": "1610.19100", "2020-06-30": "1242.94900", "2020-03-31": "802.97100", "2019-12-31": "774.11900", "2019-09-30": "721.38600", "2019-06-30": "721.07300", "2019-03-31": "649.51800", "2018-12-31": "729.83300", "2018-09-30": "811.39400", "2018-06-30": "863.38000", "2018-03-31": "828.26600", "2017-12-31": "753.08900", "2017-09-30": "612.97200", "2017-06-30": "511.48400", "2017-03-31": "431.70000", "2016-12-31": "351.42800", "2016-09-30": "299.88700", "2016-06-30": "309.12000", "2016-03-31": "347.98700", "2015-12-31": "342.26300", "2015-09-30": "258.20900", "2015-06-30": "226.79500", "2015-03-31": "195.58100", "2014-12-31": "211.32900", "2014-09-30": "196.73700", "2014-06-30": "184.63800", "2014-03-31": "334.06400", "2013-12-31": "317.89600", "2013-09-30": "348.19900", "2013-06-30": "234.34700", "2013-03-31": "431.02500", "2012-12-31": "413.53900", "2012-09-30": "348.16400", "2012-06-30": "260.83500", "2012-03-31": "193.10600", "2011-12-31": "92.12700", "2011-09-30": "77.82100", "2011-06-30": "287.10400", "2011-03-31": "419.32700", "2010-12-31": "493.66200", "2010-09-30": "402.92200", "2010-06-30": "311.24700", "2010-03-31": "508.24700", "2009-12-31": "148.46800", "2009-09-30": "", "2009-06-30": "", "2009-03-31": "", "2008-12-31": ""}, "Receivables": {"2020-09-30": "565.18400", "2020-06-30": "443.71200", "2020-03-31": "536.41600", "2019-12-31": "557.87400", "2019-09-30": "596.81400", "2019-06-30": "635.54400", "2019-03-31": "633.00600", "2018-12-31": "581.76900", "2018-09-30": "614.61600", "2018-06-30": "604.85900", "2018-03-31": "627.74900", "2017-12-31": "556.54100", "2017-09-30": "569.88100", "2017-06-30": "565.63600", "2017-03-31": "533.12600", "2016-12-31": "500.21100", "2016-09-30": "532.57100", "2016-06-30": "535.48800", "2016-03-31": "525.68400", "2015-12-31": "467.56700", "2015-09-30": "481.73700", "2015-06-30": "499.10100", "2015-03-31": "488.33500", "2014-12-31": "444.85200", "2014-09-30": "378.74700", "2014-06-30": "352.62300", "2014-03-31": "352.99800", "2013-12-31": "291.72300", "2013-09-30": "303.73900", "2013-06-30": "310.13600", "2013-03-31": "287.34800", "2012-12-31": "258.11400", "2012-09-30": "296.41600", "2012-06-30": "303.36400", "2012-03-31": "290.55700", "2011-12-31": "261.42500", "2011-09-30": "285.67700", "2011-06-30": "270.95600", "2011-03-31": "269.48900", "2010-12-31": "198.24500", "2010-09-30": "202.36100", "2010-06-30": "213.83600", "2010-03-31": "208.34700", "2009-12-31": "180.83900", "2009-09-30": "", "2009-06-30": "", "2009-03-31": "", "2008-12-31": ""}, "Inventory": {"2020-09-30": "438.18800", "2020-06-30": "488.80700", "2020-03-31": "514.27400", "2019-12-31": "506.67800", "2019-09-30": "502.93900", "2019-06-30": "490.12300", "2019-03-31": "484.13600", "2018-12-31": "492.31900", "2018-09-30": "489.25100", "2018-06-30": "462.00600", "2018-03-31": "459.69900", "2017-12-31": "446.12900", "2017-09-30": "447.48600", "2017-06-30": "411.35100", "2017-03-31": "407.19800", "2016-12-31": "389.84400", "2016-09-30": "372.96800", "2016-06-30": "346.12000", "2016-03-31": "344.25100", "2015-12-31": "358.70100", "2015-09-30": "341.36100", "2015-06-30": "332.64800", "2015-03-31": "346.79900", "2014-12-31": "356.36400", "2014-09-30": "274.30600", "2014-06-30": "226.05800", "2014-03-31": "199.13500", "2013-12-31": "183.39500", "2013-09-30": "181.60500", "2013-06-30": "173.54900", "2013-03-31": "172.02000", "2012-12-31": "176.23300", "2012-09-30": "185.97000", "2012-06-30": "194.88700", "2012-03-31": "200.46000", "2011-12-31": "197.54200", "2011-09-30": "209.75700", "2011-06-30": "175.19200", "2011-03-31": "155.82300", "2010-12-31": "140.94900", "2010-09-30": "142.29800", "2010-06-30": "141.62700", "2010-03-31": "132.84900", "2009-12-31": "125.37500", "2009-09-30": "", "2009-06-30": "", "2009-03-31": "", "2008-12-31": ""}, "Pre-Paid Expenses": {"2020-09-30": "100.31600", "2020-06-30": "103.69600", "2020-03-31": "115.88700", "2019-12-31": "126.98100", "2019-09-30": "128.44700", "2019-06-30": "122.83900", "2019-03-31": "118.41300", "2018-12-31": "113.23400", "2018-09-30": "111.94000", "2018-06-30": "99.86100", "2018-03-31": "102.86800", "2017-12-31": "92.53200", "2017-09-30": "100.93500", "2017-06-30": "99.73800", "2017-03-31": "101.25900", "2016-12-31": "100.00200", "2016-09-30": "90.90100", "2016-06-30": "105.59300", "2016-03-31": "113.31400", "2015-12-31": "109.39200", "2015-09-30": "112.03900", "2015-06-30": "116.81300", "2015-03-31": "123.37500", "2014-12-31": "90.91800", "2014-09-30": "56.13100", "2014-06-30": "33.05100", "2014-03-31": "42.03400", "2013-12-31": "41.64200", "2013-09-30": "33.88800", "2013-06-30": "37.26500", "2013-03-31": "38.93700", "2012-12-31": "33.92300", "2012-09-30": "37.10100", "2012-06-30": "31.76800", "2012-03-31": "32.10100", "2011-12-31": "32.08300", "2011-09-30": "40.89300", "2011-06-30": "24.85900", "2011-03-31": "36.35600", "2010-12-31": "25.00600", "2010-09-30": "21.37700", "2010-06-30": "20.23900", "2010-03-31": "22.23100", "2009-12-31": "19.62700", "2009-09-30": "", "2009-06-30": "", "2009-03-31": "", "2008-12-31": ""}, "Other Current Assets": {"2020-09-30": "", "2020-06-30": "", "2020-03-31": "", "2019-12-31": "", "2019-09-30": "", "2019-06-30": "", "2019-03-31": "", "2018-12-31": "", "2018-09-30": "", "2018-06-30": "118.81300", "2018-03-31": "", "2017-12-31": "", "2017-09-30": "", "2017-06-30": "", "2017-03-31": "", "2016-12-31": "", "2016-09-30": "", "2016-06-30": "", "2016-03-31": "", "2015-12-31": "", "2015-09-30": "", "2015-06-30": "", "2015-03-31": "", "2014-12-31": "", "2014-09-30": "", "2014-06-30": "", "2014-03-31": "", "2013-12-31": "", "2013-09-30": "", "2013-06-30": "", "2013-03-31": "", "2012-12-31": "", "2012-09-30": "", "2012-06-30": "", "2012-03-31": "", "2011-12-31": "", "2011-09-30": "0.23800", "2011-06-30": "0.23800", "2011-03-31": "0.23800", "2010-12-31": "", "2010-09-30": "0.23800", "2010-06-30": "0.23800", "2010-03-31": "0.23800", "2009-12-31": "0.55900", "2009-09-30": "", "2009-06-30": "", "2009-03-31": "", "2008-12-31": ""}, "Total Current Assets": {"2020-09-30": "2713.87900", "2020-06-30": "2279.16400", "2020-03-31": "1969.54800", "2019-12-31": "1965.65200", "2019-09-30": "1949.58600", "2019-06-30": "1969.57900", "2019-03-31": "1885.07300", "2018-12-31": "1917.15500", "2018-09-30": "2027.20100", "2018-06-30": "2148.91900", "2018-03-31": "2018.58200", "2017-12-31": "1848.29100", "2017-09-30": "1731.27400", "2017-06-30": "1588.20900", "2017-03-31": "1473.28300", "2016-12-31": "1341.48500", "2016-09-30": "1296.32700", "2016-06-30": "1296.32100", "2016-03-31": "1331.23600", "2015-12-31": "1277.92300", "2015-09-30": "1210.41200", "2015-06-30": "1192.46700", "2015-03-31": "1169.06600", "2014-12-31": "1118.76400", "2014-09-30": "931.32900", "2014-06-30": "818.18700", "2014-03-31": "950.04800", "2013-12-31": "855.63100", "2013-09-30": "880.08600", "2013-06-30": "768.16800", "2013-03-31": "942.20100", "2012-12-31": "894.68000", "2012-09-30": "877.71800", "2012-06-30": "800.87400", "2012-03-31": "726.28900", "2011-12-31": "593.16600", "2011-09-30": "623.05600", "2011-06-30": "765.07900", "2011-03-31": "887.87800", "2010-12-31": "864.42800", "2010-09-30": "781.66700", "2010-06-30": "699.51900", "2010-03-31": "884.37000", "2009-12-31": "487.28700", "2009-09-30": "", "2009-06-30": "", "2009-03-31": "", "2008-12-31": ""}, "Property, Plant, And Equipment": {"2020-09-30": "807.09200", "2020-06-30": "815.87200", "2020-03-31": "824.55300", "2019-12-31": "830.99800", "2019-09-30": "817.04000", "2019-06-30": "809.09200", "2019-03-31": "798.00100", "2018-12-31": "787.17800", "2018-09-30": "757.18500", "2018-06-30": "741.98700", "2018-03-31": "753.96500", "2017-12-31": "750.04900", "2017-09-30": "735.92400", "2017-06-30": "726.40300", "2017-03-31": "723.41800", "2016-12-31": "724.04600", "2016-09-30": "722.42900", "2016-06-30": "709.26000", "2016-03-31": "699.29800", "2015-12-31": "694.15500", "2015-09-30": "651.02000", "2015-06-30": "629.10400", "2015-03-31": "608.34900", "2014-12-31": "589.48400", "2014-09-30": "419.46100", "2014-06-30": "392.47000", "2014-03-31": "368.59800", "2013-12-31": "344.65700", "2013-09-30": "336.22400", "2013-06-30": "331.30300", "2013-03-31": "327.00700", "2012-12-31": "323.18600", "2012-09-30": "330.10300", "2012-06-30": "335.14200", "2012-03-31": "339.08700", "2011-12-31": "331.17500", "2011-09-30": "331.36900", "2011-06-30": "284.53700", "2011-03-31": "270.99400", "2010-12-31": "231.69300", "2010-09-30": "224.86100", "2010-06-30": "216.18400", "2010-03-31": "213.36600", "2009-12-31": "219.61700", "2009-09-30": "", "2009-06-30": "", "2009-03-31": "", "2008-12-31": ""}, "Long-Term Investments": {"2020-09-30": "", "2020-06-30": "", "2020-03-31": "", "2019-12-31": "", "2019-09-30": "", "2019-06-30": "", "2019-03-31": "", "2018-12-31": "", "2018-09-30": "", "2018-06-30": "", "2018-03-31": "", "2017-12-31": "", "2017-09-30": "", "2017-06-30": "", "2017-03-31": "", "2016-12-31": "", "2016-09-30": "", "2016-06-30": "", "2016-03-31": "", "2015-12-31": "", "2015-09-30": "", "2015-06-30": "", "2015-03-31": "", "2014-12-31": "", "2014-09-30": "", "2014-06-30": "", "2014-03-31": "", "2013-12-31": "", "2013-09-30": "", "2013-06-30": "", "2013-03-31": "", "2012-12-31": "", "2012-09-30": "", "2012-06-30": "", "2012-03-31": "", "2011-12-31": "", "2011-09-30": "", "2011-06-30": "", "2011-03-31": "", "2010-12-31": "", "2010-09-30": "", "2010-06-30": "", "2010-03-31": "", "2009-12-31": "", "2009-09-30": "", "2009-06-30": "", "2009-03-31": "", "2008-12-31": ""}, "Goodwill And Intangible Assets": {"2020-09-30": "3833.36600", "2020-06-30": "3799.70000", "2020-03-31": "3831.84200", "2019-12-31": "3864.50200", "2019-09-30": "3895.13900", "2019-06-30": "3906.53900", "2019-03-31": "3941.92200", "2018-12-31": "3978.49300", "2018-09-30": "3775.33000", "2018-06-30": "3808.44100", "2018-03-31": "3891.03300", "2017-12-31": "3925.58800", "2017-09-30": "3964.43600", "2017-06-30": "4003.28700", "2017-03-31": "4041.51800", "2016-12-31": "4080.89500", "2016-09-30": "4127.75500", "2016-06-30": "4181.99400", "2016-03-31": "4232.64700", "2015-12-31": "4282.31500", "2015-09-30": "3208.47500", "2015-06-30": "3253.21000", "2015-03-31": "3294.07400", "2014-12-31": "3335.56900", "2014-09-30": "2478.92200", "2014-06-30": "2300.65100", "2014-03-31": "2272.78800", "2013-12-31": "2258.43700", "2013-09-30": "2275.92200", "2013-06-30": "2305.55600", "2013-03-31": "2335.23000", "2012-12-31": "2357.99000", "2012-09-30": "2382.29500", "2012-06-30": "2415.39600", "2012-03-31": "2449.68900", "2011-12-31": "2484.38100", "2011-09-30": "2515.16500", "2011-06-30": "2274.42700", "2011-03-31": "2307.96000", "2010-12-31": "2252.09800", "2010-09-30": "2288.04600", "2010-06-30": "2323.75900", "2010-03-31": "2361.02700", "2009-12-31": "2396.10100", "2009-09-30": "0.00000", "2009-06-30": "0.00000", "2009-03-31": "0.00000", "2008-12-31": "0.00000"}, "Other Long-Term Assets": {"2020-09-30": "175.44300", "2020-06-30": "161.13800", "2020-03-31": "159.58200", "2019-12-31": "152.21700", "2019-09-30": "156.21000", "2019-06-30": "139.52400", "2019-03-31": "142.33000", "2018-12-31": "86.89000", "2018-09-30": "82.38500", "2018-06-30": "81.53000", "2018-03-31": "85.68100", "2017-12-31": "84.59400", "2017-09-30": "79.62500", "2017-06-30": "75.30600", "2017-03-31": "71.65800", "2016-12-31": "73.85500", "2016-09-30": "70.38000", "2016-06-30": "69.31200", "2016-03-31": "66.25400", "2015-12-31": "18.10000", "2015-09-30": "19.56500", "2015-06-30": "19.52200", "2015-03-31": "30.87400", "2014-12-31": "26.94000", "2014-09-30": "21.84600", "2014-06-30": "11.59500", "2014-03-31": "11.10900", "2013-12-31": "10.34400", "2013-09-30": "6.73900", "2013-06-30": "5.71200", "2013-03-31": "5.66000", "2012-12-31": "11.44500", "2012-09-30": "10.10400", "2012-06-30": "8.76900", "2012-03-31": "9.45900", "2011-12-31": "17.36600", "2011-09-30": "6.23700", "2011-06-30": "9.30400", "2011-03-31": "6.96300", "2010-12-31": "9.51000", "2010-09-30": "11.53500", "2010-06-30": "19.92900", "2010-03-31": "18.92200", "2009-12-31": "17.17500", "2009-09-30": "", "2009-06-30": "", "2009-03-31": "", "2008-12-31": ""}, "Total Long-Term Assets": {"2020-09-30": "4845.61500", "2020-06-30": "4805.72100", "2020-03-31": "4843.27000", "2019-12-31": "4868.86700", "2019-09-30": "4893.98800", "2019-06-30": "4882.53800", "2019-03-31": "4908.43800", "2018-12-31": "4880.53200", "2018-09-30": "4637.11400", "2018-06-30": "4658.01600", "2018-03-31": "4764.29400", "2017-12-31": "4793.23400", "2017-09-30": "4806.66300", "2017-06-30": "4829.41200", "2017-03-31": "4857.28800", "2016-12-31": "4899.49100", "2016-09-30": "4954.66600", "2016-06-30": "4992.60000", "2016-03-31": "5030.03900", "2015-12-31": "5020.98700", "2015-09-30": "3926.19100", "2015-06-30": "3944.50800", "2015-03-31": "3971.66400", "2014-12-31": "3997.84500", "2014-09-30": "2949.31100", "2014-06-30": "2732.03700", "2014-03-31": "2681.34900", "2013-12-31": "2643.19300", "2013-09-30": "2678.88800", "2013-06-30": "2700.87100", "2013-03-31": "2725.67400", "2012-12-31": "2753.71100", "2012-09-30": "2749.82300", "2012-06-30": "2787.66900", "2012-03-31": "2827.74200", "2011-12-31": "2863.48500", "2011-09-30": "2885.74500", "2011-06-30": "2601.25100", "2011-03-31": "2613.93700", "2010-12-31": "2523.56900", "2010-09-30": "2557.79900", "2010-06-30": "2595.30300", "2010-03-31": "2635.86100", "2009-12-31": "2679.58300", "2009-09-30": "", "2009-06-30": "", "2009-03-31": "", "2008-12-31": ""}, "Total Assets": {"2020-09-30": "7559.49400", "2020-06-30": "7084.88500", "2020-03-31": "6812.81800", "2019-12-31": "6834.51900", "2019-09-30": "6843.57400", "2019-06-30": "6852.11700", "2019-03-31": "6793.51100", "2018-12-31": "6797.68700", "2018-09-30": "6664.31500", "2018-06-30": "6806.93500", "2018-03-31": "6782.87600", "2017-12-31": "6641.52500", "2017-09-30": "6537.93700", "2017-06-30": "6417.62100", "2017-03-31": "6330.57100", "2016-12-31": "6240.97600", "2016-09-30": "6250.99300", "2016-06-30": "6288.92100", "2016-03-31": "6361.27500", "2015-12-31": "6298.91000", "2015-09-30": "5136.60300", "2015-06-30": "5136.97500", "2015-03-31": "5140.73000", "2014-12-31": "5116.60900", "2014-09-30": "3880.64000", "2014-06-30": "3550.22400", "2014-03-31": "3631.39700", "2013-12-31": "3498.82400", "2013-09-30": "3558.97400", "2013-06-30": "3469.03900", "2013-03-31": "3667.87500", "2012-12-31": "3648.39100", "2012-09-30": "3627.54100", "2012-06-30": "3588.54300", "2012-03-31": "3554.03100", "2011-12-31": "3456.65100", "2011-09-30": "3508.80100", "2011-06-30": "3366.33000", "2011-03-31": "3501.81500", "2010-12-31": "3387.99700", "2010-09-30": "3339.46600", "2010-06-30": "3294.82200", "2010-03-31": "3520.23100", "2009-12-31": "3166.87000", "2009-09-30": "0.00000", "2009-06-30": "0.00000", "2009-03-31": "0.00000", "2008-12-31": "0.00000"}, "Total Current Liabilities": {"2020-09-30": "626.41500", "2020-06-30": "926.55900", "2020-03-31": "621.06100", "2019-12-31": "634.74600", "2019-09-30": "620.50300", "2019-06-30": "629.14400", "2019-03-31": "636.29600", "2018-12-31": "639.94400", "2018-09-30": "654.65000", "2018-06-30": "635.43600", "2018-03-31": "665.90900", "2017-12-31": "629.49500", "2017-09-30": "627.93700", "2017-06-30": "600.60800", "2017-03-31": "595.19400", "2016-12-31": "583.29600", "2016-09-30": "621.94500", "2016-06-30": "729.26900", "2016-03-31": "876.88900", "2015-12-31": "865.17500", "2015-09-30": "651.27900", "2015-06-30": "695.02400", "2015-03-31": "730.80300", "2014-12-31": "677.50600", "2014-09-30": "565.95800", "2014-06-30": "378.61400", "2014-03-31": "381.29500", "2013-12-31": "318.49200", "2013-09-30": "347.83800", "2013-06-30": "328.80000", "2013-03-31": "495.57900", "2012-12-31": "278.36300", "2012-09-30": "290.11800", "2012-06-30": "305.55600", "2012-03-31": "321.39600", "2011-12-31": "279.25200", "2011-09-30": "360.39800", "2011-06-30": "289.50900", "2011-03-31": "315.87800", "2010-12-31": "255.10000", "2010-09-30": "257.34200", "2010-06-30": "248.35100", "2010-03-31": "491.49700", "2009-12-31": "241.52100", "2009-09-30": "", "2009-06-30": "", "2009-03-31": "", "2008-12-31": ""}, "Long Term Debt": {"2020-09-30": "3991.43600", "2020-06-30": "3249.07600", "2020-03-31": "3248.63900", "2019-12-31": "3248.69500", "2019-09-30": "3248.82700", "2019-06-30": "3246.27600", "2019-03-31": "3247.59300", "2018-12-31": "3250.38000", "2018-09-30": "3244.94900", "2018-06-30": "3247.13700", "2018-03-31": "3249.41100", "2017-12-31": "3254.54900", "2017-09-30": "3254.67400", "2017-06-30": "3256.25400", "2017-03-31": "3257.22500", "2016-12-31": "3258.95100", "2016-09-30": "3295.66400", "2016-06-30": "3297.40200", "2016-03-31": "3298.97500", "2015-12-31": "3300.55200", "2015-09-30": "2598.35200", "2015-06-30": "2602.49700", "2015-03-31": "2607.95300", "2014-12-31": "2695.85700", "2014-09-30": "1710.23300", "2014-06-30": "1712.17100", "2014-03-31": "1714.00600", "2013-12-31": "1715.86600", "2013-09-30": "1611.58200", "2013-06-30": "1615.04900", "2013-03-31": "1617.63900", "2012-12-31": "1811.77700", "2012-09-30": "1813.39500", "2012-06-30": "1815.81100", "2012-03-31": "1819.19800", "2011-12-31": "1821.96900", "2011-09-30": "1824.94100", "2011-06-30": "1828.40200", "2011-03-31": "1914.64200", "2010-12-31": "1872.91400", "2010-09-30": "1896.16500", "2010-06-30": "1821.01700", "2010-03-31": "1896.57600", "2009-12-31": "2283.68700", "2009-09-30": "", "2009-06-30": "", "2009-03-31": "", "2008-12-31": ""}, "Other Non-Current Liabilities": {"2020-09-30": "94.35500", "2020-06-30": "129.71500", "2020-03-31": "123.64500", "2019-12-31": "90.19000", "2019-09-30": "95.89100", "2019-06-30": "86.99000", "2019-03-31": "80.56500", "2018-12-31": "39.27700", "2018-09-30": "33.63500", "2018-06-30": "24.15700", "2018-03-31": "35.05800", "2017-12-31": "33.57200", "2017-09-30": "32.03400", "2017-06-30": "29.83400", "2017-03-31": "27.09600", "2016-12-31": "29.21600", "2016-09-30": "34.61000", "2016-06-30": "34.98100", "2016-03-31": "37.77300", "2015-12-31": "39.80300", "2015-09-30": "33.24300", "2015-06-30": "30.00900", "2015-03-31": "39.47400", "2014-12-31": "41.81700", "2014-09-30": "25.76900", "2014-06-30": "18.10200", "2014-03-31": "10.16500", "2013-12-31": "22.00600", "2013-09-30": "33.47200", "2013-06-30": "37.94400", "2013-03-31": "31.22100", "2012-12-31": "31.30800", "2012-09-30": "26.64000", "2012-06-30": "28.40400", "2012-03-31": "24.98900", "2011-12-31": "26.10100", "2011-09-30": "29.60500", "2011-06-30": "29.11900", "2011-03-31": "29.33700", "2010-12-31": "30.09200", "2010-09-30": "24.74300", "2010-06-30": "29.32100", "2010-03-31": "38.37800", "2009-12-31": "39.50200", "2009-09-30": "", "2009-06-30": "", "2009-03-31": "", "2008-12-31": ""}, "Total Long Term Liabilities": {"2020-09-30": "4358.43500", "2020-06-30": "3664.92100", "2020-03-31": "3653.96000", "2019-12-31": "3626.01800", "2019-09-30": "3620.18300", "2019-06-30": "3605.91000", "2019-03-31": "3592.84400", "2018-12-31": "3549.30900", "2018-09-30": "3654.16700", "2018-06-30": "3648.69200", "2018-03-31": "3666.02600", "2017-12-31": "3666.40400", "2017-09-30": "3727.47500", "2017-06-30": "3723.39900", "2017-03-31": "3715.12000", "2016-12-31": "3715.67300", "2016-09-30": "3774.81100", "2016-06-30": "3771.69300", "2016-03-31": "3768.09700", "2015-12-31": "3765.15900", "2015-09-30": "3038.92700", "2015-06-30": "3037.62400", "2015-03-31": "3042.29500", "2014-12-31": "3136.21100", "2014-09-30": "2090.78500", "2014-06-30": "2057.49400", "2014-03-31": "2038.93600", "2013-12-31": "2038.74400", "2013-09-30": "1968.44200", "2013-06-30": "1964.60800", "2013-03-31": "1955.10000", "2012-12-31": "2147.73400", "2012-09-30": "2167.24300", "2012-06-30": "2158.76900", "2012-03-31": "2142.03500", "2011-12-31": "2132.44800", "2011-09-30": "2135.02200", "2011-06-30": "2092.49600", "2011-03-31": "2177.50200", "2010-12-31": "2125.11600", "2010-09-30": "2162.27200", "2010-06-30": "2083.85200", "2010-03-31": "2156.87900", "2009-12-31": "2538.19100", "2009-09-30": "", "2009-06-30": "", "2009-03-31": "", "2008-12-31": ""}, "Total Liabilities": {"2020-09-30": "4984.85000", "2020-06-30": "4591.48000", "2020-03-31": "4275.02100", "2019-12-31": "4260.76400", "2019-09-30": "4240.68600", "2019-06-30": "4235.05400", "2019-03-31": "4229.14000", "2018-12-31": "4189.25300", "2018-09-30": "4308.81700", "2018-06-30": "4284.12800", "2018-03-31": "4331.93500", "2017-12-31": "4295.89900", "2017-09-30": "4355.41200", "2017-06-30": "4324.00700", "2017-03-31": "4310.31400", "2016-12-31": "4298.96900", "2016-09-30": "4396.75600", "2016-06-30": "4500.96200", "2016-03-31": "4644.98600", "2015-12-31": "4630.33400", "2015-09-30": "3690.20600", "2015-06-30": "3732.64800", "2015-03-31": "3773.09800", "2014-12-31": "3813.71700", "2014-09-30": "2656.74300", "2014-06-30": "2436.10800", "2014-03-31": "2420.23100", "2013-12-31": "2357.23600", "2013-09-30": "2316.28000", "2013-06-30": "2293.40800", "2013-03-31": "2450.67900", "2012-12-31": "2426.09700", "2012-09-30": "2457.36100", "2012-06-30": "2464.32500", "2012-03-31": "2463.43100", "2011-12-31": "2411.70000", "2011-09-30": "2495.42000", "2011-06-30": "2382.00500", "2011-03-31": "2493.38000", "2010-12-31": "2380.21600", "2010-09-30": "2419.61400", "2010-06-30": "2332.20300", "2010-03-31": "2648.37600", "2009-12-31": "2779.71200", "2009-09-30": "0.00000", "2009-06-30": "0.00000", "2009-03-31": "0.00000", "2008-12-31": "0.00000"}, "Common Stock Net": {"2020-09-30": "2.21600", "2020-06-30": "2.21500", "2020-03-31": "2.21200", "2019-12-31": "2.21200", "2019-09-30": "2.21100", "2019-06-30": "2.20900", "2019-03-31": "2.20600", "2018-12-31": "2.20300", "2018-09-30": "2.20300", "2018-06-30": "2.20200", "2018-03-31": "2.19900", "2017-12-31": "2.28900", "2017-09-30": "2.28900", "2017-06-30": "2.28900", "2017-03-31": "2.28900", "2016-12-31": "2.28900", "2016-09-30": "2.28900", "2016-06-30": "2.28900", "2016-03-31": "2.28900", "2015-12-31": "2.28900", "2015-09-30": "2.28900", "2015-06-30": "2.28900", "2015-03-31": "2.28900", "2014-12-31": "2.28900", "2014-09-30": "2.28900", "2014-06-30": "2.28900", "2014-03-31": "2.28900", "2013-12-31": "2.28900", "2013-09-30": "2.28900", "2013-06-30": "2.28900", "2013-03-31": "2.28900", "2012-12-31": "2.28900", "2012-09-30": "2.28300", "2012-06-30": "2.28000", "2012-03-31": "2.27200", "2011-12-31": "2.26400", "2011-09-30": "2.25900", "2011-06-30": "2.25400", "2011-03-31": "2.23600", "2010-12-31": "2.22400", "2010-09-30": "2.19500", "2010-06-30": "2.19200", "2010-03-31": "2.18700", "2009-12-31": "1.82500", "2009-09-30": "0.00000", "2009-06-30": "0.00000", "2009-03-31": "0.00000", "2008-12-31": "0.00000"}, "Retained Earnings (Accumulated Deficit)": {"2020-09-30": "1656.63900", "2020-06-30": "1579.93100", "2020-03-31": "1624.77300", "2019-12-31": "1616.35700", "2019-09-30": "1562.85600", "2019-06-30": "1492.35600", "2019-03-31": "1425.42600", "2018-12-31": "1340.63600", "2018-09-30": "1086.53700", "2018-06-30": "937.45200", "2018-03-31": "835.80700", "2017-12-31": "1031.61200", "2017-09-30": "862.95400", "2017-06-30": "778.21400", "2017-03-31": "705.61500", "2016-12-31": "636.84100", "2016-09-30": "570.62600", "2016-06-30": "501.70400", "2016-03-31": "451.37800", "2015-12-31": "391.24700", "2015-09-30": "179.31100", "2015-06-30": "126.72100", "2015-03-31": "90.24000", "2014-12-31": "67.23300", "2014-09-30": "9.12200", "2014-06-30": "-66.65700", "2014-03-31": "-128.61800", "2013-12-31": "-187.79200", "2013-09-30": "-245.68000", "2013-06-30": "-288.36400", "2013-03-31": "-290.49400", "2012-12-31": "-316.36800", "2012-09-30": "-384.62400", "2012-06-30": "-426.13000", "2012-03-31": "-452.24800", "2011-12-31": "-491.16400", "2011-09-30": "-515.54300", "2011-06-30": "-541.79000", "2011-03-31": "-507.16300", "2010-12-31": "-497.63800", "2010-09-30": "-566.24800", "2010-06-30": "-517.85900", "2010-03-31": "-600.37800", "2009-12-31": "-627.68800", "2009-09-30": "", "2009-06-30": "", "2009-03-31": "", "2008-12-31": ""}, "Comprehensive Income": {"2020-09-30": "-41.15300", "2020-06-30": "-39.97100", "2020-03-31": "-36.47600", "2019-12-31": "-20.48400", "2019-09-30": "-13.59800", "2019-06-30": "-20.59800", "2019-03-31": "-16.03500", "2018-12-31": "-26.17800", "2018-09-30": "-18.96100", "2018-06-30": "-32.91400", "2018-03-31": "-55.64800", "2017-12-31": "-63.16400", "2017-09-30": "-50.39800", "2017-06-30": "-43.88800", "2017-03-31": "-33.45500", "2016-12-31": "-34.06700", "2016-09-30": "-50.70900", "2016-06-30": "-42.24800", "2016-03-31": "-42.48500", "2015-12-31": "-25.99000", "2015-09-30": "-24.04600", "2015-06-30": "-7.35800", "2015-03-31": "9.36700", "2014-12-31": "-11.74800", "2014-09-30": "-11.38000", "2014-06-30": "-29.25400", "2014-03-31": "-31.01300", "2013-12-31": "-33.10700", "2013-09-30": "-39.14400", "2013-06-30": "-31.68600", "2013-03-31": "-30.34500", "2012-12-31": "-39.40600", "2012-09-30": "-24.38600", "2012-06-30": "-22.59800", "2012-03-31": "-23.25900", "2011-12-31": "-23.22400", "2011-09-30": "-26.89800", "2011-06-30": "-24.66200", "2011-03-31": "-25.65000", "2010-12-31": "-27.45800", "2010-09-30": "-29.92700", "2010-06-30": "-32.08200", "2010-03-31": "-35.81300", "2009-12-31": "-37.19900", "2009-09-30": "", "2009-06-30": "", "2009-03-31": "", "2008-12-31": ""}, "Other Share Holders Equity": {"2020-09-30": "", "2020-06-30": "", "2020-03-31": "", "2019-12-31": "", "2019-09-30": "", "2019-06-30": "", "2019-03-31": "", "2018-12-31": "", "2018-09-30": "", "2018-06-30": "", "2018-03-31": "", "2017-12-31": "", "2017-09-30": "", "2017-06-30": "", "2017-03-31": "", "2016-12-31": "", "2016-09-30": "", "2016-06-30": "", "2016-03-31": "", "2015-12-31": "", "2015-09-30": "", "2015-06-30": "", "2015-03-31": "", "2014-12-31": "", "2014-09-30": "", "2014-06-30": "", "2014-03-31": "", "2013-12-31": "", "2013-09-30": "", "2013-06-30": "", "2013-03-31": "", "2012-12-31": "", "2012-09-30": "", "2012-06-30": "", "2012-03-31": "", "2011-12-31": "", "2011-09-30": "", "2011-06-30": "", "2011-03-31": "", "2010-12-31": "", "2010-09-30": "-0.01700", "2010-06-30": "-0.01700", "2010-03-31": "-0.01700", "2009-12-31": "-0.01700", "2009-09-30": "0.00000", "2009-06-30": "0.00000", "2009-03-31": "0.00000", "2008-12-31": "0.00000"}, "Share Holder Equity": {"2020-09-30": "2574.64400", "2020-06-30": "2493.40500", "2020-03-31": "2537.79700", "2019-12-31": "2573.75500", "2019-09-30": "2602.88800", "2019-06-30": "2617.06300", "2019-03-31": "2564.37100", "2018-12-31": "2608.43400", "2018-09-30": "2355.49800", "2018-06-30": "2522.80700", "2018-03-31": "2450.94100", "2017-12-31": "2345.62600", "2017-09-30": "2182.52500", "2017-06-30": "2093.61400", "2017-03-31": "2020.25700", "2016-12-31": "1942.00700", "2016-09-30": "1854.23700", "2016-06-30": "1787.95900", "2016-03-31": "1716.28900", "2015-12-31": "1668.57600", "2015-09-30": "1446.39700", "2015-06-30": "1404.32700", "2015-03-31": "1367.63200", "2014-12-31": "1302.89200", "2014-09-30": "1223.89700", "2014-06-30": "1114.11600", "2014-03-31": "1211.16600", "2013-12-31": "1141.58800", "2013-09-30": "1242.69400", "2013-06-30": "1175.63100", "2013-03-31": "1217.19600", "2012-12-31": "1222.29400", "2012-09-30": "1170.18000", "2012-06-30": "1124.21800", "2012-03-31": "1090.60000", "2011-12-31": "1044.95100", "2011-09-30": "1013.38100", "2011-06-30": "984.32500", "2011-03-31": "1008.43500", "2010-12-31": "1007.78100", "2010-09-30": "919.85200", "2010-06-30": "962.61900", "2010-03-31": "871.85500", "2009-12-31": "387.15800", "2009-09-30": "0.00000", "2009-06-30": "0.00000", "2009-03-31": "0.00000", "2008-12-31": "0.00000"}, "Total Liabilities And Share Holders Equity": {"2020-09-30": "7559.49400", "2020-06-30": "7084.88500", "2020-03-31": "6812.81800", "2019-12-31": "6834.51900", "2019-09-30": "6843.57400", "2019-06-30": "6852.11700", "2019-03-31": "6793.51100", "2018-12-31": "6797.68700", "2018-09-30": "6664.31500", "2018-06-30": "6806.93500", "2018-03-31": "6782.87600", "2017-12-31": "6641.52500", "2017-09-30": "6537.93700", "2017-06-30": "6417.62100", "2017-03-31": "6330.57100", "2016-12-31": "6240.97600", "2016-09-30": "6250.99300", "2016-06-30": "6288.92100", "2016-03-31": "6361.27500", "2015-12-31": "6298.91000", "2015-09-30": "5136.60300", "2015-06-30": "5136.97500", "2015-03-31": "5140.73000", "2014-12-31": "5116.60900", "2014-09-30": "3880.64000", "2014-06-30": "3550.22400", "2014-03-31": "3631.39700", "2013-12-31": "3498.82400", "2013-09-30": "3558.97400", "2013-06-30": "3469.03900", "2013-03-31": "3667.87500", "2012-12-31": "3648.39100", "2012-09-30": "3627.54100", "2012-06-30": "3588.54300", "2012-03-31": "3554.03100", "2011-12-31": "3456.65100", "2011-09-30": "3508.80100", "2011-06-30": "3366.33000", "2011-03-31": "3501.81500", "2010-12-31": "3387.99700", "2010-09-30": "3339.46600", "2010-06-30": "3294.82200", "2010-03-31": "3520.23100", "2009-12-31": "3166.87000", "2009-09-30": "0.00000", "2009-06-30": "0.00000", "2009-03-31": "0.00000", "2008-12-31": "0.00000"}}, "cash flow statement": {"Net Income/Loss": {"2019-12-31": "282.71400", "2018-12-31": "598.99500", "2017-12-31": "408.35700", "2016-12-31": "262.43400", "2015-12-31": "347.69600", "2014-12-31": "283.74900", "2013-12-31": "188.12500", "2012-12-31": "177.48100", "2011-12-31": "6.47400", "2010-12-31": "130.05000", "2009-12-31": "-27.68100", "2008-12-31": "-134.53100"}, "Total Depreciation And Amortization - Cash Flow": {"2019-12-31": "266.55200", "2018-12-31": "252.65700", "2017-12-31": "277.61200", "2016-12-31": "315.73500", "2015-12-31": "290.95900", "2014-12-31": "223.20200", "2013-12-31": "189.58300", "2012-12-31": "204.59600", "2011-12-31": "194.59800", "2010-12-31": "191.70600", "2009-12-31": "230.43000", "2008-12-31": "223.99400"}, "Other Non-Cash Items": {"2019-12-31": "81.03600", "2018-12-31": "-164.14000", "2017-12-31": "-33.48700", "2016-12-31": "37.28600", "2015-12-31": "-129.93800", "2014-12-31": "-40.60600", "2013-12-31": "44.05500", "2012-12-31": "-8.46400", "2011-12-31": "176.38700", "2010-12-31": "-5.29000", "2009-12-31": "-74.72600", "2008-12-31": "-30.90000"}, "Total Non-Cash Items": {"2019-12-31": "347.58800", "2018-12-31": "88.51700", "2017-12-31": "244.12500", "2016-12-31": "353.02100", "2015-12-31": "161.02100", "2014-12-31": "182.59600", "2013-12-31": "233.63800", "2012-12-31": "196.13200", "2011-12-31": "370.98500", "2010-12-31": "186.41600", "2009-12-31": "155.70400", "2008-12-31": "193.09400"}, "Change In Accounts Receivable": {"2019-12-31": "26.60500", "2018-12-31": "-34.87700", "2017-12-31": "-56.33000", "2016-12-31": "-33.01300", "2015-12-31": "18.61800", "2014-12-31": "-26.28700", "2013-12-31": "-33.43600", "2012-12-31": "6.85800", "2011-12-31": "-11.11800", "2010-12-31": "-17.40600", "2009-12-31": "-35.08000", "2008-12-31": "66.47500"}, "Change In Inventories": {"2019-12-31": "-10.92400", "2018-12-31": "-55.44500", "2017-12-31": "-57.11900", "2016-12-31": "-37.50000", "2015-12-31": "40.52600", "2014-12-31": "-77.47300", "2013-12-31": "-7.33600", "2012-12-31": "22.09100", "2011-12-31": "-19.90700", "2010-12-31": "-15.57400", "2009-12-31": "13.85300", "2008-12-31": "26.66200"}, "Change In Accounts Payable": {"2019-12-31": "", "2018-12-31": "", "2017-12-31": "", "2016-12-31": "", "2015-12-31": "", "2014-12-31": "", "2013-12-31": "", "2012-12-31": "", "2011-12-31": "", "2010-12-31": "", "2009-12-31": "", "2008-12-31": ""}, "Change In Assets/Liabilities": {"2019-12-31": "5.83400", "2018-12-31": "-24.64500", "2017-12-31": "-12.88300", "2016-12-31": "-0.04700", "2015-12-31": "-11.14800", "2014-12-31": "-0.05500", "2013-12-31": "-5.95600", "2012-12-31": "5.75600", "2011-12-31": "-21.88300", "2010-12-31": "14.72200", "2009-12-31": "20.31000", "2008-12-31": "2.48500"}, "Total Change In Assets/Liabilities": {"2019-12-31": "-10.74000", "2018-12-31": "-66.94900", "2017-12-31": "-94.83600", "2016-12-31": "-93.93000", "2015-12-31": "24.41400", "2014-12-31": "-83.77700", "2013-12-31": "-25.92500", "2012-12-31": "23.70000", "2011-12-31": "-71.59200", "2010-12-31": "-16.42000", "2009-12-31": "59.55400", "2008-12-31": "-11.08200"}, "Cash Flow From Operating Activities": {"2019-12-31": "619.56200", "2018-12-31": "620.56300", "2017-12-31": "557.64600", "2016-12-31": "521.52500", "2015-12-31": "533.13100", "2014-12-31": "382.56800", "2013-12-31": "395.83800", "2012-12-31": "397.31300", "2011-12-31": "305.86700", "2010-12-31": "300.04600", "2009-12-31": "187.57700", "2008-12-31": "47.48100"}, "Net Change In Property, Plant, And Equipment": {"2019-12-31": "-161.25900", "2018-12-31": "-159.78700", "2017-12-31": "-144.58400", "2016-12-31": "-130.21700", "2015-12-31": "-172.42100", "2014-12-31": "-138.74400", "2013-12-31": "-81.08000", "2012-12-31": "-49.15500", "2011-12-31": "-89.20700", "2010-12-31": "-52.54800", "2009-12-31": "-14.37400", "2008-12-31": "-38.66300"}, "Net Change In Intangible Assets": {"2019-12-31": "", "2018-12-31": "", "2017-12-31": "", "2016-12-31": "", "2015-12-31": "", "2014-12-31": "", "2013-12-31": "", "2012-12-31": "", "2011-12-31": "", "2010-12-31": "", "2009-12-31": "", "2008-12-31": ""}, "Net Acquisitions/Divestitures": {"2019-12-31": "-32.46500", "2018-12-31": "-78.53000", "2017-12-31": "", "2016-12-31": "4.68800", "2015-12-31": "-993.94800", "2014-12-31": "-1293.73800", "2013-12-31": "-15.47000", "2012-12-31": "-13.34600", "2011-12-31": "-465.25100", "2010-12-31": "", "2009-12-31": "", "2008-12-31": "0.17500"}, "Net Change In Short-term Investments": {"2019-12-31": "", "2018-12-31": "", "2017-12-31": "", "2016-12-31": "", "2015-12-31": "", "2014-12-31": "", "2013-12-31": "", "2012-12-31": "", "2011-12-31": "", "2010-12-31": "", "2009-12-31": "", "2008-12-31": ""}, "Net Change In Long-Term Investments": {"2019-12-31": "-9.95000", "2018-12-31": "", "2017-12-31": "", "2016-12-31": "-50.00000", "2015-12-31": "", "2014-12-31": "", "2013-12-31": "", "2012-12-31": "", "2011-12-31": "", "2010-12-31": "", "2009-12-31": "-1.07500", "2008-12-31": ""}, "Net Change In Investments - Total": {"2019-12-31": "-9.95000", "2018-12-31": "", "2017-12-31": "", "2016-12-31": "-50.00000", "2015-12-31": "", "2014-12-31": "", "2013-12-31": "", "2012-12-31": "", "2011-12-31": "", "2010-12-31": "", "2009-12-31": "-1.07500", "2008-12-31": ""}, "Investing Activities - Other": {"2019-12-31": "-5.10300", "2018-12-31": "0.71100", "2017-12-31": "3.86200", "2016-12-31": "0.75100", "2015-12-31": "", "2014-12-31": "2.41700", "2013-12-31": "8.90000", "2012-12-31": "", "2011-12-31": "", "2010-12-31": "", "2009-12-31": "0.37200", "2008-12-31": "-0.22500"}, "Cash Flow From Investing Activities": {"2019-12-31": "-208.77700", "2018-12-31": "-237.60600", "2017-12-31": "-140.72200", "2016-12-31": "-174.77800", "2015-12-31": "-1166.36900", "2014-12-31": "-1430.06500", "2013-12-31": "-87.65000", "2012-12-31": "-62.50100", "2011-12-31": "-554.45800", "2010-12-31": "-52.54800", "2009-12-31": "-15.07700", "2008-12-31": "-38.71300"}, "Net Long-Term Debt": {"2019-12-31": "-14.60500", "2018-12-31": "-15.65300", "2017-12-31": "-15.76000", "2016-12-31": "-336.25600", "2015-12-31": "794.86320", "2014-12-31": "1114.12500", "2013-12-31": "-111.66500", "2012-12-31": "-13.34900", "2011-12-31": "-138.53500", "2010-12-31": "-357.69800", "2009-12-31": "-76.48800", "2008-12-31": "-4.08800"}, "Net Current Debt": {"2019-12-31": "", "2018-12-31": "", "2017-12-31": "", "2016-12-31": "", "2015-12-31": "", "2014-12-31": "", "2013-12-31": "", "2012-12-31": "", "2011-12-31": "", "2010-12-31": "", "2009-12-31": "-25.00000", "2008-12-31": "18.32600"}, "Debt Issuance/Retirement Net - Total": {"2019-12-31": "-14.60500", "2018-12-31": "-15.65300", "2017-12-31": "-15.76000", "2016-12-31": "-336.25600", "2015-12-31": "794.86320", "2014-12-31": "1114.12500", "2013-12-31": "-111.66500", "2012-12-31": "-13.34900", "2011-12-31": "-138.53500", "2010-12-31": "-357.69800", "2009-12-31": "-101.48800", "2008-12-31": "14.23800"}, "Net Common Equity Issued/Repurchased": {"2019-12-31": "-334.85400", "2018-12-31": "-393.32400", "2017-12-31": "7.45000", "2016-12-31": "3.94400", "2015-12-31": "19.36100", "2014-12-31": "-156.86500", "2013-12-31": "-284.09700", "2012-12-31": "1.33000", "2011-12-31": "20.09100", "2010-12-31": "455.39400", "2009-12-31": "0.00600", "2008-12-31": "-0.13600"}, "Net Total Equity Issued/Repurchased": {"2019-12-31": "-334.85400", "2018-12-31": "-393.32400", "2017-12-31": "7.45000", "2016-12-31": "3.94400", "2015-12-31": "19.36100", "2014-12-31": "-156.86500", "2013-12-31": "-284.09700", "2012-12-31": "1.33000", "2011-12-31": "20.09100", "2010-12-31": "455.39400", "2009-12-31": "0.00600", "2008-12-31": "-0.13600"}, "Total Common And Preferred Stock Dividends Paid": {"2019-12-31": "", "2018-12-31": "", "2017-12-31": "", "2016-12-31": "", "2015-12-31": "", "2014-12-31": "", "2013-12-31": "", "2012-12-31": "", "2011-12-31": "", "2010-12-31": "", "2009-12-31": "", "2008-12-31": ""}, "Financial Activities - Other": {"2019-12-31": "-17.04000", "2018-12-31": "2.76400", "2017-12-31": "-6.95300", "2016-12-31": "-5.27000", "2015-12-31": "-50.05200", "2014-12-31": "-16.33000", "2013-12-31": "-8.06900", "2012-12-31": "-1.38100", "2011-12-31": "-34.50000", "2010-12-31": "", "2009-12-31": "-0.26600", "2008-12-31": "-5.21100"}, "Cash Flow From Financial Activities": {"2019-12-31": "-366.49900", "2018-12-31": "-406.21300", "2017-12-31": "-15.26300", "2016-12-31": "-337.58200", "2015-12-31": "764.17200", "2014-12-31": "940.93000", "2013-12-31": "-403.83100", "2012-12-31": "-13.40000", "2011-12-31": "-152.94400", "2010-12-31": "97.69600", "2009-12-31": "-101.74800", "2008-12-31": "8.89100"}, "Net Cash Flow": {"2019-12-31": "44.28600", "2018-12-31": "-23.25600", "2017-12-31": "401.66100", "2016-12-31": "9.16500", "2015-12-31": "130.93400", "2014-12-31": "-106.56700", "2013-12-31": "-95.64300", "2012-12-31": "321.41200", "2011-12-31": "-401.53500", "2010-12-31": "345.19400", "2009-12-31": "70.75200", "2008-12-31": "17.65900"}, "Stock-Based Compensation": {"2019-12-31": "18.75700", "2018-12-31": "23.82500", "2017-12-31": "19.81900", "2016-12-31": "17.42500", "2015-12-31": "15.32600", "2014-12-31": "12.98500", "2013-12-31": "8.96700", "2012-12-31": "14.71400", "2011-12-31": "8.01200", "2010-12-31": "25.42100", "2009-12-31": "2.23300", "2008-12-31": "2.10800"}, "Common Stock Dividends Paid": {"2019-12-31": "", "2018-12-31": "", "2017-12-31": "", "2016-12-31": "", "2015-12-31": "", "2014-12-31": "", "2013-12-31": "", "2012-12-31": "", "2011-12-31": "", "2010-12-31": "", "2009-12-31": "", "2008-12-31": ""}}, "cash flow statement, quarterly": {"Net Income/Loss": {"2020-09-30": 76.729, "2020-06-30": -42.541, "2020-03-31": "8.43100", "2019-12-31": 53.538, "2019-09-30": 70.675, "2019-06-30": 73.436, "2019-03-31": "85.06500", "2018-12-31": 254.099, "2018-09-30": 149.118, "2018-06-30": 105.288, "2018-03-31": "90.49000", "2017-12-31": 169.129, "2017-09-30": 88.035, "2017-06-30": 79.457, "2017-03-31": "71.73600", "2016-12-31": 66.527, "2016-09-30": 69.785, "2016-06-30": 65.51, "2016-03-31": "60.61200", "2015-12-31": 218.289, "2015-09-30": 53.152, "2015-06-30": 40.9, "2015-03-31": "35.35500", "2014-12-31": 69.52, "2014-09-30": 81.963, "2014-06-30": 63.893, "2014-03-31": "68.37300", "2013-12-31": 67.067, "2013-09-30": 66.022, "2013-06-30": 20.371, "2013-03-31": "34.66500", "2012-12-31": 70.941, "2012-09-30": 41.506, "2012-06-30": 26.118, "2012-03-31": "38.91600", "2011-12-31": 24.379, "2011-09-30": 26.247, "2011-06-30": -34.627, "2011-03-31": "-9.52500", "2010-12-31": 68.61, "2010-09-30": -48.389, "2010-06-30": 82.519, "2010-03-31": "27.31000", "2009-12-31": 13.933, "2009-09-30": -54.035, "2009-06-30": 22.621, "2009-03-31": "-10.19900", "2008-12-31": -134.53}, "Total Depreciation And Amortization - Cash Flow": {"2020-09-30": 63.253, "2020-06-30": 64.984, "2020-03-31": "69.40200", "2019-12-31": 68.546, "2019-09-30": 66.932, "2019-06-30": 65.887, "2019-03-31": "65.18700", "2018-12-31": 64.085, "2018-09-30": 61.821, "2018-06-30": 62.022, "2018-03-31": "64.72900", "2017-12-31": 68.492, "2017-09-30": 69.364, "2017-06-30": 68.846, "2017-03-31": "70.91000", "2016-12-31": 78.694, "2016-09-30": 78.689, "2016-06-30": 77.743, "2016-03-31": "80.60900", "2015-12-31": 78.974, "2015-09-30": 69.062, "2015-06-30": 73.619, "2015-03-31": "69.30400", "2014-12-31": 72.216, "2014-09-30": 52.907, "2014-06-30": 48.791, "2014-03-31": "49.28800", "2013-12-31": 47.552, "2013-09-30": 47.371, "2013-06-30": 46.993, "2013-03-31": "47.66700", "2012-12-31": 51.536, "2012-09-30": 50.415, "2012-06-30": 50.319, "2012-03-31": "52.32600", "2011-12-31": 49.698, "2011-09-30": 50.571, "2011-06-30": 46.665, "2011-03-31": "47.66400", "2010-12-31": 47.413, "2010-09-30": 47.371, "2010-06-30": 47.689, "2010-03-31": "49.23300", "2009-12-31": 54.723, "2009-09-30": 52.321, "2009-06-30": 51.26, "2009-03-31": "72.12600", "2008-12-31": 223.99}, "Other Non-Cash Items": {"2020-09-30": -51.951, "2020-06-30": 18.215, "2020-03-31": "42.22400", "2019-12-31": 17.626, "2019-09-30": 21.055, "2019-06-30": 25.098, "2019-03-31": "17.25700", "2018-12-31": -139.182, "2018-09-30": -59.508, "2018-06-30": 17.655, "2018-03-31": "16.89500", "2017-12-31": -65.093, "2017-09-30": 5.544, "2017-06-30": 16.59, "2017-03-31": "9.47200", "2016-12-31": 7.641, "2016-09-30": 7.567, "2016-06-30": 16.861, "2016-03-31": "5.21700", "2015-12-31": -189.265, "2015-09-30": 17.683, "2015-06-30": 17.227, "2015-03-31": "24.41700", "2014-12-31": -41.272, "2014-09-30": -15.959, "2014-06-30": 14.891, "2014-03-31": "1.73400", "2013-12-31": -2.807, "2013-09-30": -2.13, "2013-06-30": 37.16, "2013-03-31": "11.83200", "2012-12-31": -46.096, "2012-09-30": 3.5, "2012-06-30": 23.725, "2012-03-31": "10.40700", "2011-12-31": 9.967, "2011-09-30": 23.245, "2011-06-30": 77.792, "2011-03-31": "65.38300", "2010-12-31": -27.083, "2010-09-30": 92.233, "2010-06-30": -45.86, "2010-03-31": "-24.58000", "2009-12-31": -13.636, "2009-09-30": 48.364, "2009-06-30": -48.61, "2009-03-31": "-61.62600", "2008-12-31": -34.51}, "Total Non-Cash Items": {"2020-09-30": 11.302, "2020-06-30": 83.199, "2020-03-31": "111.62600", "2019-12-31": 86.172, "2019-09-30": 87.987, "2019-06-30": 90.985, "2019-03-31": "82.44400", "2018-12-31": -75.097, "2018-09-30": 2.313, "2018-06-30": 79.677, "2018-03-31": "81.62400", "2017-12-31": 3.399, "2017-09-30": 74.908, "2017-06-30": 85.436, "2017-03-31": "80.38200", "2016-12-31": 86.335, "2016-09-30": 86.256, "2016-06-30": 94.604, "2016-03-31": "85.82600", "2015-12-31": -110.291, "2015-09-30": 86.745, "2015-06-30": 90.846, "2015-03-31": "93.72100", "2014-12-31": 30.944, "2014-09-30": 36.948, "2014-06-30": 63.682, "2014-03-31": "51.02200", "2013-12-31": 44.745, "2013-09-30": 45.241, "2013-06-30": 84.153, "2013-03-31": "59.49900", "2012-12-31": 5.44, "2012-09-30": 53.915, "2012-06-30": 74.044, "2012-03-31": "62.73300", "2011-12-31": 59.665, "2011-09-30": 73.816, "2011-06-30": 124.457, "2011-03-31": "113.04700", "2010-12-31": 20.33, "2010-09-30": 139.604, "2010-06-30": 1.829, "2010-03-31": "24.65300", "2009-12-31": 115.805, "2009-09-30": 100.685, "2009-06-30": 2.65, "2009-03-31": "10.50000", "2008-12-31": 189.48}, "Change In Accounts Receivable": {"2020-09-30": -119.367, "2020-06-30": 92.704, "2020-03-31": "21.45800", "2019-12-31": 38.724, "2019-09-30": 41.656, "2019-06-30": -2.538, "2019-03-31": "-51.23700", "2018-12-31": 43.734, "2018-09-30": -8.316, "2018-06-30": 0.913, "2018-03-31": "-71.20800", "2017-12-31": 13.34, "2017-09-30": -4.245, "2017-06-30": -32.51, "2017-03-31": "-32.91500", "2016-12-31": 32.36, "2016-09-30": 2.917, "2016-06-30": -10.056, "2016-03-31": "-58.23400", "2015-12-31": 55.639, "2015-09-30": 17.364, "2015-06-30": -10.955, "2015-03-31": "-43.43000", "2014-12-31": 30.891, "2014-09-30": -8.134, "2014-06-30": 2.77, "2014-03-31": "-51.81400", "2013-12-31": 12.016, "2013-09-30": 6.397, "2013-06-30": -22.788, "2013-03-31": "-29.06100", "2012-12-31": 40.935, "2012-09-30": 6.948, "2012-06-30": -12.807, "2012-03-31": "-28.21800", "2011-12-31": 23.53, "2011-09-30": 6.098, "2011-06-30": -1.467, "2011-03-31": "-39.27900", "2010-12-31": 4.116, "2010-09-30": 11.475, "2010-06-30": -5.489, "2010-03-31": "-27.50800", "2009-12-31": 4.01, "2009-09-30": -30.91, "2009-06-30": -6.43, "2009-03-31": "-1.75000", "2008-12-31": 0}, "Change In Inventories": {"2020-09-30": 53.336, "2020-06-30": 25.467, "2020-03-31": "-7.59600", "2019-12-31": -3.732, "2019-09-30": -9.388, "2019-06-30": -5.987, "2019-03-31": "8.18300", "2018-12-31": 9.925, "2018-09-30": -30.238, "2018-06-30": -21.562, "2018-03-31": "-13.57000", "2017-12-31": 1.357, "2017-09-30": -36.135, "2017-06-30": -4.987, "2017-03-31": "-17.35400", "2016-12-31": -16.876, "2016-09-30": -26.848, "2016-06-30": -3.882, "2016-03-31": "10.10600", "2015-12-31": 25.557, "2015-09-30": -8.713, "2015-06-30": 14.152, "2015-03-31": "9.53000", "2014-12-31": -14.605, "2014-09-30": -32.072, "2014-06-30": -22.923, "2014-03-31": "-7.87300", "2013-12-31": -1.79, "2013-09-30": -8.23, "2013-06-30": -1.529, "2013-03-31": "4.21300", "2012-12-31": 11.637, "2012-09-30": 5.097, "2012-06-30": 8.275, "2012-03-31": "-2.91800", "2011-12-31": 8.473, "2011-09-30": -5.023, "2011-06-30": -19.14, "2011-03-31": "-4.21700", "2010-12-31": 1.349, "2010-09-30": -0.671, "2010-06-30": -8.778, "2010-03-31": "-7.47400", "2009-12-31": -20.65, "2009-09-30": -2.723, "2009-06-30": 13.131, "2009-03-31": "24.09500", "2008-12-31": 0}, "Change In Accounts Payable": {"2020-09-30": 0, "2020-06-30": 0, "2020-03-31": "", "2019-12-31": 0, "2019-09-30": 0, "2019-06-30": 0, "2019-03-31": "", "2018-12-31": 0, "2018-09-30": 0, "2018-06-30": 0, "2018-03-31": "", "2017-12-31": 0, "2017-09-30": 0, "2017-06-30": 0, "2017-03-31": "", "2016-12-31": 0, "2016-09-30": 0, "2016-06-30": 0, "2016-03-31": "", "2015-12-31": 0, "2015-09-30": 0, "2015-06-30": 0, "2015-03-31": "", "2014-12-31": 0, "2014-09-30": 0, "2014-06-30": 0, "2014-03-31": "", "2013-12-31": 0, "2013-09-30": 0, "2013-06-30": 0, "2013-03-31": "", "2012-12-31": 0, "2012-09-30": 0, "2012-06-30": 0, "2012-03-31": "", "2011-12-31": 0, "2011-09-30": 0, "2011-06-30": 0, "2011-03-31": "", "2010-12-31": 0, "2010-09-30": 0, "2010-06-30": 0, "2010-03-31": "", "2009-12-31": 0, "2009-09-30": 0, "2009-06-30": 0, "2009-03-31": "", "2008-12-31": 0}, "Change In Assets/Liabilities": {"2020-09-30": 1.976, "2020-06-30": 10.928, "2020-03-31": "0.43100", "2019-12-31": 5.524, "2019-09-30": -0.903, "2019-06-30": -2.723, "2019-03-31": "3.93600", "2018-12-31": -5.083, "2018-09-30": -10.433, "2018-06-30": -6.499, "2018-03-31": "-2.63000", "2017-12-31": 9.932, "2017-09-30": 0.924, "2017-06-30": -11.788, "2017-03-31": "-11.95100", "2016-12-31": 7.208, "2016-09-30": 4.804, "2016-06-30": -11.701, "2016-03-31": "-0.35800", "2015-12-31": 19.736, "2015-09-30": -10.914, "2015-06-30": -9.556, "2015-03-31": "-10.41400", "2014-12-31": 5.4, "2014-09-30": -10.425, "2014-06-30": 11.597, "2014-03-31": "-6.62700", "2013-12-31": -2, "2013-09-30": 0.591, "2013-06-30": 0.191, "2013-03-31": "-4.73800", "2012-12-31": 0.846, "2012-09-30": 6.844, "2012-06-30": -0.8, "2012-03-31": "-1.13400", "2011-12-31": -0.848, "2011-09-30": -2.282, "2011-06-30": -5.309, "2011-03-31": "-13.44400", "2010-12-31": 11.367, "2010-09-30": 0.983, "2010-06-30": 0.063, "2010-03-31": "2.30900", "2009-12-31": -0.216, "2009-09-30": 6.589, "2009-06-30": 2.623, "2009-03-31": "11.31400", "2008-12-31": 0}, "Total Change In Assets/Liabilities": {"2020-09-30": 35.035, "2020-06-30": 31.07, "2020-03-31": "-21.51300", "2019-12-31": 46.325, "2019-09-30": 22.699, "2019-06-30": -24.948, "2019-03-31": "-54.81600", "2018-12-31": 21.422, "2018-09-30": 14.795, "2018-06-30": -54.307, "2018-03-31": "-48.85900", "2017-12-31": 12.839, "2017-09-30": -24.513, "2017-06-30": -50.745, "2017-03-31": "-32.41700", "2016-12-31": -27.688, "2016-09-30": -6.321, "2016-06-30": -49.685, "2016-03-31": "-10.23600", "2015-12-31": 61.42, "2015-09-30": 11.617, "2015-06-30": -22.657, "2015-03-31": "-25.96600", "2014-12-31": 1.957, "2014-09-30": -56.139, "2014-06-30": -15.596, "2014-03-31": "-13.99900", "2013-12-31": -24.74, "2013-09-30": 17.377, "2013-06-30": -9.22, "2013-03-31": "-9.34200", "2012-12-31": 36.274, "2012-09-30": -0.539, "2012-06-30": -25.34, "2012-03-31": "13.30500", "2011-12-31": -0.533, "2011-09-30": 1.088, "2011-06-30": -50.555, "2011-03-31": "-21.59200", "2010-12-31": 9.428, "2010-09-30": 21.709, "2010-06-30": -31.189, "2010-03-31": "-16.36800", "2009-12-31": 4.228, "2009-09-30": -3.763, "2009-06-30": -3.186, "2009-03-31": "62.45100", "2008-12-31": -11.08}, "Cash Flow From Operating Activities": {"2020-09-30": 123.066, "2020-06-30": 71.728, "2020-03-31": "98.54400", "2019-12-31": 186.035, "2019-09-30": 181.361, "2019-06-30": 139.473, "2019-03-31": "112.69300", "2018-12-31": 200.424, "2018-09-30": 166.226, "2018-06-30": 130.658, "2018-03-31": "123.25500", "2017-12-31": 185.367, "2017-09-30": 138.43, "2017-06-30": 114.148, "2017-03-31": "119.70100", "2016-12-31": 125.174, "2016-09-30": 149.72, "2016-06-30": 110.429, "2016-03-31": "136.20200", "2015-12-31": 169.418, "2015-09-30": 151.514, "2015-06-30": 109.089, "2015-03-31": "103.11000", "2014-12-31": 102.421, "2014-09-30": 62.772, "2014-06-30": 111.979, "2014-03-31": "105.39600", "2013-12-31": 87.072, "2013-09-30": 128.64, "2013-06-30": 95.304, "2013-03-31": "84.82200", "2012-12-31": 112.655, "2012-09-30": 94.882, "2012-06-30": 74.822, "2012-03-31": "114.95400", "2011-12-31": 83.511, "2011-09-30": 101.151, "2011-06-30": 39.275, "2011-03-31": "81.93000", "2010-12-31": 98.368, "2010-09-30": 112.924, "2010-06-30": 53.159, "2010-03-31": "35.59500", "2009-12-31": 59.846, "2009-09-30": 42.887, "2009-06-30": 22.085, "2009-03-31": "62.75200", "2008-12-31": 47.48}, "Net Change In Property, Plant, And Equipment": {"2020-09-30": -23.242, "2020-06-30": -27.15, "2020-03-31": "-29.54700", "2019-12-31": -38.053, "2019-09-30": -41.657, "2019-06-30": -39.859, "2019-03-31": "-41.69000", "2018-12-31": -48.512, "2018-09-30": -44.974, "2018-06-30": -35.363, "2018-03-31": "-30.93800", "2017-12-31": -49.91, "2017-09-30": -34.633, "2017-06-30": -29.919, "2017-03-31": "-30.12200", "2016-12-31": -36.384, "2016-09-30": -30.017, "2016-06-30": -29.581, "2016-03-31": "-34.23500", "2015-12-31": -42.28, "2015-09-30": -43.34, "2015-06-30": -48.923, "2015-03-31": "-37.87800", "2014-12-31": -43.107, "2014-09-30": -33.905, "2014-06-30": -34.424, "2014-03-31": "-27.30800", "2013-12-31": -25.883, "2013-09-30": -21.344, "2013-06-30": -19.597, "2013-03-31": "-14.25600", "2012-12-31": -17.895, "2012-09-30": -7.995, "2012-06-30": -7.79, "2012-03-31": "-15.47500", "2011-12-31": -25.77, "2011-09-30": -23.613, "2011-06-30": -18.363, "2011-03-31": "-21.46100", "2010-12-31": -17.823, "2010-09-30": -17.187, "2010-06-30": -12.086, "2010-03-31": "-5.45200", "2009-12-31": -3.368, "2009-09-30": -2.14, "2009-06-30": -4.543, "2009-03-31": "-4.31900", "2008-12-31": -38.66}, "Net Change In Intangible Assets": {"2020-09-30": 0, "2020-06-30": 0, "2020-03-31": "", "2019-12-31": 0, "2019-09-30": 0, "2019-06-30": 0, "2019-03-31": "", "2018-12-31": 0, "2018-09-30": 0, "2018-06-30": 0, "2018-03-31": "", "2017-12-31": 0, "2017-09-30": 0, "2017-06-30": 0, "2017-03-31": "", "2016-12-31": 0, "2016-09-30": 0, "2016-06-30": 0, "2016-03-31": "", "2015-12-31": 0, "2015-09-30": 0, "2015-06-30": 0, "2015-03-31": "", "2014-12-31": 0, "2014-09-30": 0, "2014-06-30": 0, "2014-03-31": "", "2013-12-31": 0, "2013-09-30": 0, "2013-06-30": 0, "2013-03-31": "", "2012-12-31": 0, "2012-09-30": 0, "2012-06-30": 0, "2012-03-31": "", "2011-12-31": 0, "2011-09-30": 0, "2011-06-30": 0, "2011-03-31": "", "2010-12-31": 0, "2010-09-30": 0, "2010-06-30": 0, "2010-03-31": "", "2009-12-31": 0, "2009-09-30": 0, "2009-06-30": 0, "2009-03-31": "", "2008-12-31": 0}, "Net Acquisitions/Divestitures": {"2020-09-30": -64.452, "2020-06-30": 0, "2020-03-31": "", "2019-12-31": -0.15, "2019-09-30": -30.634, "2019-06-30": 0, "2019-03-31": "-1.68100", "2018-12-31": -227.666, "2018-09-30": 149.136, "2018-06-30": 0, "2018-03-31": "", "2017-12-31": 0, "2017-09-30": 0, "2017-06-30": 0, "2017-03-31": "", "2016-12-31": 0, "2016-09-30": 0, "2016-06-30": 8.048, "2016-03-31": "-3.36000", "2015-12-31": -996.871, "2015-09-30": 0, "2015-06-30": 0, "2015-03-31": "2.92300", "2014-12-31": -995.213, "2014-09-30": -181.44, "2014-06-30": -58.804, "2014-03-31": "-58.28100", "2013-12-31": -15.059, "2013-09-30": 0, "2013-06-30": 0, "2013-03-31": "-0.41100", "2012-12-31": -13.346, "2012-09-30": 0, "2012-06-30": 0, "2012-03-31": "", "2011-12-31": -7.475, "2011-09-30": -320.512, "2011-06-30": -0.392, "2011-03-31": "-136.87200", "2010-12-31": 0, "2010-09-30": 0, "2010-06-30": 0, "2010-03-31": "", "2009-12-31": 0, "2009-09-30": 0, "2009-06-30": 0, "2009-03-31": "", "2008-12-31": 0.17}, "Net Change In Short-term Investments": {"2020-09-30": 0, "2020-06-30": 0, "2020-03-31": "", "2019-12-31": 0, "2019-09-30": 0, "2019-06-30": 0, "2019-03-31": "", "2018-12-31": 0, "2018-09-30": 0, "2018-06-30": 0, "2018-03-31": "", "2017-12-31": 0, "2017-09-30": 0, "2017-06-30": 0, "2017-03-31": "", "2016-12-31": 0, "2016-09-30": 0, "2016-06-30": 0, "2016-03-31": "", "2015-12-31": 0, "2015-09-30": 0, "2015-06-30": 0, "2015-03-31": "", "2014-12-31": 0, "2014-09-30": 0, "2014-06-30": 0, "2014-03-31": "", "2013-12-31": 0, "2013-09-30": 0, "2013-06-30": 0, "2013-03-31": "", "2012-12-31": 0, "2012-09-30": 0, "2012-06-30": 0, "2012-03-31": "", "2011-12-31": 0, "2011-09-30": 0, "2011-06-30": 0, "2011-03-31": "", "2010-12-31": 0, "2010-09-30": 0, "2010-06-30": 0, "2010-03-31": "", "2009-12-31": 0, "2009-09-30": 0, "2009-06-30": 0, "2009-03-31": "", "2008-12-31": 0}, "Net Change In Long-Term Investments": {"2020-09-30": -24.794, "2020-06-30": 0, "2020-03-31": "", "2019-12-31": 0, "2019-09-30": -9.95, "2019-06-30": 0, "2019-03-31": "", "2018-12-31": 0, "2018-09-30": 0, "2018-06-30": 0, "2018-03-31": "", "2017-12-31": 0, "2017-09-30": 0, "2017-06-30": 0, "2017-03-31": "", "2016-12-31": 0, "2016-09-30": 0, "2016-06-30": 0, "2016-03-31": "-50.00000", "2015-12-31": 0, "2015-09-30": 0, "2015-06-30": 0, "2015-03-31": "", "2014-12-31": 0, "2014-09-30": 0, "2014-06-30": 0, "2014-03-31": "", "2013-12-31": 0, "2013-09-30": 0, "2013-06-30": 0, "2013-03-31": "", "2012-12-31": 0, "2012-09-30": 0, "2012-06-30": 0, "2012-03-31": "", "2011-12-31": 0, "2011-09-30": 0, "2011-06-30": 0, "2011-03-31": "", "2010-12-31": 0, "2010-09-30": 0, "2010-06-30": 0, "2010-03-31": "", "2009-12-31": -1.075, "2009-09-30": 0, "2009-06-30": 0, "2009-03-31": "", "2008-12-31": 0}, "Net Change In Investments - Total": {"2020-09-30": -24.794, "2020-06-30": 0, "2020-03-31": "", "2019-12-31": 0, "2019-09-30": -9.95, "2019-06-30": 0, "2019-03-31": "", "2018-12-31": 0, "2018-09-30": 0, "2018-06-30": 0, "2018-03-31": "", "2017-12-31": 0, "2017-09-30": 0, "2017-06-30": 0, "2017-03-31": "", "2016-12-31": 0, "2016-09-30": 0, "2016-06-30": 0, "2016-03-31": "-50.00000", "2015-12-31": 0, "2015-09-30": 0, "2015-06-30": 0, "2015-03-31": "", "2014-12-31": 0, "2014-09-30": 0, "2014-06-30": 0, "2014-03-31": "", "2013-12-31": 0, "2013-09-30": 0, "2013-06-30": 0, "2013-03-31": "", "2012-12-31": 0, "2012-09-30": 0, "2012-06-30": 0, "2012-03-31": "", "2011-12-31": 0, "2011-09-30": 0, "2011-06-30": 0, "2011-03-31": "", "2010-12-31": 0, "2010-09-30": 0, "2010-06-30": 0, "2010-03-31": "", "2009-12-31": -1.07, "2009-09-30": 0, "2009-06-30": 0, "2009-03-31": "", "2008-12-31": 0}, "Investing Activities - Other": {"2020-09-30": 14.515, "2020-06-30": -0.509, "2020-03-31": "-3.28900", "2019-12-31": -10.05, "2019-09-30": 4.642, "2019-06-30": -0.695, "2019-03-31": "1.00000", "2018-12-31": -4.289, "2018-09-30": 0, "2018-06-30": 5, "2018-03-31": "", "2017-12-31": 6.862, "2017-09-30": -1.5, "2017-06-30": -1.5, "2017-03-31": "", "2016-12-31": 0.751, "2016-09-30": 0, "2016-06-30": 0, "2016-03-31": "", "2015-12-31": 0, "2015-09-30": 0, "2015-06-30": 0, "2015-03-31": "", "2014-12-31": 0, "2014-09-30": 0, "2014-06-30": 0, "2014-03-31": "2.41700", "2013-12-31": 2.5, "2013-09-30": 5, "2013-06-30": 0, "2013-03-31": "1.40000", "2012-12-31": 0, "2012-09-30": 0, "2012-06-30": 0, "2012-03-31": "", "2011-12-31": 0, "2011-09-30": 0, "2011-06-30": 0, "2011-03-31": "", "2010-12-31": 0, "2010-09-30": 0, "2010-06-30": 0, "2010-03-31": "", "2009-12-31": -0.002, "2009-09-30": 0, "2009-06-30": 0.372, "2009-03-31": "", "2008-12-31": -0.22}, "Cash Flow From Investing Activities": {"2020-09-30": -97.973, "2020-06-30": -27.659, "2020-03-31": "-32.83600", "2019-12-31": -48.253, "2019-09-30": -77.599, "2019-06-30": -40.554, "2019-03-31": "-42.37100", "2018-12-31": -280.467, "2018-09-30": 104.162, "2018-06-30": -30.363, "2018-03-31": "-30.93800", "2017-12-31": -43.048, "2017-09-30": -36.133, "2017-06-30": -31.419, "2017-03-31": "-30.12200", "2016-12-31": -35.633, "2016-09-30": -30.017, "2016-06-30": -21.533, "2016-03-31": "-87.59500", "2015-12-31": -1039.151, "2015-09-30": -43.34, "2015-06-30": -48.923, "2015-03-31": "-34.95500", "2014-12-31": -1038.32, "2014-09-30": -215.345, "2014-06-30": -93.228, "2014-03-31": "-83.17200", "2013-12-31": -38.442, "2013-09-30": -16.344, "2013-06-30": -19.597, "2013-03-31": "-13.26700", "2012-12-31": -31.241, "2012-09-30": -7.995, "2012-06-30": -7.79, "2012-03-31": "-15.47500", "2011-12-31": -33.245, "2011-09-30": -344.125, "2011-06-30": -18.755, "2011-03-31": "-158.33300", "2010-12-31": -17.823, "2010-09-30": -17.187, "2010-06-30": -12.086, "2010-03-31": "-5.45200", "2009-12-31": -4.44, "2009-09-30": -2.14, "2009-06-30": -4.171, "2009-03-31": "-4.31900", "2008-12-31": -38.71}, "Net Long-Term Debt": {"2020-09-30": 748.036, "2020-06-30": -2.229, "2020-03-31": "-2.37500", "2019-12-31": -3.415, "2019-09-30": -2.942, "2019-06-30": -4.091, "2019-03-31": "-4.15700", "2018-12-31": -1.559, "2018-09-30": -1.69, "2018-06-30": -1.079, "2018-03-31": "-11.32500", "2017-12-31": -1.301, "2017-09-30": -2.118, "2017-06-30": -1.219, "2017-03-31": "-11.12200", "2016-12-31": -38.558, "2016-09-30": -129.019, "2016-06-30": -128.371, "2016-03-31": "-40.30800", "2015-12-31": 970.4283, "2015-09-30": -78.4222, "2015-06-30": -28.5749, "2015-03-31": "-68.56800", "2014-12-31": 960.118, "2014-09-30": 158.298, "2014-06-30": -1.709, "2014-03-31": "-2.58200", "2013-12-31": 98.151, "2013-09-30": -3.158, "2013-06-30": -203.362, "2013-03-31": "-3.29600", "2012-12-31": -3.596, "2012-09-30": -3.25, "2012-06-30": -3.254, "2012-03-31": "-3.24900", "2011-12-31": -3.255, "2011-09-30": -3.211, "2011-06-30": -127.802, "2011-03-31": "-4.26700", "2010-12-31": -4.876, "2010-09-30": -5.739, "2010-06-30": -342.887, "2010-03-31": "-4.19600", "2009-12-31": -62.072, "2009-09-30": -4.975, "2009-06-30": -5.345, "2009-03-31": "-4.09600", "2008-12-31": 0}, "Net Current Debt": {"2020-09-30": -400, "2020-06-30": 400, "2020-03-31": "", "2019-12-31": 0, "2019-09-30": 0, "2019-06-30": 0, "2019-03-31": "", "2018-12-31": 0, "2018-09-30": 0, "2018-06-30": 0, "2018-03-31": "", "2017-12-31": 0, "2017-09-30": 0, "2017-06-30": 0, "2017-03-31": "", "2016-12-31": 4.672, "2016-09-30": -4.672, "2016-06-30": 0, "2016-03-31": "", "2015-12-31": 0, "2015-09-30": 0, "2015-06-30": 0, "2015-03-31": "", "2014-12-31": 0, "2014-09-30": 0, "2014-06-30": 0, "2014-03-31": "", "2013-12-31": 0, "2013-09-30": 0, "2013-06-30": 0, "2013-03-31": "", "2012-12-31": 0, "2012-09-30": 0, "2012-06-30": 0, "2012-03-31": "", "2011-12-31": -35, "2011-09-30": 35, "2011-06-30": 0, "2011-03-31": "", "2010-12-31": 0, "2010-09-30": 0, "2010-06-30": 102.105, "2010-03-31": "-102.10500", "2009-12-31": -99.988, "2009-09-30": 0, "2009-06-30": -30.492, "2009-03-31": "48.25000", "2008-12-31": 18.32}, "Debt Issuance/Retirement Net - Total": {"2020-09-30": 348.036, "2020-06-30": 397.771, "2020-03-31": "-2.37500", "2019-12-31": -3.415, "2019-09-30": -2.942, "2019-06-30": -4.091, "2019-03-31": "-4.15700", "2018-12-31": -1.559, "2018-09-30": -1.69, "2018-06-30": -1.079, "2018-03-31": "-11.32500", "2017-12-31": -1.301, "2017-09-30": -2.118, "2017-06-30": -1.219, "2017-03-31": "-11.12200", "2016-12-31": -33.886, "2016-09-30": -133.691, "2016-06-30": -128.371, "2016-03-31": "-40.30800", "2015-12-31": 970.4283, "2015-09-30": -78.4222, "2015-06-30": -28.5749, "2015-03-31": "-68.56800", "2014-12-31": 960.118, "2014-09-30": 158.298, "2014-06-30": -1.709, "2014-03-31": "-2.58200", "2013-12-31": 98.151, "2013-09-30": -3.158, "2013-06-30": -203.362, "2013-03-31": "-3.29600", "2012-12-31": -3.596, "2012-09-30": -3.25, "2012-06-30": -3.254, "2012-03-31": "-3.24900", "2011-12-31": -38.255, "2011-09-30": 31.789, "2011-06-30": -127.802, "2011-03-31": "-4.26700", "2010-12-31": -4.876, "2010-09-30": -5.739, "2010-06-30": -240.782, "2010-03-31": "-106.30100", "2009-12-31": -22.582, "2009-09-30": -4.975, "2009-06-30": -35.837, "2009-03-31": "44.15400", "2008-12-31": -4.08}, "Net Common Equity Issued/Repurchased": {"2020-09-30": 1.091, "2020-06-30": 0.437, "2020-03-31": "-34.46600", "2019-12-31": -79.317, "2019-09-30": -94.438, "2019-06-30": -16.163, "2019-03-31": "-144.93600", "2018-12-31": 0.042, "2018-09-30": -336.658, "2018-06-30": -58.927, "2018-03-31": "2.21900", "2017-12-31": 2.118, "2017-09-30": 5.106, "2017-06-30": -1.726, "2017-03-31": "1.95200", "2016-12-31": 0.638, "2016-09-30": 4.755, "2016-06-30": 0.917, "2016-03-31": "-2.36600", "2015-12-31": 4.05, "2015-09-30": 2.095, "2015-06-30": 8.314, "2015-03-31": "4.90200", "2014-12-31": 6.703, "2014-09-30": 6.374, "2014-06-30": -166.468, "2014-03-31": "-3.47400", "2013-12-31": -175.171, "2013-09-30": 5.129, "2013-06-30": -63.282, "2013-03-31": "-50.77300", "2012-12-31": -11.271, "2012-09-30": 3.692, "2012-06-30": 4.057, "2012-03-31": "4.85200", "2011-12-31": 2.572, "2011-09-30": 2.629, "2011-06-30": 8.555, "2011-03-31": "6.33500", "2010-12-31": 15.071, "2010-09-30": 1.677, "2010-06-30": 2.709, "2010-03-31": "435.93700", "2009-12-31": 0.006, "2009-09-30": 0, "2009-06-30": 0, "2009-03-31": "", "2008-12-31": 0}, "Net Total Equity Issued/Repurchased": {"2020-09-30": 1.091, "2020-06-30": 0.437, "2020-03-31": "-34.46600", "2019-12-31": -79.317, "2019-09-30": -94.438, "2019-06-30": -16.163, "2019-03-31": "-144.93600", "2018-12-31": 0.042, "2018-09-30": -336.658, "2018-06-30": -58.927, "2018-03-31": "2.21900", "2017-12-31": 2.118, "2017-09-30": 5.106, "2017-06-30": -1.726, "2017-03-31": "1.95200", "2016-12-31": 0.638, "2016-09-30": 4.755, "2016-06-30": 0.917, "2016-03-31": "-2.36600", "2015-12-31": 4.05, "2015-09-30": 2.095, "2015-06-30": 8.314, "2015-03-31": "4.90200", "2014-12-31": 6.703, "2014-09-30": 6.374, "2014-06-30": -166.468, "2014-03-31": "-3.47400", "2013-12-31": -175.171, "2013-09-30": 5.129, "2013-06-30": -63.282, "2013-03-31": "-50.77300", "2012-12-31": -11.271, "2012-09-30": 3.692, "2012-06-30": 4.057, "2012-03-31": "4.85200", "2011-12-31": 2.572, "2011-09-30": 2.629, "2011-06-30": 8.555, "2011-03-31": "6.33500", "2010-12-31": 15.071, "2010-09-30": 1.677, "2010-06-30": 2.709, "2010-03-31": "435.93700", "2009-12-31": 0, "2009-09-30": 0, "2009-06-30": 0, "2009-03-31": "", "2008-12-31": 0}, "Total Common And Preferred Stock Dividends Paid": {"2020-09-30": 0, "2020-06-30": 0, "2020-03-31": "", "2019-12-31": 0, "2019-09-30": 0, "2019-06-30": 0, "2019-03-31": "", "2018-12-31": 0, "2018-09-30": 0, "2018-06-30": 0, "2018-03-31": "", "2017-12-31": 0, "2017-09-30": 0, "2017-06-30": 0, "2017-03-31": "", "2016-12-31": 0, "2016-09-30": 0, "2016-06-30": 0, "2016-03-31": "", "2015-12-31": 0, "2015-09-30": 0, "2015-06-30": 0, "2015-03-31": "", "2014-12-31": 0, "2014-09-30": 0, "2014-06-30": 0, "2014-03-31": "", "2013-12-31": 0, "2013-09-30": 0, "2013-06-30": 0, "2013-03-31": "", "2012-12-31": 0, "2012-09-30": 0, "2012-06-30": 0, "2012-03-31": "", "2011-12-31": 0, "2011-09-30": 0, "2011-06-30": 0, "2011-03-31": "", "2010-12-31": 0, "2010-09-30": 0, "2010-06-30": 0, "2010-03-31": "", "2009-12-31": 0, "2009-09-30": 0.133, "2009-06-30": -0.133, "2009-03-31": "", "2008-12-31": 0}, "Financial Activities - Other": {"2020-09-30": -6.978, "2020-06-30": -2.299, "2020-03-31": "-0.01500", "2019-12-31": -2.317, "2019-09-30": -6.069, "2019-06-30": -7.11, "2019-03-31": "-1.54400", "2018-12-31": -0.001, "2018-09-30": 15.974, "2018-06-30": -5.175, "2018-03-31": "-8.03400", "2017-12-31": -3.019, "2017-09-30": -3.797, "2017-06-30": 0, "2017-03-31": "-0.13700", "2016-12-31": -4.752, "2016-09-30": 0, "2016-06-30": -0.309, "2016-03-31": "-0.20900", "2015-12-31": -20.691, "2015-09-30": -0.433, "2015-06-30": -8.691, "2015-03-31": "-20.23700", "2014-12-31": -16.33, "2014-09-30": 0, "2014-06-30": 0, "2014-03-31": "", "2013-12-31": -1.913, "2013-09-30": -0.415, "2013-06-30": -5.741, "2013-03-31": "", "2012-12-31": -1.172, "2012-09-30": 0, "2012-06-30": -0.106, "2012-03-31": "-0.10300", "2011-12-31": -0.277, "2011-09-30": -0.727, "2011-06-30": -33.496, "2011-03-31": "", "2010-12-31": 0, "2010-09-30": 0, "2010-06-30": 0, "2010-03-31": "", "2009-12-31": -0.26, "2009-09-30": 0.025, "2009-06-30": -0.006, "2009-03-31": "-0.01900", "2008-12-31": -5.34}, "Cash Flow From Financial Activities": {"2020-09-30": 342.149, "2020-06-30": 395.909, "2020-03-31": "-36.85600", "2019-12-31": -85.049, "2019-09-30": -103.449, "2019-06-30": -27.364, "2019-03-31": "-150.63700", "2018-12-31": -1.518, "2018-09-30": -322.374, "2018-06-30": -65.181, "2018-03-31": "-17.14000", "2017-12-31": -2.202, "2017-09-30": -0.809, "2017-06-30": -2.945, "2017-03-31": "-9.30700", "2016-12-31": -38, "2016-09-30": -128.936, "2016-06-30": -127.763, "2016-03-31": "-42.88300", "2015-12-31": 953.787, "2015-09-30": -76.76, "2015-06-30": -28.952, "2015-03-31": "-83.90300", "2014-12-31": 950.491, "2014-09-30": 164.672, "2014-06-30": -168.177, "2014-03-31": "-6.05600", "2013-12-31": -78.933, "2013-09-30": 1.556, "2013-06-30": -272.385, "2013-03-31": "-54.06900", "2012-12-31": -16.039, "2012-09-30": 0.442, "2012-06-30": 0.697, "2012-03-31": "1.50000", "2011-12-31": -35.96, "2011-09-30": 33.691, "2011-06-30": -152.743, "2011-03-31": "2.06800", "2010-12-31": 10.195, "2010-09-30": -4.062, "2010-06-30": -238.073, "2010-03-31": "329.63600", "2009-12-31": -105.082, "2009-09-30": -4.817, "2009-06-30": -35.976, "2009-03-31": "44.13500", "2008-12-31": 8.89}, "Net Cash Flow": {"2020-09-30": 367.242, "2020-06-30": 439.978, "2020-03-31": "28.85200", "2019-12-31": 52.733, "2019-09-30": 0.313, "2019-06-30": 71.555, "2019-03-31": "-80.31500", "2018-12-31": -81.561, "2018-09-30": -51.986, "2018-06-30": 35.114, "2018-03-31": "75.17700", "2017-12-31": 140.117, "2017-09-30": 101.488, "2017-06-30": 79.784, "2017-03-31": "80.27200", "2016-12-31": 51.541, "2016-09-30": -9.233, "2016-06-30": -38.867, "2016-03-31": "5.72400", "2015-12-31": 84.054, "2015-09-30": 31.414, "2015-06-30": 31.214, "2015-03-31": "-15.74800", "2014-12-31": 14.592, "2014-09-30": 12.099, "2014-06-30": -149.426, "2014-03-31": "16.16800", "2013-12-31": -30.303, "2013-09-30": 113.852, "2013-06-30": -196.678, "2013-03-31": "17.48600", "2012-12-31": 65.375, "2012-09-30": 87.329, "2012-06-30": 67.729, "2012-03-31": "100.97900", "2011-12-31": 14.306, "2011-09-30": -209.283, "2011-06-30": -132.223, "2011-03-31": "-74.33500", "2010-12-31": 90.74, "2010-09-30": 91.675, "2010-06-30": -197, "2010-03-31": "359.77900", "2009-12-31": -49.686, "2009-09-30": 35.93, "2009-06-30": -18.062, "2009-03-31": "102.56800", "2008-12-31": 17.65}, "Stock-Based Compensation": {"2020-09-30": 4.622, "2020-06-30": 3.506, "2020-03-31": "6.08400", "2019-12-31": 3.569, "2019-09-30": 2.763, "2019-06-30": 6.485, "2019-03-31": "5.94000", "2018-12-31": 6.012, "2018-09-30": 6.311, "2018-06-30": 6.412, "2018-03-31": "5.09000", "2017-12-31": 4.713, "2017-09-30": 5.097, "2017-06-30": 6.057, "2017-03-31": "3.95200", "2016-12-31": 4.146, "2016-09-30": 4.757, "2016-06-30": 5.006, "2016-03-31": "3.51600", "2015-12-31": 4.233, "2015-09-30": 3.512, "2015-06-30": 4.394, "2015-03-31": "3.18700", "2014-12-31": 3.065, "2014-09-30": 3.569, "2014-06-30": 3.766, "2014-03-31": "2.58500", "2013-12-31": 1.609, "2013-09-30": 2.756, "2013-06-30": 2.653, "2013-03-31": "1.94900", "2012-12-31": 7.464, "2012-09-30": 2.552, "2012-06-30": 2.782, "2012-03-31": "1.91600", "2011-12-31": 0.942, "2011-09-30": 2.417, "2011-06-30": 2.617, "2011-03-31": "2.03600", "2010-12-31": 1.762, "2010-09-30": 1.79, "2010-06-30": 1.805, "2010-03-31": "20.06400", "2009-12-31": 1.059, "2009-09-30": 0.48, "2009-06-30": 0.493, "2009-03-31": "0.20100", "2008-12-31": 0}, "Common Stock Dividends Paid": {"2020-09-30": 0, "2020-06-30": 0, "2020-03-31": "", "2019-12-31": 0, "2019-09-30": 0, "2019-06-30": 0, "2019-03-31": "", "2018-12-31": 0, "2018-09-30": 0, "2018-06-30": 0, "2018-03-31": "", "2017-12-31": 0, "2017-09-30": 0, "2017-06-30": 0, "2017-03-31": "", "2016-12-31": 0, "2016-09-30": 0, "2016-06-30": 0, "2016-03-31": "", "2015-12-31": 0, "2015-09-30": 0, "2015-06-30": 0, "2015-03-31": "", "2014-12-31": 0, "2014-09-30": 0, "2014-06-30": 0, "2014-03-31": "", "2013-12-31": 0, "2013-09-30": 0, "2013-06-30": 0, "2013-03-31": "", "2012-12-31": 0, "2012-09-30": 0, "2012-06-30": 0, "2012-03-31": "", "2011-12-31": 0, "2011-09-30": 0, "2011-06-30": 0, "2011-03-31": "", "2010-12-31": 0, "2010-09-30": 0, "2010-06-30": 0, "2010-03-31": "", "2009-12-31": 0, "2009-09-30": 0.133, "2009-06-30": -0.133, "2009-03-31": "", "2008-12-31": 0}}, "financial ratios": {"Current Ratio": {"2019-12-31": "3.09680", "2018-12-31": "2.99580", "2017-12-31": "2.93610", "2016-12-31": "2.29980", "2015-12-31": "1.47710", "2014-12-31": "1.65130", "2013-12-31": "2.68650", "2012-12-31": "3.21410", "2011-12-31": "2.12410", "2010-12-31": "3.38860", "2009-12-31": "2.01760", "2008-12-31": ""}, "Long-term Debt / Capital": {"2019-12-31": "0.55800", "2018-12-31": "0.55480", "2017-12-31": "0.58120", "2016-12-31": "0.62660", "2015-12-31": "0.66420", "2014-12-31": "0.67420", "2013-12-31": "0.60050", "2012-12-31": "0.59710", "2011-12-31": "0.63550", "2010-12-31": "0.65020", "2009-12-31": "0.85500", "2008-12-31": ""}, "Debt/Equity Ratio": {"2019-12-31": "1.26490", "2018-12-31": "1.25170", "2017-12-31": "1.39420", "2016-12-31": "1.68570", "2015-12-31": "2.15810", "2014-12-31": "2.18120", "2013-12-31": "1.51010", "2012-12-31": "1.49280", "2011-12-31": "1.75670", "2010-12-31": "1.87510", "2009-12-31": "5.94290", "2008-12-31": ""}, "Gross Margin": {"2019-12-31": "34.28930", "2018-12-31": "35.63020", "2017-12-31": "35.31690", "2016-12-31": "34.91660", "2015-12-31": "33.51850", "2014-12-31": "34.96010", "2013-12-31": "36.57650", "2012-12-31": "34.29440", "2011-12-31": "36.13150", "2010-12-31": "38.44020", "2009-12-31": "34.61530", "2008-12-31": "33.09950"}, "Operating Margin": {"2019-12-31": "16.13860", "2018-12-31": "20.17300", "2017-12-31": "16.80770", "2016-12-31": "15.37510", "2015-12-31": "13.22990", "2014-12-31": "15.41990", "2013-12-31": "18.35090", "2012-12-31": "14.49740", "2011-12-31": "16.09950", "2010-12-31": "14.86050", "2009-12-31": "5.15350", "2008-12-31": "5.61990"}, "EBIT Margin": {"2019-12-31": "16.13860", "2018-12-31": "20.17300", "2017-12-31": "16.80770", "2016-12-31": "15.37510", "2015-12-31": "13.22990", "2014-12-31": "15.41990", "2013-12-31": "18.35090", "2012-12-31": "14.49740", "2011-12-31": "16.09950", "2010-12-31": "14.86050", "2009-12-31": "5.15350", "2008-12-31": "5.61990"}, "EBITDA Margin": {"2019-12-31": "23.86340", "2018-12-31": "27.34750", "2017-12-31": "25.20310", "2016-12-31": "25.23480", "2015-12-31": "23.01020", "2014-12-31": "24.68220", "2013-12-31": "27.92220", "2012-12-31": "25.18740", "2011-12-31": "26.75110", "2010-12-31": "27.30830", "2009-12-31": "25.45670", "2008-12-31": "21.36470"}, "Pre-Tax Profit Margin": {"2019-12-31": "11.31450", "2018-12-31": "14.94690", "2017-12-31": "12.17040", "2016-12-31": "10.03800", "2015-12-31": "6.91200", "2014-12-31": "10.51650", "2013-12-31": "11.81060", "2012-12-31": "9.02160", "2011-12-31": "4.12360", "2010-12-31": "11.02900", "2009-12-31": "1.49710", "2008-12-31": "-4.28200"}, "Net Profit Margin": {"2019-12-31": "8.19310", "2018-12-31": "17.00900", "2017-12-31": "12.34930", "2016-12-31": "8.19520", "2015-12-31": "11.68740", "2014-12-31": "11.77480", "2013-12-31": "9.49780", "2012-12-31": "9.27320", "2011-12-31": "0.35440", "2010-12-31": "8.44440", "2009-12-31": "-2.43900", "2008-12-31": "-9.45630"}, "Asset Turnover": {"2019-12-31": "0.50490", "2018-12-31": "0.51810", "2017-12-31": "0.49790", "2016-12-31": "0.51310", "2015-12-31": "0.47230", "2014-12-31": "0.47100", "2013-12-31": "0.56610", "2012-12-31": "0.52460", "2011-12-31": "0.52850", "2010-12-31": "0.45460", "2009-12-31": "0.35840", "2008-12-31": ""}, "Inventory Turnover Ratio": {"2019-12-31": "4.47510", "2018-12-31": "4.60450", "2017-12-31": "4.79430", "2016-12-31": "5.34610", "2015-12-31": "5.51380", "2014-12-31": "4.39810", "2013-12-31": "6.85000", "2012-12-31": "7.13570", "2011-12-31": "5.90680", "2010-12-31": "6.72630", "2009-12-31": "5.91890", "2008-12-31": ""}, "Receiveable Turnover": {"2019-12-31": "6.18530", "2018-12-31": "6.05330", "2017-12-31": "5.94160", "2016-12-31": "6.40190", "2015-12-31": "6.36260", "2014-12-31": "5.41710", "2013-12-31": "6.78980", "2012-12-31": "7.41500", "2011-12-31": "6.98840", "2010-12-31": "7.76860", "2009-12-31": "6.27600", "2008-12-31": ""}, "Days Sales In Receivables": {"2019-12-31": "59.01070", "2018-12-31": "60.29760", "2017-12-31": "61.43150", "2016-12-31": "57.01460", "2015-12-31": "57.36610", "2014-12-31": "67.37940", "2013-12-31": "53.75730", "2012-12-31": "49.22470", "2011-12-31": "52.22930", "2010-12-31": "46.98420", "2009-12-31": "58.15820", "2008-12-31": ""}, "ROE - Return On Equity": {"2019-12-31": "10.98450", "2018-12-31": "22.96380", "2017-12-31": "17.40930", "2016-12-31": "13.51360", "2015-12-31": "20.83790", "2014-12-31": "21.77840", "2013-12-31": "16.47920", "2012-12-31": "14.52030", "2011-12-31": "0.61960", "2010-12-31": "12.90460", "2009-12-31": "-7.04780", "2008-12-31": ""}, "Return On Tangible Equity": {"2019-12-31": "-21.90310", "2018-12-31": "-43.72040", "2017-12-31": "-25.84600", "2016-12-31": "-12.26970", "2015-12-31": "-13.30260", "2014-12-31": "-13.95940", "2013-12-31": "-16.84430", "2012-12-31": "-15.62750", "2011-12-31": "-0.44980", "2010-12-31": "-10.45150", "2009-12-31": "1.35820", "2008-12-31": ""}, "ROA - Return On Assets": {"2019-12-31": "4.13660", "2018-12-31": "8.81170", "2017-12-31": "6.14850", "2016-12-31": "4.20500", "2015-12-31": "5.51990", "2014-12-31": "5.54560", "2013-12-31": "5.37680", "2012-12-31": "4.86460", "2011-12-31": "0.18730", "2010-12-31": "3.83860", "2009-12-31": "-0.86160", "2008-12-31": ""}, "ROI - Return On Investment": {"2019-12-31": "4.85560", "2018-12-31": "10.22380", "2017-12-31": "7.29190", "2016-12-31": "5.04590", "2015-12-31": "6.99710", "2014-12-31": "7.09590", "2013-12-31": "6.58370", "2012-12-31": "5.84960", "2011-12-31": "0.22580", "2010-12-31": "4.51450", "2009-12-31": "-1.02160", "2008-12-31": ""}, "Book Value Per Share": {"2019-12-31": "16.30730", "2018-12-31": "15.89080", "2017-12-31": "13.68820", "2016-12-31": "11.36470", "2015-12-31": "9.79220", "2014-12-31": "7.69500", "2013-12-31": "6.63810", "2012-12-31": "6.86640", "2011-12-31": "5.92190", "2010-12-31": "5.80820", "2009-12-31": "2.68760", "2008-12-31": ""}, "Operating Cash Flow Per Share": {"2019-12-31": 0.1718, "2018-12-31": 0.4145, "2017-12-31": 0.1972, "2016-12-31": -0.0667, "2015-12-31": 0.887, "2014-12-31": 0.0103, "2013-12-31": 0.0235, "2012-12-31": 0.4997, "2011-12-31": -0.047, "2010-12-31": 0.4328, "2009-12-31": 0.9725, "2008-12-31": 0.3296}, "Free Cash Flow Per Share": {"2019-12-31": 0.1169, "2018-12-31": 0.3135, "2017-12-31": 0.117, "2016-12-31": 0.1791, "2015-12-31": 0.6873, "2014-12-31": -0.3424, "2013-12-31": -0.1587, "2012-12-31": 0.7213, "2011-12-31": -0.2355, "2010-12-31": 0.2288, "2009-12-31": 1.1411, "2008-12-31": 0.0612}}, "financial ratios, quarterly": {"Current Ratio": {"2020-09-30": "4.33240", "2020-06-30": "2.45980", "2020-03-31": "3.17130", "2019-12-31": "3.09680", "2019-09-30": "3.14190", "2019-06-30": "3.13060", "2019-03-31": "2.96260", "2018-12-31": "2.99580", "2018-09-30": "3.09660", "2018-06-30": "3.38180", "2018-03-31": "3.03130", "2017-12-31": "2.93610", "2017-09-30": "2.75710", "2017-06-30": "2.64430", "2017-03-31": "2.47530", "2016-12-31": "2.29980", "2016-09-30": "2.08430", "2016-06-30": "1.77760", "2016-03-31": "1.51810", "2015-12-31": "1.47710", "2015-09-30": "1.85850", "2015-06-30": "1.71570", "2015-03-31": "1.59970", "2014-12-31": "1.65130", "2014-09-30": "1.64560", "2014-06-30": "2.16100", "2014-03-31": "2.49160", "2013-12-31": "2.68650", "2013-09-30": "2.53020", "2013-06-30": "2.33630", "2013-03-31": "1.90120", "2012-12-31": "3.21410", "2012-09-30": "3.02540", "2012-06-30": "2.62100", "2012-03-31": "2.25980", "2011-12-31": "2.12410", "2011-09-30": "1.72880", "2011-06-30": "2.64270", "2011-03-31": "2.81080", "2010-12-31": "3.38860", "2010-09-30": "3.03750", "2010-06-30": "2.81670", "2010-03-31": "1.79930", "2009-12-31": "2.01760", "2009-09-30": "", "2009-06-30": "", "2009-03-31": "", "2008-12-31": ""}, "Long-term Debt / Capital": {"2020-09-30": "0.60790", "2020-06-30": "0.56580", "2020-03-31": "0.56140", "2019-12-31": "0.55800", "2019-09-30": "0.55520", "2019-06-30": "0.55370", "2019-03-31": "0.55880", "2018-12-31": "0.55480", "2018-09-30": "0.57940", "2018-06-30": "0.56280", "2018-03-31": "0.57000", "2017-12-31": "0.58120", "2017-09-30": "0.59860", "2017-06-30": "0.60870", "2017-03-31": "0.61720", "2016-12-31": "0.62660", "2016-09-30": "0.63990", "2016-06-30": "0.64840", "2016-03-31": "0.65780", "2015-12-31": "0.66420", "2015-09-30": "0.64240", "2015-06-30": "0.64950", "2015-03-31": "0.65600", "2014-12-31": "0.67420", "2014-09-30": "0.58290", "2014-06-30": "0.60580", "2014-03-31": "0.58600", "2013-12-31": "0.60050", "2013-09-30": "0.56460", "2013-06-30": "0.57870", "2013-03-31": "0.57060", "2012-12-31": "0.59710", "2012-09-30": "0.60780", "2012-06-30": "0.61760", "2012-03-31": "0.62520", "2011-12-31": "0.63550", "2011-09-30": "0.64300", "2011-06-30": "0.65000", "2011-03-31": "0.65500", "2010-12-31": "0.65020", "2010-09-30": "0.67340", "2010-06-30": "0.65420", "2010-03-31": "0.68510", "2009-12-31": "0.85500", "2009-09-30": "", "2009-06-30": "", "2009-03-31": "", "2008-12-31": ""}, "Debt/Equity Ratio": {"2020-09-30": "1.55300", "2020-06-30": "1.46630", "2020-03-31": "1.28290", "2019-12-31": "1.26490", "2019-09-30": "1.25120", "2019-06-30": "1.24560", "2019-03-31": "1.27180", "2018-12-31": "1.25170", "2018-09-30": "1.38330", "2018-06-30": "1.29150", "2018-03-31": "1.32910", "2017-12-31": "1.39420", "2017-09-30": "1.49730", "2017-06-30": "1.56040", "2017-03-31": "1.61590", "2016-12-31": "1.68570", "2016-09-30": "1.78520", "2016-06-30": "1.92210", "2016-03-31": "2.07590", "2015-12-31": "2.15810", "2015-09-30": "1.84450", "2015-06-30": "1.95610", "2015-03-31": "2.03120", "2014-12-31": "2.18120", "2014-09-30": "1.53490", "2014-06-30": "1.54400", "2014-03-31": "1.42130", "2013-12-31": "1.51010", "2013-09-30": "1.30820", "2013-06-30": "1.38550", "2013-03-31": "1.50390", "2012-12-31": "1.49280", "2012-09-30": "1.56120", "2012-06-30": "1.62740", "2012-03-31": "1.68070", "2011-12-31": "1.75670", "2011-09-30": "1.84890", "2011-06-30": "1.87140", "2011-03-31": "1.91560", "2010-12-31": "1.87510", "2010-09-30": "2.08060", "2010-06-30": "1.91000", "2010-03-31": "2.45720", "2009-12-31": "5.94290", "2009-09-30": "", "2009-06-30": "", "2009-03-31": "", "2008-12-31": ""}, "Gross Margin": {"2020-09-30": "32.73550", "2020-06-30": "28.45800", "2020-03-31": "26.84640", "2019-12-31": "34.27570", "2019-09-30": "34.69460", "2019-06-30": "34.90800", "2019-03-31": "33.27900", "2018-12-31": "35.89470", "2018-09-30": "36.08460", "2018-06-30": "36.25840", "2018-03-31": "34.28170", "2017-12-31": "35.90560", "2017-09-30": "35.62830", "2017-06-30": "35.64450", "2017-03-31": "34.04710", "2016-12-31": "35.38830", "2016-09-30": "35.56020", "2016-06-30": "35.05600", "2016-03-31": "33.66660", "2015-12-31": "34.38730", "2015-09-30": "34.47070", "2015-06-30": "32.78240", "2015-03-31": "32.51060", "2014-12-31": "33.39360", "2014-09-30": "35.54960", "2014-06-30": "36.01740", "2014-03-31": "35.24240", "2013-12-31": "37.46580", "2013-09-30": "38.04980", "2013-06-30": "36.27810", "2013-03-31": "34.38060", "2012-12-31": "33.19930", "2012-09-30": "34.60050", "2012-06-30": "35.36500", "2012-03-31": "33.89380", "2011-12-31": "34.14530", "2011-09-30": "35.42530", "2011-06-30": "37.42300", "2011-03-31": "37.58960", "2010-12-31": "39.13730", "2010-09-30": "37.73810", "2010-06-30": "38.59460", "2010-03-31": "38.27630", "2009-12-31": "34.65660", "2009-09-30": "36.88320", "2009-06-30": "33.86020", "2009-03-31": "32.49660", "2008-12-31": ""}, "Operating Margin": {"2020-09-30": "16.09070", "2020-06-30": "-0.32400", "2020-03-31": "7.56830", "2019-12-31": "14.25760", "2019-09-30": "17.19780", "2019-06-30": "16.68380", "2019-03-31": "16.38090", "2018-12-31": "19.14820", "2018-09-30": "25.45000", "2018-06-30": "19.48440", "2018-03-31": "16.66240", "2017-12-31": "18.31120", "2017-09-30": "17.12710", "2017-06-30": "16.66550", "2017-03-31": "15.06630", "2016-12-31": "16.21560", "2016-09-30": "15.54930", "2016-06-30": "15.48170", "2016-03-31": "14.25990", "2015-12-31": "12.54820", "2015-09-30": "14.69400", "2015-06-30": "12.09120", "2015-03-31": "13.63970", "2014-12-31": "10.82130", "2014-09-30": "15.96220", "2014-06-30": "18.05600", "2014-03-31": "17.98030", "2013-12-31": "19.40400", "2013-09-30": "20.06450", "2013-06-30": "17.88840", "2013-03-31": "15.90070", "2012-12-31": "9.35140", "2012-09-30": "15.09570", "2012-06-30": "17.11830", "2012-03-31": "15.89360", "2011-12-31": "13.15870", "2011-09-30": "16.32000", "2011-06-30": "17.18320", "2011-03-31": "17.75530", "2010-12-31": "18.15580", "2010-09-30": "16.45530", "2010-06-30": "18.03880", "2010-03-31": "6.54880", "2009-12-31": "12.92830", "2009-09-30": "10.64970", "2009-06-30": "4.62660", "2009-03-31": "-12.24980", "2008-12-31": ""}, "EBIT Margin": {"2020-09-30": "16.09070", "2020-06-30": "-0.32400", "2020-03-31": "7.56830", "2019-12-31": "14.25760", "2019-09-30": "17.19780", "2019-06-30": "16.68380", "2019-03-31": "16.38090", "2018-12-31": "19.14820", "2018-09-30": "25.45000", "2018-06-30": "19.48440", "2018-03-31": "16.66240", "2017-12-31": "18.31120", "2017-09-30": "17.12710", "2017-06-30": "16.66550", "2017-03-31": "15.06630", "2016-12-31": "16.21560", "2016-09-30": "15.54930", "2016-06-30": "15.48170", "2016-03-31": "14.25990", "2015-12-31": "12.54820", "2015-09-30": "14.69400", "2015-06-30": "12.09120", "2015-03-31": "13.63970", "2014-12-31": "10.82130", "2014-09-30": "15.96220", "2014-06-30": "18.05600", "2014-03-31": "17.98030", "2013-12-31": "19.40400", "2013-09-30": "20.06450", "2013-06-30": "17.88840", "2013-03-31": "15.90070", "2012-12-31": "9.35140", "2012-09-30": "15.09570", "2012-06-30": "17.11830", "2012-03-31": "15.89360", "2011-12-31": "13.15870", "2011-09-30": "16.32000", "2011-06-30": "17.18320", "2011-03-31": "17.75530", "2010-12-31": "18.15590", "2010-09-30": "16.45530", "2010-06-30": "18.03880", "2010-03-31": "6.54880", "2009-12-31": "12.92830", "2009-09-30": "10.64970", "2009-06-30": "4.62660", "2009-03-31": "-12.24980", "2008-12-31": ""}, "EBITDA Margin": {"2020-09-30": "", "2020-06-30": "", "2020-03-31": "", "2019-12-31": "", "2019-09-30": "", "2019-06-30": "", "2019-03-31": "", "2018-12-31": "", "2018-09-30": "", "2018-06-30": "", "2018-03-31": "", "2017-12-31": "", "2017-09-30": "", "2017-06-30": "", "2017-03-31": "", "2016-12-31": "", "2016-09-30": "", "2016-06-30": "", "2016-03-31": "", "2015-12-31": "", "2015-09-30": "", "2015-06-30": "", "2015-03-31": "", "2014-12-31": "", "2014-09-30": "", "2014-06-30": "", "2014-03-31": "", "2013-12-31": "", "2013-09-30": "", "2013-06-30": "", "2013-03-31": "", "2012-12-31": "", "2012-09-30": "", "2012-06-30": "", "2012-03-31": "", "2011-12-31": "", "2011-09-30": "", "2011-06-30": "", "2011-03-31": "", "2010-12-31": "", "2010-09-30": "", "2010-06-30": "", "2010-03-31": "", "2009-12-31": "", "2009-09-30": "", "2009-06-30": "", "2009-03-31": "", "2008-12-31": ""}, "Pre-Tax Profit Margin": {"2020-09-30": "11.65910", "2020-06-30": "-7.12920", "2020-03-31": "0.89310", "2019-12-31": "9.51920", "2019-09-30": "11.65290", "2019-06-30": "11.79970", "2019-03-31": "12.23800", "2018-12-31": "14.08070", "2018-09-30": "19.88200", "2018-06-30": "14.08160", "2018-03-31": "11.80380", "2017-12-31": "13.73580", "2017-09-30": "12.55730", "2017-06-30": "11.67650", "2017-03-31": "10.66160", "2016-12-31": "9.79720", "2016-09-30": "10.24390", "2016-06-30": "10.45150", "2016-03-31": "9.64250", "2015-12-31": "6.04020", "2015-09-30": "9.12440", "2015-06-30": "6.42600", "2015-03-31": "6.11080", "2014-12-31": "4.58360", "2014-09-30": "10.39450", "2014-06-30": "14.69160", "2014-03-31": "13.87110", "2013-12-31": "12.80220", "2013-09-30": "17.28750", "2013-06-30": "6.87730", "2013-03-31": "10.24870", "2012-12-31": "1.58210", "2012-09-30": "12.15100", "2012-06-30": "10.08250", "2012-03-31": "11.66590", "2011-12-31": "7.17460", "2011-09-30": "10.13610", "2011-06-30": "-4.53570", "2011-03-31": "3.45990", "2010-12-31": "18.67230", "2010-09-30": "-10.01630", "2010-06-30": "24.83930", "2010-03-31": "10.21010", "2009-12-31": "6.81180", "2009-09-30": "-12.36070", "2009-06-30": "13.16950", "2009-03-31": "-0.96100", "2008-12-31": ""}, "Net Profit Margin": {"2020-09-30": "9.73330", "2020-06-30": "-7.37910", "2020-03-31": "1.08890", "2019-12-31": "6.32320", "2019-09-30": "8.31750", "2019-06-30": "8.30980", "2019-03-31": "9.77200", "2018-12-31": "29.96730", "2018-09-30": "17.07030", "2018-06-30": "11.52120", "2018-03-31": "10.20990", "2017-12-31": "20.12160", "2017-09-30": "10.74840", "2017-06-30": "9.46060", "2017-03-31": "8.88620", "2016-12-31": "8.43830", "2016-09-30": "8.83580", "2016-06-30": "7.91620", "2016-03-31": "7.60930", "2015-12-31": "30.04790", "2015-09-30": "7.30750", "2015-06-30": "5.30860", "2015-03-31": "4.70970", "2014-12-31": "9.85730", "2014-09-30": "14.20270", "2014-06-30": "11.09540", "2014-03-31": "12.39550", "2013-12-31": "13.28020", "2013-09-30": "13.23390", "2013-06-30": "4.02260", "2013-03-31": "7.36910", "2012-12-31": "15.92910", "2012-09-30": "8.79500", "2012-06-30": "5.17580", "2012-03-31": "7.90960", "2011-12-31": "5.37730", "2011-09-30": "5.53370", "2011-06-30": "-7.60970", "2011-03-31": "-2.14420", "2010-12-31": "17.69020", "2010-09-30": "-12.62450", "2010-06-30": "21.06120", "2010-03-31": "7.24140", "2009-12-31": "4.18410", "2009-09-30": "-17.86470", "2009-06-30": "8.85810", "2009-03-31": "-4.26710", "2008-12-31": ""}, "Asset Turnover": {"2020-09-30": "0.10430", "2020-06-30": "0.08140", "2020-03-31": "0.11360", "2019-12-31": "0.12390", "2019-09-30": "0.12420", "2019-06-30": "0.12900", "2019-03-31": "0.12810", "2018-12-31": "0.12470", "2018-09-30": "0.13110", "2018-06-30": "0.13430", "2018-03-31": "0.13070", "2017-12-31": "0.12660", "2017-09-30": "0.12530", "2017-06-30": "0.13090", "2017-03-31": "0.12750", "2016-12-31": "0.12630", "2016-09-30": "0.12630", "2016-06-30": "0.13160", "2016-03-31": "0.12520", "2015-12-31": "0.11530", "2015-09-30": "0.14160", "2015-06-30": "0.15000", "2015-03-31": "0.14600", "2014-12-31": "0.13780", "2014-09-30": "0.14870", "2014-06-30": "0.16220", "2014-03-31": "0.15190", "2013-12-31": "0.14430", "2013-09-30": "0.14020", "2013-06-30": "0.14600", "2013-03-31": "0.12830", "2012-12-31": "0.12210", "2012-09-30": "0.13010", "2012-06-30": "0.14060", "2012-03-31": "0.13840", "2011-12-31": "0.13120", "2011-09-30": "0.13520", "2011-06-30": "0.13520", "2011-03-31": "0.12690", "2010-12-31": "0.11450", "2010-09-30": "0.11480", "2010-06-30": "0.11890", "2010-03-31": "0.10710", "2009-12-31": "0.10680", "2009-09-30": "", "2009-06-30": "", "2009-03-31": "", "2008-12-31": ""}, "Inventory Turnover Ratio": {"2020-09-30": "1.21010", "2020-06-30": "0.84380", "2020-03-31": "1.10140", "2019-12-31": "1.09830", "2019-09-30": "1.10330", "2019-06-30": "1.17370", "2019-03-31": "1.19970", "2018-12-31": "1.10410", "2018-09-30": "1.14120", "2018-06-30": "1.26080", "2018-03-31": "1.26700", "2017-12-31": "1.20760", "2017-09-30": "1.17820", "2017-06-30": "1.31400", "2017-03-31": "1.30750", "2016-12-31": "1.30670", "2016-09-30": "1.36460", "2016-06-30": "1.55280", "2016-03-31": "1.53490", "2015-12-31": "1.32880", "2015-09-30": "1.39630", "2015-06-30": "1.55680", "2015-03-31": "1.46090", "2014-12-31": "1.31820", "2014-09-30": "1.35590", "2014-06-30": "1.62990", "2014-03-31": "1.79380", "2013-12-31": "1.72200", "2013-09-30": "1.70180", "2013-06-30": "1.85940", "2013-03-31": "1.79450", "2012-12-31": "1.68810", "2012-09-30": "1.65960", "2012-06-30": "1.67360", "2012-03-31": "1.62250", "2011-12-31": "1.51140", "2011-09-30": "1.46020", "2011-06-30": "1.62540", "2011-03-31": "1.77920", "2010-12-31": "1.67470", "2010-09-30": "1.67710", "2010-06-30": "1.69880", "2010-03-31": "1.75220", "2009-12-31": "1.76220", "2009-09-30": "", "2009-06-30": "", "2009-03-31": "", "2008-12-31": ""}, "Receiveable Turnover": {"2020-09-30": "1.39480", "2020-06-30": "1.29930", "2020-03-31": "1.44340", "2019-12-31": "1.51770", "2019-09-30": "1.42380", "2019-06-30": "1.39050", "2019-03-31": "1.37520", "2018-12-31": "1.45750", "2018-09-30": "1.42130", "2018-06-30": "1.51090", "2018-03-31": "1.41190", "2017-12-31": "1.51030", "2017-09-30": "1.43720", "2017-06-30": "1.48480", "2017-03-31": "1.51420", "2016-12-31": "1.57610", "2016-09-30": "1.48300", "2016-06-30": "1.54540", "2016-03-31": "1.51530", "2015-12-31": "1.55370", "2015-09-30": "1.50990", "2015-06-30": "1.54370", "2015-03-31": "1.53720", "2014-12-31": "1.58540", "2014-09-30": "1.52370", "2014-06-30": "1.63310", "2014-03-31": "1.56260", "2013-12-31": "1.73110", "2013-09-30": "1.64250", "2013-06-30": "1.63290", "2013-03-31": "1.63710", "2012-12-31": "1.72540", "2012-09-30": "1.59210", "2012-06-30": "1.66340", "2012-03-31": "1.69330", "2011-12-31": "1.73420", "2011-09-30": "1.66030", "2011-06-30": "1.67940", "2011-03-31": "1.64840", "2010-12-31": "1.95640", "2010-09-30": "1.89410", "2010-06-30": "1.83230", "2010-03-31": "1.81010", "2009-12-31": "1.86960", "2009-09-30": "", "2009-06-30": "", "2009-03-31": "", "2008-12-31": ""}, "Days Sales In Receivables": {"2020-09-30": "64.52590", "2020-06-30": "69.26930", "2020-03-31": "62.35230", "2019-12-31": "59.29990", "2019-09-30": "63.21330", "2019-06-30": "64.72480", "2019-03-31": "65.44580", "2018-12-31": "61.75000", "2018-09-30": "63.32240", "2018-06-30": "59.56860", "2018-03-31": "63.74580", "2017-12-31": "59.59150", "2017-09-30": "62.62020", "2017-06-30": "60.61300", "2017-03-31": "59.43650", "2016-12-31": "57.10200", "2016-09-30": "60.68820", "2016-06-30": "58.23720", "2016-03-31": "59.39570", "2015-12-31": "57.92530", "2015-09-30": "59.60780", "2015-06-30": "58.30280", "2015-03-31": "58.54670", "2014-12-31": "56.76860", "2014-09-30": "59.06690", "2014-06-30": "55.11140", "2014-03-31": "57.59640", "2013-12-31": "51.98870", "2013-09-30": "54.79510", "2013-06-30": "55.11700", "2013-03-31": "54.97580", "2012-12-31": "52.16110", "2012-09-30": "56.52850", "2012-06-30": "54.10590", "2012-03-31": "53.14980", "2011-12-31": "51.89690", "2011-09-30": "54.20670", "2011-06-30": "53.59120", "2011-03-31": "54.59800", "2010-12-31": "46.00340", "2010-09-30": "47.51570", "2010-06-30": "49.11930", "2010-03-31": "49.71990", "2009-12-31": "48.13970", "2009-09-30": "", "2009-06-30": "", "2009-03-31": "", "2008-12-31": ""}, "ROE - Return On Equity": {"2020-09-30": "2.98020", "2020-06-30": "-1.70610", "2020-03-31": "0.33220", "2019-12-31": "2.08020", "2019-09-30": "2.71530", "2019-06-30": "2.80600", "2019-03-31": "3.31720", "2018-12-31": "9.74140", "2018-09-30": "6.33060", "2018-06-30": "4.17340", "2018-03-31": "3.69210", "2017-12-31": "7.21040", "2017-09-30": "4.03360", "2017-06-30": "3.79520", "2017-03-31": "3.55080", "2016-12-31": "3.42570", "2016-09-30": "3.76350", "2016-06-30": "3.66400", "2016-03-31": "3.53160", "2015-12-31": "13.08240", "2015-09-30": "3.67480", "2015-06-30": "2.91240", "2015-03-31": "2.58510", "2014-12-31": "5.33580", "2014-09-30": "6.69690", "2014-06-30": "5.73490", "2014-03-31": "5.64520", "2013-12-31": "5.87490", "2013-09-30": "5.31280", "2013-06-30": "1.73280", "2013-03-31": "2.84790", "2012-12-31": "5.80390", "2012-09-30": "3.54700", "2012-06-30": "2.32320", "2012-03-31": "3.56830", "2011-12-31": "2.33300", "2011-09-30": "2.59000", "2011-06-30": "-3.51780", "2011-03-31": "-0.94450", "2010-12-31": "6.80800", "2010-09-30": "-5.26050", "2010-06-30": "8.57230", "2010-03-31": "3.13240", "2009-12-31": "3.65380", "2009-09-30": "", "2009-06-30": "", "2009-03-31": "", "2008-12-31": ""}, "Return On Tangible Equity": {"2020-09-30": "-6.09580", "2020-06-30": "3.25660", "2020-03-31": "-0.65150", "2019-12-31": "-4.14780", "2019-09-30": "-5.46910", "2019-06-30": "-5.69500", "2019-03-31": "-6.17510", "2018-12-31": "-18.54660", "2018-09-30": "-10.50250", "2018-06-30": "-8.18960", "2018-03-31": "-6.28360", "2017-12-31": "-10.70460", "2017-09-30": "-4.94050", "2017-06-30": "-4.16080", "2017-03-31": "-3.54910", "2016-12-31": "-3.11040", "2016-09-30": "-3.06950", "2016-06-30": "-2.73640", "2016-03-31": "-2.40870", "2015-12-31": "-8.35160", "2015-09-30": "-3.01640", "2015-06-30": "-2.21210", "2015-03-31": "-1.83520", "2014-12-31": "-3.42010", "2014-09-30": "-6.53080", "2014-06-30": "-5.38480", "2014-03-31": "-6.44040", "2013-12-31": "-6.00500", "2013-09-30": "-6.38990", "2013-06-30": "-1.80290", "2013-03-31": "-3.10050", "2012-12-31": "-6.24650", "2012-09-30": "-3.42430", "2012-06-30": "-2.02280", "2012-03-31": "-2.86340", "2011-12-31": "-1.69370", "2011-09-30": "-1.74770", "2011-06-30": "2.68410", "2011-03-31": "0.73300", "2010-12-31": "-5.51390", "2010-09-30": "3.53670", "2010-06-30": "-6.06250", "2010-03-31": "-1.83390", "2009-12-31": "-0.70420", "2009-09-30": "", "2009-06-30": "", "2009-03-31": "", "2008-12-31": ""}, "ROA - Return On Assets": {"2020-09-30": "1.01500", "2020-06-30": "-0.60040", "2020-03-31": "0.12380", "2019-12-31": "0.78330", "2019-09-30": "1.03270", "2019-06-30": "1.07170", "2019-03-31": "1.25220", "2018-12-31": "3.73800", "2018-09-30": "2.23760", "2018-06-30": "1.54680", "2018-03-31": "1.33410", "2017-12-31": "2.54650", "2017-09-30": "1.34650", "2017-06-30": "1.23810", "2017-03-31": "1.13320", "2016-12-31": "1.06600", "2016-09-30": "1.11640", "2016-06-30": "1.04170", "2016-03-31": "0.95280", "2015-12-31": "3.46550", "2015-09-30": "1.03480", "2015-06-30": "0.79620", "2015-03-31": "0.68770", "2014-12-31": "1.35870", "2014-09-30": "2.11210", "2014-06-30": "1.79970", "2014-03-31": "1.88280", "2013-12-31": "1.91680", "2013-09-30": "1.85510", "2013-06-30": "0.58720", "2013-03-31": "0.94510", "2012-12-31": "1.94440", "2012-09-30": "1.14420", "2012-06-30": "0.72780", "2012-03-31": "1.09500", "2011-12-31": "0.70530", "2011-09-30": "0.74800", "2011-06-30": "-1.02860", "2011-03-31": "-0.27200", "2010-12-31": "2.02510", "2010-09-30": "-1.44900", "2010-06-30": "2.50450", "2010-03-31": "0.77580", "2009-12-31": "0.44670", "2009-09-30": "", "2009-06-30": "", "2009-03-31": "", "2008-12-31": ""}, "ROI - Return On Investment": {"2020-09-30": "1.16860", "2020-06-30": "-0.74080", "2020-03-31": "0.14570", "2019-12-31": "0.91950", "2019-09-30": "1.20780", "2019-06-30": "1.25250", "2019-03-31": "1.46360", "2018-12-31": "4.33700", "2018-09-30": "2.66260", "2018-06-30": "1.82480", "2018-03-31": "1.58740", "2017-12-31": "3.02010", "2017-09-30": "1.61910", "2017-06-30": "1.48520", "2017-03-31": "1.35930", "2016-12-31": "1.27910", "2016-09-30": "1.35510", "2016-06-30": "1.28820", "2016-03-31": "1.20860", "2015-12-31": "4.39290", "2015-09-30": "1.31410", "2015-06-30": "1.02080", "2015-03-31": "0.88930", "2014-12-31": "1.73850", "2014-09-30": "2.79340", "2014-06-30": "2.26070", "2014-03-31": "2.33740", "2013-12-31": "2.34710", "2013-09-30": "2.31310", "2013-06-30": "0.73000", "2013-03-31": "1.22280", "2012-12-31": "2.33810", "2012-09-30": "1.39120", "2012-06-30": "0.88840", "2012-03-31": "1.33740", "2011-12-31": "0.85040", "2011-09-30": "0.92470", "2011-06-30": "-1.23110", "2011-03-31": "-0.32590", "2010-12-31": "2.38170", "2010-09-30": "-1.71830", "2010-06-30": "2.96440", "2010-03-31": "0.98650", "2009-12-31": "0.52960", "2009-09-30": "", "2009-06-30": "", "2009-03-31": "", "2008-12-31": ""}, "Book Value Per Share": {"2020-09-30": "16.37360", "2020-06-30": "15.86000", "2020-03-31": "16.17150", "2019-12-31": "16.30730", "2019-09-30": "16.33510", "2019-06-30": "16.22090", "2019-03-31": "15.89030", "2018-12-31": "15.89080", "2018-09-30": "14.34990", "2018-06-30": "14.79680", "2018-03-31": "14.29800", "2017-12-31": "13.68820", "2017-09-30": "12.74120", "2017-06-30": "12.23260", "2017-03-31": "11.81370", "2016-12-31": "11.36470", "2016-09-30": "10.85240", "2016-06-30": "10.46620", "2016-03-31": "10.07140", "2015-12-31": "9.79220", "2015-09-30": "8.49920", "2015-06-30": "8.25530", "2015-03-31": "8.05480", "2014-12-31": "7.69500", "2014-09-30": "7.25270", "2014-06-30": "6.61740", "2014-03-31": "7.03320", "2013-12-31": "6.63810", "2013-09-30": "7.04980", "2013-06-30": "6.70310", "2013-03-31": "6.88550", "2012-12-31": "6.86640", "2012-09-30": "6.57450", "2012-06-30": "6.32900", "2012-03-31": "6.15860", "2011-12-31": "5.92190", "2011-09-30": "5.75460", "2011-06-30": "5.60380", "2011-03-31": "5.78240", "2010-12-31": "5.80820", "2010-09-30": "5.36670", "2010-06-30": "5.62670", "2010-03-31": "5.10680", "2009-12-31": "2.68760", "2009-09-30": "", "2009-06-30": "", "2009-03-31": "", "2008-12-31": ""}, "Operating Cash Flow Per Share": {"2020-09-30": 0.7735, "2020-06-30": 0.4611, "2020-03-31": "0.62220", "2019-12-31": 1.1376, "2019-09-30": 1.1356, "2019-06-30": 0.867, "2019-03-31": "0.68500", "2018-12-31": 1.1614, "2018-09-30": 1.0217, "2018-06-30": 0.7572, "2018-03-31": "0.71310", "2017-12-31": 1.0776, "2017-09-30": 0.8011, "2017-06-30": 0.6639, "2017-03-31": "0.69630", "2016-12-31": 0.7303, "2016-09-30": 0.872, "2016-06-30": 0.6441, "2016-03-31": "0.79530", "2015-12-31": 0.989, "2015-09-30": 0.8833, "2015-06-30": 0.634, "2015-03-31": "0.60210", "2014-12-31": 0.5809, "2014-09-30": 0.3834, "2014-06-30": 0.6519, "2014-03-31": "0.60520", "2013-12-31": 0.4826, "2013-09-30": 0.7189, "2013-06-30": 0.5423, "2013-03-31": "0.46730", "2012-12-31": 0.6206, "2012-09-30": 0.523, "2012-06-30": 0.4107, "2012-03-31": "0.63330", "2011-12-31": 0.463, "2011-09-30": 0.5321, "2011-06-30": 0.2218, "2011-03-31": "0.47100", "2010-12-31": 0.5564, "2010-09-30": 0.6793, "2010-06-30": 0.272, "2010-03-31": "0.22720", "2009-12-31": 0.4155, "2009-09-30": 0.2996, "2009-06-30": 0.1514, "2009-03-31": "0.43560", "2008-12-31": 0}, "Free Cash Flow Per Share": {"2020-09-30": 0.6282, "2020-06-30": 0.287, "2020-03-31": "0.43560", "2019-12-31": 0.9058, "2019-09-30": 0.8737, "2019-06-30": 0.6185, "2019-03-31": "0.43160", "2018-12-31": 0.8807, "2018-09-30": 0.7456, "2018-06-30": 0.5523, "2018-03-31": "0.53410", "2017-12-31": 0.7875, "2017-09-30": 0.6007, "2017-06-30": 0.4899, "2017-03-31": "0.52110", "2016-12-31": 0.518, "2016-09-30": 0.6972, "2016-06-30": 0.4716, "2016-03-31": "0.59540", "2015-12-31": 0.742, "2015-09-30": 0.6306, "2015-06-30": 0.3496, "2015-03-31": "0.38090", "2014-12-31": 0.3353, "2014-09-30": 0.1804, "2014-06-30": 0.4517, "2014-03-31": "0.44840", "2013-12-31": 0.3387, "2013-09-30": 0.5996, "2013-06-30": 0.4312, "2013-03-31": "0.38870", "2012-12-31": 0.522, "2012-09-30": 0.4789, "2012-06-30": 0.3679, "2012-03-31": "0.54810", "2011-12-31": 0.3201, "2011-09-30": 0.4103, "2011-06-30": 0.1176, "2011-03-31": "0.34760", "2010-12-31": 0.4555, "2010-09-30": 0.5751, "2010-06-30": 0.2081, "2010-03-31": "0.19240", "2009-12-31": 0.392, "2009-09-30": 0.2846, "2009-06-30": 0.1201, "2009-03-31": "0.40560", "2008-12-31": 0}}, "revenue": {"Sensata Technologies Holding Annual Revenue (Millions of US $)": {"2019": "$3,451", "2018": "$3,522", "2017": "$3,307", "2016": "$3,202", "2015": "$2,975", "2014": "$2,410", "2013": "$1,981", "2012": "$1,914", "2011": "$1,827", "2010": "$1,540", "2009": "$1,135", "2008": "$1,423"}, "Sensata Technologies Holding Quarterly Revenue (Millions of US $)": {"2020-09-30": "$788", "2020-06-30": "$577", "2020-03-31": "$774", "2019-12-31": "$847", "2019-09-30": "$850", "2019-06-30": "$884", "2019-03-31": "$870", "2018-12-31": "$848", "2018-09-30": "$874", "2018-06-30": "$914", "2018-03-31": "$886", "2017-12-31": "$841", "2017-09-30": "$819", "2017-06-30": "$840", "2017-03-31": "$807", "2016-12-31": "$788", "2016-09-30": "$790", "2016-06-30": "$828", "2016-03-31": "$797", "2015-12-31": "$726", "2015-09-30": "$727", "2015-06-30": "$770", "2015-03-31": "$751", "2014-12-31": "$705", "2014-09-30": "$577", "2014-06-30": "$576", "2014-03-31": "$552", "2013-12-31": "$505", "2013-09-30": "$499", "2013-06-30": "$506", "2013-03-31": "$470", "2012-12-31": "$445", "2012-09-30": "$472", "2012-06-30": "$505", "2012-03-31": "$492", "2011-12-31": "$453", "2011-09-30": "$474", "2011-06-30": "$455", "2011-03-31": "$444", "2010-12-31": "$388", "2010-09-30": "$383", "2010-06-30": "$392", "2010-03-31": "$377", "2009-12-31": "$338", "2009-09-30": "$302", "2009-06-30": "$255", "2009-03-31": "$239", "2008-12-31": ""}}, "gross-profit": {"Sensata Technologies Holding Annual Gross Profit (Millions of US $)": {"2019": "$1,183", "2018": "$1,255", "2017": "$1,168", "2016": "$1,118", "2015": "$997", "2014": "$842", "2013": "$724", "2012": "$656", "2011": "$660", "2010": "$592", "2009": "$393", "2008": "$471"}, "Sensata Technologies Holding Quarterly Gross Profit (Millions of US $)": {"2020-09-30": "$258", "2020-06-30": "$164", "2020-03-31": "$208", "2019-12-31": "$290", "2019-09-30": "$295", "2019-06-30": "$308", "2019-03-31": "$290", "2018-12-31": "$304", "2018-09-30": "$315", "2018-06-30": "$331", "2018-03-31": "$304", "2017-12-31": "$302", "2017-09-30": "$292", "2017-06-30": "$299", "2017-03-31": "$275", "2016-12-31": "$279", "2016-09-30": "$281", "2016-06-30": "$290", "2016-03-31": "$268", "2015-12-31": "$250", "2015-09-30": "$251", "2015-06-30": "$253", "2015-03-31": "$244", "2014-12-31": "$236", "2014-09-30": "$205", "2014-06-30": "$207", "2014-03-31": "$194", "2013-12-31": "$189", "2013-09-30": "$190", "2013-06-30": "$184", "2013-03-31": "$162", "2012-12-31": "$148", "2012-09-30": "$163", "2012-06-30": "$178", "2012-03-31": "$167", "2011-12-31": "$155", "2011-09-30": "$168", "2011-06-30": "$170", "2011-03-31": "$167", "2010-12-31": "$152", "2010-09-30": "$145", "2010-06-30": "$151", "2010-03-31": "$144", "2009-12-31": "$117", "2009-09-30": "$112", "2009-06-30": "$86", "2009-03-31": "$78", "2008-12-31": ""}}, "operating-income": {"Sensata Technologies Holding Annual Operating Income (Millions of US $)": {"2019": "$557", "2018": "$710", "2017": "$556", "2016": "$492", "2015": "$394", "2014": "$372", "2013": "$363", "2012": "$277", "2011": "$294", "2010": "$229", "2009": "$58", "2008": "$80"}, "Sensata Technologies Holding Quarterly Operating Income (Millions of US $)": {"2020-09-30": "$127", "2020-06-30": "$-2", "2020-03-31": "$59", "2019-12-31": "$121", "2019-09-30": "$146", "2019-06-30": "$147", "2019-03-31": "$143", "2018-12-31": "$162", "2018-09-30": "$222", "2018-06-30": "$178", "2018-03-31": "$148", "2017-12-31": "$154", "2017-09-30": "$140", "2017-06-30": "$140", "2017-03-31": "$122", "2016-12-31": "$128", "2016-09-30": "$123", "2016-06-30": "$128", "2016-03-31": "$114", "2015-12-31": "$91", "2015-09-30": "$107", "2015-06-30": "$93", "2015-03-31": "$102", "2014-12-31": "$76", "2014-09-30": "$92", "2014-06-30": "$104", "2014-03-31": "$99", "2013-12-31": "$98", "2013-09-30": "$100", "2013-06-30": "$91", "2013-03-31": "$75", "2012-12-31": "$42", "2012-09-30": "$71", "2012-06-30": "$86", "2012-03-31": "$78", "2011-12-31": "$60", "2011-09-30": "$77", "2011-06-30": "$78", "2011-03-31": "$79", "2010-12-31": "$70", "2010-09-30": "$63", "2010-06-30": "$71", "2010-03-31": "$25", "2009-12-31": "$44", "2009-09-30": "$32", "2009-06-30": "$12", "2009-03-31": "$-29", "2008-12-31": ""}}, "ebitda": {"Sensata Technologies Holding Annual EBITDA (Millions of US $)": {"2019": "$823", "2018": "$963", "2017": "$833", "2016": "$808", "2015": "$685", "2014": "$595", "2013": "$553", "2012": "$482", "2011": "$489", "2010": "$421", "2009": "$289", "2008": "$304"}, "Sensata Technologies Holding Quarterly EBITDA (Millions of US $)": {"2020-09-30": "$190", "2020-06-30": "$63", "2020-03-31": "$128", "2019-12-31": "$189", "2019-09-30": "$213", "2019-06-30": "$213", "2019-03-31": "$208", "2018-12-31": "$226", "2018-09-30": "$284", "2018-06-30": "$240", "2018-03-31": "$212", "2017-12-31": "$222", "2017-09-30": "$210", "2017-06-30": "$209", "2017-03-31": "$193", "2016-12-31": "$207", "2016-09-30": "$201", "2016-06-30": "$206", "2016-03-31": "$194", "2015-12-31": "$170", "2015-09-30": "$176", "2015-06-30": "$167", "2015-03-31": "$172", "2014-12-31": "$149", "2014-09-30": "$145", "2014-06-30": "$153", "2014-03-31": "$148", "2013-12-31": "$146", "2013-09-30": "$147", "2013-06-30": "$138", "2013-03-31": "$122", "2012-12-31": "$93", "2012-09-30": "$122", "2012-06-30": "$137", "2012-03-31": "$131", "2011-12-31": "$109", "2011-09-30": "$128", "2011-06-30": "$125", "2011-03-31": "$127", "2010-12-31": "$118", "2010-09-30": "$110", "2010-06-30": "$118", "2010-03-31": "$74", "2009-12-31": "$98", "2009-09-30": "$85", "2009-06-30": "$63", "2009-03-31": "$43", "2008-12-31": ""}}, "net-income": {"Sensata Technologies Holding Annual Net Income (Millions of US $)": {"2019": "$283", "2018": "$599", "2017": "$408", "2016": "$262", "2015": "$348", "2014": "$284", "2013": "$188", "2012": "$177", "2011": "$6", "2010": "$130", "2009": "$-28", "2008": "$-135"}, "Sensata Technologies Holding Quarterly Net Income (Millions of US $)": {"2020-09-30": "$77", "2020-06-30": "$-43", "2020-03-31": "$8", "2019-12-31": "$54", "2019-09-30": "$71", "2019-06-30": "$73", "2019-03-31": "$85", "2018-12-31": "$254", "2018-09-30": "$149", "2018-06-30": "$105", "2018-03-31": "$90", "2017-12-31": "$169", "2017-09-30": "$88", "2017-06-30": "$79", "2017-03-31": "$72", "2016-12-31": "$67", "2016-09-30": "$70", "2016-06-30": "$66", "2016-03-31": "$61", "2015-12-31": "$218", "2015-09-30": "$53", "2015-06-30": "$41", "2015-03-31": "$35", "2014-12-31": "$70", "2014-09-30": "$82", "2014-06-30": "$64", "2014-03-31": "$68", "2013-12-31": "$67", "2013-09-30": "$66", "2013-06-30": "$20", "2013-03-31": "$35", "2012-12-31": "$71", "2012-09-30": "$42", "2012-06-30": "$26", "2012-03-31": "$39", "2011-12-31": "$24", "2011-09-30": "$26", "2011-06-30": "$-35", "2011-03-31": "$-10", "2010-12-31": "$69", "2010-09-30": "$-48", "2010-06-30": "$83", "2010-03-31": "$27", "2009-12-31": "$14", "2009-09-30": "$-54", "2009-06-30": "$23", "2009-03-31": "$-10", "2008-12-31": ""}}, "eps-earnings-per-share-diluted": {"Sensata Technologies Holding Annual EPS": {"2019": "$1.75", "2018": "$3.53", "2017": "$2.37", "2016": "$1.53", "2015": "$2.03", "2014": "$1.65", "2013": "$1.05", "2012": "$0.98", "2011": "$0.04", "2010": "$0.75", "2009": "$-0.19", "2008": "$-0.93"}, "Sensata Technologies Holding Quarterly EPS": {"2020-09-30": "$0.49", "2020-06-30": "$-0.27", "2020-03-31": "$0.05", "2019-12-31": "$0.34", "2019-09-30": "$0.44", "2019-06-30": "$0.45", "2019-03-31": "$0.52", "2018-12-31": "$1.52", "2018-09-30": "$0.88", "2018-06-30": "$0.61", "2018-03-31": "$0.52", "2017-12-31": "$0.98", "2017-09-30": "$0.51", "2017-06-30": "$0.46", "2017-03-31": "$0.42", "2016-12-31": "$0.39", "2016-09-30": "$0.41", "2016-06-30": "$0.38", "2016-03-31": "$0.35", "2015-12-31": "$1.27", "2015-09-30": "$0.31", "2015-06-30": "$0.24", "2015-03-31": "$0.21", "2014-12-31": "$0.41", "2014-09-30": "$0.48", "2014-06-30": "$0.37", "2014-03-31": "$0.39", "2013-12-31": "$0.38", "2013-09-30": "$0.37", "2013-06-30": "$0.11", "2013-03-31": "$0.19", "2012-12-31": "$0.40", "2012-09-30": "$0.23", "2012-06-30": "$0.14", "2012-03-31": "$0.21", "2011-12-31": "$0.15", "2011-09-30": "$0.14", "2011-06-30": "$-0.20", "2011-03-31": "$-0.05", "2010-12-31": "$0.40", "2010-09-30": "$-0.28", "2010-06-30": "$0.46", "2010-03-31": "$0.17", "2009-12-31": "$0.10", "2009-09-30": "$-0.38", "2009-06-30": "$0.16", "2009-03-31": "$-0.07", "2008-12-31": "$0.00"}}, "shares-outstanding": {"Sensata Technologies Holding Annual Shares Outstanding (Millions of Shares)": {"2019": "162", "2018": "170", "2017": "172", "2016": "171", "2015": "172", "2014": "172", "2013": "179", "2012": "182", "2011": "181", "2010": "173", "2009": "144", "2008": "144"}, "Sensata Technologies Holding Quarterly Shares Outstanding (Millions of Shares)": {"2020-09-30": "158", "2020-06-30": "157", "2020-03-31": "158", "2019-12-31": "162", "2019-09-30": "161", "2019-06-30": "162", "2019-03-31": "165", "2018-12-31": "170", "2018-09-30": "169", "2018-06-30": "173", "2018-03-31": "173", "2017-12-31": "172", "2017-09-30": "172", "2017-06-30": "172", "2017-03-31": "172", "2016-12-31": "171", "2016-09-30": "171", "2016-06-30": "171", "2016-03-31": "171", "2015-12-31": "172", "2015-09-30": "172", "2015-06-30": "172", "2015-03-31": "171", "2014-12-31": "172", "2014-09-30": "171", "2014-06-30": "173", "2014-03-31": "174", "2013-12-31": "179", "2013-09-30": "179", "2013-06-30": "178", "2013-03-31": "182", "2012-12-31": "182", "2012-09-30": "182", "2012-06-30": "182", "2012-03-31": "182", "2011-12-31": "181", "2011-09-30": "182", "2011-06-30": "175", "2011-03-31": "174", "2010-12-31": "173", "2010-09-30": "171", "2010-06-30": "178", "2010-03-31": "157", "2009-12-31": "144", "2009-09-30": "144", "2009-06-30": "145", "2009-03-31": "144", "2008-12-31": ""}}, "total-assets": {"Sensata Technologies Holding Annual Total Assets (Millions of US $)": {"2019": "$6,835", "2018": "$6,798", "2017": "$6,642", "2016": "$6,241", "2015": "$6,299", "2014": "$5,117", "2013": "$3,499", "2012": "$3,648", "2011": "$3,457", "2010": "$3,388", "2009": "$3,167", "2008": "$0"}, "Sensata Technologies Holding Quarterly Total Assets (Millions of US $)": {"2020-09-30": "$7,559", "2020-06-30": "$7,085", "2020-03-31": "$6,813", "2019-12-31": "$6,835", "2019-09-30": "$6,844", "2019-06-30": "$6,852", "2019-03-31": "$6,794", "2018-12-31": "$6,798", "2018-09-30": "$6,664", "2018-06-30": "$6,807", "2018-03-31": "$6,783", "2017-12-31": "$6,642", "2017-09-30": "$6,538", "2017-06-30": "$6,418", "2017-03-31": "$6,331", "2016-12-31": "$6,241", "2016-09-30": "$6,251", "2016-06-30": "$6,289", "2016-03-31": "$6,361", "2015-12-31": "$6,299", "2015-09-30": "$5,137", "2015-06-30": "$5,137", "2015-03-31": "$5,141", "2014-12-31": "$5,117", "2014-09-30": "$3,881", "2014-06-30": "$3,550", "2014-03-31": "$3,631", "2013-12-31": "$3,499", "2013-09-30": "$3,559", "2013-06-30": "$3,469", "2013-03-31": "$3,668", "2012-12-31": "$3,648", "2012-09-30": "$3,628", "2012-06-30": "$3,589", "2012-03-31": "$3,554", "2011-12-31": "$3,457", "2011-09-30": "$3,509", "2011-06-30": "$3,366", "2011-03-31": "$3,502", "2010-12-31": "$3,388", "2010-09-30": "$3,339", "2010-06-30": "$3,295", "2010-03-31": "$3,520", "2009-12-31": "$3,167", "2009-09-30": "$0", "2009-06-30": "$0", "2009-03-31": "$0", "2008-12-31": "$0"}}, "cash-on-hand": {"Sensata Technologies Holding Annual Cash on Hand (Millions of US $)": {"2019": "$774", "2018": "$730", "2017": "$753", "2016": "$351", "2015": "$342", "2014": "$211", "2013": "$318", "2012": "$414", "2011": "$92", "2010": "$494", "2009": "$148", "2008": "$"}, "Sensata Technologies Holding Quarterly Cash on Hand (Millions of US $)": {"2020-09-30": "$1,610", "2020-06-30": "$1,243", "2020-03-31": "$803", "2019-12-31": "$774", "2019-09-30": "$721", "2019-06-30": "$721", "2019-03-31": "$650", "2018-12-31": "$730", "2018-09-30": "$811", "2018-06-30": "$863", "2018-03-31": "$828", "2017-12-31": "$753", "2017-09-30": "$613", "2017-06-30": "$511", "2017-03-31": "$432", "2016-12-31": "$351", "2016-09-30": "$300", "2016-06-30": "$309", "2016-03-31": "$348", "2015-12-31": "$342", "2015-09-30": "$258", "2015-06-30": "$227", "2015-03-31": "$196", "2014-12-31": "$211", "2014-09-30": "$197", "2014-06-30": "$185", "2014-03-31": "$334", "2013-12-31": "$318", "2013-09-30": "$348", "2013-06-30": "$234", "2013-03-31": "$431", "2012-12-31": "$414", "2012-09-30": "$348", "2012-06-30": "$261", "2012-03-31": "$193", "2011-12-31": "$92", "2011-09-30": "$78", "2011-06-30": "$287", "2011-03-31": "$419", "2010-12-31": "$494", "2010-09-30": "$403", "2010-06-30": "$311", "2010-03-31": "$508", "2009-12-31": "$148", "2009-09-30": "", "2009-06-30": "", "2009-03-31": "", "2008-12-31": ""}}, "long-term-debt": {"Sensata Technologies Holding Annual Long Term Debt (Millions of US $)": {"2019": "$3,249", "2018": "$3,250", "2017": "$3,255", "2016": "$3,259", "2015": "$3,301", "2014": "$2,696", "2013": "$1,716", "2012": "$1,812", "2011": "$1,822", "2010": "$1,873", "2009": "$2,284", "2008": "$"}, "Sensata Technologies Holding Quarterly Long Term Debt (Millions of US $)": {"2020-09-30": "$3,991", "2020-06-30": "$3,249", "2020-03-31": "$3,249", "2019-12-31": "$3,249", "2019-09-30": "$3,249", "2019-06-30": "$3,246", "2019-03-31": "$3,248", "2018-12-31": "$3,250", "2018-09-30": "$3,245", "2018-06-30": "$3,247", "2018-03-31": "$3,249", "2017-12-31": "$3,255", "2017-09-30": "$3,255", "2017-06-30": "$3,256", "2017-03-31": "$3,257", "2016-12-31": "$3,259", "2016-09-30": "$3,296", "2016-06-30": "$3,297", "2016-03-31": "$3,299", "2015-12-31": "$3,301", "2015-09-30": "$2,598", "2015-06-30": "$2,602", "2015-03-31": "$2,608", "2014-12-31": "$2,696", "2014-09-30": "$1,710", "2014-06-30": "$1,712", "2014-03-31": "$1,714", "2013-12-31": "$1,716", "2013-09-30": "$1,612", "2013-06-30": "$1,615", "2013-03-31": "$1,618", "2012-12-31": "$1,812", "2012-09-30": "$1,813", "2012-06-30": "$1,816", "2012-03-31": "$1,819", "2011-12-31": "$1,822", "2011-09-30": "$1,825", "2011-06-30": "$1,828", "2011-03-31": "$1,915", "2010-12-31": "$1,873", "2010-09-30": "$1,896", "2010-06-30": "$1,821", "2010-03-31": "$1,897", "2009-12-31": "$2,284", "2009-09-30": "", "2009-06-30": "", "2009-03-31": "", "2008-12-31": ""}}, "total-liabilities": {"Sensata Technologies Holding Annual Total Liabilities (Millions of US $)": {"2019": "$4,261", "2018": "$4,189", "2017": "$4,296", "2016": "$4,299", "2015": "$4,630", "2014": "$3,814", "2013": "$2,357", "2012": "$2,426", "2011": "$2,412", "2010": "$2,380", "2009": "$2,780", "2008": "$0"}, "Sensata Technologies Holding Quarterly Total Liabilities (Millions of US $)": {"2020-09-30": "$4,985", "2020-06-30": "$4,591", "2020-03-31": "$4,275", "2019-12-31": "$4,261", "2019-09-30": "$4,241", "2019-06-30": "$4,235", "2019-03-31": "$4,229", "2018-12-31": "$4,189", "2018-09-30": "$4,309", "2018-06-30": "$4,284", "2018-03-31": "$4,332", "2017-12-31": "$4,296", "2017-09-30": "$4,355", "2017-06-30": "$4,324", "2017-03-31": "$4,310", "2016-12-31": "$4,299", "2016-09-30": "$4,397", "2016-06-30": "$4,501", "2016-03-31": "$4,645", "2015-12-31": "$4,630", "2015-09-30": "$3,690", "2015-06-30": "$3,733", "2015-03-31": "$3,773", "2014-12-31": "$3,814", "2014-09-30": "$2,657", "2014-06-30": "$2,436", "2014-03-31": "$2,420", "2013-12-31": "$2,357", "2013-09-30": "$2,316", "2013-06-30": "$2,293", "2013-03-31": "$2,451", "2012-12-31": "$2,426", "2012-09-30": "$2,457", "2012-06-30": "$2,464", "2012-03-31": "$2,463", "2011-12-31": "$2,412", "2011-09-30": "$2,495", "2011-06-30": "$2,382", "2011-03-31": "$2,493", "2010-12-31": "$2,380", "2010-09-30": "$2,420", "2010-06-30": "$2,332", "2010-03-31": "$2,648", "2009-12-31": "$2,780", "2009-09-30": "$0", "2009-06-30": "$0", "2009-03-31": "$0", "2008-12-31": "$0"}}, "total-share-holder-equity": {"Sensata Technologies Holding Annual Share Holder Equity (Millions of US $)": {"2019": "$2,574", "2018": "$2,608", "2017": "$2,346", "2016": "$1,942", "2015": "$1,669", "2014": "$1,303", "2013": "$1,142", "2012": "$1,222", "2011": "$1,045", "2010": "$1,008", "2009": "$387", "2008": "$0"}, "Sensata Technologies Holding Quarterly Share Holder Equity (Millions of US $)": {"2020-09-30": "$2,575", "2020-06-30": "$2,493", "2020-03-31": "$2,538", "2019-12-31": "$2,574", "2019-09-30": "$2,603", "2019-06-30": "$2,617", "2019-03-31": "$2,564", "2018-12-31": "$2,608", "2018-09-30": "$2,355", "2018-06-30": "$2,523", "2018-03-31": "$2,451", "2017-12-31": "$2,346", "2017-09-30": "$2,183", "2017-06-30": "$2,094", "2017-03-31": "$2,020", "2016-12-31": "$1,942", "2016-09-30": "$1,854", "2016-06-30": "$1,788", "2016-03-31": "$1,716", "2015-12-31": "$1,669", "2015-09-30": "$1,446", "2015-06-30": "$1,404", "2015-03-31": "$1,368", "2014-12-31": "$1,303", "2014-09-30": "$1,224", "2014-06-30": "$1,114", "2014-03-31": "$1,211", "2013-12-31": "$1,142", "2013-09-30": "$1,243", "2013-06-30": "$1,176", "2013-03-31": "$1,217", "2012-12-31": "$1,222", "2012-09-30": "$1,170", "2012-06-30": "$1,124", "2012-03-31": "$1,091", "2011-12-31": "$1,045", "2011-09-30": "$1,013", "2011-06-30": "$984", "2011-03-31": "$1,008", "2010-12-31": "$1,008", "2010-09-30": "$920", "2010-06-30": "$963", "2010-03-31": "$872", "2009-12-31": "$387", "2009-09-30": "$0", "2009-06-30": "$0", "2009-03-31": "$0", "2008-12-31": "$0"}}, "profit-margins": {"current": "5.39%"}, "gross margin": {"2020-09-30": "30.81%", "2020-06-30": "31.40%", "2020-03-31": "32.82%", "2019-12-31": "34.28%", "2019-09-30": "34.68%", "2019-06-30": "35.01%", "2019-03-31": "35.37%", "2018-12-31": "35.60%", "2018-09-30": "35.62%", "2018-06-30": "35.52%", "2018-03-31": "35.35%", "2017-12-31": "35.32%", "2017-09-30": "35.19%", "2017-06-30": "35.16%", "2017-03-31": "35.01%", "2016-12-31": "34.90%", "2016-09-30": "34.67%", "2016-06-30": "34.41%", "2016-03-31": "33.84%", "2015-12-31": "33.56%", "2015-09-30": "33.32%", "2015-06-30": "33.46%", "2015-03-31": "34.19%", "2014-12-31": "34.94%", "2014-09-30": "35.97%", "2014-06-30": "36.59%", "2014-03-31": "36.71%", "2013-12-31": "36.62%", "2013-09-30": "35.63%", "2013-06-30": "34.71%", "2013-03-31": "34.41%", "2012-12-31": "34.27%", "2012-09-30": "34.50%", "2012-06-30": "34.72%", "2012-03-31": "35.22%", "2011-12-31": "36.14%", "2011-09-30": "37.31%", "2011-06-30": "37.96%", "2011-03-31": "38.27%", "2010-12-31": "38.44%", "2010-09-30": "37.38%", "2010-06-30": "37.19%", "2010-03-31": "36.08%", "2009-12-31": "34.66%"}, "operating margin": {"2020-09-30": "10.21%", "2020-06-30": "10.63%", "2020-03-31": "14.10%", "2019-12-31": "16.14%", "2019-09-30": "17.32%", "2019-06-30": "19.39%", "2019-03-31": "20.11%", "2018-12-31": "20.16%", "2018-09-30": "19.97%", "2018-06-30": "17.92%", "2018-03-31": "17.19%", "2017-12-31": "16.81%", "2017-09-30": "16.29%", "2017-06-30": "15.91%", "2017-03-31": "15.59%", "2016-12-31": "15.39%", "2016-09-30": "14.52%", "2016-06-30": "14.29%", "2016-03-31": "13.41%", "2015-12-31": "13.21%", "2015-09-30": "12.80%", "2015-06-30": "12.95%", "2015-03-31": "14.33%", "2014-12-31": "15.39%", "2014-09-30": "17.78%", "2014-06-30": "18.81%", "2014-03-31": "18.82%", "2013-12-31": "18.38%", "2013-09-30": "16.04%", "2013-06-30": "14.74%", "2013-03-31": "14.48%", "2012-12-31": "14.47%", "2012-09-30": "15.35%", "2012-06-30": "15.64%", "2012-03-31": "15.64%", "2011-12-31": "16.10%", "2011-09-30": "17.26%", "2011-06-30": "17.37%", "2011-03-31": "17.61%", "2010-12-31": "14.87%", "2010-09-30": "13.62%", "2010-06-30": "12.21%", "2010-03-31": "8.88%", "2009-12-31": "5.20%"}, "ebitda margin": {"2020-09-30": "19.09%", "2020-06-30": "19.46%", "2020-03-31": "22.15%", "2019-12-31": "23.85%", "2019-09-30": "24.91%", "2019-06-30": "26.78%", "2019-03-31": "27.32%", "2018-12-31": "27.31%", "2018-09-30": "27.25%", "2018-06-30": "25.55%", "2018-03-31": "25.19%", "2017-12-31": "25.22%", "2017-09-30": "25.17%", "2017-06-30": "25.12%", "2017-03-31": "25.12%", "2016-12-31": "25.23%", "2016-09-30": "24.55%", "2016-06-30": "24.24%", "2016-03-31": "23.41%", "2015-12-31": "23.03%", "2015-09-30": "22.49%", "2015-06-30": "22.58%", "2015-03-31": "23.73%", "2014-12-31": "24.69%", "2014-09-30": "26.79%", "2014-06-30": "27.86%", "2014-03-31": "28.08%", "2013-12-31": "27.93%", "2013-09-30": "26.04%", "2013-06-30": "25.09%", "2013-03-31": "25.05%", "2012-12-31": "25.24%", "2012-09-30": "25.96%", "2012-06-30": "26.25%", "2012-03-31": "26.31%", "2011-12-31": "26.78%", "2011-09-30": "28.28%", "2011-06-30": "28.74%", "2011-03-31": "29.43%", "2010-12-31": "27.27%", "2010-09-30": "26.85%", "2010-06-30": "26.61%", "2010-03-31": "25.16%", "2009-12-31": "25.49%"}, "pre tax profit margin": {"2020-09-30": "4.66%", "2020-06-30": "4.79%", "2020-03-31": "8.67%", "2019-12-31": "11.33%", "2019-09-30": "12.43%", "2019-06-30": "14.50%", "2019-03-31": "15.09%", "2018-12-31": "14.96%", "2018-09-30": "14.88%", "2018-06-30": "13.06%", "2018-03-31": "12.43%", "2017-12-31": "12.16%", "2017-09-30": "11.19%", "2017-06-30": "10.60%", "2017-03-31": "10.27%", "2016-12-31": "10.02%", "2016-09-30": "9.17%", "2016-06-30": "8.87%", "2016-03-31": "7.85%", "2015-12-31": "6.93%", "2015-09-30": "6.57%", "2015-06-30": "6.71%", "2015-03-31": "8.55%", "2014-12-31": "10.54%", "2014-09-30": "12.99%", "2014-06-30": "14.68%", "2014-03-31": "12.75%", "2013-12-31": "11.82%", "2013-09-30": "9.17%", "2013-06-30": "7.77%", "2013-03-31": "8.62%", "2012-12-31": "8.99%", "2012-09-30": "10.30%", "2012-06-30": "9.82%", "2012-03-31": "6.24%", "2011-12-31": "4.11%", "2011-09-30": "6.47%", "2011-06-30": "1.68%", "2011-03-31": "9.09%", "2010-12-31": "11.04%", "2010-09-30": "8.12%", "2010-06-30": "8.66%", "2010-03-31": "4.64%", "2009-12-31": "1.59%"}, "net profit margin": {"2020-09-30": "3.22%", "2020-06-30": "2.95%", "2020-03-31": "6.14%", "2019-12-31": "8.20%", "2019-09-30": "13.99%", "2019-06-30": "16.14%", "2019-03-31": "16.91%", "2018-12-31": "16.98%", "2018-09-30": "14.59%", "2018-06-30": "13.06%", "2018-03-31": "12.58%", "2017-12-31": "12.34%", "2017-09-30": "9.40%", "2017-06-30": "8.93%", "2017-03-31": "8.56%", "2016-12-31": "8.24%", "2016-09-30": "13.21%", "2016-06-30": "12.93%", "2016-03-31": "12.35%", "2015-12-31": "11.67%", "2015-09-30": "6.74%", "2015-06-30": "8.13%", "2015-03-31": "9.62%", "2014-12-31": "11.78%", "2014-09-30": "12.71%", "2014-06-30": "12.43%", "2014-03-31": "10.72%", "2013-12-31": "9.49%", "2013-09-30": "10.00%", "2013-06-30": "8.87%", "2013-03-31": "9.20%", "2012-12-31": "9.30%", "2012-09-30": "6.82%", "2012-06-30": "5.98%", "2012-03-31": "2.88%", "2011-12-31": "0.27%", "2011-09-30": "2.84%", "2011-06-30": "-1.44%", "2011-03-31": "5.85%", "2010-12-31": "8.51%", "2010-09-30": "5.10%", "2010-06-30": "4.97%", "2010-03-31": "0.79%", "2009-12-31": "-2.38%"}, "pe ratio": {"current": "23.82", "2021-02-05": "86.67", "2020-09-30": "70.72", "2020-06-30": "66.48", "2020-03-31": "22.60", "2019-12-31": "30.78", "2019-09-30": "16.97", "2019-06-30": "14.45", "2019-03-31": "12.68", "2018-12-31": "12.63", "2018-09-30": "16.57", "2018-06-30": "18.16", "2018-03-31": "20.98", "2017-12-31": "21.57", "2017-09-30": "27.01", "2017-06-30": "25.43", "2017-03-31": "27.29", "2016-12-31": "25.46", "2016-09-30": "16.09", "2016-06-30": "15.10", "2016-03-31": "17.90", "2015-12-31": "22.69", "2015-09-30": "37.90", "2015-06-30": "39.36", "2015-03-31": "39.08", "2014-12-31": "31.76", "2014-09-30": "27.49", "2014-06-30": "30.98", "2014-03-31": "34.11", "2013-12-31": "36.92", "2013-09-30": "36.10", "2013-06-30": "37.93", "2013-03-31": "34.60", "2012-12-31": "33.48", "2012-09-30": "41.93", "2012-06-30": "43.19", "2012-03-31": "119.57", "2011-12-31": "1314.00", "2011-09-30": "98.00", "2011-06-30": "0.00", "2011-03-31": "68.10", "2010-12-31": "41.25"}, "price sales": {"2021-02-05": "2.82", "2020-09-30": "2.30", "2020-06-30": "1.95", "2020-03-31": "1.39", "2019-12-31": "2.54", "2019-09-30": "2.38", "2019-06-30": "2.34", "2019-03-31": "2.17", "2018-12-31": "2.18", "2018-09-30": "2.42", "2018-06-30": "2.37", "2018-03-31": "2.64", "2017-12-31": "2.66", "2017-09-30": "2.54", "2017-06-30": "2.27", "2017-03-31": "2.33", "2016-12-31": "2.08", "2016-09-30": "2.12", "2016-06-30": "1.94", "2016-03-31": "2.21", "2015-12-31": "2.66", "2015-09-30": "2.58", "2015-06-30": "3.23", "2015-03-31": "3.78", "2014-12-31": "3.75", "2014-09-30": "3.51", "2014-06-30": "3.86", "2014-03-31": "3.67", "2013-12-31": "3.51", "2013-09-30": "3.59", "2013-06-30": "3.33", "2013-03-31": "3.16", "2012-12-31": "3.08", "2012-09-30": "2.81", "2012-06-30": "2.53", "2012-03-31": "3.21", "2011-12-31": "2.56", "2011-09-30": "2.64", "2011-06-30": "3.91", "2011-03-31": "3.76", "2010-12-31": "3.31"}, "price book": {"current": "3.23", "2021-02-05": "3.23", "2020-09-30": "2.63", "2020-06-30": "2.35", "2020-03-31": "1.79", "2019-12-31": "3.30", "2019-09-30": "3.06", "2019-06-30": "3.02", "2019-03-31": "2.83", "2018-12-31": "2.82", "2018-09-30": "3.45", "2018-06-30": "3.22", "2018-03-31": "3.62", "2017-12-31": "3.73", "2017-09-30": "3.77", "2017-06-30": "3.49", "2017-03-31": "3.70", "2016-12-31": "3.43", "2016-09-30": "3.57", "2016-06-30": "3.33", "2016-03-31": "3.86", "2015-12-31": "4.70", "2015-09-30": "5.22", "2015-06-30": "6.39", "2015-03-31": "7.13", "2014-12-31": "6.81", "2014-09-30": "6.14", "2014-06-30": "7.07", "2014-03-31": "6.06", "2013-12-31": "5.84", "2013-09-30": "5.43", "2013-06-30": "5.21", "2013-03-31": "4.77", "2012-12-31": "4.73", "2012-09-30": "4.53", "2012-06-30": "4.23", "2012-03-31": "5.44", "2011-12-31": "4.44", "2011-09-30": "4.60", "2011-06-30": "6.72", "2011-03-31": "6.01", "2010-12-31": "5.18", "2010-09-30": "3.68", "2010-06-30": "2.84", "2010-03-31": "3.52"}, "price fcf": {"2021-02-05": "", "2020-09-30": "$2.26", "2020-06-30": "$2.50", "2020-03-31": "$2.83", "2019-12-31": "$2.83", "2019-09-30": "$2.80", "2019-06-30": "$2.68", "2019-03-31": "$2.61", "2018-12-31": "$2.71", "2018-09-30": "$2.62", "2018-06-30": "$2.47", "2018-03-31": "$2.41", "2017-12-31": "$2.40", "2017-09-30": "$2.13", "2017-06-30": "$2.23", "2017-03-31": "$2.21", "2016-12-31": "$2.28", "2016-09-30": "$2.51", "2016-06-30": "$2.44", "2016-03-31": "$2.32", "2015-12-31": "$2.10", "2015-09-30": "$1.70", "2015-06-30": "$1.25", "2015-03-31": "$1.35", "2014-12-31": "$1.42", "2014-09-30": "$1.42", "2014-06-30": "$1.84", "2014-03-31": "$1.82", "2013-12-31": "$1.76", "2013-09-30": "$1.94", "2013-06-30": "$1.82", "2013-03-31": "$1.76", "2012-12-31": "$1.92", "2012-09-30": "$1.72", "2012-06-30": "$1.65", "2012-03-31": "$1.40", "2011-12-31": "$1.20", "2011-09-30": "$1.33", "2011-06-30": "$1.50", "2011-03-31": "$1.59", "2010-12-31": "$1.43"}, "net worth": {"value": "$8.32B"}, "current ratio": {"current": "4.33", "2020-09-30": "4.33", "2020-06-30": "2.46", "2020-03-31": "3.17", "2019-12-31": "3.10", "2019-09-30": "3.14", "2019-06-30": "3.13", "2019-03-31": "2.96", "2018-12-31": "3.00", "2018-09-30": "3.10", "2018-06-30": "3.38", "2018-03-31": "3.03", "2017-12-31": "2.94", "2017-09-30": "2.76", "2017-06-30": "2.64", "2017-03-31": "2.48", "2016-12-31": "2.30", "2016-09-30": "2.08", "2016-06-30": "1.78", "2016-03-31": "1.52", "2015-12-31": "1.48", "2015-09-30": "1.86", "2015-06-30": "1.72", "2015-03-31": "1.60", "2014-12-31": "1.65", "2014-09-30": "1.65", "2014-06-30": "2.16", "2014-03-31": "2.49", "2013-12-31": "2.69", "2013-09-30": "2.53", "2013-06-30": "2.34", "2013-03-31": "1.90", "2012-12-31": "3.21", "2012-09-30": "3.03", "2012-06-30": "2.62", "2012-03-31": "2.26", "2011-12-31": "2.12", "2011-09-30": "1.73", "2011-06-30": "2.64", "2011-03-31": "2.81", "2010-12-31": "3.39", "2010-09-30": "3.04", "2010-06-30": "2.82", "2010-03-31": "1.80", "2009-12-31": "2.02", "2009-09-30": "0.00", "2009-06-30": "0.00", "2009-03-31": "0.00", "2008-12-31": "0.00"}, "quick ratio": {"2020-09-30": "3.63", "2020-06-30": "1.93", "2020-03-31": "2.34", "2019-12-31": "2.30", "2019-09-30": "2.33", "2019-06-30": "2.35", "2019-03-31": "2.20", "2018-12-31": "2.23", "2018-09-30": "2.35", "2018-06-30": "2.66", "2018-03-31": "2.34", "2017-12-31": "2.23", "2017-09-30": "2.04", "2017-06-30": "1.96", "2017-03-31": "1.79", "2016-12-31": "1.63", "2016-09-30": "1.49", "2016-06-30": "1.30", "2016-03-31": "1.13", "2015-12-31": "1.06", "2015-09-30": "1.33", "2015-06-30": "1.24", "2015-03-31": "1.13", "2014-12-31": "1.13", "2014-09-30": "1.16", "2014-06-30": "1.56", "2014-03-31": "1.97", "2013-12-31": "2.11", "2013-09-30": "2.01", "2013-06-30": "1.81", "2013-03-31": "1.55", "2012-12-31": "2.58", "2012-09-30": "2.38", "2012-06-30": "1.98", "2012-03-31": "1.64", "2011-12-31": "1.42", "2011-09-30": "1.15", "2011-06-30": "2.04", "2011-03-31": "2.32", "2010-12-31": "2.84", "2010-09-30": "2.49", "2010-06-30": "2.25", "2010-03-31": "1.53", "2009-12-31": "1.50", "2009-09-30": "0.00", "2009-06-30": "0.00", "2009-03-31": "0.00", "2008-12-31": "0.00"}, "debt equity ratio": {"current": "1.55", "2020-09-30": "1.94", "2020-06-30": "1.84", "2020-03-31": "1.69", "2019-12-31": "1.66", "2019-09-30": "1.63", "2019-06-30": "1.62", "2019-03-31": "1.65", "2018-12-31": "1.61", "2018-09-30": "1.83", "2018-06-30": "1.70", "2018-03-31": "1.77", "2017-12-31": "1.83", "2017-09-30": "2.00", "2017-06-30": "2.07", "2017-03-31": "2.13", "2016-12-31": "2.21", "2016-09-30": "2.37", "2016-06-30": "2.52", "2016-03-31": "2.71", "2015-12-31": "2.78", "2015-09-30": "2.55", "2015-06-30": "2.66", "2015-03-31": "2.76", "2014-12-31": "2.93", "2014-09-30": "2.17", "2014-06-30": "2.19", "2014-03-31": "2.00", "2013-12-31": "2.07", "2013-09-30": "1.86", "2013-06-30": "1.95", "2013-03-31": "2.01", "2012-12-31": "1.99", "2012-09-30": "2.10", "2012-06-30": "2.19", "2012-03-31": "2.26", "2011-12-31": "2.31", "2011-09-30": "2.46", "2011-06-30": "2.42", "2011-03-31": "2.47", "2010-12-31": "2.36", "2010-09-30": "2.63", "2010-06-30": "2.42", "2010-03-31": "3.04", "2009-12-31": "7.18", "2009-09-30": "0.00", "2009-06-30": "0.00", "2009-03-31": "0.00", "2008-12-31": "0.00"}, "return on equity": {"2020-09-30": "3.77%", "2020-06-30": "3.53%", "2020-03-31": "7.98%", "2019-12-31": "10.93%", "2019-09-30": "18.59%", "2019-06-30": "22.12%", "2019-03-31": "23.60%", "2018-12-31": "24.07%", "2018-09-30": "21.21%", "2018-06-30": "19.03%", "2018-03-31": "18.78%", "2017-12-31": "18.88%", "2017-09-30": "14.86%", "2017-06-30": "14.56%", "2017-03-31": "14.47%", "2016-12-31": "14.47%", "2016-09-30": "23.62%", "2016-06-30": "24.05%", "2016-03-31": "23.93%", "2015-12-31": "23.58%", "2015-09-30": "14.42%", "2015-06-30": "17.21%", "2015-03-31": "20.04%", "2014-12-31": "23.41%", "2014-09-30": "23.96%", "2014-06-30": "22.51%", "2014-03-31": "18.52%", "2013-12-31": "15.74%", "2013-09-30": "15.81%", "2013-06-30": "14.04%", "2013-03-31": "14.71%", "2012-12-31": "15.45%", "2012-09-30": "11.83%", "2012-06-30": "10.77%", "2012-03-31": "5.23%", "2011-12-31": "0.49%", "2011-09-30": "4.98%", "2011-06-30": "-2.45%", "2011-03-31": "9.64%", "2010-12-31": "13.93%", "2010-09-30": "9.68%", "2010-06-30": "12.60%", "2010-03-31": "3.18%", "2009-12-31": "-27.91%"}, "return on assets": {"2020-09-30": "1.36%", "2020-06-30": "1.31%", "2020-03-31": "3.01%", "2019-12-31": "4.14%", "2019-09-30": "7.08%", "2019-06-30": "8.28%", "2019-03-31": "8.76%", "2018-12-31": "8.84%", "2018-09-30": "7.63%", "2018-06-30": "6.75%", "2018-03-31": "6.46%", "2017-12-31": "6.29%", "2017-09-30": "4.79%", "2017-06-30": "4.56%", "2017-03-31": "4.38%", "2016-12-31": "4.20%", "2016-09-30": "6.59%", "2016-06-30": "6.61%", "2016-03-31": "6.51%", "2015-12-31": "6.39%", "2015-09-30": "3.88%", "2015-06-30": "4.73%", "2015-03-31": "5.68%", "2014-12-31": "7.02%", "2014-09-30": "7.72%", "2014-06-30": "7.44%", "2014-03-31": "6.24%", "2013-12-31": "5.30%", "2013-09-30": "5.35%", "2013-06-30": "4.66%", "2013-03-31": "4.79%", "2012-12-31": "4.94%", "2012-09-30": "3.68%", "2012-06-30": "3.26%", "2012-03-31": "1.56%", "2011-12-31": "0.14%", "2011-09-30": "1.45%", "2011-06-30": "-0.71%", "2011-03-31": "2.78%", "2010-12-31": "3.87%", "2010-09-30": "2.28%", "2010-06-30": "2.81%", "2010-03-31": "0.60%", "2009-12-31": "-3.41%"}, "return on investments": {"2020-09-30": "5.10%", "2020-06-30": "5.59%", "2020-03-31": "8.11%", "2019-12-31": "9.54%", "2019-09-30": "10.23%", "2019-06-30": "11.65%", "2019-03-31": "12.24%", "2018-12-31": "12.39%", "2018-09-30": "12.39%", "2018-06-30": "11.02%", "2018-03-31": "10.54%", "2017-12-31": "10.27%", "2017-09-30": "9.97%", "2017-06-30": "9.78%", "2017-03-31": "9.68%", "2016-12-31": "9.64%", "2016-09-30": "9.02%", "2016-06-30": "9.21%", "2016-03-31": "8.98%", "2015-12-31": "9.25%", "2015-09-30": "9.43%", "2015-06-30": "9.73%", "2015-03-31": "10.89%", "2014-12-31": "11.70%", "2014-09-30": "13.62%", "2014-06-30": "13.99%", "2014-03-31": "13.58%", "2013-12-31": "12.84%", "2013-09-30": "10.70%", "2013-06-30": "9.58%", "2013-03-31": "9.29%", "2012-12-31": "9.34%", "2012-09-30": "10.08%", "2012-06-30": "10.42%", "2012-03-31": "10.26%", "2011-12-31": "10.28%", "2011-09-30": "10.62%", "2011-06-30": "10.15%", "2011-03-31": "9.93%", "2010-12-31": "8.14%", "2010-09-30": "7.36%", "2010-06-30": "8.37%", "2010-03-31": "8.31%", "2009-12-31": "8.84%"}, "return on tangible equity": {"2020-09-30": "-7.46%", "2020-06-30": "-6.95%", "2020-03-31": "-15.95%", "2019-12-31": "-21.56%", "2019-09-30": "-36.25%", "2019-06-30": "-41.12%", "2019-03-31": "-43.49%", "2018-12-31": "-43.36%", "2018-09-30": "-35.84%", "2018-06-30": "-29.70%", "2018-03-31": "-25.39%", "2017-12-31": "-22.38%", "2017-09-30": "-15.59%", "2017-06-30": "-13.81%", "2017-03-31": "-12.46%", "2016-12-31": "-11.33%", "2016-09-30": "-16.94%", "2016-06-30": "-17.14%", "2016-03-31": "-17.07%", "2015-12-31": "-17.03%", "2015-09-30": "-10.52%", "2015-06-30": "-12.91%", "2015-03-31": "-15.69%", "2014-12-31": "-20.52%", "2014-09-30": "-24.32%", "2014-06-30": "-24.10%", "2014-03-31": "-20.36%", "2013-12-31": "-17.10%", "2013-09-30": "-17.39%", "2013-06-30": "-14.62%", "2013-03-31": "-14.63%", "2012-12-31": "-14.25%", "2012-09-30": "-9.88%", "2012-06-30": "-8.23%", "2012-03-31": "-3.86%", "2011-12-31": "-0.36%", "2011-09-30": "-3.75%", "2011-06-30": "1.85%", "2011-03-31": "-7.13%", "2010-12-31": "-9.59%", "2010-09-30": "-4.88%", "2010-06-30": "-5.76%", "2010-03-31": "-1.14%", "2009-12-31": "5.38%"}, "dividend yield history": {"last payout": "$0.00", "last yield": "0.00%"}}