{"ticker": "NOW", "price": {"title": "ServiceNow Historical Annual Stock Price Data", "value": 589.73, "historical": {"2020": {"Average Stock Price": "409.0078", "Year Open": "291.2400", "Year High": "565.4300", "Year Low": "249.5700", "Year Close": "550.4300", "Annual % Change": "94.97%"}, "2019": {"Average Stock Price": "254.8570", "Year Open": "178.3200", "Year High": "302.3100", "Year Low": "169.1200", "Year Close": "282.3200", "Annual % Change": "58.56%"}, "2018": {"Average Stock Price": "173.6888", "Year Open": "131.7300", "Year High": "204.5800", "Year Low": "131.7300", "Year Close": "178.0500", "Annual % Change": "36.55%"}, "2017": {"Average Stock Price": "105.2555", "Year Open": "75.6600", "Year High": "130.6900", "Year Low": "75.6600", "Year Close": "130.3900", "Annual % Change": "75.40%"}, "2016": {"Average Stock Price": "71.8688", "Year Open": "84.0700", "Year High": "87.9100", "Year Low": "47.1400", "Year Close": "74.3400", "Annual % Change": "-14.12%"}, "2015": {"Average Stock Price": "77.0612", "Year Open": "67.3800", "Year High": "89.9900", "Year Low": "63.6300", "Year Close": "86.5600", "Annual % Change": "27.58%"}, "2014": {"Average Stock Price": "59.8944", "Year Open": "55.6900", "Year High": "70.8100", "Year Low": "46.4200", "Year Close": "67.8500", "Annual % Change": "21.14%"}, "2013": {"Average Stock Price": "42.3482", "Year Open": "30.2000", "Year High": "58.3700", "Year Low": "26.0700", "Year Close": "56.0100", "Annual % Change": "86.51%"}, "2012": {"Average Stock Price": "31.2020", "Year Open": "24.6000", "Year High": "40.3700", "Year Low": "23.7400", "Year Close": "30.0300", "Annual % Change": "0.00%"}}}, "market cap": {"value": "$115.06B"}, "income statement": {"Revenue": {"2020-12-31": "4519.48400", "2019-12-31": "3460.43700", "2018-12-31": "2608.81600", "2017-12-31": "1918.49400", "2016-12-31": "1390.98500", "2015-12-31": "1005.48000", "2014-12-31": "682.56300", "2013-12-31": "424.65000", "2012-12-31": "243.71200", "2011-12-31": "", "2011-06-30": "92.64100", "2010-12-31": "", "2010-06-30": "43.32900", "2009-12-31": "", "2009-06-30": "19.31500", "2008-12-31": "19.31500"}, "Cost Of Goods Sold": {"2020-12-31": "987.11300", "2019-12-31": "796.64500", "2018-12-31": "622.65800", "2017-12-31": "499.86200", "2016-12-31": "398.99500", "2015-12-31": "329.41300", "2014-12-31": "248.77600", "2013-12-31": "155.25900", "2012-12-31": "104.00900", "2011-12-31": "", "2011-06-30": "31.57500", "2010-12-31": "", "2010-06-30": "16.19000", "2009-12-31": "", "2009-06-30": "7.85100", "2008-12-31": "7.85100"}, "Gross Profit": {"2020-12-31": "3532.37100", "2019-12-31": "2663.79200", "2018-12-31": "1986.15800", "2017-12-31": "1418.63200", "2016-12-31": "991.99000", "2015-12-31": "676.06700", "2014-12-31": "433.78700", "2013-12-31": "269.39100", "2012-12-31": "139.70300", "2011-12-31": "", "2011-06-30": "61.06600", "2010-12-31": "", "2010-06-30": "27.13900", "2009-12-31": "", "2009-06-30": "11.46400", "2008-12-31": "11.46400"}, "Research And Development Expenses": {"2020-12-31": "1024.32700", "2019-12-31": "748.36900", "2018-12-31": "529.50100", "2017-12-31": "377.51800", "2016-12-31": "285.23900", "2015-12-31": "217.38900", "2014-12-31": "148.25800", "2013-12-31": "78.67800", "2012-12-31": "39.33300", "2011-12-31": "", "2011-06-30": "7.00400", "2010-12-31": "", "2010-06-30": "7.19400", "2009-12-31": "", "2009-06-30": "2.43300", "2008-12-31": "2.43000"}, "SG&A Expenses": {"2020-12-31": "2309.18100", "2019-12-31": "1873.30000", "2018-12-31": "1499.08300", "2017-12-31": "1105.51000", "2016-12-31": "818.91890", "2015-12-31": "625.04300", "2014-12-31": "437.36400", "2013-12-31": "256.98000", "2012-12-31": "137.95400", "2011-12-31": "", "2011-06-30": "43.50200", "2010-12-31": "43.50200", "2010-06-30": "48.14400", "2009-12-31": "48.14400", "2009-06-30": "14.86200", "2008-12-31": "14.86200"}, "Other Operating Income Or Expenses": {"2020-12-31": "", "2019-12-31": "", "2018-12-31": "", "2017-12-31": "", "2016-12-31": "-270.00000", "2015-12-31": "", "2014-12-31": "", "2013-12-31": "", "2012-12-31": "", "2011-12-31": "", "2011-06-30": "", "2010-12-31": "", "2010-06-30": "", "2009-12-31": "", "2009-06-30": "", "2008-12-31": ""}, "Operating Expenses": {"2020-12-31": "4320.62100", "2019-12-31": "3418.31400", "2018-12-31": "2651.24200", "2017-12-31": "1982.89000", "2016-12-31": "1773.15300", "2015-12-31": "1171.84500", "2014-12-31": "834.39790", "2013-12-31": "490.91700", "2012-12-31": "281.29600", "2011-12-31": "", "2011-06-30": "82.08100", "2010-12-31": "43.50200", "2010-06-30": "71.52800", "2009-12-31": "48.14400", "2009-06-30": "25.14600", "2008-12-31": "25.14300"}, "Operating Income": {"2020-12-31": "198.86280", "2019-12-31": "42.12310", "2018-12-31": "-42.42600", "2017-12-31": "-64.39600", "2016-12-31": "-382.16800", "2015-12-31": "-166.36500", "2014-12-31": "-151.83500", "2013-12-31": "-66.26700", "2012-12-31": "-37.58400", "2011-12-31": "", "2011-06-30": "10.56000", "2010-12-31": "-43.50200", "2010-06-30": "-28.19900", "2009-12-31": "-48.14400", "2009-06-30": "-5.83100", "2008-12-31": "-5.82800"}, "Total Non-Operating Income/Expense": {"2020-12-31": "-49.67800", "2019-12-31": "25.06200", "2018-12-31": "3.40200", "2017-12-31": "-49.01000", "2016-12-31": "-28.25100", "2015-12-31": "-26.64700", "2014-12-31": "-23.70500", "2013-12-31": "-4.93000", "2012-12-31": "1.60400", "2011-12-31": "", "2011-06-30": "0.60600", "2010-12-31": "", "2010-06-30": "-1.22600", "2009-12-31": "", "2009-06-30": "-0.02700", "2008-12-31": "-0.02700"}, "Pre-Tax Income": {"2020-12-31": "149.18500", "2019-12-31": "67.18500", "2018-12-31": "-39.02400", "2017-12-31": "-113.40600", "2016-12-31": "-410.41900", "2015-12-31": "-193.01200", "2014-12-31": "-175.54000", "2013-12-31": "-71.19700", "2012-12-31": "-35.98000", "2011-12-31": "", "2011-06-30": "11.16600", "2010-12-31": "-43.50200", "2010-06-30": "-29.42500", "2009-12-31": "-48.14400", "2009-06-30": "-5.85800", "2008-12-31": "-5.85800"}, "Income Taxes": {"2020-12-31": "30.68200", "2019-12-31": "-559.51300", "2018-12-31": "-12.32000", "2017-12-31": "3.44000", "2016-12-31": "3.83000", "2015-12-31": "5.41400", "2014-12-31": "3.84700", "2013-12-31": "2.51100", "2012-12-31": "1.36800", "2011-12-31": "", "2011-06-30": "1.33600", "2010-12-31": "", "2010-06-30": "0.28000", "2009-12-31": "", "2009-06-30": "0.04800", "2008-12-31": "0.04800"}, "Income After Taxes": {"2020-12-31": "118.50300", "2019-12-31": "626.69800", "2018-12-31": "-26.70400", "2017-12-31": "-116.84600", "2016-12-31": "-414.24900", "2015-12-31": "-198.42600", "2014-12-31": "-179.38700", "2013-12-31": "-73.70800", "2012-12-31": "-37.34800", "2011-12-31": "", "2011-06-30": "9.83000", "2010-12-31": "-43.50200", "2010-06-30": "-29.70500", "2009-12-31": "-48.14400", "2009-06-30": "-5.90600", "2008-12-31": "-5.90600"}, "Other Income": {"2020-12-31": "", "2019-12-31": "", "2018-12-31": "", "2017-12-31": "", "2016-12-31": "", "2015-12-31": "", "2014-12-31": "", "2013-12-31": "", "2012-12-31": "", "2011-12-31": "", "2011-06-30": "", "2010-12-31": "0.00000", "2010-06-30": "", "2009-12-31": "0.00000", "2009-06-30": "", "2008-12-31": "0.00000"}, "Income From Continuous Operations": {"2020-12-31": "118.50300", "2019-12-31": "626.69800", "2018-12-31": "-26.70400", "2017-12-31": "-116.84600", "2016-12-31": "-414.24900", "2015-12-31": "-198.42600", "2014-12-31": "-179.38700", "2013-12-31": "-73.70800", "2012-12-31": "-37.34800", "2011-12-31": "", "2011-06-30": "9.83000", "2010-12-31": "-43.50200", "2010-06-30": "-29.70500", "2009-12-31": "-48.14400", "2009-06-30": "-5.90600", "2008-12-31": "-5.90600"}, "Income From Discontinued Operations": {"2020-12-31": "", "2019-12-31": "", "2018-12-31": "", "2017-12-31": "", "2016-12-31": "", "2015-12-31": "", "2014-12-31": "", "2013-12-31": "", "2012-12-31": "", "2011-12-31": "", "2011-06-30": "", "2010-12-31": "0.00000", "2010-06-30": "", "2009-12-31": "0.00000", "2009-06-30": "", "2008-12-31": "0.00000"}, "Net Income": {"2020-12-31": "118.50300", "2019-12-31": "626.69800", "2018-12-31": "-26.70400", "2017-12-31": "-116.84600", "2016-12-31": "-414.24900", "2015-12-31": "-198.42600", "2014-12-31": "-179.38700", "2013-12-31": "-73.70800", "2012-12-31": "-37.34800", "2011-12-31": "", "2011-06-30": "9.83000", "2010-12-31": "9.83000", "2010-06-30": "-30.34500", "2009-12-31": "-29.70500", "2009-06-30": "-6.53100", "2008-12-31": "-5.90600"}, "EBITDA": {"2020-12-31": "777.35280", "2019-12-31": "495.53410", "2018-12-31": "303.26900", "2017-12-31": "201.97800", "2016-12-31": "-196.24300", "2015-12-31": "-2.30700", "2014-12-31": "-21.36300", "2013-12-31": "-4.49500", "2012-12-31": "-9.03100", "2011-12-31": "", "2011-06-30": "16.05500", "2010-12-31": "-43.50200", "2010-06-30": "-25.64100", "2009-12-31": "-48.14400", "2009-06-30": "-5.20900", "2008-12-31": "-5.82800"}, "EBIT": {"2020-12-31": "198.86280", "2019-12-31": "42.12310", "2018-12-31": "-42.42600", "2017-12-31": "-64.39600", "2016-12-31": "-382.16800", "2015-12-31": "-166.36500", "2014-12-31": "-151.83500", "2013-12-31": "-66.26700", "2012-12-31": "-37.58400", "2011-12-31": "", "2011-06-30": "10.56000", "2010-12-31": "-43.50200", "2010-06-30": "-28.19900", "2009-12-31": "-48.14400", "2009-06-30": "-5.83100", "2008-12-31": "-5.82800"}, "Basic Shares Outstanding": {"2020-12-31": "193.09600", "2019-12-31": "186.46600", "2018-12-31": "177.84600", "2017-12-31": "171.17600", "2016-12-31": "164.53380", "2015-12-31": "155.70700", "2014-12-31": "145.35600", "2013-12-31": "135.41600", "2012-12-31": "73.90900", "2011-12-31": "", "2011-06-30": "18.16400", "2010-12-31": "", "2010-06-30": "23.15800", "2009-12-31": "", "2009-06-30": "39.03900", "2008-12-31": ""}, "Shares Outstanding": {"2020-12-31": "202.47800", "2019-12-31": "197.22300", "2018-12-31": "177.84600", "2017-12-31": "171.17600", "2016-12-31": "164.53380", "2015-12-31": "155.70700", "2014-12-31": "145.35600", "2013-12-31": "135.41600", "2012-12-31": "73.90900", "2011-12-31": "", "2011-06-30": "28.09500", "2010-12-31": "", "2010-06-30": "23.15800", "2009-12-31": "", "2009-06-30": "39.03900", "2008-12-31": ""}, "Basic EPS": {"2020-12-31": "0.61000", "2019-12-31": "3.36000", "2018-12-31": "-0.15000", "2017-12-31": "-0.68000", "2016-12-31": "-2.52000", "2015-12-31": "-1.27000", "2014-12-31": "-1.23000", "2013-12-31": "-0.54000", "2012-12-31": "-0.51000", "2011-12-31": "", "2011-06-30": "0.09000", "2010-12-31": "", "2010-06-30": "-1.31000", "2009-12-31": "", "2009-06-30": "-0.17000", "2008-12-31": ""}, "EPS - Earnings Per Share": {"2020-12-31": "0.59000", "2019-12-31": "3.18000", "2018-12-31": "-0.15000", "2017-12-31": "-0.68000", "2016-12-31": "-2.52000", "2015-12-31": "-1.27000", "2014-12-31": "-1.23000", "2013-12-31": "-0.54000", "2012-12-31": "-0.51000", "2011-12-31": "0.00000", "2011-06-30": "0.08000", "2010-12-31": "0.00000", "2010-06-30": "-1.31000", "2009-12-31": "0.00000", "2009-06-30": "-0.17000", "2008-12-31": "0.00000"}}, "income statement, quarterly": {"Revenue": {"2020-12-31": "1250.33000", "2020-09-30": "1151.97200", "2020-06-30": "1070.84200", "2020-03-31": "1046.34000", "2019-12-31": "951.77390", "2019-09-30": "885.83300", "2019-06-30": "833.90400", "2019-03-31": "788.92600", "2018-12-31": "715.44100", "2018-09-30": "673.09700", "2018-06-30": "631.05600", "2018-03-31": "589.22200", "2017-12-31": "549.09310", "2017-09-30": "492.37200", "2017-06-30": "448.25800", "2017-03-31": "428.77100", "2016-12-31": "386.13800", "2016-09-30": "357.65600", "2016-06-30": "341.31200", "2016-03-31": "305.87900", "2015-12-31": "285.65000", "2015-09-30": "261.15000", "2015-06-30": "246.71600", "2015-03-31": "211.96400", "2014-12-31": "198.00400", "2014-09-30": "178.71200", "2014-06-30": "166.75700", "2014-03-31": "139.09000", "2013-12-31": "125.23000", "2013-09-30": "111.25900", "2013-06-30": "102.22200", "2013-03-31": "85.93900", "2012-12-31": "75.16200", "2012-09-30": "64.34500", "2012-06-30": "56.77400", "2012-03-31": "47.43100", "2011-12-31": "39.17800", "2011-09-30": "34.19700", "2011-06-30": "29.48500", "2011-03-31": "85.19200", "2010-06-30": "", "2009-06-30": ""}, "Cost Of Goods Sold": {"2020-12-31": "279.10400", "2020-09-30": "251.70400", "2020-06-30": "232.93900", "2020-03-31": "223.36600", "2019-12-31": "211.45300", "2019-09-30": "200.79300", "2019-06-30": "198.14700", "2019-03-31": "186.25200", "2018-12-31": "168.16200", "2018-09-30": "157.85800", "2018-06-30": "153.16500", "2018-03-31": "143.47300", "2017-12-31": "134.16400", "2017-09-30": "127.48600", "2017-06-30": "122.12800", "2017-03-31": "116.08400", "2016-12-31": "105.24900", "2016-09-30": "102.83700", "2016-06-30": "96.64900", "2016-03-31": "94.26000", "2015-12-31": "90.90900", "2015-09-30": "81.88800", "2015-06-30": "79.71700", "2015-03-31": "76.89900", "2014-12-31": "70.63800", "2014-09-30": "66.08600", "2014-06-30": "58.93800", "2014-03-31": "53.11400", "2013-12-31": "45.37800", "2013-09-30": "41.57500", "2013-06-30": "35.99800", "2013-03-31": "32.30800", "2012-12-31": "32.30800", "2012-09-30": "27.57400", "2012-06-30": "22.89100", "2012-03-31": "21.23600", "2011-12-31": "", "2011-09-30": "11.93200", "2011-06-30": "9.48700", "2011-03-31": "", "2010-06-30": "", "2009-06-30": ""}, "Gross Profit": {"2020-12-31": "971.22600", "2020-09-30": "900.26810", "2020-06-30": "837.90300", "2020-03-31": "822.97400", "2019-12-31": "740.32090", "2019-09-30": "685.04000", "2019-06-30": "635.75700", "2019-03-31": "602.67400", "2018-12-31": "547.27900", "2018-09-30": "515.23900", "2018-06-30": "477.89110", "2018-03-31": "445.74900", "2017-12-31": "414.92910", "2017-09-30": "364.88600", "2017-06-30": "326.13000", "2017-03-31": "312.68700", "2016-12-31": "280.88900", "2016-09-30": "254.81900", "2016-06-30": "244.66300", "2016-03-31": "211.61900", "2015-12-31": "194.74100", "2015-09-30": "179.26200", "2015-06-30": "166.99900", "2015-03-31": "135.06500", "2014-12-31": "127.36600", "2014-09-30": "112.62600", "2014-06-30": "107.81900", "2014-03-31": "85.97600", "2013-12-31": "79.85200", "2013-09-30": "69.68400", "2013-06-30": "66.22400", "2013-03-31": "53.63100", "2012-12-31": "42.85400", "2012-09-30": "36.77100", "2012-06-30": "33.88300", "2012-03-31": "26.19500", "2011-12-31": "39.17800", "2011-09-30": "22.26500", "2011-06-30": "19.99800", "2011-03-31": "85.19200", "2010-06-30": "", "2009-06-30": ""}, "Research And Development Expenses": {"2020-12-31": "284.29700", "2020-09-30": "268.29200", "2020-06-30": "245.08100", "2020-03-31": "226.65700", "2019-12-31": "202.32800", "2019-09-30": "190.09900", "2019-06-30": "183.42000", "2019-03-31": "172.52200", "2018-12-31": "148.66200", "2018-09-30": "135.65500", "2018-06-30": "127.91600", "2018-03-31": "117.26800", "2017-12-31": "104.55900", "2017-09-30": "98.46500", "2017-06-30": "90.00500", "2017-03-31": "84.48900", "2016-12-31": "73.93300", "2016-09-30": "75.01800", "2016-06-30": "70.36400", "2016-03-31": "65.92400", "2015-12-31": "58.44300", "2015-09-30": "55.82200", "2015-06-30": "53.27600", "2015-03-31": "49.84800", "2014-12-31": "42.02600", "2014-09-30": "39.68300", "2014-06-30": "35.43900", "2014-03-31": "31.11000", "2013-12-31": "23.86900", "2013-09-30": "20.81900", "2013-06-30": "17.95100", "2013-03-31": "16.03900", "2012-12-31": "13.23500", "2012-09-30": "10.78300", "2012-06-30": "9.27200", "2012-03-31": "6.04300", "2011-12-31": "", "2011-09-30": "2.75700", "2011-06-30": "2.36100", "2011-03-31": "", "2010-06-30": "", "2009-06-30": ""}, "SG&A Expenses": {"2020-12-31": "668.99900", "2020-09-30": "562.64400", "2020-06-30": "530.55600", "2020-03-31": "546.98200", "2019-12-31": "509.48110", "2019-09-30": "438.61700", "2019-06-30": "479.33700", "2019-03-31": "445.86500", "2018-12-31": "398.33910", "2018-09-30": "370.01600", "2018-06-30": "381.96400", "2018-03-31": "348.76400", "2017-12-31": "311.27000", "2017-09-30": "270.33100", "2017-06-30": "273.91900", "2017-03-31": "249.99000", "2016-12-31": "189.91900", "2016-09-30": "206.57600", "2016-06-30": "222.57700", "2016-03-31": "199.84700", "2015-12-31": "167.15600", "2015-09-30": "151.48000", "2015-06-30": "166.95800", "2015-03-31": "139.44900", "2014-12-31": "122.02400", "2014-09-30": "107.44200", "2014-06-30": "116.85100", "2014-03-31": "91.04700", "2013-12-31": "75.34400", "2013-09-30": "63.51500", "2013-06-30": "67.61600", "2013-03-31": "50.50500", "2012-12-31": "39.15700", "2012-09-30": "39.33500", "2012-06-30": "33.72800", "2012-03-31": "25.73400", "2011-12-31": "", "2011-09-30": "18.48900", "2011-06-30": "15.36800", "2011-03-31": "", "2010-06-30": "", "2009-06-30": ""}, "Other Operating Income Or Expenses": {"2020-12-31": "", "2020-09-30": "", "2020-06-30": "", "2020-03-31": "", "2019-12-31": "", "2019-09-30": "", "2019-06-30": "", "2019-03-31": "", "2018-12-31": "", "2018-09-30": "", "2018-06-30": "", "2018-03-31": "", "2017-12-31": "", "2017-09-30": "", "2017-06-30": "", "2017-03-31": "", "2016-12-31": "", "2016-09-30": "", "2016-06-30": "", "2016-03-31": "-270.00000", "2015-12-31": "", "2015-09-30": "", "2015-06-30": "", "2015-03-31": "", "2014-12-31": "", "2014-09-30": "", "2014-06-30": "", "2014-03-31": "", "2013-12-31": "", "2013-09-30": "", "2013-06-30": "", "2013-03-31": "", "2012-12-31": "", "2012-09-30": "", "2012-06-30": "", "2012-03-31": "", "2011-12-31": "", "2011-09-30": "", "2011-06-30": "", "2011-03-31": "", "2010-06-30": "", "2009-06-30": ""}, "Operating Expenses": {"2020-12-31": "1232.40000", "2020-09-30": "1082.64000", "2020-06-30": "1008.57600", "2020-03-31": "997.00500", "2019-12-31": "923.26190", "2019-09-30": "829.50900", "2019-06-30": "860.90400", "2019-03-31": "804.63900", "2018-12-31": "715.16300", "2018-09-30": "663.52900", "2018-06-30": "663.04500", "2018-03-31": "609.50500", "2017-12-31": "549.99300", "2017-09-30": "496.28200", "2017-06-30": "486.05200", "2017-03-31": "450.56300", "2016-12-31": "369.10100", "2016-09-30": "384.43100", "2016-06-30": "389.59000", "2016-03-31": "630.03100", "2015-12-31": "316.50800", "2015-09-30": "289.19000", "2015-06-30": "299.95100", "2015-03-31": "266.19600", "2014-12-31": "234.68800", "2014-09-30": "213.21100", "2014-06-30": "211.22800", "2014-03-31": "175.27100", "2013-12-31": "144.59100", "2013-09-30": "125.90900", "2013-06-30": "121.56500", "2013-03-31": "98.85200", "2012-12-31": "84.70000", "2012-09-30": "77.69200", "2012-06-30": "65.89100", "2012-03-31": "53.01300", "2011-12-31": "", "2011-09-30": "33.17800", "2011-06-30": "27.21600", "2011-03-31": "", "2010-06-30": "", "2009-06-30": ""}, "Operating Income": {"2020-12-31": "17.92990", "2020-09-30": "69.33220", "2020-06-30": "62.26600", "2020-03-31": "49.33500", "2019-12-31": "28.51200", "2019-09-30": "56.32400", "2019-06-30": "-27.00000", "2019-03-31": "-15.71300", "2018-12-31": "0.27800", "2018-09-30": "9.56800", "2018-06-30": "-31.98900", "2018-03-31": "-20.28300", "2017-12-31": "-0.90000", "2017-09-30": "-3.91000", "2017-06-30": "-37.79400", "2017-03-31": "-21.79200", "2016-12-31": "17.03700", "2016-09-30": "-26.77500", "2016-06-30": "-48.27800", "2016-03-31": "-324.15200", "2015-12-31": "-30.85800", "2015-09-30": "-28.04000", "2015-06-30": "-53.23500", "2015-03-31": "-54.23200", "2014-12-31": "-36.68400", "2014-09-30": "-34.49900", "2014-06-30": "-44.47100", "2014-03-31": "-36.18100", "2013-12-31": "-19.36100", "2013-09-30": "-14.65000", "2013-06-30": "-19.34300", "2013-03-31": "-12.91300", "2012-12-31": "-9.53800", "2012-09-30": "-13.34700", "2012-06-30": "-9.11700", "2012-03-31": "-5.58200", "2011-12-31": "39.17800", "2011-09-30": "1.01900", "2011-06-30": "2.26900", "2011-03-31": "85.19200", "2010-06-30": "", "2009-06-30": ""}, "Total Non-Operating Income/Expense": {"2020-12-31": "-4.57000", "2020-09-30": "-43.89900", "2020-06-30": "-0.23600", "2020-03-31": "-0.97300", "2019-12-31": "5.67400", "2019-09-30": "4.44600", "2019-06-30": "10.68500", "2019-03-31": "4.25700", "2018-12-31": "1.67700", "2018-09-30": "-2.33800", "2018-06-30": "-8.86000", "2018-03-31": "12.92300", "2017-12-31": "-12.25200", "2017-09-30": "-15.98700", "2017-06-30": "-19.82200", "2017-03-31": "-0.94900", "2016-12-31": "-8.25000", "2016-09-30": "-6.60600", "2016-06-30": "-5.98800", "2016-03-31": "-7.40700", "2015-12-31": "-4.79600", "2015-09-30": "-11.79100", "2015-06-30": "-7.18600", "2015-03-31": "-2.87400", "2014-12-31": "-6.56200", "2014-09-30": "-5.94900", "2014-06-30": "-5.23100", "2014-03-31": "-5.96300", "2013-12-31": "-4.32600", "2013-09-30": "0.60000", "2013-06-30": "-1.32300", "2013-03-31": "0.11900", "2012-12-31": "0.45600", "2012-09-30": "0.61500", "2012-06-30": "0.04100", "2012-03-31": "0.49200", "2011-12-31": "", "2011-09-30": "-0.72900", "2011-06-30": "0.06500", "2011-03-31": "", "2010-06-30": "", "2009-06-30": ""}, "Pre-Tax Income": {"2020-12-31": "13.36000", "2020-09-30": "25.43300", "2020-06-30": "62.03000", "2020-03-31": "48.36200", "2019-12-31": "34.18600", "2019-09-30": "60.77000", "2019-06-30": "-16.31500", "2019-03-31": "-11.45600", "2018-12-31": "1.95500", "2018-09-30": "7.23000", "2018-06-30": "-40.84900", "2018-03-31": "-7.36000", "2017-12-31": "-13.15200", "2017-09-30": "-19.89700", "2017-06-30": "-57.61600", "2017-03-31": "-22.74100", "2016-12-31": "8.78700", "2016-09-30": "-33.38100", "2016-06-30": "-54.26600", "2016-03-31": "-331.55900", "2015-12-31": "-35.65400", "2015-09-30": "-39.83100", "2015-06-30": "-60.42100", "2015-03-31": "-57.10600", "2014-12-31": "-43.24600", "2014-09-30": "-40.44800", "2014-06-30": "-49.70200", "2014-03-31": "-42.14400", "2013-12-31": "-23.68700", "2013-09-30": "-14.05000", "2013-06-30": "-20.66600", "2013-03-31": "-12.79400", "2012-12-31": "-9.08200", "2012-09-30": "-12.73200", "2012-06-30": "-9.07600", "2012-03-31": "-5.09000", "2011-12-31": "39.17800", "2011-09-30": "0.29000", "2011-06-30": "2.33400", "2011-03-31": "85.19200", "2010-06-30": "", "2009-06-30": ""}, "Income Taxes": {"2020-12-31": "-3.28800", "2020-09-30": "12.57500", "2020-06-30": "21.26400", "2020-03-31": "0.13100", "2019-12-31": "-564.53800", "2019-09-30": "20.17200", "2019-06-30": "-5.23600", "2019-03-31": "-9.91100", "2018-12-31": "-5.06000", "2018-09-30": "-1.17500", "2018-06-30": "11.89700", "2018-03-31": "-17.98200", "2017-12-31": "4.19400", "2017-09-30": "2.28500", "2017-06-30": "-1.81200", "2017-03-31": "-1.22700", "2016-12-31": "3.82100", "2016-09-30": "2.87700", "2016-06-30": "-4.64100", "2016-03-31": "1.77300", "2015-12-31": "1.72400", "2015-09-30": "1.19900", "2015-06-30": "1.50400", "2015-03-31": "0.98700", "2014-12-31": "1.41700", "2014-09-30": "0.60200", "2014-06-30": "0.66100", "2014-03-31": "1.16700", "2013-12-31": "0.54500", "2013-09-30": "0.66300", "2013-06-30": "0.73900", "2013-03-31": "0.56400", "2012-12-31": "0.84900", "2012-09-30": "0.32100", "2012-06-30": "-0.35200", "2012-03-31": "0.55000", "2011-12-31": "", "2011-09-30": "0.16900", "2011-06-30": "0.29800", "2011-03-31": "", "2010-06-30": "", "2009-06-30": ""}, "Income After Taxes": {"2020-12-31": "16.64800", "2020-09-30": "12.85800", "2020-06-30": "40.76600", "2020-03-31": "48.23100", "2019-12-31": "598.72390", "2019-09-30": "40.59800", "2019-06-30": "-11.07900", "2019-03-31": "-1.54500", "2018-12-31": "7.01500", "2018-09-30": "8.40500", "2018-06-30": "-52.74600", "2018-03-31": "10.62200", "2017-12-31": "-17.34600", "2017-09-30": "-22.18200", "2017-06-30": "-55.80400", "2017-03-31": "-21.51400", "2016-12-31": "4.96600", "2016-09-30": "-36.25800", "2016-06-30": "-49.62500", "2016-03-31": "-333.33200", "2015-12-31": "-37.37800", "2015-09-30": "-41.03000", "2015-06-30": "-61.92500", "2015-03-31": "-58.09300", "2014-12-31": "-44.66300", "2014-09-30": "-41.05000", "2014-06-30": "-50.36300", "2014-03-31": "-43.31100", "2013-12-31": "-24.23200", "2013-09-30": "-14.71300", "2013-06-30": "-21.40500", "2013-03-31": "-13.35800", "2012-12-31": "-9.93100", "2012-09-30": "-13.05300", "2012-06-30": "-8.72400", "2012-03-31": "-5.64000", "2011-12-31": "39.17800", "2011-09-30": "0.12100", "2011-06-30": "2.03600", "2011-03-31": "85.19200", "2010-06-30": "", "2009-06-30": ""}, "Other Income": {"2020-12-31": "", "2020-09-30": "", "2020-06-30": "", "2020-03-31": "", "2019-12-31": "", "2019-09-30": "", "2019-06-30": "", "2019-03-31": "", "2018-12-31": "", "2018-09-30": "", "2018-06-30": "", "2018-03-31": "", "2017-12-31": "", "2017-09-30": "", "2017-06-30": "", "2017-03-31": "", "2016-12-31": "", "2016-09-30": "", "2016-06-30": "", "2016-03-31": "", "2015-12-31": "", "2015-09-30": "", "2015-06-30": "", "2015-03-31": "", "2014-12-31": "", "2014-09-30": "", "2014-06-30": "", "2014-03-31": "", "2013-12-31": "", "2013-09-30": "", "2013-06-30": "", "2013-03-31": "", "2012-12-31": "", "2012-09-30": "", "2012-06-30": "", "2012-03-31": "", "2011-12-31": "", "2011-09-30": "", "2011-06-30": "", "2011-03-31": "", "2010-06-30": "", "2009-06-30": ""}, "Income From Continuous Operations": {"2020-12-31": "16.64800", "2020-09-30": "12.85800", "2020-06-30": "40.76600", "2020-03-31": "48.23100", "2019-12-31": "598.72390", "2019-09-30": "40.59800", "2019-06-30": "-11.07900", "2019-03-31": "-1.54500", "2018-12-31": "7.01500", "2018-09-30": "8.40500", "2018-06-30": "-52.74600", "2018-03-31": "10.62200", "2017-12-31": "-17.34600", "2017-09-30": "-22.18200", "2017-06-30": "-55.80400", "2017-03-31": "-21.51400", "2016-12-31": "4.96600", "2016-09-30": "-36.25800", "2016-06-30": "-49.62500", "2016-03-31": "-333.33200", "2015-12-31": "-37.37800", "2015-09-30": "-41.03000", "2015-06-30": "-61.92500", "2015-03-31": "-58.09300", "2014-12-31": "-44.66300", "2014-09-30": "-41.05000", "2014-06-30": "-50.36300", "2014-03-31": "-43.31100", "2013-12-31": "-24.23200", "2013-09-30": "-14.71300", "2013-06-30": "-21.40500", "2013-03-31": "-13.35800", "2012-12-31": "-9.93100", "2012-09-30": "-13.05300", "2012-06-30": "-8.72400", "2012-03-31": "-5.64000", "2011-12-31": "-6.96000", "2011-09-30": "0.12100", "2011-06-30": "2.03600", "2011-03-31": "7.36900", "2010-06-30": "", "2009-06-30": ""}, "Income From Discontinued Operations": {"2020-12-31": "", "2020-09-30": "", "2020-06-30": "", "2020-03-31": "", "2019-12-31": "", "2019-09-30": "", "2019-06-30": "", "2019-03-31": "", "2018-12-31": "", "2018-09-30": "", "2018-06-30": "", "2018-03-31": "", "2017-12-31": "", "2017-09-30": "", "2017-06-30": "", "2017-03-31": "", "2016-12-31": "", "2016-09-30": "", "2016-06-30": "", "2016-03-31": "", "2015-12-31": "", "2015-09-30": "", "2015-06-30": "", "2015-03-31": "", "2014-12-31": "", "2014-09-30": "", "2014-06-30": "", "2014-03-31": "", "2013-12-31": "", "2013-09-30": "", "2013-06-30": "", "2013-03-31": "", "2012-12-31": "", "2012-09-30": "", "2012-06-30": "", "2012-03-31": "", "2011-12-31": "0.00000", "2011-09-30": "", "2011-06-30": "", "2011-03-31": "0.00000", "2010-06-30": "", "2009-06-30": ""}, "Net Income": {"2020-12-31": "16.64800", "2020-09-30": "12.85800", "2020-06-30": "40.76600", "2020-03-31": "48.23100", "2019-12-31": "598.72390", "2019-09-30": "40.59800", "2019-06-30": "-11.07900", "2019-03-31": "-1.54500", "2018-12-31": "7.01500", "2018-09-30": "8.40500", "2018-06-30": "-52.74600", "2018-03-31": "10.62200", "2017-12-31": "-17.34600", "2017-09-30": "-22.18200", "2017-06-30": "-55.80400", "2017-03-31": "-21.51400", "2016-12-31": "4.96600", "2016-09-30": "-36.25800", "2016-06-30": "-49.62500", "2016-03-31": "-333.33200", "2015-12-31": "-37.37800", "2015-09-30": "-41.03000", "2015-06-30": "-61.92500", "2015-03-31": "-58.09300", "2014-12-31": "-44.66300", "2014-09-30": "-41.05000", "2014-06-30": "-50.36300", "2014-03-31": "-43.31100", "2013-12-31": "-24.23200", "2013-09-30": "-14.71300", "2013-06-30": "-21.40500", "2013-03-31": "-13.35800", "2012-12-31": "-9.93100", "2012-09-30": "-13.05300", "2012-06-30": "-8.72400", "2012-03-31": "-5.64000", "2011-12-31": "-6.96000", "2011-09-30": "-0.03600", "2011-06-30": "0.35800", "2011-03-31": "7.36900", "2010-06-30": "", "2009-06-30": ""}, "EBITDA": {"2020-12-31": "", "2020-09-30": "214.95620", "2020-06-30": "204.87800", "2020-03-31": "183.62400", "2019-12-31": "155.10600", "2019-09-30": "171.39600", "2019-06-30": "81.57100", "2019-03-31": "87.46100", "2018-12-31": "88.31900", "2018-09-30": "101.73800", "2018-06-30": "52.60100", "2018-03-31": "60.61100", "2017-12-31": "78.93110", "2017-09-30": "67.12500", "2017-06-30": "21.77200", "2017-03-31": "34.15000", "2016-12-31": "57.01300", "2016-09-30": "25.60900", "2016-06-30": "0.20300", "2016-03-31": "-279.06800", "2015-12-31": "12.68400", "2015-09-30": "13.44100", "2015-06-30": "-13.02900", "2015-03-31": "-15.40300", "2014-12-31": "1.00400", "2014-09-30": "-0.12200", "2014-06-30": "-14.04600", "2014-03-31": "-8.19900", "2013-12-31": "2.82900", "2013-09-30": "0.99900", "2013-06-30": "-6.23500", "2013-03-31": "-2.08800", "2012-12-31": "0.31600", "2012-09-30": "-4.96200", "2012-06-30": "-3.19200", "2012-03-31": "-1.19300", "2011-12-31": "33.44200", "2011-09-30": "3.40400", "2011-06-30": "2.02800", "2011-03-31": "85.19200", "2010-06-30": "", "2009-06-30": ""}, "EBIT": {"2020-12-31": "17.92990", "2020-09-30": "69.33220", "2020-06-30": "62.26600", "2020-03-31": "49.33500", "2019-12-31": "28.51200", "2019-09-30": "56.32400", "2019-06-30": "-27.00000", "2019-03-31": "-15.71300", "2018-12-31": "0.27800", "2018-09-30": "9.56800", "2018-06-30": "-31.98900", "2018-03-31": "-20.28300", "2017-12-31": "-0.90000", "2017-09-30": "-3.91000", "2017-06-30": "-37.79400", "2017-03-31": "-21.79200", "2016-12-31": "17.03710", "2016-09-30": "-26.77500", "2016-06-30": "-48.27800", "2016-03-31": "-324.15200", "2015-12-31": "-30.85800", "2015-09-30": "-28.04000", "2015-06-30": "-53.23500", "2015-03-31": "-54.23200", "2014-12-31": "-36.68400", "2014-09-30": "-34.49900", "2014-06-30": "-44.47100", "2014-03-31": "-36.18100", "2013-12-31": "-19.36100", "2013-09-30": "-14.65000", "2013-06-30": "-19.34300", "2013-03-31": "-12.91300", "2012-12-31": "-9.53800", "2012-09-30": "-13.34700", "2012-06-30": "-9.11700", "2012-03-31": "-5.58200", "2011-12-31": "39.17800", "2011-09-30": "1.01900", "2011-06-30": "2.26900", "2011-03-31": "85.19200", "2010-06-30": "", "2009-06-30": ""}, "Basic Shares Outstanding": {"2020-12-31": "195.46100", "2020-09-30": "193.23700", "2020-06-30": "191.31900", "2020-03-31": "190.16300", "2019-12-31": "186.46600", "2019-09-30": "188.07400", "2019-06-30": "186.67800", "2019-03-31": "182.06200", "2018-12-31": "177.84600", "2018-09-30": "178.71970", "2018-06-30": "177.34300", "2018-03-31": "175.48280", "2017-12-31": "171.17600", "2017-09-30": "171.88320", "2017-06-30": "170.41910", "2017-03-31": "168.74240", "2016-12-31": "164.53380", "2016-09-30": "165.37880", "2016-06-30": "163.83880", "2016-03-31": "162.06700", "2015-12-31": "155.70700", "2015-09-30": "156.93050", "2015-06-30": "154.46500", "2015-03-31": "151.60200", "2014-12-31": "145.35600", "2014-09-30": "146.33600", "2014-06-30": "144.45700", "2014-03-31": "142.06000", "2013-12-31": "135.41600", "2013-09-30": "137.45700", "2013-06-30": "134.45400", "2013-03-31": "129.78200", "2012-12-31": "73.90900", "2012-09-30": "117.69800", "2012-06-30": "27.78900", "2012-03-31": "25.12400", "2011-12-31": "21.51500", "2011-09-30": "20.69300", "2011-06-30": "19.66900", "2011-03-31": "70.00000", "2010-06-30": "", "2009-06-30": ""}, "Shares Outstanding": {"2020-12-31": "202.45500", "2020-09-30": "201.86100", "2020-06-30": "201.45300", "2020-03-31": "199.93800", "2019-12-31": "197.22300", "2019-09-30": "197.87800", "2019-06-30": "186.67800", "2019-03-31": "182.06200", "2018-12-31": "177.84600", "2018-09-30": "192.19090", "2018-06-30": "177.34300", "2018-03-31": "190.24980", "2017-12-31": "171.17600", "2017-09-30": "171.88320", "2017-06-30": "170.41910", "2017-03-31": "168.74240", "2016-12-31": "164.53380", "2016-09-30": "165.37880", "2016-06-30": "163.83880", "2016-03-31": "162.06700", "2015-12-31": "155.70700", "2015-09-30": "156.93050", "2015-06-30": "154.46500", "2015-03-31": "151.60200", "2014-12-31": "145.35600", "2014-09-30": "146.33600", "2014-06-30": "144.45700", "2014-03-31": "142.06000", "2013-12-31": "135.41600", "2013-09-30": "137.45700", "2013-06-30": "134.45400", "2013-03-31": "129.78200", "2012-12-31": "73.90900", "2012-09-30": "117.69800", "2012-06-30": "27.78900", "2012-03-31": "25.12400", "2011-12-31": "21.51500", "2011-09-30": "32.12700", "2011-06-30": "29.58400", "2011-03-31": "70.00000", "2010-06-30": "", "2009-06-30": ""}, "Basic EPS": {"2020-12-31": "0.09000", "2020-09-30": "0.07000", "2020-06-30": "0.21000", "2020-03-31": "0.25000", "2019-12-31": "3.21000", "2019-09-30": "0.22000", "2019-06-30": "-0.06000", "2019-03-31": "-0.01000", "2018-12-31": "0.04000", "2018-09-30": "0.05000", "2018-06-30": "-0.30000", "2018-03-31": "0.06000", "2017-12-31": "-0.09000", "2017-09-30": "-0.13000", "2017-06-30": "-0.33000", "2017-03-31": "-0.13000", "2016-12-31": "0.06000", "2016-09-30": "-0.22000", "2016-06-30": "-0.30000", "2016-03-31": "-2.06000", "2015-12-31": "-0.23000", "2015-09-30": "-0.26000", "2015-06-30": "-0.40000", "2015-03-31": "-0.38000", "2014-12-31": "-0.30000", "2014-09-30": "-0.28000", "2014-06-30": "-0.35000", "2014-03-31": "-0.30000", "2013-12-31": "-0.17000", "2013-09-30": "-0.11000", "2013-06-30": "-0.16000", "2013-03-31": "-0.10000", "2012-12-31": "0.15000", "2012-09-30": "-0.11000", "2012-06-30": "-0.32000", "2012-03-31": "-0.23000", "2011-12-31": "-0.32000", "2011-09-30": "-0.00170", "2011-06-30": "0.02000", "2011-03-31": "0.11000", "2010-06-30": "", "2009-06-30": ""}, "EPS - Earnings Per Share": {"2020-12-31": "0.08000", "2020-09-30": "0.06000", "2020-06-30": "0.20000", "2020-03-31": "0.24000", "2019-12-31": "3.04000", "2019-09-30": "0.21000", "2019-06-30": "-0.06000", "2019-03-31": "-0.01000", "2018-12-31": "0.05000", "2018-09-30": "0.04000", "2018-06-30": "-0.30000", "2018-03-31": "0.06000", "2017-12-31": "-0.09000", "2017-09-30": "-0.13000", "2017-06-30": "-0.33000", "2017-03-31": "-0.13000", "2016-12-31": "0.06000", "2016-09-30": "-0.22000", "2016-06-30": "-0.30000", "2016-03-31": "-2.06000", "2015-12-31": "-0.23000", "2015-09-30": "-0.26000", "2015-06-30": "-0.40000", "2015-03-31": "-0.38000", "2014-12-31": "-0.30000", "2014-09-30": "-0.28000", "2014-06-30": "-0.35000", "2014-03-31": "-0.30000", "2013-12-31": "-0.17000", "2013-09-30": "-0.11000", "2013-06-30": "-0.16000", "2013-03-31": "-0.10000", "2012-12-31": "0.15000", "2012-09-30": "-0.11000", "2012-06-30": "-0.32000", "2012-03-31": "-0.23000", "2011-12-31": "-0.32000", "2011-09-30": "-0.00110", "2011-06-30": "0.02000", "2011-03-31": "0.11000", "2010-06-30": "0.00000", "2009-06-30": "0.00000"}}, "balance sheet": {"Cash On Hand": {"2020-12-31": "3092.03600", "2019-12-31": "1691.09500", "2018-12-31": "1497.92200", "2017-12-31": "1779.29800", "2016-12-31": "899.36200", "2015-12-31": "801.25000", "2014-12-31": "668.79100", "2013-12-31": "634.55400", "2012-12-31": "314.69100", "2011-12-31": "68.13300", "2011-06-30": "", "2010-12-31": "", "2010-06-30": "29.79700", "2009-12-31": "29.79700", "2009-06-30": "", "2008-12-31": ""}, "Receivables": {"2020-12-31": "1009.41500", "2019-12-31": "835.27900", "2018-12-31": "574.81000", "2017-12-31": "437.05100", "2016-12-31": "322.75700", "2015-12-31": "203.33300", "2014-12-31": "159.17100", "2013-12-31": "108.33900", "2012-12-31": "78.16300", "2011-12-31": "44.86000", "2011-06-30": "", "2010-12-31": "", "2010-06-30": "9.73200", "2009-12-31": "9.73200", "2009-06-30": "", "2008-12-31": ""}, "Inventory": {"2020-12-31": "", "2019-12-31": "", "2018-12-31": "", "2017-12-31": "", "2016-12-31": "", "2015-12-31": "", "2014-12-31": "", "2013-12-31": "", "2012-12-31": "", "2011-12-31": "", "2011-06-30": "", "2010-12-31": "", "2010-06-30": "", "2009-12-31": "", "2009-06-30": "", "2008-12-31": ""}, "Pre-Paid Expenses": {"2020-12-31": "191.46700", "2019-12-31": "125.48800", "2018-12-31": "132.07100", "2017-12-31": "95.95900", "2016-12-31": "43.63600", "2015-12-31": "29.07600", "2014-12-31": "35.79200", "2013-12-31": "23.73300", "2012-12-31": "14.25600", "2011-12-31": "9.88300", "2011-06-30": "", "2010-12-31": "", "2010-06-30": "5.69600", "2009-12-31": "", "2009-06-30": "", "2008-12-31": ""}, "Other Current Assets": {"2020-12-31": "", "2019-12-31": "", "2018-12-31": "", "2017-12-31": "", "2016-12-31": "", "2015-12-31": "", "2014-12-31": "", "2013-12-31": "", "2012-12-31": "", "2011-12-31": "", "2011-06-30": "", "2010-12-31": "", "2010-06-30": "", "2009-12-31": "", "2009-06-30": "", "2008-12-31": ""}, "Total Current Assets": {"2020-12-31": "4521.84200", "2019-12-31": "2826.90100", "2018-12-31": "2344.69300", "2017-12-31": "2421.95100", "2016-12-31": "1342.53500", "2015-12-31": "1085.63500", "2014-12-31": "906.98600", "2013-12-31": "797.74900", "2012-12-31": "422.08900", "2011-12-31": "130.50700", "2011-06-30": "", "2010-12-31": "", "2010-06-30": "47.49200", "2009-12-31": "47.49200", "2009-06-30": "", "2008-12-31": ""}, "Property, Plant, And Equipment": {"2020-12-31": "659.64100", "2019-12-31": "468.08500", "2018-12-31": "347.21600", "2017-12-31": "245.12400", "2016-12-31": "181.62000", "2015-12-31": "144.71400", "2014-12-31": "104.23700", "2013-12-31": "75.56000", "2012-12-31": "42.34200", "2011-12-31": "20.69500", "2011-06-30": "", "2010-12-31": "", "2010-06-30": "1.69800", "2009-12-31": "1.69800", "2009-06-30": "", "2008-12-31": ""}, "Long-Term Investments": {"2020-12-31": "1468.00600", "2019-12-31": "1013.33200", "2018-12-31": "581.85600", "2017-12-31": "391.44200", "2016-12-31": "262.65800", "2015-12-31": "422.66700", "2014-12-31": "266.77200", "2013-12-31": "255.35600", "2012-12-31": "", "2011-12-31": "", "2011-06-30": "", "2010-12-31": "", "2010-06-30": "", "2009-12-31": "", "2009-06-30": "", "2008-12-31": ""}, "Goodwill And Intangible Assets": {"2020-12-31": "394.13100", "2019-12-31": "300.60600", "2018-12-31": "249.42700", "2017-12-31": "215.64400", "2016-12-31": "148.38800", "2015-12-31": "98.67400", "2014-12-31": "109.54200", "2013-12-31": "14.52000", "2012-12-31": "0.59600", "2011-12-31": "", "2011-06-30": "", "2010-12-31": "", "2010-06-30": "", "2009-12-31": "", "2009-06-30": "", "2008-12-31": ""}, "Other Long-Term Assets": {"2020-12-31": "100.04000", "2019-12-31": "77.99700", "2018-12-31": "52.81600", "2017-12-31": "51.83200", "2016-12-31": "36.57600", "2015-12-31": "22.34600", "2014-12-31": "7.76200", "2013-12-31": "3.97300", "2012-12-31": "1.79100", "2011-12-31": "0.52400", "2011-06-30": "", "2010-12-31": "", "2010-06-30": "0.12700", "2009-12-31": "", "2009-06-30": "", "2008-12-31": ""}, "Total Long-Term Assets": {"2020-12-31": "4193.21500", "2019-12-31": "3195.52900", "2018-12-31": "1534.44700", "2017-12-31": "1128.29400", "2016-12-31": "691.23200", "2015-12-31": "721.41700", "2014-12-31": "517.76600", "2013-12-31": "370.72700", "2012-12-31": "56.02500", "2011-12-31": "25.81600", "2011-06-30": "", "2010-12-31": "", "2010-06-30": "3.87700", "2009-12-31": "1.69800", "2009-06-30": "", "2008-12-31": ""}, "Total Assets": {"2020-12-31": "8715.05700", "2019-12-31": "6022.43000", "2018-12-31": "3879.14000", "2017-12-31": "3550.24500", "2016-12-31": "2033.76700", "2015-12-31": "1807.05200", "2014-12-31": "1424.75200", "2013-12-31": "1168.47600", "2012-12-31": "478.11400", "2011-12-31": "156.32300", "2011-06-30": "0.00000", "2010-12-31": "0.00000", "2010-06-30": "51.36900", "2009-12-31": "51.36900", "2009-06-30": "0.00000", "2008-12-31": "0.00000"}, "Total Current Liabilities": {"2020-12-31": "3737.14400", "2019-12-31": "2752.78500", "2018-12-31": "2012.57300", "2017-12-31": "2039.47900", "2016-12-31": "1071.49800", "2015-12-31": "731.63600", "2014-12-31": "506.99700", "2013-12-31": "328.08800", "2012-12-31": "211.62700", "2011-12-31": "126.56100", "2011-06-30": "", "2010-12-31": "", "2010-06-30": "45.69400", "2009-12-31": "45.69400", "2009-06-30": "", "2008-12-31": ""}, "Long Term Debt": {"2020-12-31": "1640.15300", "2019-12-31": "694.98100", "2018-12-31": "661.70700", "2017-12-31": "630.01800", "2016-12-31": "507.81200", "2015-12-31": "474.53400", "2014-12-31": "443.43700", "2013-12-31": "414.77700", "2012-12-31": "", "2011-12-31": "", "2011-06-30": "", "2010-12-31": "", "2010-06-30": "", "2009-12-31": "", "2009-06-30": "", "2008-12-31": ""}, "Other Non-Current Liabilities": {"2020-12-31": "35.15400", "2019-12-31": "23.46400", "2018-12-31": "55.06400", "2017-12-31": "65.88400", "2016-12-31": "34.17700", "2015-12-31": "23.31700", "2014-12-31": "33.07600", "2013-12-31": "17.18300", "2012-12-31": "6.68500", "2011-12-31": "5.46700", "2011-06-30": "", "2010-12-31": "", "2010-06-30": "0.26100", "2009-12-31": "", "2009-06-30": "", "2008-12-31": ""}, "Total Long Term Liabilities": {"2020-12-31": "2143.43200", "2019-12-31": "1141.70400", "2018-12-31": "755.36800", "2017-12-31": "732.02200", "2016-12-31": "575.30800", "2015-12-31": "508.60200", "2014-12-31": "489.08000", "2013-12-31": "446.12900", "2012-12-31": "23.08200", "2011-12-31": "19.01600", "2011-06-30": "", "2010-12-31": "", "2010-06-30": "9.71000", "2009-12-31": "", "2009-06-30": "", "2008-12-31": ""}, "Total Liabilities": {"2020-12-31": "5880.57600", "2019-12-31": "3894.48900", "2018-12-31": "2767.94100", "2017-12-31": "2771.50100", "2016-12-31": "1646.80600", "2015-12-31": "1240.23800", "2014-12-31": "996.07700", "2013-12-31": "774.21700", "2012-12-31": "234.70900", "2011-12-31": "145.57700", "2011-06-30": "", "2010-12-31": "", "2010-06-30": "55.40400", "2009-12-31": "55.40400", "2009-06-30": "", "2008-12-31": ""}, "Common Stock Net": {"2020-12-31": "", "2019-12-31": "0.18900", "2018-12-31": "0.18000", "2017-12-31": "0.17400", "2016-12-31": "0.16700", "2015-12-31": "0.16000", "2014-12-31": "0.15000", "2013-12-31": "0.14000", "2012-12-31": "0.12600", "2011-12-31": "0.02200", "2011-06-30": "", "2010-12-31": "", "2010-06-30": "0.01600", "2009-12-31": "", "2009-06-30": "", "2008-12-31": ""}, "Retained Earnings (Accumulated Deficit)": {"2020-12-31": "", "2019-12-31": "-352.24400", "2018-12-31": "-978.78000", "2017-12-31": "-958.56400", "2016-12-31": "-997.39000", "2015-12-31": "-557.00900", "2014-12-31": "-358.58300", "2013-12-31": "-179.19600", "2012-12-31": "-105.48800", "2011-12-31": "-68.14000", "2011-06-30": "", "2010-12-31": "", "2010-06-30": "-71.28600", "2009-12-31": "-71.28600", "2009-06-30": "", "2008-12-31": ""}, "Comprehensive Income": {"2020-12-31": "", "2019-12-31": "25.25500", "2018-12-31": "-4.03500", "2017-12-31": "5.76700", "2016-12-31": "-21.13300", "2015-12-31": "-16.88200", "2014-12-31": "-12.11300", "2013-12-31": "-0.47600", "2012-12-31": "-0.03600", "2011-12-31": "0.89900", "2011-06-30": "", "2010-12-31": "", "2010-06-30": "0.00800", "2009-12-31": "", "2009-06-30": "", "2008-12-31": ""}, "Other Share Holders Equity": {"2020-12-31": "", "2019-12-31": "", "2018-12-31": "", "2017-12-31": "", "2016-12-31": "", "2015-12-31": "", "2014-12-31": "", "2013-12-31": "", "2012-12-31": "", "2011-12-31": "", "2011-06-30": "", "2010-12-31": "", "2010-06-30": "", "2009-12-31": "", "2009-06-30": "", "2008-12-31": ""}, "Share Holder Equity": {"2020-12-31": "2834.48100", "2019-12-31": "2127.94100", "2018-12-31": "1111.19900", "2017-12-31": "778.74400", "2016-12-31": "386.96100", "2015-12-31": "566.81400", "2014-12-31": "428.67500", "2013-12-31": "394.25900", "2012-12-31": "243.40500", "2011-12-31": "10.74600", "2011-06-30": "", "2010-12-31": "", "2010-06-30": "-71.26200", "2009-12-31": "-71.26200", "2009-06-30": "", "2008-12-31": ""}, "Total Liabilities And Share Holders Equity": {"2020-12-31": "8715.05700", "2019-12-31": "6022.43000", "2018-12-31": "3879.14000", "2017-12-31": "3550.24500", "2016-12-31": "2033.76700", "2015-12-31": "1807.05200", "2014-12-31": "1424.75200", "2013-12-31": "1168.47600", "2012-12-31": "478.11400", "2011-12-31": "156.32300", "2011-06-30": "", "2010-12-31": "", "2010-06-30": "51.36900", "2009-12-31": "-15.85800", "2009-06-30": "", "2008-12-31": ""}}, "balance sheet, quarterly": {"Cash On Hand": {"2020-12-31": "3092.03600", "2020-09-30": "2951.61100", "2020-06-30": "2342.67100", "2020-03-31": "1858.70500", "2019-12-31": "1691.09500", "2019-09-30": "1471.07300", "2019-06-30": "1653.38400", "2019-03-31": "1662.11300", "2018-12-31": "1497.92200", "2018-09-30": "1626.04000", "2018-06-30": "1749.65800", "2018-03-31": "1885.95900", "2017-12-31": "1779.29800", "2017-09-30": "1671.89700", "2017-06-30": "1692.17600", "2017-03-31": "975.31400", "2016-12-31": "899.36200", "2016-09-30": "806.88000", "2016-06-30": "806.71400", "2016-03-31": "900.87300", "2015-12-31": "801.25000", "2015-09-30": "728.95100", "2015-06-30": "722.52400", "2015-03-31": "745.01000", "2014-12-31": "668.79100", "2014-09-30": "646.07200", "2014-06-30": "677.48000", "2014-03-31": "655.76200", "2013-12-31": "634.55400", "2013-09-30": "220.13800", "2013-06-30": "253.78000", "2013-03-31": "338.86600", "2012-12-31": "314.69100", "2012-09-30": "256.49800", "2012-06-30": "88.31400", "2012-03-31": "", "2011-12-31": "68.13300", "2011-09-30": "", "2011-06-30": "", "2011-03-31": "", "2010-06-30": "29.79000", "2009-06-30": ""}, "Receivables": {"2020-12-31": "1009.41500", "2020-09-30": "631.05500", "2020-06-30": "631.99200", "2020-03-31": "615.23400", "2019-12-31": "835.27900", "2019-09-30": "539.41600", "2019-06-30": "503.37600", "2019-03-31": "422.55900", "2018-12-31": "574.81000", "2018-09-30": "424.69800", "2018-06-30": "367.59800", "2018-03-31": "371.00800", "2017-12-31": "437.05100", "2017-09-30": "291.90300", "2017-06-30": "279.08800", "2017-03-31": "278.10700", "2016-12-31": "322.75700", "2016-09-30": "220.08900", "2016-06-30": "197.29600", "2016-03-31": "190.26300", "2015-12-31": "203.33300", "2015-09-30": "159.76800", "2015-06-30": "143.20600", "2015-03-31": "142.72000", "2014-12-31": "159.17100", "2014-09-30": "111.16400", "2014-06-30": "109.24600", "2014-03-31": "107.93200", "2013-12-31": "108.33900", "2013-09-30": "84.52700", "2013-06-30": "92.76500", "2013-03-31": "79.84400", "2012-12-31": "78.16300", "2012-09-30": "55.92400", "2012-06-30": "47.33400", "2012-03-31": "", "2011-12-31": "44.86000", "2011-09-30": "", "2011-06-30": "", "2011-03-31": "", "2010-06-30": "9.73000", "2009-06-30": ""}, "Inventory": {"2020-12-31": "", "2020-09-30": "", "2020-06-30": "", "2020-03-31": "", "2019-12-31": "", "2019-09-30": "", "2019-06-30": "", "2019-03-31": "", "2018-12-31": "", "2018-09-30": "", "2018-06-30": "", "2018-03-31": "", "2017-12-31": "", "2017-09-30": "", "2017-06-30": "", "2017-03-31": "", "2016-12-31": "", "2016-09-30": "", "2016-06-30": "", "2016-03-31": "", "2015-12-31": "", "2015-09-30": "", "2015-06-30": "", "2015-03-31": "", "2014-12-31": "", "2014-09-30": "", "2014-06-30": "", "2014-03-31": "", "2013-12-31": "", "2013-09-30": "", "2013-06-30": "", "2013-03-31": "", "2012-12-31": "", "2012-09-30": "", "2012-06-30": "", "2012-03-31": "", "2011-12-31": "", "2011-09-30": "", "2011-06-30": "", "2011-03-31": "", "2010-06-30": "", "2009-06-30": ""}, "Pre-Paid Expenses": {"2020-12-31": "191.46700", "2020-09-30": "181.47400", "2020-06-30": "170.58200", "2020-03-31": "149.09200", "2019-12-31": "125.48800", "2019-09-30": "128.48300", "2019-06-30": "133.48200", "2019-03-31": "", "2018-12-31": "132.07100", "2018-09-30": "115.26200", "2018-06-30": "115.30500", "2018-03-31": "117.09200", "2017-12-31": "95.95900", "2017-09-30": "66.88100", "2017-06-30": "54.66600", "2017-03-31": "64.04800", "2016-12-31": "43.63600", "2016-09-30": "37.28100", "2016-06-30": "36.64700", "2016-03-31": "46.53400", "2015-12-31": "29.07600", "2015-09-30": "45.30500", "2015-06-30": "43.99800", "2015-03-31": "53.86000", "2014-12-31": "35.79200", "2014-09-30": "27.78700", "2014-06-30": "23.82800", "2014-03-31": "32.04400", "2013-12-31": "23.73300", "2013-09-30": "12.91900", "2013-06-30": "9.09300", "2013-03-31": "10.17600", "2012-12-31": "14.25600", "2012-09-30": "5.67500", "2012-06-30": "4.67100", "2012-03-31": "", "2011-12-31": "9.88300", "2011-09-30": "", "2011-06-30": "", "2011-03-31": "", "2010-06-30": "", "2009-06-30": ""}, "Other Current Assets": {"2020-12-31": "", "2020-09-30": "", "2020-06-30": "", "2020-03-31": "", "2019-12-31": "", "2019-09-30": "", "2019-06-30": "", "2019-03-31": "", "2018-12-31": "", "2018-09-30": "", "2018-06-30": "", "2018-03-31": "", "2017-12-31": "", "2017-09-30": "", "2017-06-30": "", "2017-03-31": "", "2016-12-31": "", "2016-09-30": "", "2016-06-30": "", "2016-03-31": "", "2015-12-31": "", "2015-09-30": "", "2015-06-30": "", "2015-03-31": "", "2014-12-31": "", "2014-09-30": "", "2014-06-30": "", "2014-03-31": "", "2013-12-31": "", "2013-09-30": "", "2013-06-30": "", "2013-03-31": "", "2012-12-31": "", "2012-09-30": "", "2012-06-30": "", "2012-03-31": "", "2011-12-31": "", "2011-09-30": "", "2011-06-30": "", "2011-03-31": "", "2010-06-30": "", "2009-06-30": ""}, "Total Current Assets": {"2020-12-31": "4521.84200", "2020-09-30": "3966.88100", "2020-06-30": "3337.12200", "2020-03-31": "2805.86100", "2019-12-31": "2826.90100", "2019-09-30": "2297.21300", "2019-06-30": "2442.28700", "2019-03-31": "2374.48600", "2018-12-31": "2344.69300", "2018-09-30": "2292.18500", "2018-06-30": "2351.62900", "2018-03-31": "2489.92600", "2017-12-31": "2421.95100", "2017-09-30": "2127.49200", "2017-06-30": "2111.02700", "2017-03-31": "1396.25500", "2016-12-31": "1342.53500", "2016-09-30": "1126.90700", "2016-06-30": "1097.88900", "2016-03-31": "1193.25800", "2015-12-31": "1085.63500", "2015-09-30": "981.60700", "2015-06-30": "954.07400", "2015-03-31": "983.93400", "2014-12-31": "906.98600", "2014-09-30": "821.39900", "2014-06-30": "844.65900", "2014-03-31": "828.62500", "2013-12-31": "797.74900", "2013-09-30": "342.41900", "2013-06-30": "376.80900", "2013-03-31": "447.23600", "2012-12-31": "422.08900", "2012-09-30": "331.87700", "2012-06-30": "152.08200", "2012-03-31": "", "2011-12-31": "130.50700", "2011-09-30": "", "2011-06-30": "", "2011-03-31": "", "2010-06-30": "47.49000", "2009-06-30": ""}, "Property, Plant, And Equipment": {"2020-12-31": "659.64100", "2020-09-30": "564.00700", "2020-06-30": "547.25300", "2020-03-31": "470.96900", "2019-12-31": "468.08500", "2019-09-30": "400.85800", "2019-06-30": "364.00700", "2019-03-31": "350.65100", "2018-12-31": "347.21600", "2018-09-30": "297.37100", "2018-06-30": "286.95300", "2018-03-31": "267.45400", "2017-12-31": "245.12400", "2017-09-30": "231.30400", "2017-06-30": "213.50100", "2017-03-31": "189.65900", "2016-12-31": "181.62000", "2016-09-30": "176.10600", "2016-06-30": "166.55100", "2016-03-31": "154.24400", "2015-12-31": "144.71400", "2015-09-30": "132.71300", "2015-06-30": "124.90200", "2015-03-31": "115.43800", "2014-12-31": "104.23700", "2014-09-30": "96.97700", "2014-06-30": "96.48300", "2014-03-31": "86.20000", "2013-12-31": "75.56000", "2013-09-30": "68.64200", "2013-06-30": "57.25300", "2013-03-31": "54.28400", "2012-12-31": "42.34200", "2012-09-30": "39.08600", "2012-06-30": "35.45200", "2012-03-31": "", "2011-12-31": "20.69500", "2011-09-30": "", "2011-06-30": "", "2011-03-31": "", "2010-06-30": "2.34000", "2009-06-30": ""}, "Long-Term Investments": {"2020-12-31": "1468.00600", "2020-09-30": "1259.95100", "2020-06-30": "776.80700", "2020-03-31": "1077.93800", "2019-12-31": "1013.33200", "2019-09-30": "1001.51300", "2019-06-30": "746.71600", "2019-03-31": "674.63300", "2018-12-31": "581.85600", "2018-09-30": "457.56100", "2018-06-30": "304.62900", "2018-03-31": "451.20900", "2017-12-31": "391.44200", "2017-09-30": "424.85800", "2017-06-30": "319.79500", "2017-03-31": "326.26100", "2016-12-31": "262.65800", "2016-09-30": "281.35300", "2016-06-30": "224.43900", "2016-03-31": "361.83100", "2015-12-31": "422.66700", "2015-09-30": "400.51200", "2015-06-30": "333.28400", "2015-03-31": "253.62500", "2014-12-31": "266.77200", "2014-09-30": "238.05100", "2014-06-30": "279.58000", "2014-03-31": "268.63500", "2013-12-31": "255.35600", "2013-09-30": "132.61900", "2013-06-30": "92.34200", "2013-03-31": "", "2012-12-31": "", "2012-09-30": "", "2012-06-30": "", "2012-03-31": "", "2011-12-31": "", "2011-09-30": "", "2011-06-30": "", "2011-03-31": "", "2010-06-30": "", "2009-06-30": ""}, "Goodwill And Intangible Assets": {"2020-12-31": "394.13100", "2020-09-30": "387.77500", "2020-06-30": "375.27300", "2020-03-31": "378.65400", "2019-12-31": "300.60600", "2019-09-30": "266.84900", "2019-06-30": "274.07100", "2019-03-31": "244.43600", "2018-12-31": "249.42700", "2018-09-30": "227.13900", "2018-06-30": "230.73300", "2018-03-31": "211.23800", "2017-12-31": "215.64400", "2017-09-30": "177.06700", "2017-06-30": "177.01700", "2017-03-31": "164.66900", "2016-12-31": "148.38800", "2016-09-30": "145.15100", "2016-06-30": "147.98800", "2016-03-31": "103.61000", "2015-12-31": "98.67400", "2015-09-30": "100.07400", "2015-06-30": "104.84400", "2015-03-31": "104.82900", "2014-12-31": "109.54200", "2014-09-30": "116.64800", "2014-06-30": "13.91200", "2014-03-31": "14.46000", "2013-12-31": "14.52000", "2013-09-30": "14.71500", "2013-06-30": "", "2013-03-31": "", "2012-12-31": "0.59600", "2012-09-30": "", "2012-06-30": "", "2012-03-31": "0.00000", "2011-12-31": "", "2011-09-30": "0.00000", "2011-06-30": "0.00000", "2011-03-31": "", "2010-06-30": "0.00000", "2009-06-30": "0.00000"}, "Other Long-Term Assets": {"2020-12-31": "100.04000", "2020-09-30": "73.79100", "2020-06-30": "71.79500", "2020-03-31": "73.67000", "2019-12-31": "77.99700", "2019-09-30": "91.86500", "2019-06-30": "90.24000", "2019-03-31": "78.00400", "2018-12-31": "52.81600", "2018-09-30": "59.50500", "2018-06-30": "59.41700", "2018-03-31": "50.94300", "2017-12-31": "51.83200", "2017-09-30": "39.75300", "2017-06-30": "35.08200", "2017-03-31": "31.77100", "2016-12-31": "36.57600", "2016-09-30": "39.00000", "2016-06-30": "37.75500", "2016-03-31": "24.68300", "2015-12-31": "22.34600", "2015-09-30": "18.38700", "2015-06-30": "18.01400", "2015-03-31": "8.12000", "2014-12-31": "7.76200", "2014-09-30": "6.21800", "2014-06-30": "5.12500", "2014-03-31": "4.76600", "2013-12-31": "3.97300", "2013-09-30": "3.62500", "2013-06-30": "2.14300", "2013-03-31": "2.13800", "2012-12-31": "1.79100", "2012-09-30": "1.50700", "2012-06-30": "4.61300", "2012-03-31": "", "2011-12-31": "0.52400", "2011-09-30": "", "2011-06-30": "", "2011-03-31": "", "2010-06-30": "", "2009-06-30": ""}, "Total Long-Term Assets": {"2020-12-31": "4193.21500", "2020-09-30": "3738.57800", "2020-06-30": "3184.18700", "2020-03-31": "3391.55500", "2019-12-31": "3195.52900", "2019-09-30": "2459.59500", "2019-06-30": "2160.41600", "2019-03-31": "2024.40900", "2018-12-31": "1534.44700", "2018-09-30": "1289.25700", "2018-06-30": "1121.25500", "2018-03-31": "1214.55900", "2017-12-31": "1128.29400", "2017-09-30": "942.02300", "2017-06-30": "813.37900", "2017-03-31": "774.00800", "2016-12-31": "691.23200", "2016-09-30": "686.20700", "2016-06-30": "616.44900", "2016-03-31": "680.78500", "2015-12-31": "721.41700", "2015-09-30": "681.28090", "2015-06-30": "609.23700", "2015-03-31": "509.70790", "2014-12-31": "517.76600", "2014-09-30": "483.21300", "2014-06-30": "417.58400", "2014-03-31": "395.63600", "2013-12-31": "370.72700", "2013-09-30": "236.31700", "2013-06-30": "165.52400", "2013-03-31": "68.71700", "2012-12-31": "56.02500", "2012-09-30": "50.32700", "2012-06-30": "48.39000", "2012-03-31": "", "2011-12-31": "25.81600", "2011-09-30": "", "2011-06-30": "", "2011-03-31": "", "2010-06-30": "2.34000", "2009-06-30": ""}, "Total Assets": {"2020-12-31": "8715.05700", "2020-09-30": "7705.45900", "2020-06-30": "6521.30900", "2020-03-31": "6197.41600", "2019-12-31": "6022.43000", "2019-09-30": "4756.80800", "2019-06-30": "4602.70300", "2019-03-31": "4398.89500", "2018-12-31": "3879.14000", "2018-09-30": "3581.44200", "2018-06-30": "3472.88400", "2018-03-31": "3704.48500", "2017-12-31": "3550.24500", "2017-09-30": "3069.51500", "2017-06-30": "2924.40600", "2017-03-31": "2170.26300", "2016-12-31": "2033.76700", "2016-09-30": "1813.11400", "2016-06-30": "1714.33800", "2016-03-31": "1874.04300", "2015-12-31": "1807.05200", "2015-09-30": "1662.88800", "2015-06-30": "1563.31100", "2015-03-31": "1493.64200", "2014-12-31": "1424.75200", "2014-09-30": "1304.61200", "2014-06-30": "1262.24300", "2014-03-31": "1224.26100", "2013-12-31": "1168.47600", "2013-09-30": "578.73600", "2013-06-30": "542.33300", "2013-03-31": "515.95300", "2012-12-31": "478.11400", "2012-09-30": "382.20400", "2012-06-30": "200.47200", "2012-03-31": "0.00000", "2011-12-31": "156.32300", "2011-09-30": "0.00000", "2011-06-30": "0.00000", "2011-03-31": "0.00000", "2010-06-30": "51.36000", "2009-06-30": "0.00000"}, "Total Current Liabilities": {"2020-12-31": "3737.14400", "2020-09-30": "2835.94700", "2020-06-30": "2848.87100", "2020-03-31": "2721.06100", "2019-12-31": "2752.78500", "2019-09-30": "2192.56100", "2019-06-30": "2224.97900", "2019-03-31": "2097.84100", "2018-12-31": "2012.57300", "2018-09-30": "1818.95700", "2018-06-30": "1837.04100", "2018-03-31": "2098.01600", "2017-12-31": "2039.47900", "2017-09-30": "1280.65100", "2017-06-30": "1217.29000", "2017-03-31": "1139.80500", "2016-12-31": "1071.49800", "2016-09-30": "898.33900", "2016-06-30": "852.08100", "2016-03-31": "1048.28300", "2015-12-31": "731.63600", "2015-09-30": "634.82100", "2015-06-30": "591.63300", "2015-03-31": "540.92600", "2014-12-31": "506.99700", "2014-09-30": "419.27700", "2014-06-30": "403.04700", "2014-03-31": "365.50600", "2013-12-31": "328.08800", "2013-09-30": "268.13900", "2013-06-30": "249.17200", "2013-03-31": "229.11300", "2012-12-31": "211.62700", "2012-09-30": "166.68800", "2012-06-30": "151.80500", "2012-03-31": "", "2011-12-31": "126.56100", "2011-09-30": "", "2011-06-30": "", "2011-03-31": "", "2010-06-30": "45.69000", "2009-06-30": ""}, "Long Term Debt": {"2020-12-31": "1640.15300", "2020-09-30": "1705.53300", "2020-06-30": "696.12300", "2020-03-31": "701.28800", "2019-12-31": "694.98100", "2019-09-30": "686.51600", "2019-06-30": "678.14500", "2019-03-31": "669.87500", "2018-12-31": "661.70700", "2018-09-30": "653.63800", "2018-06-30": "645.66800", "2018-03-31": "637.79500", "2017-12-31": "630.01800", "2017-09-30": "1156.62900", "2017-06-30": "1140.06300", "2017-03-31": "516.49000", "2016-12-31": "507.81200", "2016-09-30": "499.28000", "2016-06-30": "490.89100", "2016-03-31": "482.64300", "2015-12-31": "474.53400", "2015-09-30": "466.83100", "2015-06-30": "459.01100", "2015-03-31": "451.32300", "2014-12-31": "443.43700", "2014-09-30": "436.33200", "2014-06-30": "429.02500", "2014-03-31": "421.84000", "2013-12-31": "414.77700", "2013-09-30": "", "2013-06-30": "", "2013-03-31": "", "2012-12-31": "", "2012-09-30": "", "2012-06-30": "", "2012-03-31": "", "2011-12-31": "", "2011-09-30": "", "2011-06-30": "", "2011-03-31": "", "2010-06-30": "", "2009-06-30": ""}, "Other Non-Current Liabilities": {"2020-12-31": "35.15400", "2020-09-30": "22.85300", "2020-06-30": "29.61100", "2020-03-31": "27.55700", "2019-12-31": "23.46400", "2019-09-30": "18.48900", "2019-06-30": "18.66200", "2019-03-31": "18.56200", "2018-12-31": "55.06400", "2018-09-30": "47.41900", "2018-06-30": "54.07600", "2018-03-31": "53.26700", "2017-12-31": "65.88400", "2017-09-30": "38.54600", "2017-06-30": "37.13600", "2017-03-31": "36.18900", "2016-12-31": "34.17700", "2016-09-30": "34.94400", "2016-06-30": "31.95400", "2016-03-31": "30.29300", "2015-12-31": "23.31700", "2015-09-30": "35.38500", "2015-06-30": "34.44200", "2015-03-31": "33.69400", "2014-12-31": "33.07600", "2014-09-30": "19.24400", "2014-06-30": "19.48900", "2014-03-31": "18.92400", "2013-12-31": "17.18300", "2013-09-30": "7.74500", "2013-06-30": "7.59100", "2013-03-31": "7.05900", "2012-12-31": "6.68500", "2012-09-30": "5.27200", "2012-06-30": "5.41200", "2012-03-31": "", "2011-12-31": "5.46700", "2011-09-30": "", "2011-06-30": "", "2011-03-31": "", "2010-06-30": "", "2009-06-30": ""}, "Total Long Term Liabilities": {"2020-12-31": "2143.43200", "2020-09-30": "2195.79600", "2020-06-30": "1193.63200", "2020-03-31": "1210.26000", "2019-12-31": "1141.70400", "2019-09-30": "1134.77400", "2019-06-30": "1116.77800", "2019-03-31": "1106.10300", "2018-12-31": "755.36800", "2018-09-30": "742.30100", "2018-06-30": "744.13300", "2018-03-31": "741.30600", "2017-12-31": "732.02200", "2017-09-30": "1237.47300", "2017-06-30": "1224.69000", "2017-03-31": "603.11900", "2016-12-31": "575.30800", "2016-09-30": "552.27200", "2016-06-30": "537.97500", "2016-03-31": "523.40400", "2015-12-31": "508.60200", "2015-09-30": "511.13300", "2015-06-30": "508.56500", "2015-03-31": "497.80600", "2014-12-31": "489.08000", "2014-09-30": "467.92000", "2014-06-30": "461.07900", "2014-03-31": "455.01300", "2013-12-31": "446.12900", "2013-09-30": "23.00100", "2013-06-30": "25.26600", "2013-03-31": "22.91300", "2012-12-31": "23.08200", "2012-09-30": "24.24800", "2012-06-30": "23.31400", "2012-03-31": "", "2011-12-31": "19.01600", "2011-09-30": "", "2011-06-30": "", "2011-03-31": "", "2010-06-30": "", "2009-06-30": ""}, "Total Liabilities": {"2020-12-31": "5880.57600", "2020-09-30": "5031.74300", "2020-06-30": "4042.50300", "2020-03-31": "3931.32100", "2019-12-31": "3894.48900", "2019-09-30": "3327.33500", "2019-06-30": "3341.75700", "2019-03-31": "3203.94400", "2018-12-31": "2767.94100", "2018-09-30": "2561.25800", "2018-06-30": "2581.17400", "2018-03-31": "2839.32200", "2017-12-31": "2771.50100", "2017-09-30": "2518.12400", "2017-06-30": "2441.98000", "2017-03-31": "1742.92400", "2016-12-31": "1646.80600", "2016-09-30": "1450.61100", "2016-06-30": "1390.05600", "2016-03-31": "1571.68700", "2015-12-31": "1240.23800", "2015-09-30": "1145.95400", "2015-06-30": "1100.19800", "2015-03-31": "1038.73200", "2014-12-31": "996.07700", "2014-09-30": "887.19700", "2014-06-30": "864.12600", "2014-03-31": "820.51900", "2013-12-31": "774.21700", "2013-09-30": "291.14000", "2013-06-30": "274.43800", "2013-03-31": "252.02600", "2012-12-31": "234.70900", "2012-09-30": "190.93600", "2012-06-30": "175.11900", "2012-03-31": "0.00000", "2011-12-31": "145.57700", "2011-09-30": "0.00000", "2011-06-30": "0.00000", "2011-03-31": "", "2010-06-30": "55.40000", "2009-06-30": "0.00000"}, "Common Stock Net": {"2020-12-31": "", "2020-09-30": "0.19500", "2020-06-30": "0.19100", "2020-03-31": "0.19000", "2019-12-31": "0.18900", "2019-09-30": "0.18900", "2019-06-30": "0.18800", "2019-03-31": "0.18500", "2018-12-31": "0.18000", "2018-09-30": "0.17900", "2018-06-30": "0.17800", "2018-03-31": "0.17700", "2017-12-31": "0.17400", "2017-09-30": "0.17300", "2017-06-30": "0.17100", "2017-03-31": "0.17000", "2016-12-31": "0.16700", "2016-09-30": "0.16500", "2016-06-30": "0.16400", "2016-03-31": "0.16200", "2015-12-31": "0.16000", "2015-09-30": "0.15700", "2015-06-30": "0.15500", "2015-03-31": "0.15300", "2014-12-31": "0.15000", "2014-09-30": "0.14800", "2014-06-30": "0.14500", "2014-03-31": "0.14300", "2013-12-31": "0.14000", "2013-09-30": "0.13900", "2013-06-30": "0.13600", "2013-03-31": "0.13300", "2012-12-31": "0.12600", "2012-09-30": "0.12300", "2012-06-30": "0.02900", "2012-03-31": "0.00000", "2011-12-31": "0.02200", "2011-09-30": "0.00000", "2011-06-30": "0.00000", "2011-03-31": "", "2010-06-30": "0.00000", "2009-06-30": "0.00000"}, "Retained Earnings (Accumulated Deficit)": {"2020-12-31": "", "2020-09-30": "-250.38900", "2020-06-30": "-263.24700", "2020-03-31": "-304.01300", "2019-12-31": "-352.24400", "2019-09-30": "-950.96800", "2019-06-30": "-991.56600", "2019-03-31": "-980.48700", "2018-12-31": "-978.78000", "2018-09-30": "-985.79500", "2018-06-30": "-994.20000", "2018-03-31": "-941.45400", "2017-12-31": "-958.56400", "2017-09-30": "-1118.71300", "2017-06-30": "-1094.52500", "2017-03-31": "-1038.05200", "2016-12-31": "-997.39000", "2016-09-30": "-964.80100", "2016-06-30": "-928.54300", "2016-03-31": "-890.34100", "2015-12-31": "-557.00900", "2015-09-30": "-519.63100", "2015-06-30": "-478.60100", "2015-03-31": "-416.67600", "2014-12-31": "-358.58300", "2014-09-30": "-313.92000", "2014-06-30": "-272.87000", "2014-03-31": "-222.50700", "2013-12-31": "-179.19600", "2013-09-30": "-154.96400", "2013-06-30": "-140.25100", "2013-03-31": "-118.84600", "2012-12-31": "-105.48800", "2012-09-30": "-95.55700", "2012-06-30": "-82.50400", "2012-03-31": "", "2011-12-31": "-68.14000", "2011-09-30": "", "2011-06-30": "", "2011-03-31": "", "2010-06-30": "-71.28000", "2009-06-30": ""}, "Comprehensive Income": {"2020-12-31": "", "2020-09-30": "51.57500", "2020-06-30": "29.77200", "2020-03-31": "-14.38000", "2019-12-31": "25.25500", "2019-09-30": "19.63100", "2019-06-30": "13.54200", "2019-03-31": "10.32300", "2018-12-31": "-4.03500", "2018-09-30": "-1.41800", "2018-06-30": "-3.99500", "2018-03-31": "-12.97000", "2017-12-31": "5.76700", "2017-09-30": "-0.40800", "2017-06-30": "-0.93300", "2017-03-31": "-11.67800", "2016-12-31": "-21.13300", "2016-09-30": "-16.46500", "2016-06-30": "-16.05300", "2016-03-31": "-14.56900", "2015-12-31": "-16.88200", "2015-09-30": "-15.07200", "2015-06-30": "-12.27200", "2015-03-31": "-15.67800", "2014-12-31": "-12.11300", "2014-09-30": "-6.32200", "2014-06-30": "0.60000", "2014-03-31": "-0.27600", "2013-12-31": "-0.47600", "2013-09-30": "-0.66200", "2013-06-30": "-1.83200", "2013-03-31": "-1.15600", "2012-12-31": "-0.03600", "2012-09-30": "0.32600", "2012-06-30": "0.28600", "2012-03-31": "", "2011-12-31": "0.89900", "2011-09-30": "", "2011-06-30": "", "2011-03-31": "", "2010-06-30": "", "2009-06-30": ""}, "Other Share Holders Equity": {"2020-12-31": "", "2020-09-30": "", "2020-06-30": "", "2020-03-31": "", "2019-12-31": "", "2019-09-30": "", "2019-06-30": "", "2019-03-31": "", "2018-12-31": "", "2018-09-30": "", "2018-06-30": "", "2018-03-31": "", "2017-12-31": "", "2017-09-30": "", "2017-06-30": "", "2017-03-31": "", "2016-12-31": "", "2016-09-30": "", "2016-06-30": "", "2016-03-31": "", "2015-12-31": "", "2015-09-30": "", "2015-06-30": "", "2015-03-31": "", "2014-12-31": "", "2014-09-30": "", "2014-06-30": "", "2014-03-31": "", "2013-12-31": "", "2013-09-30": "", "2013-06-30": "", "2013-03-31": "", "2012-12-31": "", "2012-09-30": "", "2012-06-30": "", "2012-03-31": "0.00000", "2011-12-31": "", "2011-09-30": "0.00000", "2011-06-30": "0.00000", "2011-03-31": "", "2010-06-30": "0.00000", "2009-06-30": "0.00000"}, "Share Holder Equity": {"2020-12-31": "2834.48100", "2020-09-30": "2673.71600", "2020-06-30": "2478.80600", "2020-03-31": "2266.09500", "2019-12-31": "2127.94100", "2019-09-30": "1429.47300", "2019-06-30": "1260.94600", "2019-03-31": "1194.95100", "2018-12-31": "1111.19900", "2018-09-30": "1020.18400", "2018-06-30": "891.71000", "2018-03-31": "865.16300", "2017-12-31": "778.74400", "2017-09-30": "551.39100", "2017-06-30": "482.42600", "2017-03-31": "427.33900", "2016-12-31": "386.96100", "2016-09-30": "362.50300", "2016-06-30": "324.28200", "2016-03-31": "302.35600", "2015-12-31": "566.81400", "2015-09-30": "516.93400", "2015-06-30": "463.11300", "2015-03-31": "454.91000", "2014-12-31": "428.67500", "2014-09-30": "417.41500", "2014-06-30": "398.11700", "2014-03-31": "403.74200", "2013-12-31": "394.25900", "2013-09-30": "287.59600", "2013-06-30": "267.89500", "2013-03-31": "263.92700", "2012-12-31": "243.40500", "2012-09-30": "191.26800", "2012-06-30": "25.35300", "2012-03-31": "0.00000", "2011-12-31": "10.74600", "2011-09-30": "0.00000", "2011-06-30": "0.00000", "2011-03-31": "", "2010-06-30": "-71.26000", "2009-06-30": "0.00000"}, "Total Liabilities And Share Holders Equity": {"2020-12-31": "8715.05700", "2020-09-30": "7705.45900", "2020-06-30": "6521.30900", "2020-03-31": "6197.41600", "2019-12-31": "6022.43000", "2019-09-30": "4756.80800", "2019-06-30": "4602.70300", "2019-03-31": "4398.89500", "2018-12-31": "3879.14000", "2018-09-30": "3581.44200", "2018-06-30": "3472.88400", "2018-03-31": "3704.48500", "2017-12-31": "3550.24500", "2017-09-30": "3069.51500", "2017-06-30": "2924.40600", "2017-03-31": "2170.26300", "2016-12-31": "2033.76700", "2016-09-30": "1813.11400", "2016-06-30": "1714.33800", "2016-03-31": "1874.04300", "2015-12-31": "1807.05200", "2015-09-30": "1662.88800", "2015-06-30": "1563.31100", "2015-03-31": "1493.64200", "2014-12-31": "1424.75200", "2014-09-30": "1304.61200", "2014-06-30": "1262.24300", "2014-03-31": "1224.26100", "2013-12-31": "1168.47600", "2013-09-30": "578.73600", "2013-06-30": "542.33300", "2013-03-31": "515.95300", "2012-12-31": "478.11400", "2012-09-30": "382.20400", "2012-06-30": "200.47200", "2012-03-31": "0.00000", "2011-12-31": "156.32300", "2011-09-30": "0.00000", "2011-06-30": "0.00000", "2011-03-31": "", "2010-06-30": "0.00000", "2009-06-30": "0.00000"}}, "cash flow statement": {"Net Income/Loss": {"2020-12-31": "118.50300", "2019-12-31": "626.69800", "2018-12-31": "-26.70400", "2017-12-31": "-116.84600", "2016-12-31": "-414.24900", "2015-12-31": "-198.42600", "2014-12-31": "-179.38700", "2013-12-31": "-73.70800", "2012-12-31": "-37.34800", "2011-12-31": "0.00000", "2011-06-30": "9.83000", "2010-12-31": "0.00000", "2010-06-30": "-29.70500", "2009-12-31": "0.00000", "2009-06-30": "-5.90600", "2008-12-31": "0.00000"}, "Total Depreciation And Amortization - Cash Flow": {"2020-12-31": "578.49000", "2019-12-31": "453.41100", "2018-12-31": "345.69500", "2017-12-31": "266.37400", "2016-12-31": "185.92500", "2015-12-31": "164.05800", "2014-12-31": "130.47200", "2013-12-31": "61.77200", "2012-12-31": "28.55300", "2011-12-31": "", "2011-06-30": "5.49500", "2010-12-31": "", "2010-06-30": "2.55800", "2009-12-31": "", "2009-06-30": "0.62200", "2008-12-31": ""}, "Other Non-Cash Items": {"2020-12-31": "810.62500", "2019-12-31": "86.43000", "2018-12-31": "345.16700", "2017-12-31": "388.28000", "2016-12-31": "316.99600", "2015-12-31": "256.43100", "2014-12-31": "153.12100", "2013-12-31": "63.69200", "2012-12-31": "25.49700", "2011-12-31": "", "2011-06-30": "2.81600", "2010-12-31": "", "2010-06-30": "1.31100", "2009-12-31": "", "2009-06-30": "0.19300", "2008-12-31": ""}, "Total Non-Cash Items": {"2020-12-31": "1389.11500", "2019-12-31": "539.84090", "2018-12-31": "690.86200", "2017-12-31": "654.65410", "2016-12-31": "502.92100", "2015-12-31": "420.48900", "2014-12-31": "283.59300", "2013-12-31": "125.46400", "2012-12-31": "54.05000", "2011-12-31": "", "2011-06-30": "8.31100", "2010-12-31": "", "2010-06-30": "3.86900", "2009-12-31": "", "2009-06-30": "0.81500", "2008-12-31": ""}, "Change In Accounts Receivable": {"2020-12-31": "-151.43100", "2019-12-31": "-259.83500", "2018-12-31": "-146.14800", "2017-12-31": "-99.69300", "2016-12-31": "-126.41500", "2015-12-31": "-50.85500", "2014-12-31": "-56.78500", "2013-12-31": "-29.50600", "2012-12-31": "-33.34100", "2011-12-31": "", "2011-06-30": "-14.76200", "2010-12-31": "", "2010-06-30": "-5.17600", "2009-12-31": "", "2009-06-30": "-1.98100", "2008-12-31": ""}, "Change In Inventories": {"2020-12-31": "", "2019-12-31": "", "2018-12-31": "", "2017-12-31": "", "2016-12-31": "", "2015-12-31": "", "2014-12-31": "", "2013-12-31": "", "2012-12-31": "", "2011-12-31": "", "2011-06-30": "", "2010-12-31": "", "2010-06-30": "", "2009-12-31": "", "2009-06-30": "", "2008-12-31": ""}, "Change In Accounts Payable": {"2020-12-31": "-33.58300", "2019-12-31": "21.35500", "2018-12-31": "-4.75700", "2017-12-31": "-5.50400", "2016-12-31": "-3.55400", "2015-12-31": "14.78500", "2014-12-31": "10.22300", "2013-12-31": "-0.25200", "2012-12-31": "4.88700", "2011-12-31": "", "2011-06-30": "0.25400", "2010-12-31": "", "2010-06-30": "0.91200", "2009-12-31": "", "2009-06-30": "0.19100", "2008-12-31": ""}, "Change In Assets/Liabilities": {"2020-12-31": "291.53100", "2019-12-31": "251.73700", "2018-12-31": "209.58800", "2017-12-31": "144.70800", "2016-12-31": "109.05400", "2015-12-31": "104.79700", "2014-12-31": "89.06700", "2013-12-31": "42.93300", "2012-12-31": "32.76600", "2011-12-31": "", "2011-06-30": "25.16700", "2010-12-31": "", "2010-06-30": "13.66700", "2009-12-31": "", "2009-06-30": "4.59800", "2008-12-31": ""}, "Total Change In Assets/Liabilities": {"2020-12-31": "281.47400", "2019-12-31": "78.35400", "2018-12-31": "140.75400", "2017-12-31": "106.03700", "2016-12-31": "66.64500", "2015-12-31": "101.91400", "2014-12-31": "41.20000", "2013-12-31": "29.43200", "2012-12-31": "29.21400", "2011-12-31": "", "2011-06-30": "19.26700", "2010-12-31": "", "2010-06-30": "18.30400", "2009-12-31": "", "2009-06-30": "5.25100", "2008-12-31": ""}, "Cash Flow From Operating Activities": {"2020-12-31": "1786.59900", "2019-12-31": "1235.97200", "2018-12-31": "811.08900", "2017-12-31": "642.94000", "2016-12-31": "159.08100", "2015-12-31": "317.75400", "2014-12-31": "140.93700", "2013-12-31": "81.74600", "2012-12-31": "48.76600", "2011-12-31": "", "2011-06-30": "37.46800", "2010-12-31": "", "2010-06-30": "-7.53200", "2009-12-31": "", "2009-06-30": "0.16000", "2008-12-31": ""}, "Net Change In Property, Plant, And Equipment": {"2020-12-31": "-419.32700", "2019-12-31": "-264.89200", "2018-12-31": "-224.46200", "2017-12-31": "-150.51000", "2016-12-31": "-105.56200", "2015-12-31": "-87.48100", "2014-12-31": "-54.37900", "2013-12-31": "-55.32100", "2012-12-31": "-42.06600", "2011-12-31": "", "2011-06-30": "-8.73300", "2010-12-31": "", "2010-06-30": "-1.58400", "2009-12-31": "", "2009-06-30": "-0.32700", "2008-12-31": ""}, "Net Change In Intangible Assets": {"2020-12-31": "-13.19000", "2019-12-31": "-72.68900", "2018-12-31": "-24.40000", "2017-12-31": "-6.67000", "2016-12-31": "-18.75000", "2015-12-31": "-1.75000", "2014-12-31": "", "2013-12-31": "", "2012-12-31": "", "2011-12-31": "", "2011-06-30": "", "2010-12-31": "", "2010-06-30": "", "2009-12-31": "", "2009-06-30": "", "2008-12-31": ""}, "Net Acquisitions/Divestitures": {"2020-12-31": "-107.23600", "2019-12-31": "-7.41400", "2018-12-31": "-37.44000", "2017-12-31": "-58.20300", "2016-12-31": "-34.29700", "2015-12-31": "-1.10000", "2014-12-31": "-99.81300", "2013-12-31": "-13.33000", "2012-12-31": "", "2011-12-31": "", "2011-06-30": "", "2010-12-31": "", "2010-06-30": "", "2009-12-31": "", "2009-06-30": "", "2008-12-31": ""}, "Net Change In Short-term Investments": {"2020-12-31": "", "2019-12-31": "", "2018-12-31": "", "2017-12-31": "", "2016-12-31": "", "2015-12-31": "", "2014-12-31": "", "2013-12-31": "", "2012-12-31": "", "2011-12-31": "", "2011-06-30": "", "2010-12-31": "", "2010-06-30": "", "2009-12-31": "", "2009-06-30": "", "2008-12-31": ""}, "Net Change In Long-Term Investments": {"2020-12-31": "-968.44700", "2019-12-31": "-402.91700", "2018-12-31": "-61.12000", "2017-12-31": "-668.56500", "2016-12-31": "50.37100", "2015-12-31": "-141.19000", "2014-12-31": "-162.68100", "2013-12-31": "-333.96700", "2012-12-31": "-197.12800", "2011-12-31": "", "2011-06-30": "", "2010-12-31": "", "2010-06-30": "", "2009-12-31": "", "2009-06-30": "", "2008-12-31": ""}, "Net Change In Investments - Total": {"2020-12-31": "-968.44700", "2019-12-31": "-402.91700", "2018-12-31": "-61.12000", "2017-12-31": "-668.56500", "2016-12-31": "50.37100", "2015-12-31": "-141.19000", "2014-12-31": "-162.68100", "2013-12-31": "-333.96700", "2012-12-31": "-197.12800", "2011-12-31": "", "2011-06-30": "", "2010-12-31": "", "2010-06-30": "", "2009-12-31": "", "2009-06-30": "", "2008-12-31": ""}, "Investing Activities - Other": {"2020-12-31": "1.32800", "2019-12-31": "23.43500", "2018-12-31": "", "2017-12-31": "", "2016-12-31": "", "2015-12-31": "", "2014-12-31": "-0.05500", "2013-12-31": "-0.17700", "2012-12-31": "0.04500", "2011-12-31": "", "2011-06-30": "0.35000", "2010-12-31": "", "2010-06-30": "0.12900", "2009-12-31": "", "2009-06-30": "-0.52400", "2008-12-31": ""}, "Cash Flow From Investing Activities": {"2020-12-31": "-1506.87200", "2019-12-31": "-724.47700", "2018-12-31": "-347.42200", "2017-12-31": "-883.94800", "2016-12-31": "-108.23800", "2015-12-31": "-231.52100", "2014-12-31": "-316.92800", "2013-12-31": "-402.79500", "2012-12-31": "-239.14900", "2011-12-31": "", "2011-06-30": "-8.38300", "2010-12-31": "", "2010-06-30": "-1.45500", "2009-12-31": "", "2009-06-30": "-0.85100", "2008-12-31": ""}, "Net Long-Term Debt": {"2020-12-31": "-146.05690", "2019-12-31": "-0.00900", "2018-12-31": "-429.64500", "2017-12-31": "772.12300", "2016-12-31": "", "2015-12-31": "", "2014-12-31": "", "2013-12-31": "562.94100", "2012-12-31": "", "2011-12-31": "", "2011-06-30": "", "2010-12-31": "", "2010-06-30": "51.24500", "2009-12-31": "", "2009-06-30": "", "2008-12-31": ""}, "Net Current Debt": {"2020-12-31": "", "2019-12-31": "", "2018-12-31": "", "2017-12-31": "", "2016-12-31": "", "2015-12-31": "", "2014-12-31": "", "2013-12-31": "", "2012-12-31": "", "2011-12-31": "", "2011-06-30": "", "2010-12-31": "", "2010-06-30": "", "2009-12-31": "", "2009-06-30": "", "2008-12-31": ""}, "Debt Issuance/Retirement Net - Total": {"2020-12-31": "-146.05690", "2019-12-31": "-0.00900", "2018-12-31": "-429.64500", "2017-12-31": "772.12300", "2016-12-31": "", "2015-12-31": "", "2014-12-31": "", "2013-12-31": "562.94100", "2012-12-31": "", "2011-12-31": "", "2011-06-30": "", "2010-12-31": "", "2010-06-30": "51.24500", "2009-12-31": "", "2009-06-30": "", "2008-12-31": ""}, "Net Common Equity Issued/Repurchased": {"2020-12-31": "145.76600", "2019-12-31": "107.86800", "2018-12-31": "104.16000", "2017-12-31": "81.63800", "2016-12-31": "66.37800", "2015-12-31": "93.34800", "2014-12-31": "69.39600", "2013-12-31": "140.48400", "2012-12-31": "189.58400", "2011-12-31": "", "2011-06-30": "1.08900", "2010-12-31": "", "2010-06-30": "-20.57300", "2009-12-31": "", "2009-06-30": "-2.20600", "2008-12-31": ""}, "Net Total Equity Issued/Repurchased": {"2020-12-31": "145.76600", "2019-12-31": "107.86800", "2018-12-31": "104.16000", "2017-12-31": "81.63800", "2016-12-31": "66.37800", "2015-12-31": "93.34800", "2014-12-31": "69.39600", "2013-12-31": "140.48400", "2012-12-31": "189.58400", "2011-12-31": "", "2011-06-30": "1.08900", "2010-12-31": "", "2010-06-30": "-20.57300", "2009-12-31": "", "2009-06-30": "3.70100", "2008-12-31": ""}, "Total Common And Preferred Stock Dividends Paid": {"2020-12-31": "", "2019-12-31": "", "2018-12-31": "", "2017-12-31": "", "2016-12-31": "", "2015-12-31": "", "2014-12-31": "", "2013-12-31": "", "2012-12-31": "", "2011-12-31": "", "2011-06-30": "", "2010-12-31": "", "2010-06-30": "", "2009-12-31": "", "2009-06-30": "", "2008-12-31": ""}, "Financial Activities - Other": {"2020-12-31": "596.93800", "2019-12-31": "-409.71500", "2018-12-31": "-281.94300", "2017-12-31": "-314.86900", "2016-12-31": "-122.13000", "2015-12-31": "-13.01800", "2014-12-31": "-0.66100", "2013-12-31": "-134.85500", "2012-12-31": "52.25500", "2011-12-31": "", "2011-06-30": "0.13800", "2010-12-31": "", "2010-06-30": "", "2009-12-31": "", "2009-06-30": "", "2008-12-31": ""}, "Cash Flow From Financial Activities": {"2020-12-31": "596.64700", "2019-12-31": "-301.85600", "2018-12-31": "-607.42800", "2017-12-31": "538.89200", "2016-12-31": "-55.75200", "2015-12-31": "80.33000", "2014-12-31": "68.73500", "2013-12-31": "568.57000", "2012-12-31": "241.83900", "2011-12-31": "", "2011-06-30": "1.22700", "2010-12-31": "", "2010-06-30": "30.67200", "2009-12-31": "", "2009-06-30": "3.70100", "2008-12-31": ""}, "Net Cash Flow": {"2020-12-31": "901.43900", "2019-12-31": "209.45300", "2018-12-31": "-159.29100", "2017-12-31": "325.89700", "2016-12-31": "-10.85400", "2015-12-31": "160.05000", "2014-12-31": "-113.84800", "2013-12-31": "247.31400", "2012-12-31": "50.90100", "2011-12-31": "", "2011-06-30": "30.45100", "2010-12-31": "", "2010-06-30": "21.61400", "2009-12-31": "", "2009-06-30": "3.01600", "2008-12-31": ""}, "Stock-Based Compensation": {"2020-12-31": "870.45300", "2019-12-31": "662.19500", "2018-12-31": "543.95300", "2017-12-31": "394.00400", "2016-12-31": "317.65400", "2015-12-31": "257.71300", "2014-12-31": "154.31900", "2013-12-31": "65.58100", "2012-12-31": "27.93700", "2011-12-31": "", "2011-06-30": "2.95400", "2010-12-31": "", "2010-06-30": "0.54500", "2009-12-31": "", "2009-06-30": "0.12700", "2008-12-31": ""}, "Common Stock Dividends Paid": {"2020-12-31": "", "2019-12-31": "", "2018-12-31": "", "2017-12-31": "", "2016-12-31": "", "2015-12-31": "", "2014-12-31": "", "2013-12-31": "", "2012-12-31": "", "2011-12-31": "", "2011-06-30": "", "2010-12-31": "", "2010-06-30": "", "2009-12-31": "", "2009-06-30": "", "2008-12-31": ""}}, "cash flow statement, quarterly": {"Net Income/Loss": {"2020-12-31": 16.648, "2020-09-30": 12.858, "2020-06-30": 40.766, "2020-03-31": "48.23100", "2019-12-31": 598.724, "2019-09-30": 40.598, "2019-06-30": -11.079, "2019-03-31": "-1.54500", "2018-12-31": 7.015, "2018-09-30": 8.405, "2018-06-30": -52.746, "2018-03-31": "10.62200", "2017-12-31": -17.346, "2017-09-30": -22.182, "2017-06-30": -55.804, "2017-03-31": "-21.51400", "2016-12-31": 4.966, "2016-09-30": -36.258, "2016-06-30": -49.625, "2016-03-31": "-333.33200", "2015-12-31": -37.378, "2015-09-30": -41.03, "2015-06-30": -61.925, "2015-03-31": "-58.09300", "2014-12-31": -44.663, "2014-09-30": -41.05, "2014-06-30": -50.363, "2014-03-31": "-43.31100", "2013-12-31": -24.232, "2013-09-30": -14.713, "2013-06-30": -21.405, "2013-03-31": "-13.35800", "2012-12-31": -9.931, "2012-09-30": -13.053, "2012-06-30": -8.724, "2012-03-31": "-5.64000", "2011-12-31": -5.148, "2011-09-30": 0.121, "2011-06-30": 5.027, "2011-03-31": "0.00000", "2010-06-30": -23.8, "2009-06-30": -5.9}, "Total Depreciation And Amortization - Cash Flow": {"2020-12-31": 155.965, "2020-09-30": 145.624, "2020-06-30": 142.612, "2020-03-31": "134.28900", "2019-12-31": 126.594, "2019-09-30": 115.072, "2019-06-30": 108.571, "2019-03-31": "103.17400", "2018-12-31": 88.041, "2018-09-30": 92.17, "2018-06-30": 84.59, "2018-03-31": "80.89400", "2017-12-31": 79.831, "2017-09-30": 71.035, "2017-06-30": 59.566, "2017-03-31": "55.94200", "2016-12-31": 39.976, "2016-09-30": 52.384, "2016-06-30": 48.481, "2016-03-31": "45.08400", "2015-12-31": 43.542, "2015-09-30": 41.481, "2015-06-30": 40.206, "2015-03-31": "38.82900", "2014-12-31": 37.688, "2014-09-30": 34.377, "2014-06-30": 30.425, "2014-03-31": "27.98200", "2013-12-31": 22.19, "2013-09-30": 15.649, "2013-06-30": 13.108, "2013-03-31": "10.82500", "2012-12-31": 9.854, "2012-09-30": 8.385, "2012-06-30": 5.925, "2012-03-31": "4.38900", "2011-12-31": -5.736, "2011-09-30": 2.385, "2011-06-30": 3.351, "2011-03-31": "", "2010-06-30": 1.93, "2009-06-30": 0.62}, "Other Non-Cash Items": {"2020-12-31": 218.863, "2020-09-30": 193.733, "2020-06-30": 211.553, "2020-03-31": "186.47600", "2019-12-31": -402.872, "2019-09-30": 166.097, "2019-06-30": 167.235, "2019-03-31": "155.97000", "2018-12-31": 97.045, "2018-09-30": 128.961, "2018-06-30": 49.283, "2018-03-31": "69.87800", "2017-12-31": 105.958, "2017-09-30": 99.138, "2017-06-30": 96.606, "2017-03-31": "86.57800", "2016-12-31": 87.631, "2016-09-30": 82.418, "2016-06-30": 71.639, "2016-03-31": "75.30800", "2015-12-31": 66.9, "2015-09-30": 65.111, "2015-06-30": 66.346, "2015-03-31": "58.07400", "2014-12-31": 45.988, "2014-09-30": 40.917, "2014-06-30": 37.927, "2014-03-31": "28.28900", "2013-12-31": 20.784, "2013-09-30": 18.605, "2013-06-30": 14.108, "2013-03-31": "10.19500", "2012-12-31": 4.372, "2012-09-30": 11.181, "2012-06-30": 6.986, "2012-03-31": "2.95800", "2011-12-31": -4.263, "2011-09-30": 2.391, "2011-06-30": 1.872, "2011-03-31": "", "2010-06-30": 0, "2009-06-30": 0}, "Total Non-Cash Items": {"2020-12-31": 374.828, "2020-09-30": 339.3569, "2020-06-30": 354.1651, "2020-03-31": "320.76500", "2019-12-31": -276.2782, "2019-09-30": 281.1691, "2019-06-30": 275.806, "2019-03-31": "259.14400", "2018-12-31": 185.086, "2018-09-30": 221.131, "2018-06-30": 133.873, "2018-03-31": "150.77200", "2017-12-31": 185.7891, "2017-09-30": 170.173, "2017-06-30": 156.172, "2017-03-31": "142.52000", "2016-12-31": 127.607, "2016-09-30": 134.802, "2016-06-30": 120.12, "2016-03-31": "120.39200", "2015-12-31": 110.442, "2015-09-30": 106.592, "2015-06-30": 106.552, "2015-03-31": "96.90300", "2014-12-31": 83.676, "2014-09-30": 75.294, "2014-06-30": 68.352, "2014-03-31": "56.27100", "2013-12-31": 42.974, "2013-09-30": 34.254, "2013-06-30": 27.216, "2013-03-31": "21.02000", "2012-12-31": 14.226, "2012-09-30": 19.566, "2012-06-30": 12.911, "2012-03-31": "7.34700", "2011-12-31": -9.999, "2011-09-30": 4.776, "2011-06-30": 5.223, "2011-03-31": "", "2010-06-30": 1.93, "2009-06-30": 0.62}, "Change In Accounts Receivable": {"2020-12-31": -361.706, "2020-09-30": 10.26, "2020-06-30": -8.774, "2020-03-31": "208.78900", "2019-12-31": -288.166, "2019-09-30": -43.023, "2019-06-30": -79.751, "2019-03-31": "151.10500", "2018-12-31": -153.602, "2018-09-30": -58.486, "2018-06-30": -3.562, "2018-03-31": "69.50200", "2017-12-31": -145.572, "2017-09-30": -9.307, "2017-06-30": 6.671, "2017-03-31": "48.51500", "2016-12-31": -110.654, "2016-09-30": -22.728, "2016-06-30": -8.844, "2016-03-31": "15.81100", "2015-12-31": -45.552, "2015-09-30": -16.642, "2015-06-30": 0.903, "2015-03-31": "10.43600", "2014-12-31": -49.85, "2014-09-30": -4.837, "2014-06-30": -2.071, "2014-03-31": "-0.02700", "2013-12-31": -22.518, "2013-09-30": 8.903, "2013-06-30": -12.953, "2013-03-31": "-2.93800", "2012-12-31": -22.276, "2012-09-30": -8.342, "2012-06-30": -4.781, "2012-03-31": "2.05800", "2011-12-31": 7.768, "2011-09-30": -0.637, "2011-06-30": -7.131, "2011-03-31": "", "2010-06-30": 0, "2009-06-30": 0}, "Change In Inventories": {"2020-12-31": 0, "2020-09-30": 0, "2020-06-30": 0, "2020-03-31": "", "2019-12-31": 0, "2019-09-30": 0, "2019-06-30": 0, "2019-03-31": "", "2018-12-31": 0, "2018-09-30": 0, "2018-06-30": 0, "2018-03-31": "", "2017-12-31": 0, "2017-09-30": 0, "2017-06-30": 0, "2017-03-31": "", "2016-12-31": 0, "2016-09-30": 0, "2016-06-30": 0, "2016-03-31": "", "2015-12-31": 0, "2015-09-30": 0, "2015-06-30": 0, "2015-03-31": "", "2014-12-31": 0, "2014-09-30": 0, "2014-06-30": 0, "2014-03-31": "", "2013-12-31": 0, "2013-09-30": 0, "2013-06-30": 0, "2013-03-31": "", "2012-12-31": 0, "2012-09-30": 0, "2012-06-30": 0, "2012-03-31": "", "2011-12-31": 0, "2011-09-30": 0, "2011-06-30": 0, "2011-03-31": "", "2010-06-30": 0, "2009-06-30": 0}, "Change In Accounts Payable": {"2020-12-31": -35.375, "2020-09-30": -35.532, "2020-06-30": 16.645, "2020-03-31": "20.67900", "2019-12-31": -8.733, "2019-09-30": 4.995, "2019-06-30": 18.531, "2019-03-31": "6.56200", "2018-12-31": -9.815, "2018-09-30": 7.69, "2018-06-30": -3.507, "2018-03-31": "0.87500", "2017-12-31": 5.584, "2017-09-30": -3.228, "2017-06-30": -8.535, "2017-03-31": "0.67500", "2016-12-31": 5.071, "2016-09-30": -8.353, "2016-06-30": -3.659, "2016-03-31": "3.38700", "2015-12-31": 6.473, "2015-09-30": 6.678, "2015-06-30": 1.628, "2015-03-31": "0.00600", "2014-12-31": 6.331, "2014-09-30": -7.084, "2014-06-30": -1.099, "2014-03-31": "12.07500", "2013-12-31": 0.156, "2013-09-30": -0.283, "2013-06-30": 1.346, "2013-03-31": "-1.47100", "2012-12-31": 4.993, "2012-09-30": -1.069, "2012-06-30": -0.47, "2012-03-31": "1.43300", "2011-12-31": -1.866, "2011-09-30": 0.767, "2011-06-30": 1.099, "2011-03-31": "", "2010-06-30": 0, "2009-06-30": 0}, "Change In Assets/Liabilities": {"2020-12-31": 488.083, "2020-09-30": -89.39, "2020-06-30": -75.821, "2020-03-31": "-31.34100", "2019-12-31": 300.16, "2019-09-30": -22.936, "2019-06-30": -6.599, "2019-03-31": "-18.88800", "2018-12-31": 186.532, "2018-09-30": -17.078, "2018-06-30": 14.684, "2018-03-31": "25.45000", "2017-12-31": 88.324, "2017-09-30": -3.479, "2017-06-30": 22.424, "2017-03-31": "37.43900", "2016-12-31": 48.958, "2016-09-30": 14.095, "2016-06-30": 18.977, "2016-03-31": "27.02400", "2015-12-31": 52.068, "2015-09-30": 3.03, "2015-06-30": 28.125, "2015-03-31": "21.57400", "2014-12-31": 46.217, "2014-09-30": 8.605, "2014-06-30": 14.215, "2014-03-31": "20.03000", "2013-12-31": 22.418, "2013-09-30": -4.874, "2013-06-30": 5.241, "2013-03-31": "20.14800", "2012-12-31": 6.096, "2012-09-30": 9.746, "2012-06-30": 7.088, "2012-03-31": "9.83600", "2011-12-31": -22.957, "2011-09-30": 4.287, "2011-06-30": 18.67, "2011-03-31": "", "2010-06-30": 0, "2009-06-30": 0}, "Total Change In Assets/Liabilities": {"2020-12-31": 297.183, "2020-09-30": -110.102, "2020-06-30": -25.908, "2020-03-31": "120.30100", "2019-12-31": 103.065, "2019-09-30": -107.359, "2019-06-30": -19.877, "2019-03-31": "102.52500", "2018-12-31": 95.836, "2018-09-30": -90.244, "2018-06-30": 40.671, "2018-03-31": "94.49100", "2017-12-31": 15.691, "2017-09-30": -6.627, "2017-06-30": 29.098, "2017-03-31": "67.87500", "2016-12-31": -5.347, "2016-09-30": -0.437, "2016-06-30": -219.528, "2016-03-31": "291.95700", "2015-12-31": 34.32, "2015-09-30": -0.76, "2015-06-30": 37.855, "2015-03-31": "30.49900", "2014-12-31": 13.144, "2014-09-30": -8.861, "2014-06-30": 26.167, "2014-03-31": "10.75000", "2013-12-31": 18.203, "2013-09-30": 0.856, "2013-06-30": 3.593, "2013-03-31": "6.78000", "2012-12-31": 9.526, "2012-09-30": 2.564, "2012-06-30": 2.752, "2012-03-31": "14.37200", "2011-12-31": -21.294, "2011-09-30": 4.787, "2011-06-30": 16.507, "2011-03-31": "", "2010-06-30": 13.05, "2009-06-30": 5.25}, "Cash Flow From Operating Activities": {"2020-12-31": 685.525, "2020-09-30": 241.452, "2020-06-30": 368.054, "2020-03-31": "491.56800", "2019-12-31": 421.211, "2019-09-30": 210.178, "2019-06-30": 243.735, "2019-03-31": "360.84800", "2018-12-31": 289.612, "2018-09-30": 145.501, "2018-06-30": 125.896, "2018-03-31": "250.08000", "2017-12-31": 184.783, "2017-09-30": 141.824, "2017-06-30": 128.725, "2017-03-31": "187.60800", "2016-12-31": 131.847, "2016-09-30": 96.718, "2016-06-30": -148.171, "2016-03-31": "78.68700", "2015-12-31": 106.554, "2015-09-30": 63.649, "2015-06-30": 80.185, "2015-03-31": "67.36600", "2014-12-31": 49.661, "2014-09-30": 25, "2014-06-30": 42.059, "2014-03-31": "24.21700", "2013-12-31": 36.267, "2013-09-30": 20.72, "2013-06-30": 9.736, "2013-03-31": "15.02300", "2012-12-31": 16.671, "2012-09-30": 9.077, "2012-06-30": 6.939, "2012-03-31": "16.07900", "2011-12-31": -36.441, "2011-09-30": 9.684, "2011-06-30": 26.757, "2011-03-31": "", "2010-06-30": -7.69, "2009-06-30": 0.16}, "Net Change In Property, Plant, And Equipment": {"2020-12-31": -134, "2020-09-30": -91.656, "2020-06-30": -110.464, "2020-03-31": "-83.20700", "2019-12-31": -79.003, "2019-09-30": -88.869, "2019-06-30": -49.896, "2019-03-31": "-47.12400", "2018-12-31": -88.113, "2018-09-30": -47.987, "2018-06-30": -52.991, "2018-03-31": "-35.37100", "2017-12-31": -34.654, "2017-09-30": -46.753, "2017-06-30": -35.917, "2017-03-31": "-33.18600", "2016-12-31": -21.45, "2016-09-30": -31.183, "2016-06-30": -23.852, "2016-03-31": "-29.07700", "2015-12-31": -24.893, "2015-09-30": -20.768, "2015-06-30": -15.121, "2015-03-31": "-26.69900", "2014-12-31": -8.88, "2014-09-30": -18.094, "2014-06-30": -16.437, "2014-03-31": "-10.96800", "2013-12-31": -16.262, "2013-09-30": -16.824, "2013-06-30": -11.82, "2013-03-31": "-10.41500", "2012-12-31": -9.91, "2012-09-30": -11.93, "2012-06-30": -11.668, "2012-03-31": "-8.55800", "2011-12-31": 9.193, "2011-09-30": -2.517, "2011-06-30": -6.676, "2011-03-31": "", "2010-06-30": -1.26, "2009-06-30": -0.32}, "Net Change In Intangible Assets": {"2020-12-31": -6.69, "2020-09-30": 0, "2020-06-30": -6.5, "2020-03-31": "", "2019-12-31": -35.329, "2019-09-30": -1.2, "2019-06-30": -36.16, "2019-03-31": "", "2018-12-31": -10.8, "2018-09-30": -2.75, "2018-06-30": -3, "2018-03-31": "-7.85000", "2017-12-31": -0.5, "2017-09-30": 0, "2017-06-30": -6.17, "2017-03-31": "", "2016-12-31": -8, "2016-09-30": 0, "2016-06-30": -5, "2016-03-31": "-5.75000", "2015-12-31": -1.75, "2015-09-30": 0, "2015-06-30": 0, "2015-03-31": "", "2014-12-31": 0, "2014-09-30": 0, "2014-06-30": 0, "2014-03-31": "", "2013-12-31": 0, "2013-09-30": 0, "2013-06-30": 0, "2013-03-31": "", "2012-12-31": 0, "2012-09-30": 0, "2012-06-30": 0, "2012-03-31": "", "2011-12-31": 0, "2011-09-30": 0, "2011-06-30": 0, "2011-03-31": "", "2010-06-30": 0, "2009-06-30": 0}, "Net Acquisitions/Divestitures": {"2020-12-31": 0.411, "2020-09-30": -24.699, "2020-06-30": 0, "2020-03-31": "-82.94800", "2019-12-31": -7.414, "2019-09-30": 0, "2019-06-30": 0, "2019-03-31": "", "2018-12-31": -12.5, "2018-09-30": 0, "2018-06-30": -24.94, "2018-03-31": "", "2017-12-31": -31.666, "2017-09-30": -5, "2017-06-30": -6.502, "2017-03-31": "-15.03500", "2016-12-31": 0, "2016-09-30": 0, "2016-06-30": -33.797, "2016-03-31": "-0.50000", "2015-12-31": 0, "2015-09-30": 0, "2015-06-30": 0, "2015-03-31": "-1.10000", "2014-12-31": 0, "2014-09-30": -99.813, "2014-06-30": 0, "2014-03-31": "", "2013-12-31": 0, "2013-09-30": -13.33, "2013-06-30": 0, "2013-03-31": "", "2012-12-31": 0, "2012-09-30": 0, "2012-06-30": 0, "2012-03-31": "", "2011-12-31": 0, "2011-09-30": 0, "2011-06-30": 0, "2011-03-31": "", "2010-06-30": 0, "2009-06-30": 0}, "Net Change In Short-term Investments": {"2020-12-31": 0, "2020-09-30": 0, "2020-06-30": 0, "2020-03-31": "", "2019-12-31": 0, "2019-09-30": 0, "2019-06-30": 0, "2019-03-31": "", "2018-12-31": 0, "2018-09-30": 0, "2018-06-30": 0, "2018-03-31": "", "2017-12-31": 0, "2017-09-30": 0, "2017-06-30": 0, "2017-03-31": "", "2016-12-31": 0, "2016-09-30": 0, "2016-06-30": 0, "2016-03-31": "", "2015-12-31": 0, "2015-09-30": 0, "2015-06-30": 0, "2015-03-31": "", "2014-12-31": 0, "2014-09-30": 0, "2014-06-30": 0, "2014-03-31": "", "2013-12-31": 0, "2013-09-30": 0, "2013-06-30": 0, "2013-03-31": "", "2012-12-31": 0, "2012-09-30": 0, "2012-06-30": 0, "2012-03-31": "", "2011-12-31": 0, "2011-09-30": 0, "2011-06-30": 0, "2011-03-31": "", "2010-06-30": 0, "2009-06-30": 0}, "Net Change In Long-Term Investments": {"2020-12-31": -38.331, "2020-09-30": -587.7619, "2020-06-30": -127.0951, "2020-03-31": "-215.25900", "2019-12-31": -78.679, "2019-09-30": -31.915, "2019-06-30": -116.426, "2019-03-31": "-175.89700", "2018-12-31": -135.726, "2018-09-30": -38.612, "2018-06-30": 307.243, "2018-03-31": "-194.02500", "2017-12-31": -451.464, "2017-09-30": -158.428, "2017-06-30": 20.871, "2017-03-31": "-79.54400", "2016-12-31": 0.028, "2016-09-30": -20.697, "2016-06-30": 66.662, "2016-03-31": "4.37800", "2015-12-31": -34.286, "2015-09-30": -50.43, "2015-06-30": -49.908, "2015-03-31": "-6.56600", "2014-12-31": -34.323, "2014-09-30": -23.107, "2014-06-30": -40.591, "2014-03-31": "-64.66000", "2013-12-31": -293.382, "2013-09-30": -6.571, "2013-06-30": -33.418, "2013-03-31": "-0.59600", "2012-12-31": -57.031, "2012-09-30": -117.202, "2012-06-30": -7.55, "2012-03-31": "-15.34500", "2011-12-31": 0, "2011-09-30": 0, "2011-06-30": 0, "2011-03-31": "", "2010-06-30": 0, "2009-06-30": 0}, "Net Change In Investments - Total": {"2020-12-31": -38.331, "2020-09-30": -587.7619, "2020-06-30": -127.0951, "2020-03-31": "-215.25900", "2019-12-31": -78.679, "2019-09-30": -31.915, "2019-06-30": -116.426, "2019-03-31": "-175.89700", "2018-12-31": -135.726, "2018-09-30": -38.612, "2018-06-30": 307.243, "2018-03-31": "-194.02500", "2017-12-31": -451.464, "2017-09-30": -158.428, "2017-06-30": 20.871, "2017-03-31": "-79.54400", "2016-12-31": 0.028, "2016-09-30": -20.697, "2016-06-30": 66.662, "2016-03-31": "4.37800", "2015-12-31": -34.286, "2015-09-30": -50.43, "2015-06-30": -49.908, "2015-03-31": "-6.56600", "2014-12-31": -34.323, "2014-09-30": -23.107, "2014-06-30": -40.591, "2014-03-31": "-64.66000", "2013-12-31": -293.382, "2013-09-30": -6.571, "2013-06-30": -33.418, "2013-03-31": "-0.59600", "2012-12-31": -57.031, "2012-09-30": -117.202, "2012-06-30": -7.55, "2012-03-31": "-15.34500", "2011-12-31": 0, "2011-09-30": 0, "2011-06-30": 0, "2011-03-31": "", "2010-06-30": 0, "2009-06-30": 0}, "Investing Activities - Other": {"2020-12-31": 2.091, "2020-09-30": 1.873, "2020-06-30": 0.984, "2020-03-31": "-3.62000", "2019-12-31": 1.693, "2019-09-30": -0.371, "2019-06-30": -0.035, "2019-03-31": "22.14800", "2018-12-31": 0, "2018-09-30": 0, "2018-06-30": 0, "2018-03-31": "", "2017-12-31": 0, "2017-09-30": 0, "2017-06-30": 0, "2017-03-31": "", "2016-12-31": 0.322, "2016-09-30": 0.289, "2016-06-30": -0.154, "2016-03-31": "-0.45700", "2015-12-31": 0.408, "2015-09-30": -0.474, "2015-06-30": 0.035, "2015-03-31": "0.03100", "2014-12-31": 0, "2014-09-30": 0, "2014-06-30": 0, "2014-03-31": "-0.05500", "2013-12-31": -0.003, "2013-09-30": -0.011, "2013-06-30": -0.163, "2013-03-31": "", "2012-12-31": 0.037, "2012-09-30": 0, "2012-06-30": 0, "2012-03-31": "0.00800", "2011-12-31": -0.15, "2011-09-30": 0, "2011-06-30": 0.15, "2011-03-31": "", "2010-06-30": 0.64, "2009-06-30": -0.52}, "Cash Flow From Investing Activities": {"2020-12-31": -176.519, "2020-09-30": -702.244, "2020-06-30": -243.075, "2020-03-31": "-385.03400", "2019-12-31": -198.732, "2019-09-30": -122.355, "2019-06-30": -202.517, "2019-03-31": "-200.87300", "2018-12-31": -247.139, "2018-09-30": -89.349, "2018-06-30": 226.312, "2018-03-31": "-237.24600", "2017-12-31": -518.284, "2017-09-30": -210.181, "2017-06-30": -27.718, "2017-03-31": "-127.76500", "2016-12-31": -29.1, "2016-09-30": -51.591, "2016-06-30": 3.859, "2016-03-31": "-31.40600", "2015-12-31": -60.521, "2015-09-30": -71.672, "2015-06-30": -64.994, "2015-03-31": "-34.33400", "2014-12-31": -43.203, "2014-09-30": -141.014, "2014-06-30": -57.028, "2014-03-31": "-75.68300", "2013-12-31": -309.647, "2013-09-30": -36.736, "2013-06-30": -45.401, "2013-03-31": "-11.01100", "2012-12-31": -66.904, "2012-09-30": -129.133, "2012-06-30": -19.218, "2012-03-31": "-23.89400", "2011-12-31": 9.043, "2011-09-30": -2.517, "2011-06-30": -6.526, "2011-03-31": "", "2010-06-30": -0.6, "2009-06-30": -0.85}, "Net Long-Term Debt": {"2020-12-31": -58.824, "2020-09-30": -71.4949, "2020-06-30": -15.738, "2020-03-31": "", "2019-12-31": -0.009, "2019-09-30": 0, "2019-06-30": 0, "2019-03-31": "", "2018-12-31": -118.125, "2018-09-30": -40.335, "2018-06-30": -242.579, "2018-03-31": "-28.60600", "2017-12-31": -0.004, "2017-09-30": 0, "2017-06-30": 772.127, "2017-03-31": "", "2016-12-31": 0, "2016-09-30": 0, "2016-06-30": 0, "2016-03-31": "", "2015-12-31": 0, "2015-09-30": 0, "2015-06-30": 0, "2015-03-31": "", "2014-12-31": 0, "2014-09-30": 0, "2014-06-30": 0, "2014-03-31": "", "2013-12-31": 562.941, "2013-09-30": 0, "2013-06-30": 0, "2013-03-31": "", "2012-12-31": 0, "2012-09-30": 0, "2012-06-30": 0, "2012-03-31": "", "2011-12-31": 0, "2011-09-30": 0, "2011-06-30": 0, "2011-03-31": "", "2010-06-30": 0, "2009-06-30": 0}, "Net Current Debt": {"2020-12-31": 0, "2020-09-30": 0, "2020-06-30": 0, "2020-03-31": "", "2019-12-31": 0, "2019-09-30": 0, "2019-06-30": 0, "2019-03-31": "", "2018-12-31": 0, "2018-09-30": 0, "2018-06-30": 0, "2018-03-31": "", "2017-12-31": 0, "2017-09-30": 0, "2017-06-30": 0, "2017-03-31": "", "2016-12-31": 0, "2016-09-30": 0, "2016-06-30": 0, "2016-03-31": "", "2015-12-31": 0, "2015-09-30": 0, "2015-06-30": 0, "2015-03-31": "", "2014-12-31": 0, "2014-09-30": 0, "2014-06-30": 0, "2014-03-31": "", "2013-12-31": 0, "2013-09-30": 0, "2013-06-30": 0, "2013-03-31": "", "2012-12-31": 0, "2012-09-30": 0, "2012-06-30": 0, "2012-03-31": "", "2011-12-31": 0, "2011-09-30": 0, "2011-06-30": 0, "2011-03-31": "", "2010-06-30": 0, "2009-06-30": 0}, "Debt Issuance/Retirement Net - Total": {"2020-12-31": -58.824, "2020-09-30": -71.4949, "2020-06-30": -15.738, "2020-03-31": "", "2019-12-31": -0.009, "2019-09-30": 0, "2019-06-30": 0, "2019-03-31": "", "2018-12-31": -118.125, "2018-09-30": -40.335, "2018-06-30": -242.579, "2018-03-31": "-28.60600", "2017-12-31": -0.004, "2017-09-30": 0, "2017-06-30": 772.127, "2017-03-31": "", "2016-12-31": 0, "2016-09-30": 0, "2016-06-30": 0, "2016-03-31": "", "2015-12-31": 0, "2015-09-30": 0, "2015-06-30": 0, "2015-03-31": "", "2014-12-31": 0, "2014-09-30": 0, "2014-06-30": 0, "2014-03-31": "", "2013-12-31": 562.941, "2013-09-30": 0, "2013-06-30": 0, "2013-03-31": "", "2012-12-31": 0, "2012-09-30": 0, "2012-06-30": 0, "2012-03-31": "", "2011-12-31": 0, "2011-09-30": 0, "2011-06-30": 0, "2011-03-31": "", "2010-06-30": 51.24, "2009-06-30": 0}, "Net Common Equity Issued/Repurchased": {"2020-12-31": 3.266, "2020-09-30": 51.444, "2020-06-30": 24.148, "2020-03-31": "66.90800", "2019-12-31": 2.641, "2019-09-30": 41.927, "2019-06-30": 10.207, "2019-03-31": "53.09300", "2018-12-31": 3.723, "2018-09-30": 39.018, "2018-06-30": 8.762, "2018-03-31": "52.65700", "2017-12-31": 5.819, "2017-09-30": 35.856, "2017-06-30": 5.156, "2017-03-31": "34.80700", "2016-12-31": 11.315, "2016-09-30": 20.912, "2016-06-30": 14.278, "2016-03-31": "19.87300", "2015-12-31": 20.001, "2015-09-30": 31.663, "2015-06-30": 11.21, "2015-03-31": "30.47400", "2014-12-31": 14.998, "2014-09-30": 25.587, "2014-06-30": 6.597, "2014-03-31": "22.21400", "2013-12-31": 92.651, "2013-09-30": 16.003, "2013-06-30": 10.362, "2013-03-31": "21.46800", "2012-12-31": 0.524, "2012-09-30": 171.179, "2012-06-30": -1.086, "2012-03-31": "18.96700", "2011-12-31": -2.766, "2011-09-30": 1.782, "2011-06-30": 0.984, "2011-03-31": "", "2010-06-30": 0, "2009-06-30": 0}, "Net Total Equity Issued/Repurchased": {"2020-12-31": 3.266, "2020-09-30": 51.444, "2020-06-30": 24.148, "2020-03-31": "66.90800", "2019-12-31": 2.641, "2019-09-30": 41.927, "2019-06-30": 10.207, "2019-03-31": "53.09300", "2018-12-31": 3.723, "2018-09-30": 39.018, "2018-06-30": 8.762, "2018-03-31": "52.65700", "2017-12-31": 5.819, "2017-09-30": 35.856, "2017-06-30": 5.156, "2017-03-31": "34.80700", "2016-12-31": 11.315, "2016-09-30": 20.912, "2016-06-30": 14.278, "2016-03-31": "19.87300", "2015-12-31": 20.001, "2015-09-30": 31.663, "2015-06-30": 11.21, "2015-03-31": "30.47400", "2014-12-31": 14.998, "2014-09-30": 25.587, "2014-06-30": 6.597, "2014-03-31": "22.21400", "2013-12-31": 92.651, "2013-09-30": 16.003, "2013-06-30": 10.362, "2013-03-31": "21.46800", "2012-12-31": 0.524, "2012-09-30": 171.179, "2012-06-30": -1.086, "2012-03-31": "18.96700", "2011-12-31": -2.766, "2011-09-30": 1.782, "2011-06-30": 0.984, "2011-03-31": "", "2010-06-30": -24.27, "2009-06-30": 3.7}, "Total Common And Preferred Stock Dividends Paid": {"2020-12-31": 0, "2020-09-30": 0, "2020-06-30": 0, "2020-03-31": "", "2019-12-31": 0, "2019-09-30": 0, "2019-06-30": 0, "2019-03-31": "", "2018-12-31": 0, "2018-09-30": 0, "2018-06-30": 0, "2018-03-31": "", "2017-12-31": 0, "2017-09-30": 0, "2017-06-30": 0, "2017-03-31": "", "2016-12-31": 0, "2016-09-30": 0, "2016-06-30": 0, "2016-03-31": "", "2015-12-31": 0, "2015-09-30": 0, "2015-06-30": 0, "2015-03-31": "", "2014-12-31": 0, "2014-09-30": 0, "2014-06-30": 0, "2014-03-31": "", "2013-12-31": 0, "2013-09-30": 0, "2013-06-30": 0, "2013-03-31": "", "2012-12-31": 0, "2012-09-30": 0, "2012-06-30": 0, "2012-03-31": "", "2011-12-31": 0, "2011-09-30": 0, "2011-06-30": 0, "2011-03-31": "", "2010-06-30": 0, "2009-06-30": 0}, "Financial Activities - Other": {"2020-12-31": -147.934, "2020-09-30": 983.429, "2020-06-30": -110.621, "2020-03-31": "-127.93600", "2019-12-31": -78.913, "2019-09-30": -83.183, "2019-06-30": -108.126, "2019-03-31": "-139.49300", "2018-12-31": -59.919, "2018-09-30": -66.917, "2018-06-30": -69.264, "2018-03-31": "-85.84300", "2017-12-31": -53.041, "2017-09-30": -43.902, "2017-06-30": -163.488, "2017-03-31": "-54.43800", "2016-12-31": -32.202, "2016-09-30": -29.919, "2016-06-30": -31.446, "2016-03-31": "-28.56300", "2015-12-31": -0.303, "2015-09-30": -0.269, "2015-06-30": -11.711, "2015-03-31": "-0.73500", "2014-12-31": -1.357, "2014-09-30": 0.079, "2014-06-30": -0.323, "2014-03-31": "0.94000", "2013-12-31": -135.974, "2013-09-30": -0.754, "2013-06-30": 0.72, "2013-03-31": "1.15300", "2012-12-31": 51.722, "2012-09-30": 0.276, "2012-06-30": -0.703, "2012-03-31": "0.96000", "2011-12-31": -0.021, "2011-09-30": 0, "2011-06-30": 0.021, "2011-03-31": "", "2010-06-30": 0, "2009-06-30": 0}, "Cash Flow From Financial Activities": {"2020-12-31": -203.492, "2020-09-30": 963.378, "2020-06-30": -102.211, "2020-03-31": "-61.02800", "2019-12-31": -76.281, "2019-09-30": -41.256, "2019-06-30": -97.919, "2019-03-31": "-86.40000", "2018-12-31": -174.321, "2018-09-30": -68.234, "2018-06-30": -303.081, "2018-03-31": "-61.79200", "2017-12-31": -47.226, "2017-09-30": -8.046, "2017-06-30": 613.795, "2017-03-31": "-19.63100", "2016-12-31": -20.887, "2016-09-30": -9.007, "2016-06-30": -17.168, "2016-03-31": "-8.69000", "2015-12-31": 19.698, "2015-09-30": 31.394, "2015-06-30": -0.501, "2015-03-31": "29.73900", "2014-12-31": 13.641, "2014-09-30": 25.666, "2014-06-30": 6.274, "2014-03-31": "23.15400", "2013-12-31": 519.618, "2013-09-30": 15.249, "2013-06-30": 11.082, "2013-03-31": "22.62100", "2012-12-31": 52.246, "2012-09-30": 171.455, "2012-06-30": -1.789, "2012-03-31": "19.92700", "2011-12-31": -2.787, "2011-09-30": 1.782, "2011-06-30": 1.005, "2011-03-31": "", "2010-06-30": 26.97, "2009-06-30": 3.7}, "Net Cash Flow": {"2020-12-31": 327.62, "2020-09-30": 510.407, "2020-06-30": 28.555, "2020-03-31": "34.85700", "2019-12-31": 152.451, "2019-09-30": 38.842, "2019-06-30": -56.494, "2019-03-31": "74.65400", "2018-12-31": -137.785, "2018-09-30": -14.17, "2018-06-30": 35.131, "2018-03-31": "-42.46700", "2017-12-31": -378.479, "2017-09-30": -68.678, "2017-06-30": 733.685, "2017-03-31": "39.36900", "2016-12-31": 76.384, "2016-09-30": 35.954, "2016-06-30": -164.337, "2016-03-31": "41.14500", "2015-12-31": 63.432, "2015-09-30": 23.719, "2015-06-30": 17.373, "2015-03-31": "55.52600", "2014-12-31": 17.369, "2014-09-30": -94.189, "2014-06-30": -8.645, "2014-03-31": "-28.38300", "2013-12-31": 245.209, "2013-09-30": 0.861, "2013-06-30": -24.549, "2013-03-31": "25.79300", "2012-12-31": 2.013, "2012-09-30": 51.494, "2012-06-30": -14.658, "2012-03-31": "12.05200", "2011-12-31": -30.579, "2011-09-30": 9.183, "2011-06-30": 21.396, "2011-03-31": "", "2010-06-30": 18.6, "2009-06-30": 3.01}, "Stock-Based Compensation": {"2020-12-31": 245.399, "2020-09-30": 219.929, "2020-06-30": 216.84, "2020-03-31": "188.28500", "2019-12-31": 170.051, "2019-09-30": 162.934, "2019-06-30": 171.76, "2019-03-31": "157.45000", "2018-12-31": 142.644, "2018-09-30": 144.408, "2018-06-30": 135.56, "2018-03-31": "121.34100", "2017-12-31": 105.627, "2017-09-30": 100.442, "2017-06-30": 98.066, "2017-03-31": "89.86900", "2016-12-31": 83.194, "2016-09-30": 81.087, "2016-06-30": 78.065, "2016-03-31": "75.30800", "2015-12-31": 68.182, "2015-09-30": 65.111, "2015-06-30": 66.346, "2015-03-31": "58.07400", "2014-12-31": 45.996, "2014-09-30": 41.49, "2014-06-30": 37.604, "2014-03-31": "29.22900", "2013-12-31": 20.856, "2013-09-30": 17.851, "2013-06-30": 14.828, "2013-03-31": "12.04600", "2012-12-31": 9.349, "2012-09-30": 8.213, "2012-06-30": 6.457, "2012-03-31": "3.91800", "2011-12-31": -4.224, "2011-09-30": 2.391, "2011-06-30": 1.833, "2011-03-31": "", "2010-06-30": 0, "2009-06-30": 0}, "Common Stock Dividends Paid": {"2020-12-31": 0, "2020-09-30": 0, "2020-06-30": 0, "2020-03-31": "", "2019-12-31": 0, "2019-09-30": 0, "2019-06-30": 0, "2019-03-31": "", "2018-12-31": 0, "2018-09-30": 0, "2018-06-30": 0, "2018-03-31": "", "2017-12-31": 0, "2017-09-30": 0, "2017-06-30": 0, "2017-03-31": "", "2016-12-31": 0, "2016-09-30": 0, "2016-06-30": 0, "2016-03-31": "", "2015-12-31": 0, "2015-09-30": 0, "2015-06-30": 0, "2015-03-31": "", "2014-12-31": 0, "2014-09-30": 0, "2014-06-30": 0, "2014-03-31": "", "2013-12-31": 0, "2013-09-30": 0, "2013-06-30": 0, "2013-03-31": "", "2012-12-31": 0, "2012-09-30": 0, "2012-06-30": 0, "2012-03-31": "", "2011-12-31": 0, "2011-09-30": 0, "2011-06-30": 0, "2011-03-31": "", "2010-06-30": 0, "2009-06-30": 0}}, "financial ratios": {"Current Ratio": {"2019-12-31": "1.02690", "2018-12-31": "1.16500", "2017-12-31": "1.18750", "2016-12-31": "1.25300", "2015-12-31": "1.48380", "2014-12-31": "1.78890", "2013-12-31": "2.43150", "2012-12-31": "1.99450", "2011-12-31": "", "2011-06-30": "", "2010-12-31": "", "2010-06-30": "1.03930", "2009-12-31": "1.03930", "2009-06-30": "", "2008-12-31": ""}, "Long-term Debt / Capital": {"2019-12-31": "0.24620", "2018-12-31": "0.37320", "2017-12-31": "0.44720", "2016-12-31": "0.56750", "2015-12-31": "0.45570", "2014-12-31": "0.50850", "2013-12-31": "0.51270", "2012-12-31": "", "2011-12-31": "", "2011-06-30": "", "2010-12-31": "", "2010-06-30": "", "2009-12-31": "", "2009-06-30": "", "2008-12-31": ""}, "Debt/Equity Ratio": {"2019-12-31": "0.32660", "2018-12-31": "0.59550", "2017-12-31": "1.50680", "2016-12-31": "1.31230", "2015-12-31": "0.83720", "2014-12-31": "1.03440", "2013-12-31": "1.05200", "2012-12-31": "", "2011-12-31": "", "2011-06-30": "", "2010-12-31": "", "2010-06-30": "", "2009-12-31": "", "2009-06-30": "", "2008-12-31": ""}, "Gross Margin": {"2019-12-31": "76.97850", "2018-12-31": "76.13260", "2017-12-31": "73.94510", "2016-12-31": "71.31570", "2015-12-31": "67.23820", "2014-12-31": "63.55270", "2013-12-31": "63.43840", "2012-12-31": "57.32300", "2011-12-31": "", "2011-06-30": "65.91680", "2010-12-31": "", "2010-06-30": "62.63470", "2009-12-31": "", "2009-06-30": "59.35280", "2008-12-31": "59.33210"}, "Operating Margin": {"2019-12-31": "1.21730", "2018-12-31": "-1.62630", "2017-12-31": "-3.35660", "2016-12-31": "-27.47460", "2015-12-31": "-16.54580", "2014-12-31": "-22.24480", "2013-12-31": "-15.60510", "2012-12-31": "-15.42150", "2011-12-31": "", "2011-06-30": "11.39880", "2010-12-31": "", "2010-06-30": "-65.08110", "2009-12-31": "", "2009-06-30": "-30.18900", "2008-12-31": "-30.17340"}, "EBIT Margin": {"2019-12-31": "1.21730", "2018-12-31": "-1.62630", "2017-12-31": "-3.35660", "2016-12-31": "-27.47460", "2015-12-31": "-16.54580", "2014-12-31": "-22.24480", "2013-12-31": "-15.60510", "2012-12-31": "-15.42150", "2011-12-31": "", "2011-06-30": "11.39880", "2010-12-31": "", "2010-06-30": "-65.08110", "2009-12-31": "", "2009-06-30": "-30.18900", "2008-12-31": "-30.17340"}, "EBITDA Margin": {"2019-12-31": "14.32000", "2018-12-31": "11.62480", "2017-12-31": "10.52800", "2016-12-31": "-14.10820", "2015-12-31": "-0.22940", "2014-12-31": "-3.12980", "2013-12-31": "-1.05850", "2012-12-31": "-3.70560", "2011-12-31": "", "2011-06-30": "17.33030", "2010-12-31": "", "2010-06-30": "-59.17750", "2009-12-31": "", "2009-06-30": "-26.96870", "2008-12-31": "-30.17340"}, "Pre-Tax Profit Margin": {"2019-12-31": "1.94150", "2018-12-31": "-1.49590", "2017-12-31": "-5.91120", "2016-12-31": "-29.50560", "2015-12-31": "-19.19600", "2014-12-31": "-25.71780", "2013-12-31": "-16.76600", "2012-12-31": "-14.76330", "2011-12-31": "", "2011-06-30": "12.05300", "2010-12-31": "", "2010-06-30": "-67.91060", "2009-12-31": "", "2009-06-30": "-30.32880", "2008-12-31": "-30.32880"}, "Net Profit Margin": {"2019-12-31": "18.11040", "2018-12-31": "-1.02360", "2017-12-31": "-6.09050", "2016-12-31": "-29.78100", "2015-12-31": "-19.73450", "2014-12-31": "-26.28140", "2013-12-31": "-17.35740", "2012-12-31": "-15.32470", "2011-12-31": "", "2011-06-30": "10.61090", "2010-12-31": "", "2010-06-30": "-70.03390", "2009-12-31": "", "2009-06-30": "-33.81310", "2008-12-31": "-30.57730"}, "Asset Turnover": {"2019-12-31": "0.57460", "2018-12-31": "0.67250", "2017-12-31": "0.54040", "2016-12-31": "0.68390", "2015-12-31": "0.55640", "2014-12-31": "0.47910", "2013-12-31": "0.36340", "2012-12-31": "0.50970", "2011-12-31": "", "2011-06-30": "", "2010-12-31": "", "2010-06-30": "0.84350", "2009-12-31": "", "2009-06-30": "", "2008-12-31": ""}, "Inventory Turnover Ratio": {"2019-12-31": "", "2018-12-31": "", "2017-12-31": "", "2016-12-31": "", "2015-12-31": "", "2014-12-31": "", "2013-12-31": "", "2012-12-31": "", "2011-12-31": "", "2011-06-30": "", "2010-12-31": "", "2010-06-30": "", "2009-12-31": "", "2009-06-30": "", "2008-12-31": ""}, "Receiveable Turnover": {"2019-12-31": "4.14290", "2018-12-31": "4.53860", "2017-12-31": "4.38960", "2016-12-31": "4.30970", "2015-12-31": "4.94500", "2014-12-31": "4.28820", "2013-12-31": "3.91960", "2012-12-31": "3.11800", "2011-12-31": "", "2011-06-30": "", "2010-12-31": "", "2010-06-30": "4.45220", "2009-12-31": "", "2009-06-30": "", "2008-12-31": ""}, "Days Sales In Receivables": {"2019-12-31": "88.10360", "2018-12-31": "80.42180", "2017-12-31": "83.15040", "2016-12-31": "84.69270", "2015-12-31": "73.81210", "2014-12-31": "85.11660", "2013-12-31": "93.12080", "2012-12-31": "117.06230", "2011-12-31": "", "2011-06-30": "", "2010-12-31": "", "2010-06-30": "81.98160", "2009-12-31": "", "2009-06-30": "", "2008-12-31": ""}, "ROE - Return On Equity": {"2019-12-31": "29.45090", "2018-12-31": "-2.40320", "2017-12-31": "-15.00440", "2016-12-31": "-107.05190", "2015-12-31": "-35.00720", "2014-12-31": "-41.84690", "2013-12-31": "-18.69530", "2012-12-31": "-15.34400", "2011-12-31": "", "2011-06-30": "", "2010-12-31": "", "2010-06-30": "41.68420", "2009-12-31": "67.53640", "2009-06-30": "", "2008-12-31": ""}, "Return On Tangible Equity": {"2019-12-31": "34.29570", "2018-12-31": "-3.09870", "2017-12-31": "-20.75050", "2016-12-31": "-173.63620", "2015-12-31": "-42.38600", "2014-12-31": "-56.21070", "2013-12-31": "-19.41020", "2012-12-31": "-15.38160", "2011-12-31": "", "2011-06-30": "", "2010-12-31": "", "2010-06-30": "736.18340", "2009-12-31": "1193.16000", "2009-06-30": "", "2008-12-31": ""}, "ROA - Return On Assets": {"2019-12-31": "10.40610", "2018-12-31": "-0.68840", "2017-12-31": "-3.29120", "2016-12-31": "-20.36860", "2015-12-31": "-10.98070", "2014-12-31": "-12.59080", "2013-12-31": "-6.30800", "2012-12-31": "-7.81150", "2011-12-31": "", "2011-06-30": "", "2010-12-31": "", "2010-06-30": "-57.82670", "2009-12-31": "-93.72190", "2009-06-30": "", "2008-12-31": ""}, "ROI - Return On Investment": {"2019-12-31": "22.20030", "2018-12-31": "-1.50620", "2017-12-31": "-8.29420", "2016-12-31": "-46.29660", "2015-12-31": "-19.05470", "2014-12-31": "-20.56930", "2013-12-31": "-9.11060", "2012-12-31": "-15.34400", "2011-12-31": "", "2011-06-30": "", "2010-12-31": "", "2010-06-30": "41.68420", "2009-12-31": "67.55910", "2009-06-30": "", "2008-12-31": ""}, "Book Value Per Share": {"2019-12-31": "11.23160", "2018-12-31": "6.16730", "2017-12-31": "4.46850", "2016-12-31": "2.31120", "2015-12-31": "3.52530", "2014-12-31": "2.86720", "2013-12-31": "2.80900", "2012-12-31": "1.92620", "2011-12-31": "", "2011-06-30": "", "2010-12-31": "", "2010-06-30": "-4.32070", "2009-12-31": "", "2009-06-30": "", "2008-12-31": ""}, "Operating Cash Flow Per Share": {"2019-12-31": 1.7063, "2018-12-31": 0.8046, "2017-12-31": 2.7891, "2016-12-31": -1.0738, "2015-12-31": 1.0711, "2014-12-31": 0.3659, "2013-12-31": -0.0561, "2012-12-31": 0.6598, "2011-12-31": -1.3336, "2011-06-30": 1.3336, "2010-12-31": 0.3252, "2010-06-30": -0.3252, "2009-12-31": -0.0041, "2009-06-30": 0.0041, "2008-12-31": 0}, "Free Cash Flow Per Share": {"2019-12-31": 1.6253, "2018-12-31": 0.4218, "2017-12-31": 2.5514, "2016-12-31": -1.1536, "2015-12-31": 0.8834, "2014-12-31": 0.4004, "2013-12-31": 0.1044, "2012-12-31": 0.0907, "2011-12-31": -1.0228, "2011-06-30": 1.0228, "2010-12-31": 0.3936, "2010-06-30": -0.3936, "2009-12-31": 0.0043, "2009-06-30": -0.0043, "2008-12-31": 0}}, "financial ratios, quarterly": {"Current Ratio": {"2020-09-30": "1.39880", "2020-06-30": "1.17140", "2020-03-31": "1.03120", "2019-12-31": "1.02690", "2019-09-30": "1.04770", "2019-06-30": "1.09770", "2019-03-31": "1.13190", "2018-12-31": "1.16500", "2018-09-30": "1.26020", "2018-06-30": "1.28010", "2018-03-31": "1.18680", "2017-12-31": "1.18750", "2017-09-30": "1.66130", "2017-06-30": "1.73420", "2017-03-31": "1.22500", "2016-12-31": "1.25300", "2016-09-30": "1.25440", "2016-06-30": "1.28850", "2016-03-31": "1.13830", "2015-12-31": "1.48380", "2015-09-30": "1.54630", "2015-06-30": "1.61260", "2015-03-31": "1.81900", "2014-12-31": "1.78890", "2014-09-30": "1.95910", "2014-06-30": "2.09570", "2014-03-31": "2.26710", "2013-12-31": "2.43150", "2013-09-30": "1.27700", "2013-06-30": "1.51220", "2013-03-31": "1.95200", "2012-12-31": "1.99450", "2012-09-30": "1.99100", "2012-06-30": "1.00180", "2012-03-31": "", "2011-12-31": "1.03120", "2011-09-30": "", "2011-06-30": "", "2011-03-31": "", "2010-06-30": "", "2009-06-30": ""}, "Long-term Debt / Capital": {"2020-09-30": "0.38950", "2020-06-30": "0.21930", "2020-03-31": "0.23630", "2019-12-31": "0.24620", "2019-09-30": "0.32440", "2019-06-30": "0.34970", "2019-03-31": "0.35920", "2018-12-31": "0.37320", "2018-09-30": "0.39050", "2018-06-30": "0.42000", "2018-03-31": "0.42440", "2017-12-31": "0.44720", "2017-09-30": "0.67720", "2017-06-30": "0.70270", "2017-03-31": "0.54720", "2016-12-31": "0.56750", "2016-09-30": "0.57940", "2016-06-30": "0.60220", "2016-03-31": "0.61480", "2015-12-31": "0.45570", "2015-09-30": "0.47450", "2015-06-30": "0.49780", "2015-03-31": "0.49800", "2014-12-31": "0.50850", "2014-09-30": "0.51110", "2014-06-30": "0.51870", "2014-03-31": "0.51100", "2013-12-31": "0.51270", "2013-09-30": "", "2013-06-30": "", "2013-03-31": "", "2012-12-31": "", "2012-09-30": "", "2012-06-30": "", "2012-03-31": "", "2011-12-31": "", "2011-09-30": "", "2011-06-30": "", "2011-03-31": "", "2010-06-30": "", "2009-06-30": ""}, "Debt/Equity Ratio": {"2020-09-30": "0.63790", "2020-06-30": "0.28080", "2020-03-31": "0.30950", "2019-12-31": "0.32660", "2019-09-30": "0.48030", "2019-06-30": "0.53780", "2019-03-31": "0.56060", "2018-12-31": "0.59550", "2018-09-30": "0.79850", "2018-06-30": "0.96120", "2018-03-31": "1.33470", "2017-12-31": "1.50680", "2017-09-30": "2.09770", "2017-06-30": "2.36320", "2017-03-31": "1.20860", "2016-12-31": "1.31230", "2016-09-30": "1.37730", "2016-06-30": "1.51380", "2016-03-31": "1.59630", "2015-12-31": "0.83720", "2015-09-30": "0.90310", "2015-06-30": "0.99110", "2015-03-31": "0.99210", "2014-12-31": "1.03440", "2014-09-30": "1.04530", "2014-06-30": "1.07760", "2014-03-31": "1.04480", "2013-12-31": "1.05200", "2013-09-30": "", "2013-06-30": "", "2013-03-31": "", "2012-12-31": "", "2012-09-30": "", "2012-06-30": "", "2012-03-31": "", "2011-12-31": "", "2011-09-30": "", "2011-06-30": "", "2011-03-31": "", "2010-06-30": "", "2009-06-30": ""}, "Gross Margin": {"2020-09-30": "78.15020", "2020-06-30": "78.24710", "2020-03-31": "78.65260", "2019-12-31": "77.78330", "2019-09-30": "77.33290", "2019-06-30": "76.23860", "2019-03-31": "76.39170", "2018-12-31": "76.49530", "2018-09-30": "76.54750", "2018-06-30": "75.72880", "2018-03-31": "75.65040", "2017-12-31": "75.56620", "2017-09-30": "74.10780", "2017-06-30": "72.75500", "2017-03-31": "72.92640", "2016-12-31": "72.74320", "2016-09-30": "71.24700", "2016-06-30": "71.68310", "2016-03-31": "69.18390", "2015-12-31": "68.17470", "2015-09-30": "68.64330", "2015-06-30": "67.68880", "2015-03-31": "63.72070", "2014-12-31": "64.32500", "2014-09-30": "63.02100", "2014-06-30": "64.65640", "2014-03-31": "61.81320", "2013-12-31": "63.76430", "2013-09-30": "62.63220", "2013-06-30": "64.78450", "2013-03-31": "62.40590", "2012-12-31": "57.01550", "2012-09-30": "57.14660", "2012-06-30": "59.68050", "2012-03-31": "55.22760", "2011-12-31": "100.00000", "2011-09-30": "65.10810", "2011-06-30": "67.82430", "2011-03-31": "100.00000", "2010-06-30": "", "2009-06-30": ""}, "Operating Margin": {"2020-09-30": "6.01860", "2020-06-30": "5.81470", "2020-03-31": "4.71500", "2019-12-31": "2.99570", "2019-09-30": "6.35830", "2019-06-30": "-3.23780", "2019-03-31": "-1.99170", "2018-12-31": "0.03890", "2018-09-30": "1.42150", "2018-06-30": "-5.06910", "2018-03-31": "-3.44230", "2017-12-31": "-0.16390", "2017-09-30": "-0.79410", "2017-06-30": "-8.43130", "2017-03-31": "-5.08240", "2016-12-31": "4.41220", "2016-09-30": "-7.48630", "2016-06-30": "-14.14480", "2016-03-31": "-105.97390", "2015-12-31": "-10.80270", "2015-09-30": "-10.73710", "2015-06-30": "-21.57740", "2015-03-31": "-25.58550", "2014-12-31": "-18.52690", "2014-09-30": "-19.30420", "2014-06-30": "-26.66810", "2014-03-31": "-26.01270", "2013-12-31": "-15.46040", "2013-09-30": "-13.16750", "2013-06-30": "-18.92250", "2013-03-31": "-15.02580", "2012-12-31": "-12.68990", "2012-09-30": "-20.74290", "2012-06-30": "-16.05840", "2012-03-31": "-11.76870", "2011-12-31": "100.00000", "2011-09-30": "2.97980", "2011-06-30": "7.69540", "2011-03-31": "100.00000", "2010-06-30": "", "2009-06-30": ""}, "EBIT Margin": {"2020-09-30": "6.01860", "2020-06-30": "5.81470", "2020-03-31": "4.71500", "2019-12-31": "2.99570", "2019-09-30": "6.35830", "2019-06-30": "-3.23780", "2019-03-31": "-1.99170", "2018-12-31": "0.03890", "2018-09-30": "1.42150", "2018-06-30": "-5.06910", "2018-03-31": "-3.44230", "2017-12-31": "-0.16390", "2017-09-30": "-0.79410", "2017-06-30": "-8.43130", "2017-03-31": "-5.08240", "2016-12-31": "4.41220", "2016-09-30": "-7.48630", "2016-06-30": "-14.14480", "2016-03-31": "-105.97390", "2015-12-31": "-10.80270", "2015-09-30": "-10.73710", "2015-06-30": "-21.57740", "2015-03-31": "-25.58550", "2014-12-31": "-18.52690", "2014-09-30": "-19.30420", "2014-06-30": "-26.66810", "2014-03-31": "-26.01270", "2013-12-31": "-15.46040", "2013-09-30": "-13.16750", "2013-06-30": "-18.92250", "2013-03-31": "-15.02580", "2012-12-31": "-12.68990", "2012-09-30": "-20.74290", "2012-06-30": "-16.05840", "2012-03-31": "-11.76870", "2011-12-31": "100.00000", "2011-09-30": "2.97980", "2011-06-30": "7.69540", "2011-03-31": "100.00000", "2010-06-30": "", "2009-06-30": ""}, "EBITDA Margin": {"2020-09-30": "", "2020-06-30": "", "2020-03-31": "", "2019-12-31": "", "2019-09-30": "", "2019-06-30": "", "2019-03-31": "", "2018-12-31": "", "2018-09-30": "", "2018-06-30": "", "2018-03-31": "", "2017-12-31": "", "2017-09-30": "", "2017-06-30": "", "2017-03-31": "", "2016-12-31": "", "2016-09-30": "", "2016-06-30": "", "2016-03-31": "", "2015-12-31": "", "2015-09-30": "", "2015-06-30": "", "2015-03-31": "", "2014-12-31": "", "2014-09-30": "", "2014-06-30": "", "2014-03-31": "", "2013-12-31": "", "2013-09-30": "", "2013-06-30": "", "2013-03-31": "", "2012-12-31": "", "2012-09-30": "", "2012-06-30": "", "2012-03-31": "", "2011-12-31": "", "2011-09-30": "", "2011-06-30": "", "2011-03-31": "", "2010-06-30": "", "2009-06-30": ""}, "Pre-Tax Profit Margin": {"2020-09-30": "2.20780", "2020-06-30": "5.79260", "2020-03-31": "4.62200", "2019-12-31": "3.59180", "2019-09-30": "6.86020", "2019-06-30": "-1.95650", "2019-03-31": "-1.45210", "2018-12-31": "0.27330", "2018-09-30": "1.07410", "2018-06-30": "-6.47310", "2018-03-31": "-1.24910", "2017-12-31": "-2.39520", "2017-09-30": "-4.04110", "2017-06-30": "-12.85330", "2017-03-31": "-5.30380", "2016-12-31": "2.27560", "2016-09-30": "-9.33330", "2016-06-30": "-15.89920", "2016-03-31": "-108.39550", "2015-12-31": "-12.48170", "2015-09-30": "-15.25220", "2015-06-30": "-24.49010", "2015-03-31": "-26.94140", "2014-12-31": "-21.84100", "2014-09-30": "-22.63310", "2014-06-30": "-29.80500", "2014-03-31": "-30.29980", "2013-12-31": "-18.91480", "2013-09-30": "-12.62820", "2013-06-30": "-20.21680", "2013-03-31": "-14.88730", "2012-12-31": "-12.08320", "2012-09-30": "-19.78710", "2012-06-30": "-15.98620", "2012-03-31": "-10.73140", "2011-12-31": "100.00000", "2011-09-30": "0.84800", "2011-06-30": "7.91590", "2011-03-31": "100.00000", "2010-06-30": "", "2009-06-30": ""}, "Net Profit Margin": {"2020-09-30": "1.11620", "2020-06-30": "3.80690", "2020-03-31": "4.60950", "2019-12-31": "62.90610", "2019-09-30": "4.58300", "2019-06-30": "-1.32860", "2019-03-31": "-0.19580", "2018-12-31": "0.98050", "2018-09-30": "1.24870", "2018-06-30": "-8.35840", "2018-03-31": "1.80270", "2017-12-31": "-3.15900", "2017-09-30": "-4.50510", "2017-06-30": "-12.44910", "2017-03-31": "-5.01760", "2016-12-31": "1.28610", "2016-09-30": "-10.13770", "2016-06-30": "-14.53950", "2016-03-31": "-108.97510", "2015-12-31": "-13.08520", "2015-09-30": "-15.71130", "2015-06-30": "-25.09970", "2015-03-31": "-27.40700", "2014-12-31": "-22.55660", "2014-09-30": "-22.96990", "2014-06-30": "-30.20140", "2014-03-31": "-31.13880", "2013-12-31": "-19.35000", "2013-09-30": "-13.22410", "2013-06-30": "-20.93970", "2013-03-31": "-15.54360", "2012-12-31": "-13.21280", "2012-09-30": "-20.28600", "2012-06-30": "-15.36620", "2012-03-31": "-11.89100", "2011-12-31": "-17.76510", "2011-09-30": "-0.10530", "2011-06-30": "1.21420", "2011-03-31": "8.64990", "2010-06-30": "", "2009-06-30": ""}, "Asset Turnover": {"2020-09-30": "0.14950", "2020-06-30": "0.16420", "2020-03-31": "0.16880", "2019-12-31": "0.15800", "2019-09-30": "0.18620", "2019-06-30": "0.18120", "2019-03-31": "0.17930", "2018-12-31": "0.18440", "2018-09-30": "0.18790", "2018-06-30": "0.18170", "2018-03-31": "0.15910", "2017-12-31": "0.15470", "2017-09-30": "0.16040", "2017-06-30": "0.15330", "2017-03-31": "0.19760", "2016-12-31": "0.18990", "2016-09-30": "0.19730", "2016-06-30": "0.19910", "2016-03-31": "0.16320", "2015-12-31": "0.15810", "2015-09-30": "0.15700", "2015-06-30": "0.15780", "2015-03-31": "0.14190", "2014-12-31": "0.13900", "2014-09-30": "0.13700", "2014-06-30": "0.13210", "2014-03-31": "0.11360", "2013-12-31": "0.10720", "2013-09-30": "0.19220", "2013-06-30": "0.18850", "2013-03-31": "0.16660", "2012-12-31": "0.15720", "2012-09-30": "0.16840", "2012-06-30": "0.28320", "2012-03-31": "", "2011-12-31": "0.25060", "2011-09-30": "", "2011-06-30": "", "2011-03-31": "", "2010-06-30": "", "2009-06-30": ""}, "Inventory Turnover Ratio": {"2020-09-30": "", "2020-06-30": "", "2020-03-31": "", "2019-12-31": "", "2019-09-30": "", "2019-06-30": "", "2019-03-31": "", "2018-12-31": "", "2018-09-30": "", "2018-06-30": "", "2018-03-31": "", "2017-12-31": "", "2017-09-30": "", "2017-06-30": "", "2017-03-31": "", "2016-12-31": "", "2016-09-30": "", "2016-06-30": "", "2016-03-31": "", "2015-12-31": "", "2015-09-30": "", "2015-06-30": "", "2015-03-31": "", "2014-12-31": "", "2014-09-30": "", "2014-06-30": "", "2014-03-31": "", "2013-12-31": "", "2013-09-30": "", "2013-06-30": "", "2013-03-31": "", "2012-12-31": "", "2012-09-30": "", "2012-06-30": "", "2012-03-31": "", "2011-12-31": "", "2011-09-30": "", "2011-06-30": "", "2011-03-31": "", "2010-06-30": "", "2009-06-30": ""}, "Receiveable Turnover": {"2020-09-30": "1.82550", "2020-06-30": "1.69440", "2020-03-31": "1.70070", "2019-12-31": "1.13950", "2019-09-30": "1.64220", "2019-06-30": "1.65660", "2019-03-31": "1.86700", "2018-12-31": "1.24470", "2018-09-30": "1.58490", "2018-06-30": "1.71670", "2018-03-31": "1.58820", "2017-12-31": "1.25640", "2017-09-30": "1.68680", "2017-06-30": "1.60620", "2017-03-31": "1.54170", "2016-12-31": "1.19640", "2016-09-30": "1.62510", "2016-06-30": "1.72990", "2016-03-31": "1.60770", "2015-12-31": "1.40480", "2015-09-30": "1.63460", "2015-06-30": "1.72280", "2015-03-31": "1.48520", "2014-12-31": "1.24400", "2014-09-30": "1.60760", "2014-06-30": "1.52640", "2014-03-31": "1.28870", "2013-12-31": "1.15590", "2013-09-30": "1.31630", "2013-06-30": "1.10190", "2013-03-31": "1.07630", "2012-12-31": "0.96160", "2012-09-30": "1.15060", "2012-06-30": "1.19940", "2012-03-31": "", "2011-12-31": "0.87330", "2011-09-30": "", "2011-06-30": "", "2011-03-31": "", "2010-06-30": "", "2009-06-30": ""}, "Days Sales In Receivables": {"2020-09-30": "49.30240", "2020-06-30": "53.11640", "2020-03-31": "52.91880", "2019-12-31": "78.98420", "2019-09-30": "54.80430", "2019-06-30": "54.32740", "2019-03-31": "48.20520", "2018-12-31": "72.30910", "2018-09-30": "56.78650", "2018-06-30": "52.42610", "2018-03-31": "56.66920", "2017-12-31": "71.63560", "2017-09-30": "53.35660", "2017-06-30": "56.03450", "2017-03-31": "58.37530", "2016-12-31": "75.22730", "2016-09-30": "55.38290", "2016-06-30": "52.02470", "2016-03-31": "55.98180", "2015-12-31": "64.06430", "2015-09-30": "55.06080", "2015-06-30": "52.24040", "2015-03-31": "60.59900", "2014-12-31": "72.34900", "2014-09-30": "55.98260", "2014-06-30": "58.96090", "2014-03-31": "69.83880", "2013-12-31": "77.86080", "2013-09-30": "68.37590", "2013-06-30": "81.67370", "2013-03-31": "83.61700", "2012-12-31": "93.59340", "2012-09-30": "78.22150", "2012-06-30": "75.03540", "2012-03-31": "", "2011-12-31": "103.05270", "2011-09-30": "", "2011-06-30": "", "2011-03-31": "", "2010-06-30": "", "2009-06-30": ""}, "ROE - Return On Equity": {"2020-09-30": "0.48090", "2020-06-30": "1.64460", "2020-03-31": "2.12840", "2019-12-31": "28.13630", "2019-09-30": "2.84010", "2019-06-30": "-0.87860", "2019-03-31": "-0.12930", "2018-12-31": "0.63130", "2018-09-30": "0.82390", "2018-06-30": "-5.91520", "2018-03-31": "1.22770", "2017-12-31": "-2.22740", "2017-09-30": "-4.02290", "2017-06-30": "-11.56740", "2017-03-31": "-5.03440", "2016-12-31": "1.28330", "2016-09-30": "-10.00210", "2016-06-30": "-15.30300", "2016-03-31": "-110.24490", "2015-12-31": "-6.59440", "2015-09-30": "-7.93720", "2015-06-30": "-13.37150", "2015-03-31": "-12.77020", "2014-12-31": "-10.41890", "2014-09-30": "-9.83430", "2014-06-30": "-12.65030", "2014-03-31": "-10.72740", "2013-12-31": "-6.14620", "2013-09-30": "-5.11590", "2013-06-30": "-7.99010", "2013-03-31": "-5.06120", "2012-12-31": "-4.08000", "2012-09-30": "-6.82450", "2012-06-30": "20.22820", "2012-03-31": "", "2011-12-31": "12.12000", "2011-09-30": "", "2011-06-30": "", "2011-03-31": "", "2010-06-30": "", "2009-06-30": ""}, "Return On Tangible Equity": {"2020-09-30": "0.56250", "2020-06-30": "1.93800", "2020-03-31": "2.55540", "2019-12-31": "32.76490", "2019-09-30": "3.49190", "2019-06-30": "-1.12260", "2019-03-31": "-0.16250", "2018-12-31": "0.81400", "2018-09-30": "1.05980", "2018-06-30": "-7.98000", "2018-03-31": "1.62430", "2017-12-31": "-3.08040", "2017-09-30": "-5.92590", "2017-06-30": "-18.27190", "2017-03-31": "-8.19050", "2016-12-31": "2.08150", "2016-09-30": "-16.68170", "2016-06-30": "-28.14900", "2016-03-31": "-167.71760", "2015-12-31": "-7.98440", "2015-09-30": "-9.84260", "2015-06-30": "-17.28450", "2015-03-31": "-16.59420", "2014-12-31": "-13.99510", "2014-09-30": "-13.64840", "2014-06-30": "-13.10840", "2014-03-31": "-11.12590", "2013-12-31": "-6.38120", "2013-09-30": "-5.39170", "2013-06-30": "-7.99010", "2013-03-31": "-5.06120", "2012-12-31": "-4.09000", "2012-09-30": "-6.82450", "2012-06-30": "-34.41010", "2012-03-31": "", "2011-12-31": "-64.76830", "2011-09-30": "", "2011-06-30": "", "2011-03-31": "", "2010-06-30": "", "2009-06-30": ""}, "ROA - Return On Assets": {"2020-09-30": "0.16690", "2020-06-30": "0.62510", "2020-03-31": "0.77820", "2019-12-31": "9.94160", "2019-09-30": "0.85350", "2019-06-30": "-0.24070", "2019-03-31": "-0.03510", "2018-12-31": "0.18080", "2018-09-30": "0.23470", "2018-06-30": "-1.51880", "2018-03-31": "0.28670", "2017-12-31": "-0.48860", "2017-09-30": "-0.72270", "2017-06-30": "-1.90820", "2017-03-31": "-0.99130", "2016-12-31": "0.24420", "2016-09-30": "-1.99980", "2016-06-30": "-2.89470", "2016-03-31": "-17.78680", "2015-12-31": "-2.06850", "2015-09-30": "-2.46740", "2015-06-30": "-3.96110", "2015-03-31": "-3.88940", "2014-12-31": "-3.13480", "2014-09-30": "-3.14650", "2014-06-30": "-3.99000", "2014-03-31": "-3.53770", "2013-12-31": "-2.07380", "2013-09-30": "-2.54230", "2013-06-30": "-3.94680", "2013-03-31": "-2.58900", "2012-12-31": "-2.07710", "2012-09-30": "-3.41520", "2012-06-30": "-4.35170", "2012-03-31": "", "2011-12-31": "-4.45230", "2011-09-30": "", "2011-06-30": "", "2011-03-31": "", "2010-06-30": "", "2009-06-30": ""}, "ROI - Return On Investment": {"2020-09-30": "0.29360", "2020-06-30": "1.28400", "2020-03-31": "1.62540", "2019-12-31": "21.20940", "2019-09-30": "1.91860", "2019-06-30": "-0.57140", "2019-03-31": "-0.08280", "2018-12-31": "0.39570", "2018-09-30": "0.50210", "2018-06-30": "-3.43090", "2018-03-31": "0.70670", "2017-12-31": "-1.23130", "2017-09-30": "-1.29870", "2017-06-30": "-3.43940", "2017-03-31": "-2.27940", "2016-12-31": "0.55500", "2016-09-30": "-4.20730", "2016-06-30": "-6.08770", "2016-03-31": "-42.46270", "2015-12-31": "-3.58940", "2015-09-30": "-4.17070", "2015-06-30": "-6.71550", "2015-03-31": "-6.41040", "2014-12-31": "-5.12120", "2014-09-30": "-4.80820", "2014-06-30": "-6.08880", "2014-03-31": "-5.24610", "2013-12-31": "-2.99520", "2013-09-30": "-5.11590", "2013-06-30": "-7.99010", "2013-03-31": "-5.06120", "2012-12-31": "-4.08000", "2012-09-30": "-6.82450", "2012-06-30": "-34.41010", "2012-03-31": "", "2011-12-31": "-64.76830", "2011-09-30": "", "2011-06-30": "", "2011-03-31": "", "2010-06-30": "", "2009-06-30": ""}, "Book Value Per Share": {"2020-09-30": "13.70430", "2020-06-30": "12.92380", "2020-03-31": "11.88300", "2019-12-31": "11.23160", "2019-09-30": "7.58100", "2019-06-30": "6.72640", "2019-03-31": "6.46830", "2018-12-31": "6.16730", "2018-09-30": "5.68980", "2018-06-30": "5.01240", "2018-03-31": "4.90000", "2017-12-31": "4.46850", "2017-09-30": "3.19260", "2017-06-30": "2.82620", "2017-03-31": "2.51820", "2016-12-31": "2.31120", "2016-09-30": "2.18360", "2016-06-30": "1.97140", "2016-03-31": "1.85720", "2015-12-31": "3.52530", "2015-09-30": "3.25120", "2015-06-30": "2.96680", "2015-03-31": "2.95780", "2014-12-31": "2.86720", "2014-09-30": "2.81470", "2014-06-30": "2.73240", "2014-03-31": "2.81550", "2013-12-31": "2.80900", "2013-09-30": "2.07350", "2013-06-30": "1.95830", "2013-03-31": "1.96520", "2012-12-31": "1.92620", "2012-09-30": "1.55010", "2012-06-30": "0.20580", "2012-03-31": "", "2011-12-31": "0.48340", "2011-09-30": "", "2011-06-30": "", "2011-03-31": "", "2010-06-30": "", "2009-06-30": ""}, "Operating Cash Flow Per Share": {"2020-09-30": 1.1875, "2020-06-30": 1.8085, "2020-03-31": "2.45860", "2019-12-31": 2.1494, "2019-09-30": 0.8789, "2019-06-30": 1.2566, "2019-03-31": "1.98200", "2018-12-31": 1.8473, "2018-09-30": 0.5932, "2018-06-30": 0.8056, "2018-03-31": "1.31450", "2017-12-31": 1.0905, "2017-09-30": 0.8093, "2017-06-30": 0.7444, "2017-03-31": "1.11180", "2016-12-31": 0.8022, "2016-09-30": 0.5888, "2016-06-30": -0.9096, "2016-03-31": "0.48550", "2015-12-31": 0.6949, "2015-09-30": 0.3906, "2015-06-30": 0.5108, "2015-03-31": "0.44440", "2014-12-31": 0.3459, "2014-09-30": 0.1649, "2014-06-30": 0.2883, "2014-03-31": "0.17050", "2013-12-31": 0.2728, "2013-09-30": 0.1468, "2013-06-30": 0.0683, "2013-03-31": "0.11580", "2012-12-31": 0.3871, "2012-09-30": -0.5556, "2012-06-30": 0.1883, "2012-03-31": "0.64000", "2011-12-31": -1.1343, "2011-09-30": -0.1322, "2011-06-30": 1.2665, "2011-03-31": "", "2010-06-30": 0, "2009-06-30": 0}, "Free Cash Flow Per Share": {"2020-09-30": 0.7354, "2020-06-30": 1.2633, "2020-03-31": "2.04240", "2019-12-31": 1.7457, "2019-09-30": 0.4592, "2019-06-30": 0.9957, "2019-03-31": "1.72320", "2018-12-31": 1.2946, "2018-09-30": 0.3821, "2018-06-30": 0.4932, "2018-03-31": "1.12860", "2017-12-31": 0.8852, "2017-09-30": 0.5408, "2017-06-30": 0.5356, "2017-03-31": "0.91510", "2016-12-31": 0.6692, "2016-09-30": 0.4033, "2016-06-30": -1.0533, "2016-03-31": "0.30610", "2015-12-31": 0.5319, "2015-09-30": 0.2625, "2015-06-30": 0.4163, "2015-03-31": "0.26820", "2014-12-31": 0.2827, "2014-09-30": 0.0437, "2014-06-30": 0.1758, "2014-03-31": "0.09330", "2013-12-31": 0.1484, "2013-09-30": 0.0279, "2013-06-30": -0.0167, "2013-03-31": "0.03550", "2012-12-31": 0.0912, "2012-09-30": -0.101, "2012-06-30": -0.1989, "2012-03-31": "0.29940", "2011-12-31": -0.8481, "2011-09-30": -0.1232, "2011-06-30": 0.9713, "2011-03-31": "", "2010-06-30": 0, "2009-06-30": 0}}, "revenue": {"ServiceNow Annual Revenue (Millions of US $)": {"2020": "$4,519", "2019": "$3,460", "2018": "$2,609", "2017": "$1,918", "2016": "$1,391", "2015": "$1,005", "2014": "$683", "2013": "$425", "2012": "$244", "2011": "$93", "2010": "$43", "2009": "$19", "2008": "$19"}, "ServiceNow Quarterly Revenue (Millions of US $)": {"2020-12-31": "$1,250", "2020-09-30": "$1,152", "2020-06-30": "$1,071", "2020-03-31": "$1,046", "2019-12-31": "$952", "2019-09-30": "$886", "2019-06-30": "$834", "2019-03-31": "$789", "2018-12-31": "$715", "2018-09-30": "$673", "2018-06-30": "$631", "2018-03-31": "$589", "2017-12-31": "$549", "2017-09-30": "$492", "2017-06-30": "$448", "2017-03-31": "$429", "2016-12-31": "$386", "2016-09-30": "$358", "2016-06-30": "$341", "2016-03-31": "$306", "2015-12-31": "$286", "2015-09-30": "$261", "2015-06-30": "$247", "2015-03-31": "$212", "2014-12-31": "$198", "2014-09-30": "$179", "2014-06-30": "$167", "2014-03-31": "$139", "2013-12-31": "$125", "2013-09-30": "$111", "2013-06-30": "$102", "2013-03-31": "$86", "2012-12-31": "$75", "2012-09-30": "$64", "2012-06-30": "$57", "2012-03-31": "$47", "2011-12-31": "$39", "2011-09-30": "$34", "2011-06-30": "$29", "2011-03-31": "$85", "2010-06-30": "", "2009-06-30": ""}}, "gross-profit": {"ServiceNow Annual Gross Profit (Millions of US $)": {"2020": "$3,532", "2019": "$2,664", "2018": "$1,986", "2017": "$1,419", "2016": "$992", "2015": "$676", "2014": "$434", "2013": "$269", "2012": "$140", "2011": "$61", "2010": "$27", "2009": "$11", "2008": "$11"}, "ServiceNow Quarterly Gross Profit (Millions of US $)": {"2020-12-31": "$971", "2020-09-30": "$900", "2020-06-30": "$838", "2020-03-31": "$823", "2019-12-31": "$740", "2019-09-30": "$685", "2019-06-30": "$636", "2019-03-31": "$603", "2018-12-31": "$547", "2018-09-30": "$515", "2018-06-30": "$478", "2018-03-31": "$446", "2017-12-31": "$415", "2017-09-30": "$365", "2017-06-30": "$326", "2017-03-31": "$313", "2016-12-31": "$281", "2016-09-30": "$255", "2016-06-30": "$245", "2016-03-31": "$212", "2015-12-31": "$195", "2015-09-30": "$179", "2015-06-30": "$167", "2015-03-31": "$135", "2014-12-31": "$127", "2014-09-30": "$113", "2014-06-30": "$108", "2014-03-31": "$86", "2013-12-31": "$80", "2013-09-30": "$70", "2013-06-30": "$66", "2013-03-31": "$54", "2012-12-31": "$43", "2012-09-30": "$37", "2012-06-30": "$34", "2012-03-31": "$26", "2011-12-31": "$39", "2011-09-30": "$22", "2011-06-30": "$20", "2011-03-31": "$85", "2010-06-30": "", "2009-06-30": ""}}, "operating-income": {"ServiceNow Annual Operating Income (Millions of US $)": {"2020": "$199", "2019": "$42", "2018": "$-42", "2017": "$-64", "2016": "$-382", "2015": "$-166", "2014": "$-152", "2013": "$-66", "2012": "$-38", "2011": "$11", "2010": "$-28", "2009": "$-6", "2008": "$-6"}, "ServiceNow Quarterly Operating Income (Millions of US $)": {"2020-12-31": "$18", "2020-09-30": "$69", "2020-06-30": "$62", "2020-03-31": "$49", "2019-12-31": "$29", "2019-09-30": "$56", "2019-06-30": "$-27", "2019-03-31": "$-16", "2018-12-31": "$0", "2018-09-30": "$10", "2018-06-30": "$-32", "2018-03-31": "$-20", "2017-12-31": "$-1", "2017-09-30": "$-4", "2017-06-30": "$-38", "2017-03-31": "$-22", "2016-12-31": "$17", "2016-09-30": "$-27", "2016-06-30": "$-48", "2016-03-31": "$-324", "2015-12-31": "$-31", "2015-09-30": "$-28", "2015-06-30": "$-53", "2015-03-31": "$-54", "2014-12-31": "$-37", "2014-09-30": "$-34", "2014-06-30": "$-44", "2014-03-31": "$-36", "2013-12-31": "$-19", "2013-09-30": "$-15", "2013-06-30": "$-19", "2013-03-31": "$-13", "2012-12-31": "$-10", "2012-09-30": "$-13", "2012-06-30": "$-9", "2012-03-31": "$-6", "2011-12-31": "$39", "2011-09-30": "$1", "2011-06-30": "$2", "2011-03-31": "$85", "2010-06-30": "", "2009-06-30": ""}}, "ebitda": {"ServiceNow Annual EBITDA (Millions of US $)": {"2019": "$496", "2018": "$303", "2017": "$202", "2016": "$-196", "2015": "$-2", "2014": "$-21", "2013": "$-4", "2012": "$-9", "2011": "$16", "2010": "$-26", "2009": "$-5", "2008": "$-6"}, "ServiceNow Quarterly EBITDA (Millions of US $)": {"2020-09-30": "$215", "2020-06-30": "$205", "2020-03-31": "$184", "2019-12-31": "$155", "2019-09-30": "$171", "2019-06-30": "$82", "2019-03-31": "$87", "2018-12-31": "$88", "2018-09-30": "$102", "2018-06-30": "$53", "2018-03-31": "$61", "2017-12-31": "$79", "2017-09-30": "$67", "2017-06-30": "$22", "2017-03-31": "$34", "2016-12-31": "$57", "2016-09-30": "$26", "2016-06-30": "$0", "2016-03-31": "$-279", "2015-12-31": "$13", "2015-09-30": "$13", "2015-06-30": "$-13", "2015-03-31": "$-15", "2014-12-31": "$1", "2014-09-30": "$-0", "2014-06-30": "$-14", "2014-03-31": "$-8", "2013-12-31": "$3", "2013-09-30": "$1", "2013-06-30": "$-6", "2013-03-31": "$-2", "2012-12-31": "$0", "2012-09-30": "$-5", "2012-06-30": "$-3", "2012-03-31": "$-1", "2011-12-31": "$33", "2011-09-30": "$3", "2011-06-30": "$2", "2011-03-31": "$85", "2010-06-30": "", "2009-06-30": ""}}, "net-income": {"ServiceNow Annual Net Income (Millions of US $)": {"2020": "$119", "2019": "$627", "2018": "$-27", "2017": "$-117", "2016": "$-414", "2015": "$-198", "2014": "$-179", "2013": "$-74", "2012": "$-37", "2011": "$10", "2010": "$-30", "2009": "$-7", "2008": "$-6"}, "ServiceNow Quarterly Net Income (Millions of US $)": {"2020-12-31": "$17", "2020-09-30": "$13", "2020-06-30": "$41", "2020-03-31": "$48", "2019-12-31": "$599", "2019-09-30": "$41", "2019-06-30": "$-11", "2019-03-31": "$-2", "2018-12-31": "$7", "2018-09-30": "$8", "2018-06-30": "$-53", "2018-03-31": "$11", "2017-12-31": "$-17", "2017-09-30": "$-22", "2017-06-30": "$-56", "2017-03-31": "$-22", "2016-12-31": "$5", "2016-09-30": "$-36", "2016-06-30": "$-50", "2016-03-31": "$-333", "2015-12-31": "$-37", "2015-09-30": "$-41", "2015-06-30": "$-62", "2015-03-31": "$-58", "2014-12-31": "$-45", "2014-09-30": "$-41", "2014-06-30": "$-50", "2014-03-31": "$-43", "2013-12-31": "$-24", "2013-09-30": "$-15", "2013-06-30": "$-21", "2013-03-31": "$-13", "2012-12-31": "$-10", "2012-09-30": "$-13", "2012-06-30": "$-9", "2012-03-31": "$-6", "2011-12-31": "$-7", "2011-09-30": "$-0", "2011-06-30": "$0", "2011-03-31": "$7", "2010-06-30": "", "2009-06-30": ""}}, "eps-earnings-per-share-diluted": {"ServiceNow Annual EPS": {"2020": "$0.59", "2019": "$3.18", "2018": "$-0.15", "2017": "$-0.68", "2016": "$-2.52", "2015": "$-1.27", "2014": "$-1.23", "2013": "$-0.54", "2012": "$-0.51", "2011": "$0.08", "2010": "$-1.31", "2009": "$-0.17", "2008": "$0.00"}, "ServiceNow Quarterly EPS": {"2020-12-31": "$0.08", "2020-09-30": "$0.06", "2020-06-30": "$0.20", "2020-03-31": "$0.24", "2019-12-31": "$3.04", "2019-09-30": "$0.21", "2019-06-30": "$-0.06", "2019-03-31": "$-0.01", "2018-12-31": "$0.05", "2018-09-30": "$0.04", "2018-06-30": "$-0.30", "2018-03-31": "$0.06", "2017-12-31": "$-0.09", "2017-09-30": "$-0.13", "2017-06-30": "$-0.33", "2017-03-31": "$-0.13", "2016-12-31": "$0.06", "2016-09-30": "$-0.22", "2016-06-30": "$-0.30", "2016-03-31": "$-2.06", "2015-12-31": "$-0.23", "2015-09-30": "$-0.26", "2015-06-30": "$-0.40", "2015-03-31": "$-0.38", "2014-12-31": "$-0.30", "2014-09-30": "$-0.28", "2014-06-30": "$-0.35", "2014-03-31": "$-0.30", "2013-12-31": "$-0.17", "2013-09-30": "$-0.11", "2013-06-30": "$-0.16", "2013-03-31": "$-0.10", "2012-12-31": "$0.15", "2012-09-30": "$-0.11", "2012-06-30": "$-0.32", "2012-03-31": "$-0.23", "2011-12-31": "$-0.32", "2011-09-30": "$-0.00", "2011-06-30": "$0.02", "2011-03-31": "$0.11", "2010-06-30": "$0.00", "2009-06-30": "$0.00"}}, "shares-outstanding": {"ServiceNow Annual Shares Outstanding (Millions of Shares)": {"2020": "202", "2019": "197", "2018": "178", "2017": "171", "2016": "165", "2015": "156", "2014": "145", "2013": "135", "2012": "74", "2011": "28", "2010": "23", "2009": "39", "2008": ""}, "ServiceNow Quarterly Shares Outstanding (Millions of Shares)": {"2020-12-31": "202", "2020-09-30": "202", "2020-06-30": "201", "2020-03-31": "200", "2019-12-31": "197", "2019-09-30": "198", "2019-06-30": "187", "2019-03-31": "182", "2018-12-31": "178", "2018-09-30": "192", "2018-06-30": "177", "2018-03-31": "190", "2017-12-31": "171", "2017-09-30": "172", "2017-06-30": "170", "2017-03-31": "169", "2016-12-31": "165", "2016-09-30": "165", "2016-06-30": "164", "2016-03-31": "162", "2015-12-31": "156", "2015-09-30": "157", "2015-06-30": "154", "2015-03-31": "152", "2014-12-31": "145", "2014-09-30": "146", "2014-06-30": "144", "2014-03-31": "142", "2013-12-31": "135", "2013-09-30": "137", "2013-06-30": "134", "2013-03-31": "130", "2012-12-31": "74", "2012-09-30": "118", "2012-06-30": "28", "2012-03-31": "25", "2011-12-31": "22", "2011-09-30": "32", "2011-06-30": "30", "2011-03-31": "70", "2010-06-30": "", "2009-06-30": ""}}, "total-assets": {"ServiceNow Annual Total Assets (Millions of US $)": {"2019": "$6,022", "2018": "$3,879", "2017": "$3,550", "2016": "$2,034", "2015": "$1,807", "2014": "$1,425", "2013": "$1,168", "2012": "$478", "2011": "$0", "2010": "$51", "2009": "$0", "2008": "$0"}, "ServiceNow Quarterly Total Assets (Millions of US $)": {"2020-09-30": "$7,705", "2020-06-30": "$6,521", "2020-03-31": "$6,197", "2019-12-31": "$6,022", "2019-09-30": "$4,757", "2019-06-30": "$4,603", "2019-03-31": "$4,399", "2018-12-31": "$3,879", "2018-09-30": "$3,581", "2018-06-30": "$3,473", "2018-03-31": "$3,704", "2017-12-31": "$3,550", "2017-09-30": "$3,070", "2017-06-30": "$2,924", "2017-03-31": "$2,170", "2016-12-31": "$2,034", "2016-09-30": "$1,813", "2016-06-30": "$1,714", "2016-03-31": "$1,874", "2015-12-31": "$1,807", "2015-09-30": "$1,663", "2015-06-30": "$1,563", "2015-03-31": "$1,494", "2014-12-31": "$1,425", "2014-09-30": "$1,305", "2014-06-30": "$1,262", "2014-03-31": "$1,224", "2013-12-31": "$1,168", "2013-09-30": "$579", "2013-06-30": "$542", "2013-03-31": "$516", "2012-12-31": "$478", "2012-09-30": "$382", "2012-06-30": "$200", "2012-03-31": "$0", "2011-12-31": "$156", "2011-09-30": "$0", "2011-06-30": "$0", "2011-03-31": "$0", "2010-06-30": "$51", "2009-06-30": "$0"}}, "cash-on-hand": {"ServiceNow Annual Cash on Hand (Millions of US $)": {"2019": "$1,691", "2018": "$1,498", "2017": "$1,779", "2016": "$899", "2015": "$801", "2014": "$669", "2013": "$635", "2012": "$315", "2011": "$", "2010": "$30", "2009": "$", "2008": "$"}, "ServiceNow Quarterly Cash on Hand (Millions of US $)": {"2020-09-30": "$2,952", "2020-06-30": "$2,343", "2020-03-31": "$1,859", "2019-12-31": "$1,691", "2019-09-30": "$1,471", "2019-06-30": "$1,653", "2019-03-31": "$1,662", "2018-12-31": "$1,498", "2018-09-30": "$1,626", "2018-06-30": "$1,750", "2018-03-31": "$1,886", "2017-12-31": "$1,779", "2017-09-30": "$1,672", "2017-06-30": "$1,692", "2017-03-31": "$975", "2016-12-31": "$899", "2016-09-30": "$807", "2016-06-30": "$807", "2016-03-31": "$901", "2015-12-31": "$801", "2015-09-30": "$729", "2015-06-30": "$723", "2015-03-31": "$745", "2014-12-31": "$669", "2014-09-30": "$646", "2014-06-30": "$677", "2014-03-31": "$656", "2013-12-31": "$635", "2013-09-30": "$220", "2013-06-30": "$254", "2013-03-31": "$339", "2012-12-31": "$315", "2012-09-30": "$256", "2012-06-30": "$88", "2012-03-31": "", "2011-12-31": "$68", "2011-09-30": "", "2011-06-30": "", "2011-03-31": "", "2010-06-30": "$30", "2009-06-30": ""}}, "long-term-debt": {"ServiceNow Annual Long Term Debt (Millions of US $)": {"2019": "$695", "2018": "$662", "2017": "$630", "2016": "$508", "2015": "$475", "2014": "$443", "2013": "$415", "2012": "$", "2011": "$", "2010": "$", "2009": "$", "2008": "$"}, "ServiceNow Quarterly Long Term Debt (Millions of US $)": {"2020-09-30": "$1,706", "2020-06-30": "$696", "2020-03-31": "$701", "2019-12-31": "$695", "2019-09-30": "$687", "2019-06-30": "$678", "2019-03-31": "$670", "2018-12-31": "$662", "2018-09-30": "$654", "2018-06-30": "$646", "2018-03-31": "$638", "2017-12-31": "$630", "2017-09-30": "$1,157", "2017-06-30": "$1,140", "2017-03-31": "$516", "2016-12-31": "$508", "2016-09-30": "$499", "2016-06-30": "$491", "2016-03-31": "$483", "2015-12-31": "$475", "2015-09-30": "$467", "2015-06-30": "$459", "2015-03-31": "$451", "2014-12-31": "$443", "2014-09-30": "$436", "2014-06-30": "$429", "2014-03-31": "$422", "2013-12-31": "$415", "2013-09-30": "", "2013-06-30": "", "2013-03-31": "", "2012-12-31": "", "2012-09-30": "", "2012-06-30": "", "2012-03-31": "", "2011-12-31": "", "2011-09-30": "", "2011-06-30": "", "2011-03-31": "", "2010-06-30": "", "2009-06-30": ""}}, "total-liabilities": {"ServiceNow Annual Total Liabilities (Millions of US $)": {"2019": "$3,894", "2018": "$2,768", "2017": "$2,772", "2016": "$1,647", "2015": "$1,240", "2014": "$996", "2013": "$774", "2012": "$235", "2011": "$", "2010": "$55", "2009": "$", "2008": "$"}, "ServiceNow Quarterly Total Liabilities (Millions of US $)": {"2020-09-30": "$5,032", "2020-06-30": "$4,043", "2020-03-31": "$3,931", "2019-12-31": "$3,894", "2019-09-30": "$3,327", "2019-06-30": "$3,342", "2019-03-31": "$3,204", "2018-12-31": "$2,768", "2018-09-30": "$2,561", "2018-06-30": "$2,581", "2018-03-31": "$2,839", "2017-12-31": "$2,772", "2017-09-30": "$2,518", "2017-06-30": "$2,442", "2017-03-31": "$1,743", "2016-12-31": "$1,647", "2016-09-30": "$1,451", "2016-06-30": "$1,390", "2016-03-31": "$1,572", "2015-12-31": "$1,240", "2015-09-30": "$1,146", "2015-06-30": "$1,100", "2015-03-31": "$1,039", "2014-12-31": "$996", "2014-09-30": "$887", "2014-06-30": "$864", "2014-03-31": "$821", "2013-12-31": "$774", "2013-09-30": "$291", "2013-06-30": "$274", "2013-03-31": "$252", "2012-12-31": "$235", "2012-09-30": "$191", "2012-06-30": "$175", "2012-03-31": "$0", "2011-12-31": "$146", "2011-09-30": "$0", "2011-06-30": "$0", "2011-03-31": "", "2010-06-30": "$55", "2009-06-30": "$0"}}, "total-share-holder-equity": {"ServiceNow Annual Share Holder Equity (Millions of US $)": {"2019": "$2,128", "2018": "$1,111", "2017": "$779", "2016": "$387", "2015": "$567", "2014": "$429", "2013": "$394", "2012": "$243", "2011": "$", "2010": "$-71", "2009": "$", "2008": "$"}, "ServiceNow Quarterly Share Holder Equity (Millions of US $)": {"2020-09-30": "$2,674", "2020-06-30": "$2,479", "2020-03-31": "$2,266", "2019-12-31": "$2,128", "2019-09-30": "$1,429", "2019-06-30": "$1,261", "2019-03-31": "$1,195", "2018-12-31": "$1,111", "2018-09-30": "$1,020", "2018-06-30": "$892", "2018-03-31": "$865", "2017-12-31": "$779", "2017-09-30": "$551", "2017-06-30": "$482", "2017-03-31": "$427", "2016-12-31": "$387", "2016-09-30": "$363", "2016-06-30": "$324", "2016-03-31": "$302", "2015-12-31": "$567", "2015-09-30": "$517", "2015-06-30": "$463", "2015-03-31": "$455", "2014-12-31": "$429", "2014-09-30": "$417", "2014-06-30": "$398", "2014-03-31": "$404", "2013-12-31": "$394", "2013-09-30": "$288", "2013-06-30": "$268", "2013-03-31": "$264", "2012-12-31": "$243", "2012-09-30": "$191", "2012-06-30": "$25", "2012-03-31": "$0", "2011-12-31": "$11", "2011-09-30": "$0", "2011-06-30": "$0", "2011-03-31": "", "2010-06-30": "$-71", "2009-06-30": "$0"}}, "profit-margins": {"current": "2.62%"}, "gross margin": {"2020-12-31": "78.16%", "2020-09-30": "78.20%", "2020-06-30": "78.03%", "2020-03-31": "77.57%", "2019-12-31": "76.97%", "2019-09-30": "76.64%", "2019-06-30": "76.42%", "2019-03-31": "76.32%", "2018-12-31": "76.15%", "2018-09-30": "75.92%", "2018-06-30": "75.36%", "2018-03-31": "74.69%", "2017-12-31": "73.98%", "2017-09-30": "73.22%", "2017-06-30": "72.49%", "2017-03-31": "72.26%", "2016-12-31": "71.39%", "2016-09-30": "70.26%", "2016-06-30": "69.60%", "2016-03-31": "68.45%", "2015-12-31": "67.20%", "2015-09-30": "66.23%", "2015-06-30": "64.83%", "2015-03-31": "63.89%", "2014-12-31": "63.54%", "2014-09-30": "63.44%", "2014-06-30": "63.47%", "2014-03-31": "63.31%", "2013-12-31": "63.68%", "2013-09-30": "62.30%", "2013-06-30": "61.16%", "2013-03-31": "59.57%", "2012-12-31": "57.61%", "2012-09-30": "65.70%", "2012-06-30": "68.36%", "2012-03-31": "71.81%", "2011-12-31": "88.77%"}, "operating margin": {"2020-12-31": "4.38%", "2020-09-30": "4.95%", "2020-06-30": "4.96%", "2020-03-31": "2.88%", "2019-12-31": "1.21%", "2019-09-30": "0.40%", "2019-06-30": "-1.10%", "2019-03-31": "-1.35%", "2018-12-31": "-1.61%", "2018-09-30": "-1.76%", "2018-06-30": "-2.52%", "2018-03-31": "-3.03%", "2017-12-31": "-3.39%", "2017-09-30": "-2.68%", "2017-06-30": "-4.32%", "2017-03-31": "-5.28%", "2016-12-31": "-27.46%", "2016-09-30": "-33.31%", "2016-06-30": "-36.10%", "2016-03-31": "-39.64%", "2015-12-31": "-16.50%", "2015-09-30": "-18.74%", "2015-06-30": "-21.29%", "2015-03-31": "-22.35%", "2014-12-31": "-22.11%", "2014-09-30": "-21.80%", "2014-06-30": "-21.03%", "2014-03-31": "-18.66%", "2013-12-31": "-15.57%", "2013-09-30": "-15.24%", "2013-06-30": "-16.82%", "2013-03-31": "-15.96%", "2012-12-31": "-15.64%", "2012-09-30": "5.31%", "2012-06-30": "14.12%", "2012-03-31": "24.16%", "2011-12-31": "67.91%"}, "ebitda margin": {"2020-09-30": "17.98%", "2020-06-30": "18.08%", "2020-03-31": "15.92%", "2019-12-31": "14.30%", "2019-09-30": "13.28%", "2019-06-30": "11.92%", "2019-03-31": "11.75%", "2018-12-31": "11.66%", "2018-09-30": "12.08%", "2018-06-30": "11.50%", "2018-03-31": "11.02%", "2017-12-31": "10.53%", "2017-09-30": "10.26%", "2017-06-30": "8.57%", "2017-03-31": "7.73%", "2016-12-31": "-14.09%", "2016-09-30": "-18.59%", "2016-06-30": "-21.19%", "2016-03-31": "-24.18%", "2015-12-31": "-0.20%", "2015-09-30": "-1.53%", "2015-06-30": "-3.23%", "2015-03-31": "-3.70%", "2014-12-31": "-3.07%", "2014-09-30": "-3.11%", "2014-06-30": "-3.32%", "2014-03-31": "-2.10%", "2013-12-31": "-0.94%", "2013-09-30": "-1.87%", "2013-06-30": "-3.98%", "2013-03-31": "-3.55%", "2012-12-31": "-3.70%", "2012-09-30": "11.59%", "2012-06-30": "18.08%", "2012-03-31": "24.83%", "2011-12-31": "65.78%"}, "pre tax profit margin": {"2020-12-31": "3.28%", "2020-09-30": "4.00%", "2020-06-30": "5.18%", "2020-03-31": "3.42%", "2019-12-31": "1.96%", "2019-09-30": "1.12%", "2019-06-30": "-0.60%", "2019-03-31": "-1.53%", "2018-12-31": "-1.50%", "2018-09-30": "-2.21%", "2018-06-30": "-3.58%", "2018-03-31": "-4.72%", "2017-12-31": "-5.94%", "2017-09-30": "-5.24%", "2017-06-30": "-6.48%", "2017-03-31": "-6.67%", "2016-12-31": "-29.48%", "2016-09-30": "-35.24%", "2016-06-30": "-38.69%", "2016-03-31": "-42.55%", "2015-12-31": "-19.18%", "2015-09-30": "-21.79%", "2015-06-30": "-23.92%", "2015-03-31": "-25.13%", "2014-12-31": "-25.62%", "2014-09-30": "-25.57%", "2014-06-30": "-23.99%", "2014-03-31": "-21.17%", "2013-12-31": "-16.98%", "2013-09-30": "-15.24%", "2013-06-30": "-17.13%", "2013-03-31": "-15.60%", "2012-12-31": "-14.81%", "2012-09-30": "5.80%", "2012-06-30": "14.12%", "2012-03-31": "24.16%", "2011-12-31": "67.38%"}, "net profit margin": {"2020-12-31": "2.63%", "2020-09-30": "16.61%", "2020-06-30": "18.43%", "2020-03-31": "18.21%", "2019-12-31": "18.12%", "2019-09-30": "1.09%", "2019-06-30": "0.07%", "2019-03-31": "-1.42%", "2018-12-31": "-1.04%", "2018-09-30": "-2.09%", "2018-06-30": "-3.58%", "2018-03-31": "-4.04%", "2017-12-31": "-6.10%", "2017-09-30": "-5.41%", "2017-06-30": "-6.72%", "2017-03-31": "-6.80%", "2016-12-31": "-29.76%", "2016-09-30": "-35.32%", "2016-06-30": "-38.61%", "2016-03-31": "-43.00%", "2015-12-31": "-19.68%", "2015-09-30": "-22.44%", "2015-06-30": "-24.64%", "2015-03-31": "-25.66%", "2014-12-31": "-26.21%", "2014-09-30": "-25.90%", "2014-06-30": "-24.35%", "2014-03-31": "-21.59%", "2013-12-31": "-17.22%", "2013-09-30": "-15.78%", "2013-06-30": "-17.43%", "2013-03-31": "-15.96%", "2012-12-31": "-15.64%", "2012-09-30": "-16.91%", "2012-06-30": "-12.43%", "2012-03-31": "-8.72%", "2011-12-31": "0.00%"}, "pe ratio": {"current": "541.04", "2021-02-05": "1179.46", "2020-12-31": "1100.86", "2020-09-30": "137.39", "2020-06-30": "110.07", "2020-03-31": "83.80", "2019-12-31": "89.06", "2019-09-30": "1410.28", "2019-06-30": "27457.00", "2019-03-31": "0.00", "2018-12-31": "0.00", "2018-09-30": "0.00", "2018-06-30": "0.00", "2018-03-31": "0.00", "2017-12-31": "0.00", "2017-09-30": "0.00", "2017-06-30": "0.00", "2017-03-31": "0.00", "2016-12-31": "0.00", "2016-09-30": "0.00", "2016-06-30": "0.00", "2016-03-31": "0.00", "2015-12-31": "0.00", "2015-09-30": "0.00", "2015-06-30": "0.00", "2015-03-31": "0.00", "2014-12-31": "0.00", "2014-09-30": "0.00", "2014-06-30": "0.00", "2014-03-31": "0.00", "2013-12-31": "0.00", "2013-09-30": "0.00", "2013-06-30": "0.00", "2013-03-31": "0.00"}, "price sales": {"2021-02-05": "26.29", "2020-12-31": "24.54", "2020-09-30": "23.01", "2020-06-30": "20.40", "2020-03-31": "15.08", "2019-12-31": "15.60", "2019-09-30": "14.67", "2019-06-30": "16.82", "2019-03-31": "15.99", "2018-12-31": "12.56", "2018-09-30": "14.64", "2018-06-30": "13.55", "2018-03-31": "14.02", "2017-12-31": "11.60", "2017-09-30": "11.32", "2017-06-30": "10.95", "2017-03-31": "9.58", "2016-12-31": "8.77", "2016-09-30": "9.93", "2016-06-30": "8.89", "2016-03-31": "8.76", "2015-12-31": "13.33", "2015-09-30": "11.53", "2015-06-30": "13.32", "2015-03-31": "15.34", "2014-12-31": "14.38", "2014-09-30": "13.74", "2014-06-30": "16.02", "2014-03-31": "17.25", "2013-12-31": "17.74", "2013-09-30": "15.99", "2013-06-30": "13.53", "2013-03-31": "8.48"}, "price book": {"current": "40.59", "2021-02-05": "43.03", "2020-09-30": "35.39", "2020-06-30": "31.34", "2020-03-31": "24.12", "2019-12-31": "25.14", "2019-09-30": "33.49", "2019-06-30": "40.82", "2019-03-31": "38.11", "2018-12-31": "28.87", "2018-09-30": "34.38", "2018-06-30": "34.41", "2018-03-31": "33.77", "2017-12-31": "29.18", "2017-09-30": "36.81", "2017-06-30": "37.51", "2017-03-31": "34.74", "2016-12-31": "32.17", "2016-09-30": "36.25", "2016-06-30": "33.68", "2016-03-31": "32.94", "2015-12-31": "24.55", "2015-09-30": "21.36", "2015-06-30": "25.05", "2015-03-31": "26.63", "2014-12-31": "23.66", "2014-09-30": "20.88", "2014-06-30": "22.68", "2014-03-31": "21.28", "2013-12-31": "19.94", "2013-09-30": "25.05", "2013-06-30": "20.63", "2013-03-31": "18.42", "2012-12-31": "15.59", "2012-09-30": "24.95", "2012-06-30": "119.53"}, "price fcf": {"2021-02-05": "", "2020-09-30": "$5.79", "2020-06-30": "$5.51", "2020-03-31": "$5.24", "2019-12-31": "$4.92", "2019-09-30": "$4.47", "2019-06-30": "$4.40", "2019-03-31": "$3.89", "2018-12-31": "$3.30", "2018-09-30": "$2.89", "2018-06-30": "$3.05", "2018-03-31": "$3.09", "2017-12-31": "$2.88", "2017-09-30": "$2.66", "2017-06-30": "$2.52", "2017-03-31": "$0.93", "2016-12-31": "$0.33", "2016-09-30": "$0.19", "2016-06-30": "$0.05", "2016-03-31": "$1.52", "2015-12-31": "$1.48", "2015-09-30": "$1.23", "2015-06-30": "$1.01", "2015-03-31": "$0.77", "2014-12-31": "$0.60", "2014-09-30": "$0.46", "2014-06-30": "$0.45", "2014-03-31": "$0.25", "2013-12-31": "$0.20", "2013-09-30": "$0.14", "2013-06-30": "$0.01", "2013-03-31": "$0.13"}, "net worth": {"value": "$115.06B"}, "current ratio": {"2020-12-31": "1.21", "2020-09-30": "1.40", "2020-06-30": "1.17", "2020-03-31": "1.03", "2019-12-31": "1.03", "2019-09-30": "1.05", "2019-06-30": "1.10", "2019-03-31": "1.13", "2018-12-31": "1.17", "2018-09-30": "1.26", "2018-06-30": "1.28", "2018-03-31": "1.19", "2017-12-31": "1.19", "2017-09-30": "1.66", "2017-06-30": "1.73", "2017-03-31": "1.23", "2016-12-31": "1.25", "2016-09-30": "1.25", "2016-06-30": "1.29", "2016-03-31": "1.14", "2015-12-31": "1.48", "2015-09-30": "1.55", "2015-06-30": "1.61", "2015-03-31": "1.82", "2014-12-31": "1.79", "2014-09-30": "1.96", "2014-06-30": "2.10", "2014-03-31": "2.27", "2013-12-31": "2.43", "2013-09-30": "1.28", "2013-06-30": "1.51", "2013-03-31": "1.95", "2012-12-31": "1.99", "2012-09-30": "1.99", "2012-06-30": "1.00", "2012-03-31": "0.00", "2011-12-31": "1.03", "2011-09-30": "0.00", "2011-06-30": "0.00", "2011-03-31": "0.00", "2010-06-30": "1.04", "2009-06-30": "0.00"}, "quick ratio": {"2020-12-31": "0.00", "2020-09-30": "0.00", "2020-06-30": "0.00", "2020-03-31": "0.00", "2019-12-31": "0.00", "2019-09-30": "0.00", "2019-06-30": "0.00", "2019-03-31": "0.00", "2018-12-31": "0.00", "2018-09-30": "0.00", "2018-06-30": "0.00", "2018-03-31": "0.00", "2017-12-31": "0.00", "2017-09-30": "0.00", "2017-06-30": "0.00", "2017-03-31": "0.00", "2016-12-31": "0.00", "2016-09-30": "0.00", "2016-06-30": "0.00", "2016-03-31": "0.00", "2015-12-31": "0.00", "2015-09-30": "0.00", "2015-06-30": "0.00", "2015-03-31": "0.00", "2014-12-31": "0.00", "2014-09-30": "0.00", "2014-06-30": "0.00", "2014-03-31": "0.00", "2013-12-31": "0.00", "2013-09-30": "0.00", "2013-06-30": "0.00", "2013-03-31": "0.00", "2012-12-31": "0.00", "2012-09-30": "0.00", "2012-06-30": "0.00", "2012-03-31": "0.00", "2011-12-31": "0.00", "2011-09-30": "0.00", "2011-06-30": "0.00", "2011-03-31": "0.00", "2010-06-30": "0.00", "2009-06-30": "0.00"}, "debt equity ratio": {"current": "0.58", "2020-12-31": "2.08", "2020-09-30": "1.88", "2020-06-30": "1.63", "2020-03-31": "1.74", "2019-12-31": "1.83", "2019-09-30": "2.33", "2019-06-30": "2.65", "2019-03-31": "2.68", "2018-12-31": "2.49", "2018-09-30": "2.51", "2018-06-30": "2.90", "2018-03-31": "3.28", "2017-12-31": "3.56", "2017-09-30": "4.57", "2017-06-30": "5.06", "2017-03-31": "4.08", "2016-12-31": "4.26", "2016-09-30": "4.00", "2016-06-30": "4.29", "2016-03-31": "5.20", "2015-12-31": "2.19", "2015-09-30": "2.22", "2015-06-30": "2.38", "2015-03-31": "2.28", "2014-12-31": "2.32", "2014-09-30": "2.13", "2014-06-30": "2.17", "2014-03-31": "2.03", "2013-12-31": "1.96", "2013-09-30": "1.01", "2013-06-30": "1.02", "2013-03-31": "0.96", "2012-12-31": "0.96", "2012-09-30": "1.00", "2012-06-30": "6.91", "2012-03-31": "0.00", "2011-12-31": "13.55", "2011-09-30": "0.00", "2011-06-30": "0.00", "2011-03-31": "0.00", "2010-06-30": "-0.78", "2009-06-30": "0.00"}, "return on equity": {"2020-12-31": "4.64%", "2020-09-30": "29.37%", "2020-06-30": "35.12%", "2020-03-31": "38.23%", "2019-12-31": "41.71%", "2019-09-30": "2.80%", "2019-06-30": "0.17%", "2019-03-31": "-3.79%", "2018-12-31": "-2.78%", "2018-09-30": "-5.74%", "2018-06-30": "-10.50%", "2018-03-31": "-12.55%", "2017-12-31": "-20.90%", "2017-09-30": "-20.57%", "2017-06-30": "-26.28%", "2017-03-31": "-27.45%", "2016-12-31": "-120.35%", "2016-09-30": "-117.22%", "2016-06-30": "-107.84%", "2016-03-31": "-102.33%", "2015-12-31": "-39.56%", "2015-09-30": "-44.21%", "2015-06-30": "-46.71%", "2015-03-31": "-45.67%", "2014-12-31": "-43.45%", "2014-09-30": "-39.18%", "2014-06-30": "-35.58%", "2014-03-31": "-30.43%", "2013-12-31": "-24.05%", "2013-09-30": "-22.20%", "2013-06-30": "-23.60%", "2013-03-31": "-24.90%", "2012-12-31": "-33.12%", "2012-09-30": "-61.67%", "2012-06-30": "-244.44%", "2012-03-31": "-472.73%", "2011-12-31": "0.00%"}, "return on assets": {"2020-12-31": "1.63%", "2020-09-30": "10.60%", "2020-06-30": "12.41%", "2020-03-31": "12.55%", "2019-12-31": "12.68%", "2019-09-30": "0.79%", "2019-06-30": "0.05%", "2019-03-31": "-1.04%", "2018-12-31": "-0.74%", "2018-09-30": "-1.43%", "2018-06-30": "-2.35%", "2018-03-31": "-2.54%", "2017-12-31": "-4.00%", "2017-09-30": "-3.73%", "2017-06-30": "-4.88%", "2017-03-31": "-5.33%", "2016-12-31": "-22.27%", "2016-09-30": "-25.31%", "2016-06-30": "-26.13%", "2016-03-31": "-27.39%", "2015-12-31": "-12.13%", "2015-09-30": "-13.41%", "2015-06-30": "-14.24%", "2015-03-31": "-14.15%", "2014-12-31": "-13.73%", "2014-09-30": "-12.74%", "2014-06-30": "-12.47%", "2014-03-31": "-11.73%", "2013-12-31": "-10.41%", "2013-09-30": "-11.16%", "2013-06-30": "-11.89%", "2013-03-31": "-11.42%", "2012-12-31": "-14.34%", "2012-09-30": "-18.97%", "2012-06-30": "-24.72%", "2012-03-31": "-33.33%", "2011-12-31": "0.00%"}, "return on investments": {"2020-12-31": "5.28%", "2020-09-30": "6.26%", "2020-06-30": "7.08%", "2020-03-31": "4.35%", "2019-12-31": "1.92%", "2019-09-30": "0.68%", "2019-06-30": "-1.82%", "2019-03-31": "-2.22%", "2018-12-31": "-2.59%", "2018-09-30": "-2.81%", "2018-06-30": "-3.70%", "2018-03-31": "-4.04%", "2017-12-31": "-4.58%", "2017-09-30": "-3.64%", "2017-06-30": "-6.48%", "2017-03-31": "-9.10%", "2016-12-31": "-45.52%", "2016-09-30": "-49.10%", "2016-06-30": "-47.56%", "2016-03-31": "-46.73%", "2015-12-31": "-17.23%", "2015-09-30": "-18.68%", "2015-06-30": "-20.03%", "2015-03-31": "-19.54%", "2014-12-31": "-17.88%", "2014-09-30": "-16.04%", "2014-06-30": "-18.52%", "2014-03-31": "-21.77%", "2013-12-31": "-32.63%", "2013-09-30": "inf%", "2013-06-30": "inf%", "2013-03-31": "inf%", "2012-12-31": "inf%", "2012-09-30": "inf%", "2012-06-30": "inf%", "2012-03-31": "inf%", "2011-12-31": "inf%"}, "return on tangible equity": {"2020-09-30": "34.60%", "2020-06-30": "41.77%", "2020-03-31": "46.18%", "2019-12-31": "50.89%", "2019-09-30": "3.53%", "2019-06-30": "0.22%", "2019-03-31": "-4.90%", "2018-12-31": "-3.64%", "2018-09-30": "-7.64%", "2018-06-30": "-14.39%", "2018-03-31": "-17.72%", "2017-12-31": "-31.10%", "2017-09-30": "-32.18%", "2017-06-30": "-42.58%", "2017-03-31": "-46.03%", "2016-12-31": "-199.28%", "2016-09-30": "-172.08%", "2016-06-30": "-146.35%", "2016-03-31": "-131.21%", "2015-12-31": "-49.72%", "2015-09-30": "-57.06%", "2015-06-30": "-62.05%", "2015-03-31": "-57.31%", "2014-12-31": "-51.40%", "2014-09-30": "-43.47%", "2014-06-30": "-37.03%", "2014-03-31": "-31.45%", "2013-12-31": "-24.64%", "2013-09-30": "-22.52%", "2013-06-30": "-23.60%", "2013-03-31": "-24.90%", "2012-12-31": "-33.12%", "2012-09-30": "-61.67%", "2012-06-30": "-244.44%", "2012-03-31": "-472.73%", "2011-12-31": "0.00%"}, "dividend yield history": {"last payout": "$0.00", "last yield": "0.00%"}}