{"ticker": "SVC", "price": {"title": "Service Properties Trust Historical Annual Stock Price Data", "value": 11.75, "historical": {"2021": {"Average Stock Price": "11.1908", "Year Open": "10.9900", "Year High": "11.9000", "Year Low": "10.5400", "Year Close": "11.7500", "Annual % Change": "2.26%"}, "2020": {"Average Stock Price": "10.6266", "Year Open": "23.9100", "Year High": "24.0000", "Year Low": "4.1700", "Year Close": "11.4900", "Annual % Change": "-52.77%"}, "2019": {"Average Stock Price": "25.2754", "Year Open": "23.3800", "Year High": "27.8200", "Year Low": "22.5100", "Year Close": "24.3300", "Annual % Change": "1.88%"}, "2018": {"Average Stock Price": "27.1765", "Year Open": "30.0100", "Year High": "30.0100", "Year Low": "22.6600", "Year Close": "23.8800", "Annual % Change": "-20.00%"}, "2017": {"Average Stock Price": "29.8464", "Year Open": "32.1000", "Year High": "32.5600", "Year Low": "26.8800", "Year Close": "29.8500", "Annual % Change": "-5.95%"}, "2016": {"Average Stock Price": "27.5671", "Year Open": "26.1700", "Year High": "32.1400", "Year Low": "21.7700", "Year Close": "31.7400", "Annual % Change": "21.38%"}, "2015": {"Average Stock Price": "29.2267", "Year Open": "31.4500", "Year High": "34.0600", "Year Low": "24.8400", "Year Close": "26.1500", "Annual % Change": "-15.65%"}, "2014": {"Average Stock Price": "28.7894", "Year Open": "26.9800", "Year High": "31.9800", "Year Low": "24.7100", "Year Close": "31.0000", "Annual % Change": "14.69%"}, "2013": {"Average Stock Price": "27.5601", "Year Open": "23.9900", "Year High": "32.2600", "Year Low": "23.9400", "Year Close": "27.0300", "Annual % Change": "15.41%"}, "2012": {"Average Stock Price": "24.3429", "Year Open": "23.3600", "Year High": "27.6300", "Year Low": "21.4700", "Year Close": "23.4200", "Annual % Change": "1.91%"}, "2011": {"Average Stock Price": "23.2435", "Year Open": "23.6800", "Year High": "25.7100", "Year Low": "19.0500", "Year Close": "22.9800", "Annual % Change": "-0.26%"}, "2010": {"Average Stock Price": "22.5985", "Year Open": "23.5400", "Year High": "27.9800", "Year Low": "19.1500", "Year Close": "23.0400", "Annual % Change": "-2.83%"}, "2009": {"Average Stock Price": "15.7119", "Year Open": "14.3600", "Year High": "24.0200", "Year Low": "9.0900", "Year Close": "23.7100", "Annual % Change": "59.45%"}, "2008": {"Average Stock Price": "24.5747", "Year Open": "32.4400", "Year High": "36.9800", "Year Low": "7.2000", "Year Close": "14.8700", "Annual % Change": "-53.85%"}, "2007": {"Average Stock Price": "42.0922", "Year Open": "47.5200", "Year High": "48.8400", "Year Low": "32.2200", "Year Close": "32.2200", "Annual % Change": "-32.21%"}, "2006": {"Average Stock Price": "44.9829", "Year Open": "40.8200", "Year High": "51.4100", "Year Low": "40.6700", "Year Close": "47.5300", "Annual % Change": "18.53%"}, "2005": {"Average Stock Price": "42.2449", "Year Open": "44.9800", "Year High": "44.9800", "Year Low": "38.6100", "Year Close": "40.1000", "Annual % Change": "-12.83%"}, "2004": {"Average Stock Price": "42.4257", "Year Open": "41.0500", "Year High": "46.9000", "Year Low": "36.1700", "Year Close": "46.0000", "Annual % Change": "11.43%"}, "2003": {"Average Stock Price": "32.9750", "Year Open": "35.3300", "Year High": "42.0800", "Year Low": "27.8900", "Year Close": "41.2800", "Annual % Change": "17.27%"}, "2002": {"Average Stock Price": "33.3171", "Year Open": "29.6300", "Year High": "36.5000", "Year Low": "28.0200", "Year Close": "35.2000", "Annual % Change": "19.32%"}, "2001": {"Average Stock Price": "26.7380", "Year Open": "22.7500", "Year High": "30.0000", "Year Low": "20.9500", "Year Close": "29.5000", "Annual % Change": "30.36%"}, "2000": {"Average Stock Price": "22.0960", "Year Open": "19.3800", "Year High": "25.2500", "Year Low": "18.5600", "Year Close": "22.6300", "Annual % Change": "18.73%"}, "1999": {"Average Stock Price": "24.9122", "Year Open": "26.1300", "Year High": "29.6300", "Year Low": "18.0000", "Year Close": "19.0600", "Annual % Change": "-21.01%"}, "1998": {"Average Stock Price": "30.6943", "Year Open": "32.9400", "Year High": "36.0000", "Year Low": "24.1300", "Year Close": "24.1300", "Annual % Change": "-26.61%"}, "1997": {"Average Stock Price": "32.5759", "Year Open": "28.3800", "Year High": "38.3800", "Year Low": "28.3800", "Year Close": "32.8800", "Annual % Change": "13.38%"}, "1996": {"Average Stock Price": "26.4483", "Year Open": "26.2500", "Year High": "29.5000", "Year Low": "24.7500", "Year Close": "29.0000", "Annual % Change": "8.41%"}}}, "market cap": {"value": "$1.94B"}, "income statement": {"Revenue": {"2019-12-31": "2316.14800", "2018-12-31": "2294.53600", "2017-12-31": "2171.93500", "2016-12-31": "2047.21100", "2015-12-31": "1921.90400", "2014-12-31": "1736.32200", "2013-12-31": "1563.85500", "2012-12-31": "1296.98200", "2011-12-31": "1210.33300", "2010-12-31": "1085.48800", "2009-12-31": "1037.03300", "2008-12-31": "1251.36200", "2007-12-31": "1285.47900", "2006-12-31": "1022.94600", "2005-12-31": "818.01300"}, "Cost Of Goods Sold": {"2019-12-31": "1410.92700", "2018-12-31": "1387.06500", "2017-12-31": "1274.64200", "2016-12-31": "1202.53800", "2015-12-31": "1143.98100", "2014-12-31": "1035.13800", "2013-12-31": "929.58100", "2012-12-31": "700.93900", "2011-12-31": "596.61600", "2010-12-31": "477.59500", "2009-12-31": "460.86900", "2008-12-31": "620.00800", "2007-12-31": "657.00000", "2006-12-31": "618.33400", "2005-12-31": "476.85800"}, "Gross Profit": {"2019-12-31": "905.22090", "2018-12-31": "907.47090", "2017-12-31": "897.29310", "2016-12-31": "844.67310", "2015-12-31": "777.92310", "2014-12-31": "701.18410", "2013-12-31": "634.27400", "2012-12-31": "596.04300", "2011-12-31": "613.71700", "2010-12-31": "607.89310", "2009-12-31": "576.16390", "2008-12-31": "631.35410", "2007-12-31": "628.47900", "2006-12-31": "404.61200", "2005-12-31": "341.15500"}, "Research And Development Expenses": {"2019-12-31": "", "2018-12-31": "", "2017-12-31": "", "2016-12-31": "", "2015-12-31": "", "2014-12-31": "", "2013-12-31": "", "2012-12-31": "", "2011-12-31": "", "2010-12-31": "", "2009-12-31": "", "2008-12-31": "", "2007-12-31": "", "2006-12-31": "", "2005-12-31": ""}, "SG&A Expenses": {"2019-12-31": "54.63900", "2018-12-31": "104.86200", "2017-12-31": "125.40200", "2016-12-31": "99.10500", "2015-12-31": "109.83700", "2014-12-31": "45.89700", "2013-12-31": "50.08700", "2012-12-31": "44.03200", "2011-12-31": "40.96300", "2010-12-31": "38.96100", "2009-12-31": "39.52600", "2008-12-31": "37.75100", "2007-12-31": "37.22300", "2006-12-31": "25.09000", "2005-12-31": "22.51400"}, "Other Operating Income Or Expenses": {"2019-12-31": "-49.44800", "2018-12-31": "-5.29000", "2017-12-31": "-4.90500", "2016-12-31": "-1.36700", "2015-12-31": "-2.37500", "2014-12-31": "-0.23900", "2013-12-31": "-11.28100", "2012-12-31": "-12.72000", "2011-12-31": "-18.56900", "2010-12-31": "-163.68100", "2009-12-31": "0.00000", "2008-12-31": "", "2007-12-31": "", "2006-12-31": "", "2005-12-31": ""}, "Operating Expenses": {"2019-12-31": "1943.46200", "2018-12-31": "1900.29400", "2017-12-31": "1791.60800", "2016-12-31": "1660.35200", "2015-12-31": "1585.96900", "2014-12-31": "1397.15200", "2013-12-31": "1290.27200", "2012-12-31": "1018.52200", "2011-12-31": "884.49000", "2010-12-31": "918.32600", "2009-12-31": "746.26300", "2008-12-31": "896.92500", "2007-12-31": "913.62200", "2006-12-31": "784.62200", "2005-12-31": "626.61400"}, "Operating Income": {"2019-12-31": "372.68590", "2018-12-31": "394.24190", "2017-12-31": "380.32700", "2016-12-31": "386.85910", "2015-12-31": "335.93510", "2014-12-31": "339.17020", "2013-12-31": "273.58290", "2012-12-31": "278.46010", "2011-12-31": "325.84300", "2010-12-31": "167.16200", "2009-12-31": "290.77000", "2008-12-31": "354.43710", "2007-12-31": "371.85700", "2006-12-31": "238.32400", "2005-12-31": "191.39900"}, "Total Non-Operating Income/Expense": {"2019-12-31": "-110.53600", "2018-12-31": "-207.82800", "2017-12-31": "-169.07500", "2016-12-31": "-159.86600", "2015-12-31": "-178.98700", "2014-12-31": "-140.26400", "2013-12-31": "-145.83300", "2012-12-31": "-135.84300", "2011-12-31": "-134.04000", "2010-12-31": "-145.17300", "2009-12-31": "-92.23300", "2008-12-31": "-228.25600", "2007-12-31": "-149.44200", "2006-12-31": "-81.45100", "2005-12-31": "-72.56300"}, "Pre-Tax Income": {"2019-12-31": "262.15000", "2018-12-31": "186.41400", "2017-12-31": "211.25200", "2016-12-31": "226.99300", "2015-12-31": "156.94800", "2014-12-31": "198.90600", "2013-12-31": "127.75000", "2012-12-31": "142.61700", "2011-12-31": "191.80300", "2010-12-31": "21.98900", "2009-12-31": "198.53700", "2008-12-31": "126.18100", "2007-12-31": "222.41500", "2006-12-31": "156.87300", "2005-12-31": "118.83600"}, "Income Taxes": {"2019-12-31": "2.79300", "2018-12-31": "1.19500", "2017-12-31": "-3.28400", "2016-12-31": "4.02000", "2015-12-31": "1.56600", "2014-12-31": "1.94500", "2013-12-31": "-5.09400", "2012-12-31": "1.61200", "2011-12-31": "1.50200", "2010-12-31": "0.63800", "2009-12-31": "5.19600", "2008-12-31": "1.84600", "2007-12-31": "2.19100", "2006-12-31": "0.37200", "2005-12-31": "0.05700"}, "Income After Taxes": {"2019-12-31": "259.35700", "2018-12-31": "185.21900", "2017-12-31": "214.53600", "2016-12-31": "222.97300", "2015-12-31": "155.38200", "2014-12-31": "196.96100", "2013-12-31": "132.84400", "2012-12-31": "141.00500", "2011-12-31": "190.30100", "2010-12-31": "21.35100", "2009-12-31": "193.34100", "2008-12-31": "124.33500", "2007-12-31": "220.22400", "2006-12-31": "156.50100", "2005-12-31": "118.77900"}, "Other Income": {"2019-12-31": "", "2018-12-31": "", "2017-12-31": "", "2016-12-31": "", "2015-12-31": "11.01500", "2014-12-31": "0.13000", "2013-12-31": "0.00000", "2012-12-31": "10.60200", "2011-12-31": "", "2010-12-31": "", "2009-12-31": "", "2008-12-31": "", "2007-12-31": "", "2006-12-31": "", "2005-12-31": ""}, "Income From Continuous Operations": {"2019-12-31": "259.75000", "2018-12-31": "185.73400", "2017-12-31": "215.14300", "2016-12-31": "223.11000", "2015-12-31": "166.41800", "2014-12-31": "197.18500", "2013-12-31": "133.17800", "2012-12-31": "151.92300", "2011-12-31": "190.44000", "2010-12-31": "21.35100", "2009-12-31": "193.34100", "2008-12-31": "124.33500", "2007-12-31": "220.22400", "2006-12-31": "156.50100", "2005-12-31": "118.77900"}, "Income From Discontinued Operations": {"2019-12-31": "", "2018-12-31": "", "2017-12-31": "", "2016-12-31": "", "2015-12-31": "", "2014-12-31": "", "2013-12-31": "", "2012-12-31": "", "2011-12-31": "", "2010-12-31": "", "2009-12-31": "", "2008-12-31": "", "2007-12-31": "103.15100", "2006-12-31": "12.53800", "2005-12-31": "11.12400"}, "Net Income": {"2019-12-31": "259.75000", "2018-12-31": "185.73400", "2017-12-31": "203.81500", "2016-12-31": "202.44600", "2015-12-31": "145.75400", "2014-12-31": "176.52100", "2013-12-31": "100.99200", "2012-12-31": "103.79400", "2011-12-31": "160.56000", "2010-12-31": "-8.52900", "2009-12-31": "163.46100", "2008-12-31": "94.45500", "2007-12-31": "296.60600", "2006-12-31": "161.38300", "2005-12-31": "122.24700"}, "EBITDA": {"2019-12-31": "812.25090", "2018-12-31": "807.49600", "2017-12-31": "775.85710", "2016-12-31": "752.35220", "2015-12-31": "671.56010", "2014-12-31": "660.53920", "2013-12-31": "579.10990", "2012-12-31": "545.47010", "2011-12-31": "560.49000", "2010-12-31": "412.37400", "2009-12-31": "547.68400", "2008-12-31": "607.32910", "2007-12-31": "601.42800", "2006-12-31": "385.31200", "2005-12-31": "326.08510"}, "EBIT": {"2019-12-31": "372.68590", "2018-12-31": "394.24190", "2017-12-31": "380.32700", "2016-12-31": "386.85910", "2015-12-31": "335.93510", "2014-12-31": "339.17020", "2013-12-31": "273.58290", "2012-12-31": "278.46010", "2011-12-31": "325.84300", "2010-12-31": "167.16200", "2009-12-31": "290.77000", "2008-12-31": "354.43710", "2007-12-31": "371.85700", "2006-12-31": "238.32400", "2005-12-31": "191.39900"}, "Basic Shares Outstanding": {"2019-12-31": "164.31200", "2018-12-31": "164.22900", "2017-12-31": "164.14600", "2016-12-31": "156.06200", "2015-12-31": "150.70900", "2014-12-31": "149.65200", "2013-12-31": "137.42100", "2012-12-31": "123.46300", "2011-12-31": "123.47000", "2010-12-31": "123.40300", "2009-12-31": "107.98400", "2008-12-31": "93.94400", "2007-12-31": "93.10900", "2006-12-31": "73.27900", "2005-12-31": "69.86600"}, "Shares Outstanding": {"2019-12-31": "164.34000", "2018-12-31": "164.25800", "2017-12-31": "164.17500", "2016-12-31": "156.08800", "2015-12-31": "151.00200", "2014-12-31": "149.81700", "2013-12-31": "137.51400", "2012-12-31": "123.48700", "2011-12-31": "123.47000", "2010-12-31": "123.40300", "2009-12-31": "107.98400", "2008-12-31": "93.94400", "2007-12-31": "93.10900", "2006-12-31": "73.27900", "2005-12-31": "69.86600"}, "Basic EPS": {"2019-12-31": "1.58000", "2018-12-31": "1.13000", "2017-12-31": "1.24000", "2016-12-31": "1.30000", "2015-12-31": "0.97000", "2014-12-31": "1.18000", "2013-12-31": "0.73000", "2012-12-31": "0.84000", "2011-12-31": "1.30000", "2010-12-31": "-0.07000", "2009-12-31": "1.51000", "2008-12-31": "1.01000", "2007-12-31": "3.19000", "2006-12-31": "2.20000", "2005-12-31": "1.75000"}, "EPS - Earnings Per Share": {"2019-12-31": "1.58000", "2018-12-31": "1.13000", "2017-12-31": "1.24000", "2016-12-31": "1.30000", "2015-12-31": "0.97000", "2014-12-31": "1.18000", "2013-12-31": "0.73000", "2012-12-31": "0.84000", "2011-12-31": "1.30000", "2010-12-31": "-0.07000", "2009-12-31": "1.51000", "2008-12-31": "1.01000", "2007-12-31": "3.19000", "2006-12-31": "2.20000", "2005-12-31": "1.75000"}}, "income statement, quarterly": {"Revenue": {"2020-09-30": "296.49500", "2020-06-30": "214.94000", "2020-03-31": "483.77600", "2019-12-31": "580.90590", "2019-09-30": "599.77200", "2019-06-30": "610.56200", "2019-03-31": "524.90800", "2018-12-31": "550.79890", "2018-09-30": "603.15300", "2018-06-30": "611.95100", "2018-03-31": "528.63300", "2017-12-31": "535.14200", "2017-09-30": "577.58800", "2017-06-30": "570.60300", "2017-03-31": "488.60200", "2016-12-31": "479.27800", "2016-09-30": "543.51600", "2016-06-30": "550.29900", "2016-03-31": "474.11800", "2015-12-31": "467.44000", "2015-09-30": "511.88600", "2015-06-30": "507.06600", "2015-03-31": "435.51200", "2014-12-31": "430.53300", "2014-09-30": "459.63900", "2014-06-30": "451.90000", "2014-03-31": "394.25000", "2013-12-31": "384.79190", "2013-09-30": "412.27500", "2013-06-30": "412.32200", "2013-03-31": "354.46600", "2012-12-31": "322.31110", "2012-09-30": "330.06800", "2012-06-30": "343.18300", "2012-03-31": "301.42000", "2011-12-31": "295.85110", "2011-09-30": "318.68900", "2011-06-30": "313.80900", "2011-03-31": "281.98400", "2010-12-31": "267.79100", "2010-09-30": "281.19800", "2010-06-30": "282.39100", "2010-03-31": "254.10800", "2009-12-31": "251.20700", "2009-09-30": "264.42300", "2009-06-30": "267.06000", "2009-03-31": "254.34300", "2008-12-31": "280.82500", "2008-09-30": "312.58300", "2008-06-30": "338.77500", "2008-03-31": "319.17900", "2007-12-31": "326.76000", "2007-09-30": "334.31000", "2007-06-30": "333.74100", "2007-03-31": "290.66800", "2006-12-31": "245.90700", "2006-09-30": "265.12500", "2006-06-30": "272.19800", "2006-03-31": "239.71600", "2005-12-31": "197.49800", "2005-09-30": "221.68700", "2005-06-30": "218.08100", "2005-03-31": "180.74700"}, "Cost Of Goods Sold": {"2020-09-30": "174.80100", "2020-06-30": "46.95700", "2020-03-31": "271.14800", "2019-12-31": "334.91600", "2019-09-30": "377.89500", "2019-06-30": "380.43100", "2019-03-31": "317.68500", "2018-12-31": "332.47600", "2018-09-30": "365.52600", "2018-06-30": "374.08100", "2018-03-31": "314.98200", "2017-12-31": "309.09600", "2017-09-30": "343.27400", "2017-06-30": "339.54900", "2017-03-31": "282.72300", "2016-12-31": "279.29900", "2016-09-30": "322.01200", "2016-06-30": "324.92200", "2016-03-31": "276.30500", "2015-12-31": "273.29200", "2015-09-30": "308.60300", "2015-06-30": "304.42800", "2015-03-31": "257.65800", "2014-12-31": "254.18290", "2014-09-30": "279.56000", "2014-06-30": "270.77800", "2014-03-31": "230.61700", "2013-12-31": "224.52700", "2013-09-30": "249.86200", "2013-06-30": "248.54300", "2013-03-31": "206.64900", "2012-12-31": "173.13310", "2012-09-30": "184.56600", "2012-06-30": "193.21900", "2012-03-31": "150.02100", "2011-12-31": "145.77100", "2011-09-30": "168.27800", "2011-06-30": "152.81400", "2011-03-31": "129.75300", "2010-12-31": "113.53700", "2010-09-30": "128.60100", "2010-06-30": "130.05700", "2010-03-31": "105.40000", "2009-12-31": "106.25200", "2009-09-30": "120.36400", "2009-06-30": "122.79900", "2009-03-31": "111.45400", "2008-12-31": "119.26500", "2008-09-30": "166.89600", "2008-06-30": "177.47100", "2008-03-31": "156.37600", "2007-12-31": "137.75800", "2007-09-30": "174.53300", "2007-06-30": "184.31100", "2007-03-31": "160.39800", "2006-12-31": "132.61400", "2006-09-30": "168.90600", "2006-06-30": "172.62500", "2006-03-31": "144.18900", "2005-12-31": "109.20100", "2005-09-30": "134.88800", "2005-06-30": "132.34400", "2005-03-31": "100.42500"}, "Gross Profit": {"2020-09-30": "121.69400", "2020-06-30": "167.98300", "2020-03-31": "212.62800", "2019-12-31": "245.99000", "2019-09-30": "221.87700", "2019-06-30": "230.13100", "2019-03-31": "207.22300", "2018-12-31": "218.32290", "2018-09-30": "237.62700", "2018-06-30": "237.87000", "2018-03-31": "213.65100", "2017-12-31": "226.04610", "2017-09-30": "234.31400", "2017-06-30": "231.05400", "2017-03-31": "205.87900", "2016-12-31": "199.97900", "2016-09-30": "221.50400", "2016-06-30": "225.37700", "2016-03-31": "197.81300", "2015-12-31": "194.14810", "2015-09-30": "203.28300", "2015-06-30": "202.63800", "2015-03-31": "177.85400", "2014-12-31": "176.35000", "2014-09-30": "180.07900", "2014-06-30": "181.12200", "2014-03-31": "163.63300", "2013-12-31": "160.26490", "2013-09-30": "162.41300", "2013-06-30": "163.77900", "2013-03-31": "147.81700", "2012-12-31": "149.17800", "2012-09-30": "145.50200", "2012-06-30": "149.96400", "2012-03-31": "151.39900", "2011-12-31": "150.08010", "2011-09-30": "150.41100", "2011-06-30": "160.99500", "2011-03-31": "152.23100", "2010-12-31": "154.25400", "2010-09-30": "152.59700", "2010-06-30": "152.33400", "2010-03-31": "148.70800", "2009-12-31": "144.95500", "2009-09-30": "144.05900", "2009-06-30": "144.26100", "2009-03-31": "142.88900", "2008-12-31": "161.56010", "2008-09-30": "145.68700", "2008-06-30": "161.30400", "2008-03-31": "162.80300", "2007-12-31": "189.00200", "2007-09-30": "159.77700", "2007-06-30": "149.43000", "2007-03-31": "130.27000", "2006-12-31": "113.29300", "2006-09-30": "96.21900", "2006-06-30": "99.57300", "2006-03-31": "95.52700", "2005-12-31": "88.29700", "2005-09-30": "86.79900", "2005-06-30": "85.73700", "2005-03-31": "80.32200"}, "Research And Development Expenses": {"2020-09-30": "", "2020-06-30": "", "2020-03-31": "", "2019-12-31": "", "2019-09-30": "", "2019-06-30": "", "2019-03-31": "", "2018-12-31": "", "2018-09-30": "", "2018-06-30": "", "2018-03-31": "", "2017-12-31": "", "2017-09-30": "", "2017-06-30": "", "2017-03-31": "", "2016-12-31": "", "2016-09-30": "", "2016-06-30": "", "2016-03-31": "", "2015-12-31": "", "2015-09-30": "", "2015-06-30": "", "2015-03-31": "", "2014-12-31": "", "2014-09-30": "", "2014-06-30": "", "2014-03-31": "", "2013-12-31": "", "2013-09-30": "", "2013-06-30": "", "2013-03-31": "", "2012-12-31": "", "2012-09-30": "", "2012-06-30": "", "2012-03-31": "", "2011-12-31": "", "2011-09-30": "", "2011-06-30": "", "2011-03-31": "", "2010-12-31": "", "2010-09-30": "", "2010-06-30": "", "2010-03-31": "", "2009-12-31": "", "2009-09-30": "", "2009-06-30": "", "2009-03-31": "", "2008-12-31": "", "2008-09-30": "", "2008-06-30": "", "2008-03-31": "", "2007-12-31": "", "2007-09-30": "", "2007-06-30": "", "2007-03-31": "", "2006-12-31": "", "2006-09-30": "", "2006-06-30": "", "2006-03-31": "", "2005-12-31": "", "2005-09-30": "", "2005-06-30": "", "2005-03-31": ""}, "SG&A Expenses": {"2020-09-30": "12.29500", "2020-06-30": "11.30200", "2020-03-31": "14.02400", "2019-12-31": "17.73300", "2019-09-30": "12.46400", "2019-06-30": "12.20700", "2019-03-31": "12.23500", "2018-12-31": "66.58200", "2018-09-30": "13.42500", "2018-06-30": "13.12100", "2018-03-31": "11.73400", "2017-12-31": "49.30500", "2017-09-30": "13.40400", "2017-06-30": "30.34700", "2017-03-31": "32.34600", "2016-12-31": "7.97800", "2016-09-30": "37.73900", "2016-06-30": "37.36500", "2016-03-31": "16.02300", "2015-12-31": "56.01700", "2015-09-30": "19.83100", "2015-06-30": "12.68500", "2015-03-31": "21.30400", "2014-12-31": "4.46800", "2014-09-30": "16.79800", "2014-06-30": "13.16600", "2014-03-31": "11.46500", "2013-12-31": "12.93100", "2013-09-30": "13.09400", "2013-06-30": "11.91800", "2013-03-31": "12.14400", "2012-12-31": "11.69900", "2012-09-30": "10.33600", "2012-06-30": "11.47500", "2012-03-31": "10.52200", "2011-12-31": "10.21700", "2011-09-30": "11.29200", "2011-06-30": "10.19000", "2011-03-31": "9.26400", "2010-12-31": "9.56600", "2010-09-30": "10.08200", "2010-06-30": "9.73100", "2010-03-31": "9.58200", "2009-12-31": "9.44000", "2009-09-30": "10.37800", "2009-06-30": "10.10900", "2009-03-31": "9.59900", "2008-12-31": "8.83100", "2008-09-30": "7.88100", "2008-06-30": "9.59500", "2008-03-31": "11.44400", "2007-12-31": "9.42200", "2007-09-30": "10.84800", "2007-06-30": "9.16000", "2007-03-31": "7.79300", "2006-12-31": "5.32300", "2006-09-30": "6.22700", "2006-06-30": "7.18600", "2006-03-31": "6.35400", "2005-12-31": "4.65800", "2005-09-30": "5.69600", "2005-06-30": "6.79600", "2005-03-31": "5.36400"}, "Other Operating Income Or Expenses": {"2020-09-30": "-13.95300", "2020-06-30": "-32.07900", "2020-03-31": "-20.49900", "2019-12-31": "-45.02900", "2019-09-30": "-1.70700", "2019-06-30": "-1.27200", "2019-03-31": "-1.44000", "2018-12-31": "-3.82200", "2018-09-30": "-1.46800", "2018-06-30": "", "2018-03-31": "", "2017-12-31": "", "2017-09-30": "", "2017-06-30": "", "2017-03-31": "", "2016-12-31": "-0.48200", "2016-09-30": "-0.15600", "2016-06-30": "-0.11700", "2016-03-31": "-0.61200", "2015-12-31": "-0.38900", "2015-09-30": "-0.85100", "2015-06-30": "-0.79700", "2015-03-31": "-0.33800", "2014-12-31": "-0.00200", "2014-09-30": "-0.01400", "2014-06-30": "-0.16200", "2014-03-31": "-0.06100", "2013-12-31": "-0.09300", "2013-09-30": "-6.92700", "2013-06-30": "-3.98500", "2013-03-31": "-0.27600", "2012-12-31": "-10.18300", "2012-09-30": "-0.08400", "2012-06-30": "-0.50400", "2012-03-31": "-1.94900", "2011-12-31": "-10.15600", "2011-09-30": "-0.38700", "2011-06-30": "-8.02600", "2011-03-31": "0.00000", "2010-12-31": "", "2010-09-30": "0.00000", "2010-06-30": "", "2010-03-31": "", "2009-12-31": "", "2009-09-30": "", "2009-06-30": "", "2009-03-31": "", "2008-12-31": "", "2008-09-30": "", "2008-06-30": "", "2008-03-31": "", "2007-12-31": "", "2007-09-30": "", "2007-06-30": "", "2007-03-31": "", "2006-12-31": "", "2006-09-30": "", "2006-06-30": "", "2006-03-31": "", "2005-12-31": "", "2005-09-30": "", "2005-06-30": "", "2005-03-31": ""}, "Operating Expenses": {"2020-09-30": "323.25300", "2020-06-30": "217.76500", "2020-03-31": "433.59700", "2019-12-31": "524.40510", "2019-09-30": "495.22600", "2019-06-30": "493.10600", "2019-03-31": "430.72500", "2018-12-31": "505.64890", "2018-09-30": "481.42600", "2018-06-30": "486.88600", "2018-03-31": "426.33300", "2017-12-31": "463.15410", "2017-09-30": "454.88300", "2017-06-30": "465.05100", "2017-03-31": "408.52000", "2016-12-31": "378.90890", "2016-09-30": "450.04600", "2016-06-30": "451.18600", "2016-03-31": "380.21100", "2015-12-31": "415.66200", "2015-09-30": "413.54600", "2015-06-30": "398.49200", "2015-03-31": "358.26900", "2014-12-31": "337.83180", "2014-09-30": "376.02100", "2014-06-30": "362.86900", "2014-03-31": "320.43000", "2013-12-31": "314.94810", "2013-09-30": "345.93100", "2013-06-30": "338.04400", "2013-03-31": "291.34900", "2012-12-31": "263.64000", "2012-09-30": "261.55200", "2012-06-30": "269.47500", "2012-03-31": "223.85500", "2011-12-31": "223.43600", "2011-09-30": "237.06300", "2011-06-30": "228.66000", "2011-03-31": "195.33100", "2010-12-31": "345.61310", "2010-09-30": "196.68000", "2010-06-30": "200.51400", "2010-03-31": "175.51900", "2009-12-31": "177.31600", "2009-09-30": "192.05300", "2009-06-30": "193.99300", "2009-03-31": "182.90100", "2008-12-31": "188.98500", "2008-09-30": "235.22600", "2008-06-30": "246.64300", "2008-03-31": "226.07100", "2007-12-31": "203.39800", "2007-09-30": "243.02800", "2007-06-30": "247.97600", "2007-03-31": "219.22000", "2006-12-31": "172.65400", "2006-09-30": "210.81400", "2006-06-30": "215.65900", "2006-03-31": "185.49500", "2005-12-31": "144.17690", "2005-09-30": "175.04600", "2005-06-30": "170.77900", "2005-03-31": "136.61200"}, "Operating Income": {"2020-09-30": "-26.75800", "2020-06-30": "-2.82500", "2020-03-31": "50.17900", "2019-12-31": "56.50090", "2019-09-30": "104.54600", "2019-06-30": "117.45600", "2019-03-31": "94.18300", "2018-12-31": "45.15000", "2018-09-30": "121.72700", "2018-06-30": "125.06500", "2018-03-31": "102.30000", "2017-12-31": "71.98800", "2017-09-30": "122.70500", "2017-06-30": "105.55200", "2017-03-31": "80.08200", "2016-12-31": "100.36910", "2016-09-30": "93.47000", "2016-06-30": "99.11300", "2016-03-31": "93.90700", "2015-12-31": "51.77810", "2015-09-30": "98.34000", "2015-06-30": "108.57400", "2015-03-31": "77.24300", "2014-12-31": "92.70110", "2014-09-30": "83.61800", "2014-06-30": "89.03100", "2014-03-31": "73.82000", "2013-12-31": "69.84380", "2013-09-30": "66.34400", "2013-06-30": "74.27800", "2013-03-31": "63.11700", "2012-12-31": "58.67110", "2012-09-30": "68.51600", "2012-06-30": "73.70800", "2012-03-31": "77.56500", "2011-12-31": "72.41510", "2011-09-30": "81.62600", "2011-06-30": "85.14900", "2011-03-31": "86.65300", "2010-12-31": "-77.82210", "2010-09-30": "84.51800", "2010-06-30": "81.87700", "2010-03-31": "78.58900", "2009-12-31": "73.89100", "2009-09-30": "72.37000", "2009-06-30": "73.06700", "2009-03-31": "71.44200", "2008-12-31": "91.84010", "2008-09-30": "77.35700", "2008-06-30": "92.13200", "2008-03-31": "93.10800", "2007-12-31": "123.36200", "2007-09-30": "91.28200", "2007-06-30": "85.76500", "2007-03-31": "71.44800", "2006-12-31": "73.25300", "2006-09-30": "54.31100", "2006-06-30": "56.53900", "2006-03-31": "54.22100", "2005-12-31": "53.32110", "2005-09-30": "46.64100", "2005-06-30": "47.30200", "2005-03-31": "44.13500"}, "Total Non-Operating Income/Expense": {"2020-09-30": "-74.81100", "2020-06-30": "-15.64600", "2020-03-31": "-82.76900", "2019-12-31": "-69.64300", "2019-09-30": "-64.08800", "2019-06-30": "-109.06400", "2019-03-31": "132.25900", "2018-12-31": "-154.39800", "2018-09-30": "-4.75100", "2018-06-30": "-27.01200", "2018-03-31": "-21.66700", "2017-12-31": "-45.56200", "2017-09-30": "-36.38900", "2017-06-30": "-44.44100", "2017-03-31": "-42.68300", "2016-12-31": "-36.67600", "2016-09-30": "-40.72300", "2016-06-30": "-40.90900", "2016-03-31": "-41.55800", "2015-12-31": "-71.10100", "2015-09-30": "-36.61700", "2015-06-30": "-35.82600", "2015-03-31": "-35.44300", "2014-12-31": "-35.37100", "2014-09-30": "-34.42000", "2014-06-30": "-34.91600", "2014-03-31": "-35.55700", "2013-12-31": "-37.74200", "2013-09-30": "-37.96800", "2013-06-30": "-34.95400", "2013-03-31": "-35.16900", "2012-12-31": "-45.25400", "2012-09-30": "-24.02100", "2012-06-30": "-32.58700", "2012-03-31": "-33.98100", "2011-12-31": "-34.02200", "2011-09-30": "-33.47400", "2011-06-30": "-33.27100", "2011-03-31": "-33.27300", "2010-12-31": "-16.90000", "2010-09-30": "-33.40800", "2010-06-30": "-58.08200", "2010-03-31": "-36.78300", "2009-12-31": "-36.84700", "2009-09-30": "-23.72900", "2009-06-30": "-21.67100", "2009-03-31": "-9.98600", "2008-12-31": "-38.88000", "2008-09-30": "-38.96300", "2008-06-30": "-111.13200", "2008-03-31": "-39.28100", "2007-12-31": "-46.95400", "2007-09-30": "-38.03800", "2007-06-30": "-33.79500", "2007-03-31": "-30.65500", "2006-12-31": "-20.50000", "2006-09-30": "-20.80100", "2006-06-30": "-21.16200", "2006-03-31": "-18.98800", "2005-12-31": "-16.18700", "2005-09-30": "-16.05600", "2005-06-30": "-24.89100", "2005-03-31": "-15.42900"}, "Pre-Tax Income": {"2020-09-30": "-101.56900", "2020-06-30": "-18.47100", "2020-03-31": "-32.59000", "2019-12-31": "-13.14200", "2019-09-30": "40.45800", "2019-06-30": "8.39200", "2019-03-31": "226.44200", "2018-12-31": "-109.24800", "2018-09-30": "116.97600", "2018-06-30": "98.05300", "2018-03-31": "80.63300", "2017-12-31": "26.42600", "2017-09-30": "86.31600", "2017-06-30": "61.11100", "2017-03-31": "37.39900", "2016-12-31": "63.69300", "2016-09-30": "52.74700", "2016-06-30": "58.20400", "2016-03-31": "52.34900", "2015-12-31": "-19.32300", "2015-09-30": "61.72300", "2015-06-30": "72.74800", "2015-03-31": "41.80000", "2014-12-31": "57.33000", "2014-09-30": "49.19800", "2014-06-30": "54.11500", "2014-03-31": "38.26300", "2013-12-31": "32.10200", "2013-09-30": "28.37600", "2013-06-30": "39.32400", "2013-03-31": "27.94800", "2012-12-31": "13.41700", "2012-09-30": "44.49500", "2012-06-30": "41.12100", "2012-03-31": "43.58400", "2011-12-31": "38.39300", "2011-09-30": "48.15200", "2011-06-30": "51.87800", "2011-03-31": "53.38000", "2010-12-31": "-94.72200", "2010-09-30": "51.11000", "2010-06-30": "23.79500", "2010-03-31": "41.80600", "2009-12-31": "37.04400", "2009-09-30": "48.64100", "2009-06-30": "51.39600", "2009-03-31": "61.45600", "2008-12-31": "52.96000", "2008-09-30": "38.39400", "2008-06-30": "-19.00000", "2008-03-31": "53.82700", "2007-12-31": "76.40800", "2007-09-30": "53.24400", "2007-06-30": "51.97000", "2007-03-31": "40.79300", "2006-12-31": "52.75300", "2006-09-30": "33.51000", "2006-06-30": "35.37700", "2006-03-31": "35.23300", "2005-12-31": "37.13400", "2005-09-30": "30.58500", "2005-06-30": "22.41100", "2005-03-31": "28.70600"}, "Income Taxes": {"2020-09-30": "-0.29600", "2020-06-30": "16.66000", "2020-03-31": "0.34200", "2019-12-31": "1.52700", "2019-09-30": "0.46700", "2019-06-30": "-0.26000", "2019-03-31": "1.05900", "2018-12-31": "-0.75400", "2018-09-30": "0.70700", "2018-06-30": "0.77100", "2018-03-31": "0.47100", "2017-12-31": "-5.04500", "2017-09-30": "0.61900", "2017-06-30": "0.78600", "2017-03-31": "0.35600", "2016-12-31": "0.53700", "2016-09-30": "0.94800", "2016-06-30": "2.16000", "2016-03-31": "0.37500", "2015-12-31": "0.12100", "2015-09-30": "0.51400", "2015-06-30": "0.64000", "2015-03-31": "0.29100", "2014-12-31": "0.83500", "2014-09-30": "0.03900", "2014-06-30": "0.45500", "2014-03-31": "0.61600", "2013-12-31": "-0.53500", "2013-09-30": "0.87300", "2013-06-30": "-5.95000", "2013-03-31": "0.51800", "2012-12-31": "-2.29600", "2012-09-30": "-0.16300", "2012-06-30": "3.43500", "2012-03-31": "0.63600", "2011-12-31": "0.31400", "2011-09-30": "0.62100", "2011-06-30": "0.23500", "2011-03-31": "0.33200", "2010-12-31": "-1.76600", "2010-09-30": "0.87800", "2010-06-30": "0.58500", "2010-03-31": "0.94100", "2009-12-31": "4.07200", "2009-09-30": "0.37500", "2009-06-30": "0.37600", "2009-03-31": "0.37300", "2008-12-31": "0.50100", "2008-09-30": "0.44300", "2008-06-30": "0.47400", "2008-03-31": "0.42800", "2007-12-31": "0.54700", "2007-09-30": "0.42200", "2007-06-30": "0.74300", "2007-03-31": "0.47900", "2006-12-31": "", "2006-09-30": "", "2006-06-30": "", "2006-03-31": "", "2005-12-31": "", "2005-09-30": "", "2005-06-30": "", "2005-03-31": ""}, "Income After Taxes": {"2020-09-30": "-101.27300", "2020-06-30": "-35.13100", "2020-03-31": "-32.93200", "2019-12-31": "-14.66900", "2019-09-30": "39.99100", "2019-06-30": "8.65200", "2019-03-31": "225.38300", "2018-12-31": "-108.49400", "2018-09-30": "116.26900", "2018-06-30": "97.28200", "2018-03-31": "80.16200", "2017-12-31": "31.47100", "2017-09-30": "85.69700", "2017-06-30": "60.32500", "2017-03-31": "37.04300", "2016-12-31": "63.15600", "2016-09-30": "51.79900", "2016-06-30": "56.04400", "2016-03-31": "51.97400", "2015-12-31": "-19.44400", "2015-09-30": "61.20900", "2015-06-30": "72.10800", "2015-03-31": "41.50900", "2014-12-31": "56.49500", "2014-09-30": "49.15900", "2014-06-30": "53.66000", "2014-03-31": "37.64700", "2013-12-31": "32.63700", "2013-09-30": "27.50300", "2013-06-30": "45.27400", "2013-03-31": "27.43000", "2012-12-31": "15.71300", "2012-09-30": "44.65800", "2012-06-30": "37.68600", "2012-03-31": "42.94800", "2011-12-31": "38.07900", "2011-09-30": "47.53100", "2011-06-30": "51.64300", "2011-03-31": "53.04800", "2010-12-31": "-92.95600", "2010-09-30": "50.23200", "2010-06-30": "23.21000", "2010-03-31": "40.86500", "2009-12-31": "32.97200", "2009-09-30": "48.26600", "2009-06-30": "51.02000", "2009-03-31": "61.08300", "2008-12-31": "52.45900", "2008-09-30": "37.95100", "2008-06-30": "-19.47400", "2008-03-31": "53.39900", "2007-12-31": "75.86100", "2007-09-30": "52.82200", "2007-06-30": "51.22700", "2007-03-31": "40.31400", "2006-12-31": "52.38100", "2006-09-30": "33.51000", "2006-06-30": "35.37700", "2006-03-31": "35.23300", "2005-12-31": "37.07700", "2005-09-30": "30.58500", "2005-06-30": "22.41100", "2005-03-31": "28.70600"}, "Other Income": {"2020-09-30": "", "2020-06-30": "", "2020-03-31": "", "2019-12-31": "", "2019-09-30": "", "2019-06-30": "", "2019-03-31": "", "2018-12-31": "", "2018-09-30": "", "2018-06-30": "", "2018-03-31": "", "2017-12-31": "", "2017-09-30": "", "2017-06-30": "", "2017-03-31": "", "2016-12-31": "", "2016-09-30": "0.00000", "2016-06-30": "", "2016-03-31": "", "2015-12-31": "", "2015-09-30": "", "2015-06-30": "11.01500", "2015-03-31": "", "2014-12-31": "", "2014-09-30": "", "2014-06-30": "0.13000", "2014-03-31": "", "2013-12-31": "", "2013-09-30": "", "2013-06-30": "0.00000", "2013-03-31": "", "2012-12-31": "", "2012-09-30": "", "2012-06-30": "", "2012-03-31": "", "2011-12-31": "", "2011-09-30": "", "2011-06-30": "", "2011-03-31": "", "2010-12-31": "", "2010-09-30": "", "2010-06-30": "", "2010-03-31": "", "2009-12-31": "", "2009-09-30": "", "2009-06-30": "", "2009-03-31": "", "2008-12-31": "", "2008-09-30": "", "2008-06-30": "", "2008-03-31": "", "2007-12-31": "", "2007-09-30": "", "2007-06-30": "", "2007-03-31": "", "2006-12-31": "", "2006-09-30": "", "2006-06-30": "", "2006-03-31": "", "2005-12-31": "", "2005-09-30": "", "2005-06-30": "", "2005-03-31": ""}, "Income From Continuous Operations": {"2020-09-30": "-102.64200", "2020-06-30": "-37.34900", "2020-03-31": "-33.65000", "2019-12-31": "-14.89300", "2019-09-30": "40.07400", "2019-06-30": "8.78200", "2019-03-31": "225.78700", "2018-12-31": "-108.86000", "2018-09-30": "117.09900", "2018-06-30": "97.28900", "2018-03-31": "80.20600", "2017-12-31": "31.54500", "2017-09-30": "85.72800", "2017-06-30": "60.69900", "2017-03-31": "37.17100", "2016-12-31": "63.18600", "2016-09-30": "51.81200", "2016-06-30": "56.06100", "2016-03-31": "52.05100", "2015-12-31": "-19.49400", "2015-09-30": "61.18500", "2015-06-30": "83.14600", "2015-03-31": "41.58100", "2014-12-31": "56.52300", "2014-09-30": "49.19700", "2014-06-30": "53.91500", "2014-03-31": "37.55000", "2013-12-31": "32.75200", "2013-09-30": "27.56700", "2013-06-30": "45.35300", "2013-03-31": "27.50600", "2012-12-31": "26.63100", "2012-09-30": "44.65800", "2012-06-30": "37.68600", "2012-03-31": "42.94800", "2011-12-31": "38.21800", "2011-09-30": "47.53100", "2011-06-30": "51.64300", "2011-03-31": "53.04800", "2010-12-31": "-92.95600", "2010-09-30": "50.23200", "2010-06-30": "23.21000", "2010-03-31": "40.86500", "2009-12-31": "32.97200", "2009-09-30": "48.26600", "2009-06-30": "51.02000", "2009-03-31": "61.08300", "2008-12-31": "52.45900", "2008-09-30": "37.95100", "2008-06-30": "-19.47400", "2008-03-31": "53.39900", "2007-12-31": "75.86100", "2007-09-30": "52.82200", "2007-06-30": "51.22700", "2007-03-31": "40.31400", "2006-12-31": "52.38100", "2006-09-30": "33.51000", "2006-06-30": "35.37700", "2006-03-31": "35.23300", "2005-12-31": "37.07700", "2005-09-30": "30.58500", "2005-06-30": "22.41100", "2005-03-31": "28.70600"}, "Income From Discontinued Operations": {"2020-09-30": "", "2020-06-30": "", "2020-03-31": "", "2019-12-31": "", "2019-09-30": "", "2019-06-30": "", "2019-03-31": "", "2018-12-31": "", "2018-09-30": "", "2018-06-30": "", "2018-03-31": "", "2017-12-31": "", "2017-09-30": "", "2017-06-30": "", "2017-03-31": "", "2016-12-31": "", "2016-09-30": "", "2016-06-30": "", "2016-03-31": "", "2015-12-31": "", "2015-09-30": "", "2015-06-30": "", "2015-03-31": "", "2014-12-31": "", "2014-09-30": "", "2014-06-30": "", "2014-03-31": "", "2013-12-31": "", "2013-09-30": "", "2013-06-30": "", "2013-03-31": "", "2012-12-31": "", "2012-09-30": "", "2012-06-30": "", "2012-03-31": "", "2011-12-31": "", "2011-09-30": "", "2011-06-30": "", "2011-03-31": "", "2010-12-31": "", "2010-09-30": "", "2010-06-30": "", "2010-03-31": "", "2009-12-31": "", "2009-09-30": "", "2009-06-30": "", "2009-03-31": "", "2008-12-31": "", "2008-09-30": "", "2008-06-30": "", "2008-03-31": "", "2007-12-31": "0.00000", "2007-09-30": "97.03800", "2007-06-30": "3.05500", "2007-03-31": "3.05800", "2006-12-31": "9.48500", "2006-09-30": "3.05300", "2006-06-30": "", "2006-03-31": "", "2005-12-31": "", "2005-09-30": "", "2005-06-30": "", "2005-03-31": ""}, "Net Income": {"2020-09-30": "-102.64200", "2020-06-30": "-37.34900", "2020-03-31": "-33.65000", "2019-12-31": "-14.89300", "2019-09-30": "40.07400", "2019-06-30": "8.78200", "2019-03-31": "225.78700", "2018-12-31": "-108.86000", "2018-09-30": "117.09900", "2018-06-30": "97.28900", "2018-03-31": "80.20600", "2017-12-31": "31.54500", "2017-09-30": "85.72800", "2017-06-30": "60.69900", "2017-03-31": "25.84300", "2016-12-31": "58.02000", "2016-09-30": "46.64600", "2016-06-30": "50.89500", "2016-03-31": "46.88500", "2015-12-31": "-24.66000", "2015-09-30": "56.01900", "2015-06-30": "77.98000", "2015-03-31": "36.41500", "2014-12-31": "51.35700", "2014-09-30": "44.03100", "2014-06-30": "48.74900", "2014-03-31": "32.38400", "2013-12-31": "27.58600", "2013-09-30": "16.74100", "2013-06-30": "37.25600", "2013-03-31": "19.40900", "2012-12-31": "18.53400", "2012-09-30": "29.48000", "2012-06-30": "26.96400", "2012-03-31": "28.81600", "2011-12-31": "30.74800", "2011-09-30": "40.06100", "2011-06-30": "44.17300", "2011-03-31": "45.57800", "2010-12-31": "-100.42600", "2010-09-30": "42.76200", "2010-06-30": "15.74000", "2010-03-31": "33.39500", "2009-12-31": "25.50200", "2009-09-30": "40.79600", "2009-06-30": "43.55000", "2009-03-31": "53.61300", "2008-12-31": "44.98900", "2008-09-30": "30.48100", "2008-06-30": "-26.94400", "2008-03-31": "45.92900", "2007-12-31": "68.39100", "2007-09-30": "142.39000", "2007-06-30": "46.81200", "2007-03-31": "39.01300", "2006-12-31": "59.95200", "2006-09-30": "34.64900", "2006-06-30": "33.46300", "2006-03-31": "33.31900", "2005-12-31": "46.28700", "2005-09-30": "28.67100", "2005-06-30": "20.49700", "2005-03-31": "26.79200"}, "EBITDA": {"2020-09-30": "99.32300", "2020-06-30": "128.08800", "2020-03-31": "181.39300", "2019-12-31": "186.51580", "2019-09-30": "210.39500", "2019-06-30": "219.22200", "2019-03-31": "196.11800", "2018-12-31": "150.48900", "2018-09-30": "225.30400", "2018-06-30": "227.30800", "2018-03-31": "204.39500", "2017-12-31": "174.16600", "2017-09-30": "223.10500", "2017-06-30": "202.90100", "2017-03-31": "175.68500", "2016-12-31": "193.55610", "2016-09-30": "185.73000", "2016-06-30": "190.02300", "2016-03-31": "183.04300", "2015-12-31": "139.21710", "2015-09-30": "184.05900", "2015-06-30": "190.61400", "2015-03-31": "157.67000", "2014-12-31": "173.33710", "2014-09-30": "164.62900", "2014-06-30": "169.14700", "2014-03-31": "153.42600", "2013-12-31": "148.82490", "2013-09-30": "143.97600", "2013-06-30": "149.40000", "2013-03-31": "136.90900", "2012-12-31": "128.82710", "2012-09-30": "136.77600", "2012-06-30": "139.36100", "2012-03-31": "140.50600", "2011-12-31": "131.38910", "2011-09-30": "140.34600", "2011-06-30": "144.28700", "2011-03-31": "144.46800", "2010-12-31": "-17.49900", "2010-09-30": "144.00400", "2010-06-30": "144.33800", "2010-03-31": "141.53100", "2009-12-31": "137.90100", "2009-09-30": "136.03500", "2009-06-30": "137.09100", "2009-03-31": "136.65700", "2008-12-31": "156.21210", "2008-09-30": "141.24900", "2008-06-30": "155.11200", "2008-03-31": "154.75600", "2007-12-31": "188.21900", "2007-09-30": "150.01400", "2007-06-30": "141.93700", "2007-03-31": "121.25800", "2006-12-31": "111.08600", "2006-09-30": "91.42100", "2006-06-30": "93.02200", "2006-03-31": "89.78300", "2005-12-31": "88.79810", "2005-09-30": "81.70900", "2005-06-30": "79.88600", "2005-03-31": "75.69200"}, "EBIT": {"2020-09-30": "-26.75800", "2020-06-30": "-2.82500", "2020-03-31": "50.17900", "2019-12-31": "56.50090", "2019-09-30": "104.54600", "2019-06-30": "117.45600", "2019-03-31": "94.18300", "2018-12-31": "45.14990", "2018-09-30": "121.72700", "2018-06-30": "125.06500", "2018-03-31": "102.30000", "2017-12-31": "71.98800", "2017-09-30": "122.70500", "2017-06-30": "105.55200", "2017-03-31": "80.08200", "2016-12-31": "100.36910", "2016-09-30": "93.47000", "2016-06-30": "99.11300", "2016-03-31": "93.90700", "2015-12-31": "51.77810", "2015-09-30": "98.34000", "2015-06-30": "108.57400", "2015-03-31": "77.24300", "2014-12-31": "92.70120", "2014-09-30": "83.61800", "2014-06-30": "89.03100", "2014-03-31": "73.82000", "2013-12-31": "69.84390", "2013-09-30": "66.34400", "2013-06-30": "74.27800", "2013-03-31": "63.11700", "2012-12-31": "58.67110", "2012-09-30": "68.51600", "2012-06-30": "73.70800", "2012-03-31": "77.56500", "2011-12-31": "72.41500", "2011-09-30": "81.62600", "2011-06-30": "85.14900", "2011-03-31": "86.65300", "2010-12-31": "-77.82200", "2010-09-30": "84.51800", "2010-06-30": "81.87700", "2010-03-31": "78.58900", "2009-12-31": "73.89100", "2009-09-30": "72.37000", "2009-06-30": "73.06700", "2009-03-31": "71.44200", "2008-12-31": "91.84010", "2008-09-30": "77.35700", "2008-06-30": "92.13200", "2008-03-31": "93.10800", "2007-12-31": "123.36200", "2007-09-30": "91.28200", "2007-06-30": "85.76500", "2007-03-31": "71.44800", "2006-12-31": "73.25300", "2006-09-30": "54.31100", "2006-06-30": "56.53900", "2006-03-31": "54.22100", "2005-12-31": "53.32110", "2005-09-30": "46.64100", "2005-06-30": "47.30200", "2005-03-31": "44.13500"}, "Basic Shares Outstanding": {"2020-09-30": "164.43500", "2020-06-30": "164.38200", "2020-03-31": "164.37000", "2019-12-31": "164.31200", "2019-09-30": "164.32100", "2019-06-30": "164.28400", "2019-03-31": "164.27800", "2018-12-31": "164.22900", "2018-09-30": "164.23200", "2018-06-30": "164.20500", "2018-03-31": "164.19900", "2017-12-31": "164.14600", "2017-09-30": "164.14900", "2017-06-30": "164.12300", "2017-03-31": "164.12000", "2016-12-31": "156.06200", "2016-09-30": "157.21700", "2016-06-30": "151.40800", "2016-03-31": "151.40200", "2015-12-31": "150.70900", "2015-09-30": "151.35900", "2015-06-30": "150.26000", "2015-03-31": "149.79200", "2014-12-31": "149.65200", "2014-09-30": "149.66500", "2014-06-30": "149.61000", "2014-03-31": "149.57300", "2013-12-31": "137.42100", "2013-09-30": "139.76400", "2013-06-30": "139.74300", "2013-03-31": "125.42600", "2012-12-31": "123.46300", "2012-09-30": "123.57700", "2012-06-30": "123.56000", "2012-03-31": "123.52300", "2011-12-31": "123.47000", "2011-09-30": "123.46500", "2011-06-30": "123.45000", "2011-03-31": "123.44400", "2010-12-31": "123.40300", "2010-09-30": "123.39900", "2010-06-30": "123.38900", "2010-03-31": "123.38000", "2009-12-31": "107.98400", "2009-09-30": "118.78000", "2009-06-30": "95.34400", "2009-03-31": "93.99200", "2008-12-31": "93.94400", "2008-09-30": "93.95400", "2008-06-30": "93.94200", "2008-03-31": "93.89300", "2007-12-31": "93.10900", "2007-09-30": "93.87200", "2007-06-30": "93.86800", "2007-03-31": "90.76000", "2006-12-31": "73.27900", "2006-09-30": "73.61300", "2006-06-30": "71.95300", "2006-03-31": "71.92100", "2005-12-31": "69.86600", "2005-09-30": "71.90800", "2005-06-30": "68.35700", "2005-03-31": "67.20300"}, "Shares Outstanding": {"2020-09-30": "164.43500", "2020-06-30": "164.38200", "2020-03-31": "164.37000", "2019-12-31": "164.34000", "2019-09-30": "164.34800", "2019-06-30": "164.32600", "2019-03-31": "164.32200", "2018-12-31": "164.25800", "2018-09-30": "164.27400", "2018-06-30": "164.24300", "2018-03-31": "164.21900", "2017-12-31": "164.17500", "2017-09-30": "164.18800", "2017-06-30": "164.16500", "2017-03-31": "164.14900", "2016-12-31": "156.08800", "2016-09-30": "157.26300", "2016-06-30": "151.44200", "2016-03-31": "151.41500", "2015-12-31": "151.00200", "2015-09-30": "151.38600", "2015-06-30": "150.29200", "2015-03-31": "150.90600", "2014-12-31": "149.81700", "2014-09-30": "150.00700", "2014-06-30": "149.78900", "2014-03-31": "149.69100", "2013-12-31": "137.51400", "2013-09-30": "139.76400", "2013-06-30": "139.74300", "2013-03-31": "125.42600", "2012-12-31": "123.48700", "2012-09-30": "123.57700", "2012-06-30": "123.56000", "2012-03-31": "123.52300", "2011-12-31": "123.47000", "2011-09-30": "123.46500", "2011-06-30": "123.45000", "2011-03-31": "123.44400", "2010-12-31": "123.40300", "2010-09-30": "123.39900", "2010-06-30": "123.38900", "2010-03-31": "123.38000", "2009-12-31": "107.98400", "2009-09-30": "118.78000", "2009-06-30": "95.34400", "2009-03-31": "93.99200", "2008-12-31": "93.94400", "2008-09-30": "93.95400", "2008-06-30": "93.94200", "2008-03-31": "93.89300", "2007-12-31": "93.10900", "2007-09-30": "93.87200", "2007-06-30": "93.86800", "2007-03-31": "90.76000", "2006-12-31": "73.27900", "2006-09-30": "73.61300", "2006-06-30": "71.95300", "2006-03-31": "71.92100", "2005-12-31": "69.86600", "2005-09-30": "71.90800", "2005-06-30": "68.35700", "2005-03-31": "67.20300"}, "Basic EPS": {"2020-09-30": "-0.62000", "2020-06-30": "-0.23000", "2020-03-31": "-0.20000", "2019-12-31": "-0.08000", "2019-09-30": "0.24000", "2019-06-30": "0.05000", "2019-03-31": "1.37000", "2018-12-31": "-0.66000", "2018-09-30": "0.71000", "2018-06-30": "0.59000", "2018-03-31": "0.49000", "2017-12-31": "0.19000", "2017-09-30": "0.52000", "2017-06-30": "0.37000", "2017-03-31": "0.16000", "2016-12-31": "0.35000", "2016-09-30": "0.30000", "2016-06-30": "0.34000", "2016-03-31": "0.31000", "2015-12-31": "-0.16000", "2015-09-30": "0.37000", "2015-06-30": "0.52000", "2015-03-31": "0.24000", "2014-12-31": "0.34000", "2014-09-30": "0.29000", "2014-06-30": "0.33000", "2014-03-31": "0.22000", "2013-12-31": "0.19000", "2013-09-30": "0.12000", "2013-06-30": "0.27000", "2013-03-31": "0.15000", "2012-12-31": "0.15000", "2012-09-30": "0.24000", "2012-06-30": "0.22000", "2012-03-31": "0.23000", "2011-12-31": "0.25000", "2011-09-30": "0.32000", "2011-06-30": "0.36000", "2011-03-31": "0.37000", "2010-12-31": "-0.82000", "2010-09-30": "0.35000", "2010-06-30": "0.13000", "2010-03-31": "0.27000", "2009-12-31": "0.14000", "2009-09-30": "0.34000", "2009-06-30": "0.46000", "2009-03-31": "0.57000", "2008-12-31": "0.49000", "2008-09-30": "0.32000", "2008-06-30": "-0.29000", "2008-03-31": "0.49000", "2007-12-31": "0.74000", "2007-09-30": "1.52000", "2007-06-30": "0.50000", "2007-03-31": "0.43000", "2006-12-31": "0.80000", "2006-09-30": "0.47000", "2006-06-30": "0.47000", "2006-03-31": "0.46000", "2005-12-31": "0.65000", "2005-09-30": "0.40000", "2005-06-30": "0.30000", "2005-03-31": "0.40000"}, "EPS - Earnings Per Share": {"2020-09-30": "-0.62000", "2020-06-30": "-0.23000", "2020-03-31": "-0.20000", "2019-12-31": "-0.08000", "2019-09-30": "0.24000", "2019-06-30": "0.05000", "2019-03-31": "1.37000", "2018-12-31": "-0.66000", "2018-09-30": "0.71000", "2018-06-30": "0.59000", "2018-03-31": "0.49000", "2017-12-31": "0.19000", "2017-09-30": "0.52000", "2017-06-30": "0.37000", "2017-03-31": "0.16000", "2016-12-31": "0.35000", "2016-09-30": "0.30000", "2016-06-30": "0.34000", "2016-03-31": "0.31000", "2015-12-31": "-0.16000", "2015-09-30": "0.37000", "2015-06-30": "0.52000", "2015-03-31": "0.24000", "2014-12-31": "0.34000", "2014-09-30": "0.29000", "2014-06-30": "0.33000", "2014-03-31": "0.22000", "2013-12-31": "0.19000", "2013-09-30": "0.12000", "2013-06-30": "0.27000", "2013-03-31": "0.15000", "2012-12-31": "0.15000", "2012-09-30": "0.24000", "2012-06-30": "0.22000", "2012-03-31": "0.23000", "2011-12-31": "0.25000", "2011-09-30": "0.32000", "2011-06-30": "0.36000", "2011-03-31": "0.37000", "2010-12-31": "-0.82000", "2010-09-30": "0.35000", "2010-06-30": "0.13000", "2010-03-31": "0.27000", "2009-12-31": "0.14000", "2009-09-30": "0.34000", "2009-06-30": "0.46000", "2009-03-31": "0.57000", "2008-12-31": "0.49000", "2008-09-30": "0.32000", "2008-06-30": "-0.29000", "2008-03-31": "0.49000", "2007-12-31": "0.74000", "2007-09-30": "1.52000", "2007-06-30": "0.50000", "2007-03-31": "0.43000", "2006-12-31": "0.80000", "2006-09-30": "0.47000", "2006-06-30": "0.47000", "2006-03-31": "0.46000", "2005-12-31": "0.65000", "2005-09-30": "0.40000", "2005-06-30": "0.30000", "2005-03-31": "0.40000"}}, "balance sheet": {"Cash On Hand": {"2019-12-31": "81.25900", "2018-12-31": "76.00300", "2017-12-31": "97.49600", "2016-12-31": "71.35200", "2015-12-31": "64.89300", "2014-12-31": "45.81600", "2013-12-31": "53.37300", "2012-12-31": "60.79300", "2011-12-31": "58.49900", "2010-12-31": "85.50300", "2009-12-31": "155.48200", "2008-12-31": "54.47600", "2007-12-31": "51.53500", "2006-12-31": "580.61900", "2005-12-31": "47.63100"}, "Receivables": {"2019-12-31": "", "2018-12-31": "", "2017-12-31": "", "2016-12-31": "", "2015-12-31": "", "2014-12-31": "", "2013-12-31": "", "2012-12-31": "", "2011-12-31": "", "2010-12-31": "", "2009-12-31": "", "2008-12-31": "", "2007-12-31": "", "2006-12-31": "", "2005-12-31": ""}, "Inventory": {"2019-12-31": "", "2018-12-31": "", "2017-12-31": "", "2016-12-31": "", "2015-12-31": "", "2014-12-31": "", "2013-12-31": "", "2012-12-31": "", "2011-12-31": "", "2010-12-31": "", "2009-12-31": "", "2008-12-31": "", "2007-12-31": "", "2006-12-31": "", "2005-12-31": ""}, "Pre-Paid Expenses": {"2019-12-31": "", "2018-12-31": "", "2017-12-31": "", "2016-12-31": "", "2015-12-31": "", "2014-12-31": "", "2013-12-31": "", "2012-12-31": "", "2011-12-31": "", "2010-12-31": "", "2009-12-31": "", "2008-12-31": "", "2007-12-31": "", "2006-12-31": "", "2005-12-31": ""}, "Other Current Assets": {"2019-12-31": "", "2018-12-31": "", "2017-12-31": "", "2016-12-31": "", "2015-12-31": "", "2014-12-31": "", "2013-12-31": "", "2012-12-31": "", "2011-12-31": "", "2010-12-31": "", "2009-12-31": "", "2008-12-31": "", "2007-12-31": "", "2006-12-31": "", "2005-12-31": ""}, "Total Current Assets": {"2019-12-31": "81.25900", "2018-12-31": "76.00300", "2017-12-31": "97.49600", "2016-12-31": "71.35200", "2015-12-31": "64.89300", "2014-12-31": "45.81600", "2013-12-31": "53.37300", "2012-12-31": "60.79300", "2011-12-31": "58.49900", "2010-12-31": "85.50300", "2009-12-31": "155.48200", "2008-12-31": "54.47600", "2007-12-31": "51.53500", "2006-12-31": "580.61900", "2005-12-31": "47.63100"}, "Property, Plant, And Equipment": {"2019-12-31": "8264.27500", "2018-12-31": "6549.58900", "2017-12-31": "6643.18100", "2016-12-31": "6209.39300", "2015-12-31": "6044.63700", "2014-12-31": "5674.16000", "2013-12-31": "5660.21400", "2012-12-31": "5347.94900", "2011-12-31": "4891.25300", "2010-12-31": "4935.61500", "2009-12-31": "5206.50800", "2008-12-31": "5347.68100", "2007-12-31": "5346.76100", "2006-12-31": "3316.26800", "2005-12-31": "3013.68600"}, "Long-Term Investments": {"2019-12-31": "", "2018-12-31": "", "2017-12-31": "", "2016-12-31": "", "2015-12-31": "", "2014-12-31": "", "2013-12-31": "", "2012-12-31": "", "2011-12-31": "", "2010-12-31": "", "2009-12-31": "", "2008-12-31": "", "2007-12-31": "", "2006-12-31": "", "2005-12-31": ""}, "Goodwill And Intangible Assets": {"2019-12-31": "", "2018-12-31": "", "2017-12-31": "", "2016-12-31": "", "2015-12-31": "", "2014-12-31": "", "2013-12-31": "", "2012-12-31": "", "2011-12-31": "", "2010-12-31": "", "2009-12-31": "", "2008-12-31": "", "2007-12-31": "", "2006-12-31": "", "2005-12-31": ""}, "Other Long-Term Assets": {"2019-12-31": "688.43300", "2018-12-31": "551.48700", "2017-12-31": "409.70800", "2016-12-31": "353.48300", "2015-12-31": "285.26700", "2014-12-31": "262.58600", "2013-12-31": "253.95700", "2012-12-31": "226.71900", "2011-12-31": "183.82100", "2010-12-31": "171.16800", "2009-12-31": "186.38000", "2008-12-31": "170.58000", "2007-12-31": "281.01100", "2006-12-31": "60.57600", "2005-12-31": "53.29000"}, "Total Long-Term Assets": {"2019-12-31": "8952.70800", "2018-12-31": "7101.07600", "2017-12-31": "7052.88900", "2016-12-31": "6562.87600", "2015-12-31": "6329.90400", "2014-12-31": "5936.74600", "2013-12-31": "5914.17100", "2012-12-31": "5574.66800", "2011-12-31": "5075.07400", "2010-12-31": "5106.78300", "2009-12-31": "5392.88800", "2008-12-31": "5518.26100", "2007-12-31": "5627.77200", "2006-12-31": "3376.84400", "2005-12-31": "3066.97600"}, "Total Assets": {"2019-12-31": "9033.96700", "2018-12-31": "7177.07900", "2017-12-31": "7150.38500", "2016-12-31": "6634.22800", "2015-12-31": "6394.79700", "2014-12-31": "5982.56200", "2013-12-31": "5967.54400", "2012-12-31": "5635.46100", "2011-12-31": "5133.57300", "2010-12-31": "5192.28600", "2009-12-31": "5548.37000", "2008-12-31": "5572.73700", "2007-12-31": "5679.30700", "2006-12-31": "3957.46300", "2005-12-31": "3114.60700"}, "Total Current Liabilities": {"2019-12-31": "356.13900", "2018-12-31": "274.24500", "2017-12-31": "184.78800", "2016-12-31": "246.52800", "2015-12-31": "179.78300", "2014-12-31": "115.56100", "2013-12-31": "143.64200", "2012-12-31": "146.06400", "2011-12-31": "103.66800", "2010-12-31": "107.29700", "2009-12-31": "103.67800", "2008-12-31": "128.07800", "2007-12-31": "134.70500", "2006-12-31": "119.53600", "2005-12-31": "108.59500"}, "Long Term Debt": {"2019-12-31": "6062.54700", "2018-12-31": "4172.58700", "2017-12-31": "4001.04800", "2016-12-31": "3163.80700", "2015-12-31": "3274.67300", "2014-12-31": "2838.61300", "2013-12-31": "2704.00500", "2012-12-31": "2722.35800", "2011-12-31": "2115.71400", "2010-12-31": "2111.22300", "2009-12-31": "2193.56100", "2008-12-31": "2639.06000", "2007-12-31": "2579.39100", "2006-12-31": "1199.83000", "2005-12-31": "960.37200"}, "Other Non-Current Liabilities": {"2019-12-31": "109.40300", "2018-12-31": "132.81600", "2017-12-31": "209.12700", "2016-12-31": "94.50400", "2015-12-31": "128.25900", "2014-12-31": "38.23500", "2013-12-31": "33.04200", "2012-12-31": "33.24100", "2011-12-31": "114.88900", "2010-12-31": "113.52500", "2009-12-31": "159.20000", "2008-12-31": "177.17200", "2007-12-31": "178.77700", "2006-12-31": "190.55700", "2005-12-31": "190.18500"}, "Total Long Term Liabilities": {"2019-12-31": "6171.95000", "2018-12-31": "4305.40300", "2017-12-31": "4210.17500", "2016-12-31": "3258.31100", "2015-12-31": "3402.93200", "2014-12-31": "2876.84800", "2013-12-31": "2737.04700", "2012-12-31": "2755.59900", "2011-12-31": "2230.60300", "2010-12-31": "2224.74800", "2009-12-31": "2352.76100", "2008-12-31": "2816.23200", "2007-12-31": "2758.16800", "2006-12-31": "1390.38700", "2005-12-31": "1150.55700"}, "Total Liabilities": {"2019-12-31": "6528.08900", "2018-12-31": "4579.64800", "2017-12-31": "4394.96300", "2016-12-31": "3504.83900", "2015-12-31": "3582.71500", "2014-12-31": "2992.40900", "2013-12-31": "2880.68900", "2012-12-31": "2901.66300", "2011-12-31": "2334.27100", "2010-12-31": "2332.04500", "2009-12-31": "2456.43900", "2008-12-31": "2944.31000", "2007-12-31": "2892.87300", "2006-12-31": "1509.92300", "2005-12-31": "1259.15200"}, "Common Stock Net": {"2019-12-31": "1.64600", "2018-12-31": "1.64400", "2017-12-31": "1.64300", "2016-12-31": "1.64300", "2015-12-31": "1.51500", "2014-12-31": "1.49900", "2013-12-31": "1.49600", "2012-12-31": "1.23600", "2011-12-31": "1.23500", "2010-12-31": "1.23400", "2009-12-31": "1.23400", "2008-12-31": "0.94000", "2007-12-31": "0.93900", "2006-12-31": "0.86300", "2005-12-31": "0.71900"}, "Retained Earnings (Accumulated Deficit)": {"2019-12-31": "3491.64500", "2018-12-31": "3231.89500", "2017-12-31": "3310.01700", "2016-12-31": "3104.76700", "2015-12-31": "2881.65700", "2014-12-31": "2715.23900", "2013-12-31": "2518.05400", "2012-12-31": "2384.87600", "2011-12-31": "2232.95300", "2010-12-31": "2042.51300", "2009-12-31": "2021.16200", "2008-12-31": "1827.82100", "2007-12-31": "1711.07900", "2006-12-31": "1380.11100", "2005-12-31": "1211.07200"}, "Comprehensive Income": {"2019-12-31": "", "2018-12-31": "-0.26600", "2017-12-31": "79.35800", "2016-12-31": "39.58300", "2015-12-31": "-15.52300", "2014-12-31": "25.80400", "2013-12-31": "15.95200", "2012-12-31": "2.77000", "2011-12-31": "1.60500", "2010-12-31": "2.23100", "2009-12-31": "3.23000", "2008-12-31": "-0.51100", "2007-12-31": "", "2006-12-31": "", "2005-12-31": ""}, "Other Share Holders Equity": {"2019-12-31": "-5534.94200", "2018-12-31": "-5181.32300", "2017-12-31": "-5177.90300", "2016-12-31": "-4836.38400", "2015-12-31": "-4501.58500", "2014-12-31": "-4151.04700", "2013-12-31": "-3838.35400", "2012-12-31": "-3555.20800", "2011-12-31": "-3290.16400", "2010-12-31": "-3038.04500", "2009-12-31": "-2786.04300", "2008-12-31": "-2683.78900", "2007-12-31": "-2364.60400", "2006-12-31": "-1720.42700", "2005-12-31": "-1499.52500"}, "Share Holder Equity": {"2019-12-31": "2505.87800", "2018-12-31": "2597.43100", "2017-12-31": "2755.42200", "2016-12-31": "3129.38900", "2015-12-31": "2812.08200", "2014-12-31": "2990.15300", "2013-12-31": "3086.85500", "2012-12-31": "2733.79800", "2011-12-31": "2799.30200", "2010-12-31": "2860.24100", "2009-12-31": "3091.93100", "2008-12-31": "2628.42700", "2007-12-31": "2786.43400", "2006-12-31": "2447.54000", "2005-12-31": "1855.45500"}, "Total Liabilities And Share Holders Equity": {"2019-12-31": "9033.96700", "2018-12-31": "7177.07900", "2017-12-31": "7150.38500", "2016-12-31": "6634.22800", "2015-12-31": "6394.79700", "2014-12-31": "5982.56200", "2013-12-31": "5967.54400", "2012-12-31": "5635.46100", "2011-12-31": "5133.57300", "2010-12-31": "5192.28600", "2009-12-31": "5548.37000", "2008-12-31": "5572.73700", "2007-12-31": "5679.30700", "2006-12-31": "3957.46300", "2005-12-31": "3114.60700"}}, "balance sheet, quarterly": {"Cash On Hand": {"2020-09-30": "85.97700", "2020-06-30": "49.85800", "2020-03-31": "99.75500", "2019-12-31": "81.25900", "2019-09-30": "70.50900", "2019-06-30": "53.48000", "2019-03-31": "98.80400", "2018-12-31": "76.00300", "2018-09-30": "85.49300", "2018-06-30": "89.82800", "2018-03-31": "76.36500", "2017-12-31": "97.49600", "2017-09-30": "87.60400", "2017-06-30": "108.58100", "2017-03-31": "80.48500", "2016-12-31": "71.35200", "2016-09-30": "70.14000", "2016-06-30": "81.76600", "2016-03-31": "71.70700", "2015-12-31": "64.89300", "2015-09-30": "51.67100", "2015-06-30": "57.50100", "2015-03-31": "52.11900", "2014-12-31": "45.81600", "2014-09-30": "49.70300", "2014-06-30": "44.75900", "2014-03-31": "60.69300", "2013-12-31": "53.37300", "2013-09-30": "47.45100", "2013-06-30": "235.53700", "2013-03-31": "55.97300", "2012-12-31": "60.79300", "2012-09-30": "56.04300", "2012-06-30": "72.23800", "2012-03-31": "207.85500", "2011-12-31": "58.49900", "2011-09-30": "48.23400", "2011-06-30": "54.93900", "2011-03-31": "76.03700", "2010-12-31": "85.50300", "2010-09-30": "71.64300", "2010-06-30": "45.28000", "2010-03-31": "150.52700", "2009-12-31": "155.48200", "2009-09-30": "77.71900", "2009-06-30": "31.04000", "2009-03-31": "36.81000", "2008-12-31": "54.47600", "2008-09-30": "46.78600", "2008-06-30": "50.49500", "2008-03-31": "74.95600", "2007-12-31": "51.53500", "2007-09-30": "29.23000", "2007-06-30": "42.21900", "2007-03-31": "60.19500", "2006-12-31": "580.61900", "2006-09-30": "46.83700", "2006-06-30": "47.12100", "2006-03-31": "39.74600", "2005-12-31": "47.63100", "2005-09-30": "51.53300", "2005-06-30": "47.48600", "2005-03-31": "42.56000"}, "Receivables": {"2020-09-30": "", "2020-06-30": "", "2020-03-31": "", "2019-12-31": "", "2019-09-30": "", "2019-06-30": "", "2019-03-31": "", "2018-12-31": "", "2018-09-30": "", "2018-06-30": "", "2018-03-31": "", "2017-12-31": "", "2017-09-30": "", "2017-06-30": "", "2017-03-31": "", "2016-12-31": "", "2016-09-30": "", "2016-06-30": "", "2016-03-31": "", "2015-12-31": "", "2015-09-30": "", "2015-06-30": "", "2015-03-31": "", "2014-12-31": "", "2014-09-30": "", "2014-06-30": "", "2014-03-31": "", "2013-12-31": "", "2013-09-30": "", "2013-06-30": "", "2013-03-31": "", "2012-12-31": "", "2012-09-30": "", "2012-06-30": "", "2012-03-31": "", "2011-12-31": "", "2011-09-30": "", "2011-06-30": "", "2011-03-31": "", "2010-12-31": "", "2010-09-30": "", "2010-06-30": "", "2010-03-31": "", "2009-12-31": "", "2009-09-30": "", "2009-06-30": "", "2009-03-31": "", "2008-12-31": "", "2008-09-30": "", "2008-06-30": "", "2008-03-31": "", "2007-12-31": "", "2007-09-30": "", "2007-06-30": "", "2007-03-31": "", "2006-12-31": "", "2006-09-30": "", "2006-06-30": "", "2006-03-31": "", "2005-12-31": "", "2005-09-30": "", "2005-06-30": "", "2005-03-31": ""}, "Inventory": {"2020-09-30": "", "2020-06-30": "", "2020-03-31": "", "2019-12-31": "", "2019-09-30": "", "2019-06-30": "", "2019-03-31": "", "2018-12-31": "", "2018-09-30": "", "2018-06-30": "", "2018-03-31": "", "2017-12-31": "", "2017-09-30": "", "2017-06-30": "", "2017-03-31": "", "2016-12-31": "", "2016-09-30": "", "2016-06-30": "", "2016-03-31": "", "2015-12-31": "", "2015-09-30": "", "2015-06-30": "", "2015-03-31": "", "2014-12-31": "", "2014-09-30": "", "2014-06-30": "", "2014-03-31": "", "2013-12-31": "", "2013-09-30": "", "2013-06-30": "", "2013-03-31": "", "2012-12-31": "", "2012-09-30": "", "2012-06-30": "", "2012-03-31": "", "2011-12-31": "", "2011-09-30": "", "2011-06-30": "", "2011-03-31": "", "2010-12-31": "", "2010-09-30": "", "2010-06-30": "", "2010-03-31": "", "2009-12-31": "", "2009-09-30": "", "2009-06-30": "", "2009-03-31": "", "2008-12-31": "", "2008-09-30": "", "2008-06-30": "", "2008-03-31": "", "2007-12-31": "", "2007-09-30": "", "2007-06-30": "", "2007-03-31": "", "2006-12-31": "", "2006-09-30": "", "2006-06-30": "", "2006-03-31": "", "2005-12-31": "", "2005-09-30": "", "2005-06-30": "", "2005-03-31": ""}, "Pre-Paid Expenses": {"2020-09-30": "", "2020-06-30": "", "2020-03-31": "", "2019-12-31": "", "2019-09-30": "", "2019-06-30": "", "2019-03-31": "", "2018-12-31": "", "2018-09-30": "", "2018-06-30": "", "2018-03-31": "", "2017-12-31": "", "2017-09-30": "", "2017-06-30": "", "2017-03-31": "", "2016-12-31": "", "2016-09-30": "", "2016-06-30": "", "2016-03-31": "", "2015-12-31": "", "2015-09-30": "", "2015-06-30": "", "2015-03-31": "", "2014-12-31": "", "2014-09-30": "", "2014-06-30": "", "2014-03-31": "", "2013-12-31": "", "2013-09-30": "", "2013-06-30": "", "2013-03-31": "", "2012-12-31": "", "2012-09-30": "", "2012-06-30": "", "2012-03-31": "", "2011-12-31": "", "2011-09-30": "", "2011-06-30": "", "2011-03-31": "", "2010-12-31": "", "2010-09-30": "", "2010-06-30": "", "2010-03-31": "", "2009-12-31": "", "2009-09-30": "", "2009-06-30": "", "2009-03-31": "", "2008-12-31": "", "2008-09-30": "", "2008-06-30": "", "2008-03-31": "", "2007-12-31": "", "2007-09-30": "", "2007-06-30": "", "2007-03-31": "", "2006-12-31": "", "2006-09-30": "", "2006-06-30": "", "2006-03-31": "", "2005-12-31": "", "2005-09-30": "", "2005-06-30": "", "2005-03-31": ""}, "Other Current Assets": {"2020-09-30": "", "2020-06-30": "", "2020-03-31": "", "2019-12-31": "", "2019-09-30": "", "2019-06-30": "", "2019-03-31": "", "2018-12-31": "", "2018-09-30": "", "2018-06-30": "", "2018-03-31": "", "2017-12-31": "", "2017-09-30": "", "2017-06-30": "", "2017-03-31": "", "2016-12-31": "", "2016-09-30": "", "2016-06-30": "", "2016-03-31": "", "2015-12-31": "", "2015-09-30": "", "2015-06-30": "", "2015-03-31": "", "2014-12-31": "", "2014-09-30": "", "2014-06-30": "", "2014-03-31": "", "2013-12-31": "", "2013-09-30": "", "2013-06-30": "", "2013-03-31": "", "2012-12-31": "", "2012-09-30": "", "2012-06-30": "", "2012-03-31": "", "2011-12-31": "", "2011-09-30": "", "2011-06-30": "", "2011-03-31": "", "2010-12-31": "", "2010-09-30": "", "2010-06-30": "", "2010-03-31": "", "2009-12-31": "", "2009-09-30": "", "2009-06-30": "", "2009-03-31": "", "2008-12-31": "", "2008-09-30": "", "2008-06-30": "", "2008-03-31": "", "2007-12-31": "", "2007-09-30": "", "2007-06-30": "", "2007-03-31": "", "2006-12-31": "", "2006-09-30": "", "2006-06-30": "", "2006-03-31": "", "2005-12-31": "", "2005-09-30": "", "2005-06-30": "", "2005-03-31": ""}, "Total Current Assets": {"2020-09-30": "85.97700", "2020-06-30": "49.85800", "2020-03-31": "99.75500", "2019-12-31": "81.25900", "2019-09-30": "70.50900", "2019-06-30": "53.48000", "2019-03-31": "98.80400", "2018-12-31": "76.00300", "2018-09-30": "85.49300", "2018-06-30": "89.82800", "2018-03-31": "76.36500", "2017-12-31": "97.49600", "2017-09-30": "87.60400", "2017-06-30": "108.58100", "2017-03-31": "80.48500", "2016-12-31": "71.35200", "2016-09-30": "70.14000", "2016-06-30": "81.76600", "2016-03-31": "71.70700", "2015-12-31": "64.89300", "2015-09-30": "51.67100", "2015-06-30": "57.50100", "2015-03-31": "52.11900", "2014-12-31": "45.81600", "2014-09-30": "49.70300", "2014-06-30": "44.75900", "2014-03-31": "60.69300", "2013-12-31": "53.37300", "2013-09-30": "47.45100", "2013-06-30": "235.53700", "2013-03-31": "55.97300", "2012-12-31": "60.79300", "2012-09-30": "56.04300", "2012-06-30": "72.23800", "2012-03-31": "207.85500", "2011-12-31": "58.49900", "2011-09-30": "48.23400", "2011-06-30": "54.93900", "2011-03-31": "76.03700", "2010-12-31": "85.50300", "2010-09-30": "71.64300", "2010-06-30": "45.28000", "2010-03-31": "150.52700", "2009-12-31": "155.48200", "2009-09-30": "77.71900", "2009-06-30": "31.04000", "2009-03-31": "36.81000", "2008-12-31": "54.47600", "2008-09-30": "46.78600", "2008-06-30": "50.49500", "2008-03-31": "74.95600", "2007-12-31": "51.53500", "2007-09-30": "29.23000", "2007-06-30": "42.21900", "2007-03-31": "60.19500", "2006-12-31": "580.61900", "2006-09-30": "46.83700", "2006-06-30": "47.12100", "2006-03-31": "39.74600", "2005-12-31": "47.63100", "2005-09-30": "51.53300", "2005-06-30": "47.48600", "2005-03-31": "42.56000"}, "Property, Plant, And Equipment": {"2020-09-30": "7863.37900", "2020-06-30": "7999.09000", "2020-03-31": "8234.66900", "2019-12-31": "8264.27500", "2019-09-30": "8213.85200", "2019-06-30": "6651.01300", "2019-03-31": "6653.42500", "2018-12-31": "6549.58900", "2018-09-30": "6638.80100", "2018-06-30": "6663.26100", "2018-03-31": "6603.17400", "2017-12-31": "6643.18100", "2017-09-30": "6668.12200", "2017-06-30": "6467.25800", "2017-03-31": "6321.49400", "2016-12-31": "6209.39300", "2016-09-30": "6161.21700", "2016-06-30": "6179.88100", "2016-03-31": "6153.74200", "2015-12-31": "6044.63700", "2015-09-30": "6045.15600", "2015-06-30": "5929.03100", "2015-03-31": "5685.55400", "2014-12-31": "5674.16000", "2014-09-30": "5686.94300", "2014-06-30": "5693.87800", "2014-03-31": "5627.06000", "2013-12-31": "5660.21400", "2013-09-30": "5618.02700", "2013-06-30": "5543.44700", "2013-03-31": "5350.56900", "2012-12-31": "5347.94900", "2012-09-30": "5095.88000", "2012-06-30": "5072.43900", "2012-03-31": "5040.61300", "2011-12-31": "4891.25300", "2011-09-30": "4881.82100", "2011-06-30": "4904.15500", "2011-03-31": "4866.61700", "2010-12-31": "4935.61500", "2010-09-30": "5048.25600", "2010-06-30": "5107.71000", "2010-03-31": "5166.92600", "2009-12-31": "5206.50800", "2009-09-30": "5243.62900", "2009-06-30": "5279.68000", "2009-03-31": "5313.66900", "2008-12-31": "5347.68100", "2008-09-30": "5362.21900", "2008-06-30": "5400.95600", "2008-03-31": "5365.78800", "2007-12-31": "5346.76100", "2007-09-30": "5352.30700", "2007-06-30": "5483.18800", "2007-03-31": "4856.02800", "2006-12-31": "3316.26800", "2006-09-30": "3329.28800", "2006-06-30": "3325.42700", "2006-03-31": "3250.87200", "2005-12-31": "3013.68600", "2005-09-30": "3007.45500", "2005-06-30": "3021.97800", "2005-03-31": "3014.73500"}, "Long-Term Investments": {"2020-09-30": "", "2020-06-30": "", "2020-03-31": "", "2019-12-31": "", "2019-09-30": "", "2019-06-30": "", "2019-03-31": "", "2018-12-31": "", "2018-09-30": "", "2018-06-30": "", "2018-03-31": "", "2017-12-31": "", "2017-09-30": "", "2017-06-30": "", "2017-03-31": "", "2016-12-31": "", "2016-09-30": "", "2016-06-30": "", "2016-03-31": "", "2015-12-31": "", "2015-09-30": "", "2015-06-30": "", "2015-03-31": "", "2014-12-31": "", "2014-09-30": "", "2014-06-30": "", "2014-03-31": "", "2013-12-31": "", "2013-09-30": "", "2013-06-30": "", "2013-03-31": "", "2012-12-31": "", "2012-09-30": "", "2012-06-30": "", "2012-03-31": "", "2011-12-31": "", "2011-09-30": "", "2011-06-30": "", "2011-03-31": "", "2010-12-31": "", "2010-09-30": "", "2010-06-30": "", "2010-03-31": "", "2009-12-31": "", "2009-09-30": "", "2009-06-30": "", "2009-03-31": "", "2008-12-31": "", "2008-09-30": "", "2008-06-30": "", "2008-03-31": "", "2007-12-31": "", "2007-09-30": "", "2007-06-30": "", "2007-03-31": "", "2006-12-31": "", "2006-09-30": "", "2006-06-30": "", "2006-03-31": "", "2005-12-31": "", "2005-09-30": "", "2005-06-30": "", "2005-03-31": ""}, "Goodwill And Intangible Assets": {"2020-09-30": "", "2020-06-30": "", "2020-03-31": "", "2019-12-31": "", "2019-09-30": "", "2019-06-30": "", "2019-03-31": "", "2018-12-31": "", "2018-09-30": "", "2018-06-30": "", "2018-03-31": "", "2017-12-31": "", "2017-09-30": "", "2017-06-30": "", "2017-03-31": "", "2016-12-31": "", "2016-09-30": "", "2016-06-30": "", "2016-03-31": "", "2015-12-31": "", "2015-09-30": "", "2015-06-30": "", "2015-03-31": "", "2014-12-31": "", "2014-09-30": "", "2014-06-30": "", "2014-03-31": "", "2013-12-31": "", "2013-09-30": "", "2013-06-30": "", "2013-03-31": "", "2012-12-31": "", "2012-09-30": "", "2012-06-30": "", "2012-03-31": "", "2011-12-31": "", "2011-09-30": "", "2011-06-30": "", "2011-03-31": "", "2010-12-31": "", "2010-09-30": "", "2010-06-30": "", "2010-03-31": "", "2009-12-31": "", "2009-09-30": "", "2009-06-30": "", "2009-03-31": "", "2008-12-31": "", "2008-09-30": "", "2008-06-30": "", "2008-03-31": "", "2007-12-31": "", "2007-09-30": "", "2007-06-30": "", "2007-03-31": "", "2006-12-31": "", "2006-09-30": "", "2006-06-30": "", "2006-03-31": "", "2005-12-31": "", "2005-09-30": "", "2005-06-30": "", "2005-03-31": ""}, "Other Long-Term Assets": {"2020-09-30": "847.31700", "2020-06-30": "830.59700", "2020-03-31": "662.19900", "2019-12-31": "688.43300", "2019-09-30": "1231.14200", "2019-06-30": "473.25300", "2019-03-31": "503.57500", "2018-12-31": "551.48700", "2018-09-30": "527.25900", "2018-06-30": "472.27300", "2018-03-31": "441.33500", "2017-12-31": "409.70800", "2017-09-30": "388.74100", "2017-06-30": "397.60900", "2017-03-31": "387.45500", "2016-12-31": "353.48300", "2016-09-30": "354.77500", "2016-06-30": "347.68800", "2016-03-31": "306.69100", "2015-12-31": "285.26700", "2015-09-30": "397.72300", "2015-06-30": "414.61600", "2015-03-31": "294.73300", "2014-12-31": "262.58600", "2014-09-30": "253.93700", "2014-06-30": "250.28800", "2014-03-31": "248.43400", "2013-12-31": "253.95700", "2013-09-30": "236.38700", "2013-06-30": "260.89000", "2013-03-31": "252.68800", "2012-12-31": "226.71900", "2012-09-30": "221.00900", "2012-06-30": "218.30200", "2012-03-31": "229.55600", "2011-12-31": "183.82100", "2011-09-30": "181.01400", "2011-06-30": "188.41100", "2011-03-31": "226.42800", "2010-12-31": "171.16800", "2010-09-30": "210.07100", "2010-06-30": "174.90400", "2010-03-31": "182.37300", "2009-12-31": "186.38000", "2009-09-30": "199.05500", "2009-06-30": "206.93600", "2009-03-31": "204.45500", "2008-12-31": "170.58000", "2008-09-30": "186.57000", "2008-06-30": "190.42400", "2008-03-31": "270.97300", "2007-12-31": "281.01100", "2007-09-30": "265.61800", "2007-06-30": "264.60600", "2007-03-31": "228.95700", "2006-12-31": "60.57600", "2006-09-30": "46.56700", "2006-06-30": "50.34100", "2006-03-31": "48.54000", "2005-12-31": "53.29000", "2005-09-30": "21.43400", "2005-06-30": "23.49500", "2005-03-31": "17.21500"}, "Total Long-Term Assets": {"2020-09-30": "8710.69600", "2020-06-30": "8829.68700", "2020-03-31": "8896.86800", "2019-12-31": "8952.70800", "2019-09-30": "9444.99300", "2019-06-30": "7124.26600", "2019-03-31": "7157.00000", "2018-12-31": "7101.07600", "2018-09-30": "7166.06000", "2018-06-30": "7135.53400", "2018-03-31": "7044.50900", "2017-12-31": "7052.88900", "2017-09-30": "7056.86300", "2017-06-30": "6864.86700", "2017-03-31": "6708.94900", "2016-12-31": "6562.87600", "2016-09-30": "6515.99200", "2016-06-30": "6527.56900", "2016-03-31": "6460.43300", "2015-12-31": "6329.90400", "2015-09-30": "6442.87900", "2015-06-30": "6343.64700", "2015-03-31": "5980.28700", "2014-12-31": "5936.74600", "2014-09-30": "5940.88000", "2014-06-30": "5944.16600", "2014-03-31": "5875.49400", "2013-12-31": "5914.17100", "2013-09-30": "5854.41400", "2013-06-30": "5804.33700", "2013-03-31": "5603.25700", "2012-12-31": "5574.66800", "2012-09-30": "5316.88900", "2012-06-30": "5290.74100", "2012-03-31": "5270.16900", "2011-12-31": "5075.07400", "2011-09-30": "5062.83500", "2011-06-30": "5092.56600", "2011-03-31": "5093.04500", "2010-12-31": "5106.78300", "2010-09-30": "5258.32700", "2010-06-30": "5282.61400", "2010-03-31": "5349.29900", "2009-12-31": "5392.88800", "2009-09-30": "5442.68400", "2009-06-30": "5486.61600", "2009-03-31": "5518.12400", "2008-12-31": "5518.26100", "2008-09-30": "5548.78900", "2008-06-30": "5591.38000", "2008-03-31": "5636.76100", "2007-12-31": "5627.77200", "2007-09-30": "5617.92500", "2007-06-30": "5747.79400", "2007-03-31": "5084.98500", "2006-12-31": "3376.84400", "2006-09-30": "3375.85500", "2006-06-30": "3375.76800", "2006-03-31": "3299.41200", "2005-12-31": "3066.97600", "2005-09-30": "3028.88900", "2005-06-30": "3045.47300", "2005-03-31": "3031.95000"}, "Total Assets": {"2020-09-30": "8796.67300", "2020-06-30": "8879.54500", "2020-03-31": "8996.62300", "2019-12-31": "9033.96700", "2019-09-30": "9515.50300", "2019-06-30": "7177.74600", "2019-03-31": "7255.80400", "2018-12-31": "7177.07900", "2018-09-30": "7251.55300", "2018-06-30": "7225.36200", "2018-03-31": "7120.87400", "2017-12-31": "7150.38500", "2017-09-30": "7144.46700", "2017-06-30": "6973.44800", "2017-03-31": "6789.43400", "2016-12-31": "6634.22800", "2016-09-30": "6586.13200", "2016-06-30": "6609.33500", "2016-03-31": "6532.14000", "2015-12-31": "6394.79700", "2015-09-30": "6494.55000", "2015-06-30": "6401.14800", "2015-03-31": "6032.40600", "2014-12-31": "5982.56200", "2014-09-30": "5990.58300", "2014-06-30": "5988.92500", "2014-03-31": "5936.18700", "2013-12-31": "5967.54400", "2013-09-30": "5901.86500", "2013-06-30": "6039.87400", "2013-03-31": "5659.23000", "2012-12-31": "5635.46100", "2012-09-30": "5372.93200", "2012-06-30": "5362.97900", "2012-03-31": "5478.02400", "2011-12-31": "5133.57300", "2011-09-30": "5111.06900", "2011-06-30": "5147.50500", "2011-03-31": "5169.08200", "2010-12-31": "5192.28600", "2010-09-30": "5329.97000", "2010-06-30": "5327.89400", "2010-03-31": "5499.82600", "2009-12-31": "5548.37000", "2009-09-30": "5520.40300", "2009-06-30": "5517.65600", "2009-03-31": "5554.93400", "2008-12-31": "5572.73700", "2008-09-30": "5595.57500", "2008-06-30": "5641.87500", "2008-03-31": "5711.71700", "2007-12-31": "5679.30700", "2007-09-30": "5647.15500", "2007-06-30": "5790.01300", "2007-03-31": "5145.18000", "2006-12-31": "3957.46300", "2006-09-30": "3422.69200", "2006-06-30": "3422.88900", "2006-03-31": "3339.15800", "2005-12-31": "3114.60700", "2005-09-30": "3080.42200", "2005-06-30": "3092.95900", "2005-03-31": "3074.51000"}, "Total Current Liabilities": {"2020-09-30": "342.13100", "2020-06-30": "362.04500", "2020-03-31": "420.18300", "2019-12-31": "356.13900", "2019-09-30": "311.08100", "2019-06-30": "298.62500", "2019-03-31": "250.92500", "2018-12-31": "274.24500", "2018-09-30": "188.79400", "2018-06-30": "207.68500", "2018-03-31": "174.00100", "2017-12-31": "184.78800", "2017-09-30": "207.65300", "2017-06-30": "190.01700", "2017-03-31": "186.31700", "2016-12-31": "246.52800", "2016-09-30": "219.73600", "2016-06-30": "190.30400", "2016-03-31": "150.41600", "2015-12-31": "179.78300", "2015-09-30": "160.06300", "2015-06-30": "185.95600", "2015-03-31": "109.60300", "2014-12-31": "115.56100", "2014-09-30": "89.32200", "2014-06-30": "131.99100", "2014-03-31": "94.05300", "2013-12-31": "143.64200", "2013-09-30": "112.77200", "2013-06-30": "120.49800", "2013-03-31": "106.77600", "2012-12-31": "146.06400", "2012-09-30": "88.10000", "2012-06-30": "118.79800", "2012-03-31": "104.62900", "2011-12-31": "103.66800", "2011-09-30": "75.38000", "2011-06-30": "98.65400", "2011-03-31": "80.51200", "2010-12-31": "107.29700", "2010-09-30": "76.79600", "2010-06-30": "103.21900", "2010-03-31": "86.67900", "2009-12-31": "103.67800", "2009-09-30": "85.44900", "2009-06-30": "107.06000", "2009-03-31": "93.14900", "2008-12-31": "128.07800", "2008-09-30": "102.32200", "2008-06-30": "122.71600", "2008-03-31": "101.28500", "2007-12-31": "134.70500", "2007-09-30": "119.40800", "2007-06-30": "153.32000", "2007-03-31": "126.83200", "2006-12-31": "119.53600", "2006-09-30": "117.25600", "2006-06-30": "129.08900", "2006-03-31": "104.34500", "2005-12-31": "108.59500", "2005-09-30": "90.73800", "2005-06-30": "93.55300", "2005-03-31": "72.81100"}, "Long Term Debt": {"2020-09-30": "6212.17400", "2020-06-30": "6162.50300", "2020-03-31": "6145.43400", "2019-12-31": "6062.54700", "2019-09-30": "6472.67300", "2019-06-30": "4089.92400", "2019-03-31": "4138.75600", "2018-12-31": "4172.58700", "2018-09-30": "4136.41800", "2018-06-30": "4113.25000", "2018-03-31": "4077.54300", "2017-12-31": "4001.04800", "2017-09-30": "4020.78500", "2017-06-30": "3839.02800", "2017-03-31": "3689.39100", "2016-12-31": "3163.80700", "2016-09-30": "3121.20800", "2016-06-30": "3501.36600", "2016-03-31": "3497.69400", "2015-12-31": "3274.67300", "2015-09-30": "3276.00800", "2015-06-30": "3140.54300", "2015-03-31": "2910.07800", "2014-12-31": "2838.61300", "2014-09-30": "2835.14800", "2014-06-30": "2794.00500", "2014-03-31": "2753.62900", "2013-12-31": "2704.00500", "2013-09-30": "2896.50500", "2013-06-30": "2793.00400", "2013-03-31": "2412.85000", "2012-12-31": "2722.35800", "2012-09-30": "2401.86500", "2012-06-30": "2196.31200", "2012-03-31": "2296.75300", "2011-12-31": "2115.71400", "2011-09-30": "2080.98800", "2011-06-30": "2118.26700", "2011-03-31": "2135.55100", "2010-12-31": "2111.22300", "2010-09-30": "2089.54100", "2010-06-30": "2053.86200", "2010-03-31": "2194.95500", "2009-12-31": "2193.56100", "2009-09-30": "2192.18100", "2009-06-30": "2391.73100", "2009-03-31": "2675.78300", "2008-12-31": "2639.06000", "2008-09-30": "2679.06500", "2008-06-30": "2672.84200", "2008-03-31": "2667.61900", "2007-12-31": "2579.39100", "2007-09-30": "2558.15400", "2007-06-30": "2731.99400", "2007-03-31": "2089.83100", "2006-12-31": "1199.83000", "2006-09-30": "1212.69900", "2006-06-30": "1284.56700", "2006-03-31": "1207.47800", "2005-12-31": "960.37200", "2005-09-30": "933.26500", "2005-06-30": "925.15700", "2005-03-31": "1100.04900"}, "Other Non-Current Liabilities": {"2020-09-30": "0.28400", "2020-06-30": "9.27600", "2020-03-31": "48.74000", "2019-12-31": "109.40300", "2019-09-30": "122.76300", "2019-06-30": "131.75500", "2019-03-31": "129.55700", "2018-12-31": "132.81600", "2018-09-30": "133.77000", "2018-06-30": "143.75800", "2018-03-31": "119.35600", "2017-12-31": "209.12700", "2017-09-30": "126.57400", "2017-06-30": "164.20500", "2017-03-31": "100.64000", "2016-12-31": "94.50400", "2016-09-30": "93.69000", "2016-06-30": "123.15900", "2016-03-31": "83.16900", "2015-12-31": "128.25900", "2015-09-30": "82.64700", "2015-06-30": "65.00700", "2015-03-31": "41.82700", "2014-12-31": "38.23500", "2014-09-30": "64.13400", "2014-06-30": "38.14500", "2014-03-31": "43.02900", "2013-12-31": "33.04200", "2013-09-30": "33.18900", "2013-06-30": "50.08500", "2013-03-31": "38.62100", "2012-12-31": "33.24100", "2012-09-30": "107.97000", "2012-06-30": "103.95800", "2012-03-31": "101.12200", "2011-12-31": "114.88900", "2011-09-30": "132.40900", "2011-06-30": "89.05900", "2011-03-31": "96.89500", "2010-12-31": "113.52500", "2010-09-30": "147.91200", "2010-06-30": "144.80300", "2010-03-31": "149.74200", "2009-12-31": "159.20000", "2009-09-30": "174.84100", "2009-06-30": "173.21400", "2009-03-31": "177.08100", "2008-12-31": "177.17200", "2008-09-30": "185.97400", "2008-06-30": "178.85700", "2008-03-31": "180.39300", "2007-12-31": "178.77700", "2007-09-30": "186.86500", "2007-06-30": "193.19400", "2007-03-31": "192.45100", "2006-12-31": "190.55700", "2006-09-30": "195.62600", "2006-06-30": "190.45300", "2006-03-31": "191.06300", "2005-12-31": "190.18500", "2005-09-30": "194.74900", "2005-06-30": "190.17600", "2005-03-31": "188.98500"}, "Total Long Term Liabilities": {"2020-09-30": "6212.45800", "2020-06-30": "6171.77900", "2020-03-31": "6194.17400", "2019-12-31": "6171.95000", "2019-09-30": "6595.43700", "2019-06-30": "4221.67900", "2019-03-31": "4268.31300", "2018-12-31": "4305.40300", "2018-09-30": "4270.18800", "2018-06-30": "4257.00800", "2018-03-31": "4196.89900", "2017-12-31": "4210.17500", "2017-09-30": "4147.35900", "2017-06-30": "4003.23300", "2017-03-31": "3790.03100", "2016-12-31": "3258.31100", "2016-09-30": "3214.89800", "2016-06-30": "3624.52500", "2016-03-31": "3580.86300", "2015-12-31": "3402.93200", "2015-09-30": "3358.65500", "2015-06-30": "3205.55000", "2015-03-31": "2951.90500", "2014-12-31": "2876.84800", "2014-09-30": "2899.28200", "2014-06-30": "2832.15000", "2014-03-31": "2796.65800", "2013-12-31": "2737.04700", "2013-09-30": "2929.69400", "2013-06-30": "2843.08900", "2013-03-31": "2451.47100", "2012-12-31": "2755.59900", "2012-09-30": "2509.83500", "2012-06-30": "2300.27000", "2012-03-31": "2397.87500", "2011-12-31": "2230.60300", "2011-09-30": "2213.39700", "2011-06-30": "2207.32600", "2011-03-31": "2232.44600", "2010-12-31": "2224.74800", "2010-09-30": "2237.45300", "2010-06-30": "2198.66500", "2010-03-31": "2344.69700", "2009-12-31": "2352.76100", "2009-09-30": "2367.02200", "2009-06-30": "2564.94500", "2009-03-31": "2852.86400", "2008-12-31": "2816.23200", "2008-09-30": "2865.03900", "2008-06-30": "2851.69900", "2008-03-31": "2848.01200", "2007-12-31": "2758.16800", "2007-09-30": "2745.01900", "2007-06-30": "2925.18800", "2007-03-31": "2282.28200", "2006-12-31": "1390.38700", "2006-09-30": "1408.32500", "2006-06-30": "1475.02000", "2006-03-31": "1398.54100", "2005-12-31": "1150.55700", "2005-09-30": "1128.01400", "2005-06-30": "1115.33300", "2005-03-31": "1289.03400"}, "Total Liabilities": {"2020-09-30": "6554.58900", "2020-06-30": "6533.82400", "2020-03-31": "6614.35700", "2019-12-31": "6528.08900", "2019-09-30": "6906.51700", "2019-06-30": "4520.30400", "2019-03-31": "4519.23800", "2018-12-31": "4579.64800", "2018-09-30": "4458.98200", "2018-06-30": "4464.69300", "2018-03-31": "4370.90000", "2017-12-31": "4394.96300", "2017-09-30": "4355.01200", "2017-06-30": "4193.25000", "2017-03-31": "3976.34800", "2016-12-31": "3504.83900", "2016-09-30": "3434.63400", "2016-06-30": "3814.82900", "2016-03-31": "3731.27900", "2015-12-31": "3582.71500", "2015-09-30": "3518.71800", "2015-06-30": "3391.50600", "2015-03-31": "3061.50800", "2014-12-31": "2992.40900", "2014-09-30": "2988.60400", "2014-06-30": "2964.14100", "2014-03-31": "2890.71100", "2013-12-31": "2880.68900", "2013-09-30": "3042.46600", "2013-06-30": "2963.58700", "2013-03-31": "2558.24700", "2012-12-31": "2901.66300", "2012-09-30": "2597.93500", "2012-06-30": "2419.06800", "2012-03-31": "2502.50400", "2011-12-31": "2334.27100", "2011-09-30": "2288.77700", "2011-06-30": "2305.98000", "2011-03-31": "2312.95800", "2010-12-31": "2332.04500", "2010-09-30": "2314.24900", "2010-06-30": "2301.88400", "2010-03-31": "2431.37600", "2009-12-31": "2456.43900", "2009-09-30": "2452.47100", "2009-06-30": "2672.00500", "2009-03-31": "2946.01300", "2008-12-31": "2944.31000", "2008-09-30": "2967.36100", "2008-06-30": "2974.41500", "2008-03-31": "2949.29700", "2007-12-31": "2892.87300", "2007-09-30": "2864.42700", "2007-06-30": "3078.50800", "2007-03-31": "2409.11400", "2006-12-31": "1509.92300", "2006-09-30": "1525.58100", "2006-06-30": "1604.10900", "2006-03-31": "1502.88600", "2005-12-31": "1259.15200", "2005-09-30": "1218.75200", "2005-06-30": "1208.88600", "2005-03-31": "1361.84500"}, "Common Stock Net": {"2020-09-30": "1.64800", "2020-06-30": "1.64600", "2020-03-31": "1.64600", "2019-12-31": "1.64600", "2019-09-30": "1.64600", "2019-06-30": "1.64500", "2019-03-31": "1.64400", "2018-12-31": "1.64400", "2018-09-30": "1.64400", "2018-06-30": "1.64400", "2018-03-31": "1.64300", "2017-12-31": "1.64300", "2017-09-30": "1.64300", "2017-06-30": "1.64300", "2017-03-31": "1.64300", "2016-12-31": "1.64300", "2016-09-30": "1.64300", "2016-06-30": "1.51600", "2016-03-31": "1.51500", "2015-12-31": "1.51500", "2015-09-30": "1.51500", "2015-06-30": "1.51500", "2015-03-31": "1.50000", "2014-12-31": "1.49900", "2014-09-30": "1.49900", "2014-06-30": "1.49800", "2014-03-31": "1.49700", "2013-12-31": "1.49600", "2013-09-30": "1.39800", "2013-06-30": "1.39700", "2013-03-31": "1.39700", "2012-12-31": "1.23600", "2012-09-30": "1.23600", "2012-06-30": "1.23600", "2012-03-31": "1.23600", "2011-12-31": "1.23500", "2011-09-30": "1.23500", "2011-06-30": "1.23500", "2011-03-31": "1.23400", "2010-12-31": "1.23400", "2010-09-30": "1.23400", "2010-06-30": "1.23400", "2010-03-31": "1.23400", "2009-12-31": "1.23400", "2009-09-30": "1.23400", "2009-06-30": "1.11500", "2009-03-31": "0.94000", "2008-12-31": "0.94000", "2008-09-30": "0.94000", "2008-06-30": "0.94000", "2008-03-31": "0.93900", "2007-12-31": "0.93900", "2007-09-30": "0.93900", "2007-06-30": "0.93900", "2007-03-31": "0.93900", "2006-12-31": "0.86300", "2006-09-30": "0.74300", "2006-06-30": "0.72000", "2006-03-31": "0.71900", "2005-12-31": "0.71900", "2005-09-30": "0.71900", "2005-06-30": "0.71900", "2005-03-31": "0.67200"}, "Retained Earnings (Accumulated Deficit)": {"2020-09-30": "3318.00400", "2020-06-30": "3420.64600", "2020-03-31": "3457.99500", "2019-12-31": "3491.64500", "2019-09-30": "3506.53800", "2019-06-30": "3466.46400", "2019-03-31": "3457.68200", "2018-12-31": "3231.89500", "2018-09-30": "3684.16700", "2018-06-30": "3567.06800", "2018-03-31": "3468.93800", "2017-12-31": "3310.01700", "2017-09-30": "3278.47500", "2017-06-30": "3192.74400", "2017-03-31": "3132.04400", "2016-12-31": "3104.76700", "2016-09-30": "3041.58100", "2016-06-30": "2989.76900", "2016-03-31": "2933.70800", "2015-12-31": "2881.65700", "2015-09-30": "2901.15100", "2015-06-30": "2839.96600", "2015-03-31": "2756.82000", "2014-12-31": "2715.23900", "2014-09-30": "2658.71600", "2014-06-30": "2609.51900", "2014-03-31": "2555.60400", "2013-12-31": "2518.05400", "2013-09-30": "2485.30200", "2013-06-30": "2457.73500", "2013-03-31": "2412.38200", "2012-12-31": "2384.87600", "2012-09-30": "2350.26100", "2012-06-30": "2310.64300", "2012-03-31": "2272.95700", "2011-12-31": "2232.95300", "2011-09-30": "2194.73500", "2011-06-30": "2147.20400", "2011-03-31": "2095.56100", "2010-12-31": "2042.51300", "2010-09-30": "2135.46900", "2010-06-30": "2085.23700", "2010-03-31": "2062.02700", "2009-12-31": "2021.16200", "2009-09-30": "1988.19000", "2009-06-30": "1939.92400", "2009-03-31": "1888.90400", "2008-12-31": "1827.82100", "2008-09-30": "1790.14000", "2008-06-30": "1749.75500", "2008-03-31": "1766.83300", "2007-12-31": "1711.07900", "2007-09-30": "1627.62500", "2007-06-30": "1477.76500", "2007-03-31": "1423.48300", "2006-12-31": "1380.11100", "2006-09-30": "1318.24500", "2006-06-30": "1281.68200", "2006-03-31": "1246.30500", "2005-12-31": "1211.07200", "2005-09-30": "1162.87100", "2005-06-30": "1132.28600", "2005-03-31": "1109.87500"}, "Comprehensive Income": {"2020-09-30": "0.06300", "2020-06-30": "", "2020-03-31": "", "2019-12-31": "", "2019-09-30": "-0.17500", "2019-06-30": "-0.12900", "2019-03-31": "-0.20000", "2018-12-31": "-0.26600", "2018-09-30": "-0.10800", "2018-06-30": "-0.28100", "2018-03-31": "0.55000", "2017-12-31": "79.35800", "2017-09-30": "59.80100", "2017-06-30": "52.41200", "2017-03-31": "61.32200", "2016-12-31": "39.58300", "2016-09-30": "35.90400", "2016-06-30": "21.79300", "2016-03-31": "2.07400", "2015-12-31": "-15.52300", "2015-09-30": "17.88100", "2015-06-30": "33.41200", "2015-03-31": "42.33400", "2014-12-31": "25.80400", "2014-09-30": "16.43900", "2014-06-30": "13.05300", "2014-03-31": "10.53400", "2013-12-31": "15.95200", "2013-09-30": "10.70400", "2013-06-30": "18.53900", "2013-03-31": "15.18300", "2012-12-31": "2.77000", "2012-09-30": "4.45500", "2012-06-30": "3.68400", "2012-03-31": "6.91200", "2011-12-31": "1.60500", "2011-09-30": "-0.24200", "2011-06-30": "4.62000", "2011-03-31": "8.08600", "2010-12-31": "2.23100", "2010-09-30": "1.73600", "2010-06-30": "-0.00400", "2010-03-31": "1.87500", "2009-12-31": "3.23000", "2009-09-30": "4.83000", "2009-06-30": "-0.46400", "2009-03-31": "-1.12000", "2008-12-31": "-0.51100", "2008-09-30": "-0.04000", "2008-06-30": "", "2008-03-31": "", "2007-12-31": "", "2007-09-30": "", "2007-06-30": "", "2007-03-31": "", "2006-12-31": "", "2006-09-30": "", "2006-06-30": "", "2006-03-31": "", "2005-12-31": "", "2005-09-30": "", "2005-06-30": "", "2005-03-31": ""}, "Other Share Holders Equity": {"2020-09-30": "-5627.09700", "2020-06-30": "-5625.45100", "2020-03-31": "-5625.45100", "2019-12-31": "-5534.94200", "2019-09-30": "-5446.07800", "2019-06-30": "-5357.27500", "2019-03-31": "-5268.47700", "2018-12-31": "-5181.32300", "2018-09-30": "-5437.58100", "2018-06-30": "-5350.46800", "2018-03-31": "-5263.36300", "2017-12-31": "-5177.90300", "2017-09-30": "-5092.44200", "2017-06-30": "-5007.01500", "2017-03-31": "-4921.59600", "2016-12-31": "-4836.38400", "2016-09-30": "-4747.44100", "2016-06-30": "-4664.98000", "2016-03-31": "-4582.52500", "2015-12-31": "-4501.58500", "2015-09-30": "-4390.73400", "2015-06-30": "-4309.82600", "2015-03-31": "-4229.67900", "2014-12-31": "-4151.04700", "2014-09-30": "-4072.43100", "2014-06-30": "-3993.87000", "2014-03-31": "-3915.33100", "2013-12-31": "-3838.35400", "2013-09-30": "-3766.07000", "2013-06-30": "-3695.18900", "2013-03-31": "-3621.41500", "2012-12-31": "-3555.20800", "2012-09-30": "-3489.00100", "2012-06-30": "-3423.25900", "2012-03-31": "-3356.93700", "2011-12-31": "-3290.16400", "2011-09-30": "-3227.10900", "2011-06-30": "-3164.08500", "2011-03-31": "-3101.06500", "2010-12-31": "-3038.04500", "2010-09-30": "-2975.02600", "2010-06-30": "-2912.03000", "2010-03-31": "-2849.03400", "2009-12-31": "-2786.04300", "2009-09-30": "-2778.57300", "2009-06-30": "-2771.10300", "2009-03-31": "-2763.63300", "2008-12-31": "-2683.78900", "2008-09-30": "-2603.95200", "2008-06-30": "-2524.14000", "2008-03-31": "-2444.37200", "2007-12-31": "-2364.60400", "2007-09-30": "-2284.83900", "2007-06-30": "-2206.02800", "2007-03-31": "-2127.22000", "2006-12-31": "-1720.42700", "2006-09-30": "-1663.54500", "2006-06-30": "-1608.38200", "2006-03-31": "-1553.94100", "2005-12-31": "-1499.52500", "2005-09-30": "-1445.10900", "2005-06-30": "-1391.42300", "2005-03-31": "-1341.12400"}, "Share Holder Equity": {"2020-09-30": "2242.08400", "2020-06-30": "2345.72100", "2020-03-31": "2382.26600", "2019-12-31": "2505.87800", "2019-09-30": "2608.98600", "2019-06-30": "2657.44200", "2019-03-31": "2736.56600", "2018-12-31": "2597.43100", "2018-09-30": "2792.57100", "2018-06-30": "2760.66900", "2018-03-31": "2749.97400", "2017-12-31": "2755.42200", "2017-09-30": "2789.45500", "2017-06-30": "2780.19800", "2017-03-31": "2813.08600", "2016-12-31": "3129.38900", "2016-09-30": "3151.49800", "2016-06-30": "2794.50600", "2016-03-31": "2800.86100", "2015-12-31": "2812.08200", "2015-09-30": "2975.83200", "2015-06-30": "3009.64200", "2015-03-31": "2970.89800", "2014-12-31": "2990.15300", "2014-09-30": "3001.97900", "2014-06-30": "3024.78400", "2014-03-31": "3045.47600", "2013-12-31": "3086.85500", "2013-09-30": "2859.39900", "2013-06-30": "3076.28700", "2013-03-31": "3100.98300", "2012-12-31": "2733.79800", "2012-09-30": "2774.99700", "2012-06-30": "2943.91100", "2012-03-31": "2975.52000", "2011-12-31": "2799.30200", "2011-09-30": "2822.29200", "2011-06-30": "2841.52500", "2011-03-31": "2856.12400", "2010-12-31": "2860.24100", "2010-09-30": "3015.72100", "2010-06-30": "3026.01000", "2010-03-31": "3068.45000", "2009-12-31": "3091.93100", "2009-09-30": "3067.93200", "2009-06-30": "2845.65100", "2009-03-31": "2608.92100", "2008-12-31": "2628.42700", "2008-09-30": "2628.21400", "2008-06-30": "2667.46000", "2008-03-31": "2762.42000", "2007-12-31": "2786.43400", "2007-09-30": "2782.72800", "2007-06-30": "2711.50500", "2007-03-31": "2736.06600", "2006-12-31": "2447.54000", "2006-09-30": "1897.11100", "2006-06-30": "1818.78000", "2006-03-31": "1836.27200", "2005-12-31": "1855.45500", "2005-09-30": "1861.67000", "2005-06-30": "1884.07300", "2005-03-31": "1712.66500"}, "Total Liabilities And Share Holders Equity": {"2020-09-30": "8796.67300", "2020-06-30": "8879.54500", "2020-03-31": "8996.62300", "2019-12-31": "9033.96700", "2019-09-30": "9515.50300", "2019-06-30": "7177.74600", "2019-03-31": "7255.80400", "2018-12-31": "7177.07900", "2018-09-30": "7251.55300", "2018-06-30": "7225.36200", "2018-03-31": "7120.87400", "2017-12-31": "7150.38500", "2017-09-30": "7144.46700", "2017-06-30": "6973.44800", "2017-03-31": "6789.43400", "2016-12-31": "6634.22800", "2016-09-30": "6586.13200", "2016-06-30": "6609.33500", "2016-03-31": "6532.14000", "2015-12-31": "6394.79700", "2015-09-30": "6494.55000", "2015-06-30": "6401.14800", "2015-03-31": "6032.40600", "2014-12-31": "5982.56200", "2014-09-30": "5990.58300", "2014-06-30": "5988.92500", "2014-03-31": "5936.18700", "2013-12-31": "5967.54400", "2013-09-30": "5901.86500", "2013-06-30": "6039.87400", "2013-03-31": "5659.23000", "2012-12-31": "5635.46100", "2012-09-30": "5372.93200", "2012-06-30": "5362.97900", "2012-03-31": "5478.02400", "2011-12-31": "5133.57300", "2011-09-30": "5111.06900", "2011-06-30": "5147.50500", "2011-03-31": "5169.08200", "2010-12-31": "5192.28600", "2010-09-30": "5329.97000", "2010-06-30": "5327.89400", "2010-03-31": "5499.82600", "2009-12-31": "5548.37000", "2009-09-30": "5520.40300", "2009-06-30": "5517.65600", "2009-03-31": "5554.93400", "2008-12-31": "5572.73700", "2008-09-30": "5595.57500", "2008-06-30": "5641.87500", "2008-03-31": "5711.71700", "2007-12-31": "5679.30700", "2007-09-30": "5647.15500", "2007-06-30": "5790.01300", "2007-03-31": "5145.18000", "2006-12-31": "3957.46300", "2006-09-30": "3422.69200", "2006-06-30": "3422.88900", "2006-03-31": "3339.15800", "2005-12-31": "3114.60700", "2005-09-30": "3080.42200", "2005-06-30": "3092.95900", "2005-03-31": "3074.51000"}}, "cash flow statement": {"Net Income/Loss": {"2019-12-31": "259.75000", "2018-12-31": "185.73400", "2017-12-31": "215.14300", "2016-12-31": "223.11000", "2015-12-31": "166.41800", "2014-12-31": "197.18500", "2013-12-31": "133.17800", "2012-12-31": "151.92300", "2011-12-31": "190.44000", "2010-12-31": "21.35100", "2009-12-31": "193.34100", "2008-12-31": "124.33500", "2007-12-31": "323.37500", "2006-12-31": "169.03900", "2005-12-31": "129.90300"}, "Total Depreciation And Amortization - Cash Flow": {"2019-12-31": "439.56500", "2018-12-31": "413.25400", "2017-12-31": "395.53000", "2016-12-31": "365.49300", "2015-12-31": "335.62500", "2014-12-31": "321.36900", "2013-12-31": "305.52700", "2012-12-31": "267.01000", "2011-12-31": "234.64700", "2010-12-31": "245.21200", "2009-12-31": "256.91400", "2008-12-31": "252.89200", "2007-12-31": "229.57100", "2006-12-31": "146.98800", "2005-12-31": "134.68600"}, "Other Non-Cash Items": {"2019-12-31": "-82.86800", "2018-12-31": "6.85300", "2017-12-31": "11.08700", "2016-12-31": "19.03900", "2015-12-31": "36.23700", "2014-12-31": "5.88700", "2013-12-31": "-0.48900", "2012-12-31": "-5.09400", "2011-12-31": "9.89300", "2010-12-31": "167.81500", "2009-12-31": "-53.20400", "2008-12-31": "67.95200", "2007-12-31": "-114.59300", "2006-12-31": "-3.08200", "2005-12-31": "4.34800"}, "Total Non-Cash Items": {"2019-12-31": "356.69700", "2018-12-31": "420.10700", "2017-12-31": "406.61700", "2016-12-31": "384.53200", "2015-12-31": "371.86200", "2014-12-31": "327.25600", "2013-12-31": "305.03800", "2012-12-31": "261.91600", "2011-12-31": "244.54000", "2010-12-31": "413.02700", "2009-12-31": "203.71000", "2008-12-31": "320.84400", "2007-12-31": "114.97800", "2006-12-31": "143.90600", "2005-12-31": "139.03400"}, "Change In Accounts Receivable": {"2019-12-31": "3.27200", "2018-12-31": "-0.57200", "2017-12-31": "-1.21500", "2016-12-31": "-1.21300", "2015-12-31": "-2.10600", "2014-12-31": "-0.60900", "2013-12-31": "-2.03800", "2012-12-31": "-0.99700", "2011-12-31": "-0.39100", "2010-12-31": "", "2009-12-31": "", "2008-12-31": "", "2007-12-31": "", "2006-12-31": "", "2005-12-31": ""}, "Change In Inventories": {"2019-12-31": "", "2018-12-31": "", "2017-12-31": "", "2016-12-31": "", "2015-12-31": "", "2014-12-31": "", "2013-12-31": "", "2012-12-31": "", "2011-12-31": "", "2010-12-31": "", "2009-12-31": "", "2008-12-31": "", "2007-12-31": "", "2006-12-31": "", "2005-12-31": ""}, "Change In Accounts Payable": {"2019-12-31": "-51.09600", "2018-12-31": "-20.34000", "2017-12-31": "21.63900", "2016-12-31": "-8.51500", "2015-12-31": "62.07800", "2014-12-31": "-0.13600", "2013-12-31": "-5.87800", "2012-12-31": "6.73200", "2011-12-31": "0.04000", "2010-12-31": "", "2009-12-31": "", "2008-12-31": "", "2007-12-31": "", "2006-12-31": "", "2005-12-31": ""}, "Change In Assets/Liabilities": {"2019-12-31": "-11.38500", "2018-12-31": "6.20000", "2017-12-31": "-13.11700", "2016-12-31": "0.73000", "2015-12-31": "0.24600", "2014-12-31": "-0.56900", "2013-12-31": "-12.52800", "2012-12-31": "-20.44900", "2011-12-31": "-2.49900", "2010-12-31": "-1.05800", "2009-12-31": "1.14400", "2008-12-31": "4.07100", "2007-12-31": "-11.35900", "2006-12-31": "-0.75900", "2005-12-31": "-0.78500"}, "Total Change In Assets/Liabilities": {"2019-12-31": "1.27500", "2018-12-31": "-8.88800", "2017-12-31": "6.73500", "2016-12-31": "-0.24600", "2015-12-31": "60.58000", "2014-12-31": "-8.43100", "2013-12-31": "-18.60200", "2012-12-31": "1.09500", "2011-12-31": "4.05100", "2010-12-31": "-5.48200", "2009-12-31": "-9.90400", "2008-12-31": "-6.69600", "2007-12-31": "7.78800", "2006-12-31": "4.70300", "2005-12-31": "5.70700"}, "Cash Flow From Operating Activities": {"2019-12-31": "617.72200", "2018-12-31": "596.95300", "2017-12-31": "628.49500", "2016-12-31": "607.39600", "2015-12-31": "530.89300", "2014-12-31": "461.74500", "2013-12-31": "391.08900", "2012-12-31": "363.90800", "2011-12-31": "355.10200", "2010-12-31": "341.44400", "2009-12-31": "320.11600", "2008-12-31": "375.43600", "2007-12-31": "388.22900", "2006-12-31": "271.55300", "2005-12-31": "242.30600"}, "Net Change In Property, Plant, And Equipment": {"2019-12-31": "-2047.27200", "2018-12-31": "-310.56500", "2017-12-31": "-702.37500", "2016-12-31": "-450.60700", "2015-12-31": "-630.58500", "2014-12-31": "-280.33300", "2013-12-31": "-515.87200", "2012-12-31": "-596.73600", "2011-12-31": "-62.44000", "2010-12-31": "-7.09100", "2009-12-31": "", "2008-12-31": "-111.16400", "2007-12-31": "-2629.21500", "2006-12-31": "-320.77600", "2005-12-31": "-439.87700"}, "Net Change In Intangible Assets": {"2019-12-31": "", "2018-12-31": "", "2017-12-31": "", "2016-12-31": "", "2015-12-31": "", "2014-12-31": "", "2013-12-31": "", "2012-12-31": "", "2011-12-31": "", "2010-12-31": "", "2009-12-31": "", "2008-12-31": "", "2007-12-31": "", "2006-12-31": "", "2005-12-31": ""}, "Net Acquisitions/Divestitures": {"2019-12-31": "", "2018-12-31": "", "2017-12-31": "", "2016-12-31": "", "2015-12-31": "-15.95500", "2014-12-31": "", "2013-12-31": "", "2012-12-31": "", "2011-12-31": "", "2010-12-31": "", "2009-12-31": "", "2008-12-31": "", "2007-12-31": "205.35000", "2006-12-31": "", "2005-12-31": ""}, "Net Change In Short-term Investments": {"2019-12-31": "", "2018-12-31": "", "2017-12-31": "", "2016-12-31": "", "2015-12-31": "", "2014-12-31": "", "2013-12-31": "", "2012-12-31": "", "2011-12-31": "", "2010-12-31": "", "2009-12-31": "", "2008-12-31": "", "2007-12-31": "", "2006-12-31": "", "2005-12-31": ""}, "Net Change In Long-Term Investments": {"2019-12-31": "93.89200", "2018-12-31": "", "2017-12-31": "", "2016-12-31": "", "2015-12-31": "", "2014-12-31": "-0.82500", "2013-12-31": "-8.14000", "2012-12-31": "", "2011-12-31": "-5.69000", "2010-12-31": "-0.07600", "2009-12-31": "-5.13400", "2008-12-31": "", "2007-12-31": "", "2006-12-31": "", "2005-12-31": ""}, "Net Change In Investments - Total": {"2019-12-31": "93.89200", "2018-12-31": "", "2017-12-31": "", "2016-12-31": "", "2015-12-31": "", "2014-12-31": "-0.82500", "2013-12-31": "-8.14000", "2012-12-31": "", "2011-12-31": "-5.69000", "2010-12-31": "-0.07600", "2009-12-31": "-5.13400", "2008-12-31": "", "2007-12-31": "", "2006-12-31": "", "2005-12-31": ""}, "Investing Activities - Other": {"2019-12-31": "-176.66400", "2018-12-31": "-117.17700", "2017-12-31": "-92.73300", "2016-12-31": "-69.38000", "2015-12-31": "-7.29900", "2014-12-31": "0.26800", "2013-12-31": "-46.30200", "2012-12-31": "-132.18400", "2011-12-31": "-26.17700", "2010-12-31": "-115.03600", "2009-12-31": "-73.19700", "2008-12-31": "-34.00100", "2007-12-31": "-80.20100", "2006-12-31": "-72.55400", "2005-12-31": "-45.39000"}, "Cash Flow From Investing Activities": {"2019-12-31": "-2130.04400", "2018-12-31": "-427.74200", "2017-12-31": "-795.10800", "2016-12-31": "-519.98700", "2015-12-31": "-653.83900", "2014-12-31": "-280.89000", "2013-12-31": "-570.31400", "2012-12-31": "-728.92000", "2011-12-31": "-94.30700", "2010-12-31": "-122.20300", "2009-12-31": "-78.33100", "2008-12-31": "-145.16500", "2007-12-31": "-2504.06600", "2006-12-31": "-393.33000", "2005-12-31": "-485.26700"}, "Net Long-Term Debt": {"2019-12-31": "1693.87900", "2018-12-31": "389.97600", "2017-12-31": "631.41200", "2016-12-31": "162.61200", "2015-12-31": "", "2014-12-31": "110.07100", "2013-12-31": "299.66100", "2012-12-31": "433.57000", "2011-12-31": "-3.38300", "2010-12-31": "-235.62600", "2009-12-31": "-6.38000", "2008-12-31": "-150.00000", "2007-12-31": "575.00000", "2006-12-31": "", "2005-12-31": ""}, "Net Current Debt": {"2019-12-31": "200.00000", "2018-12-31": "-221.00000", "2017-12-31": "207.00000", "2016-12-31": "-274.00000", "2015-12-31": "447.00000", "2014-12-31": "18.00000", "2013-12-31": "-320.00000", "2012-12-31": "171.00000", "2011-12-31": "5.00000", "2010-12-31": "144.00000", "2009-12-31": "-396.00000", "2008-12-31": "238.00000", "2007-12-31": "158.00000", "2006-12-31": "-35.00000", "2005-12-31": "-37.00000"}, "Debt Issuance/Retirement Net - Total": {"2019-12-31": "1893.87900", "2018-12-31": "168.97600", "2017-12-31": "838.41200", "2016-12-31": "-111.38800", "2015-12-31": "447.00000", "2014-12-31": "128.07100", "2013-12-31": "-20.33900", "2012-12-31": "604.56990", "2011-12-31": "1.61700", "2010-12-31": "-91.62600", "2009-12-31": "-402.38000", "2008-12-31": "88.00000", "2007-12-31": "733.00000", "2006-12-31": "-35.00000", "2005-12-31": "-37.00000"}, "Net Common Equity Issued/Repurchased": {"2019-12-31": "-0.80000", "2018-12-31": "-0.60600", "2017-12-31": "-0.53300", "2016-12-31": "371.34300", "2015-12-31": "-0.41800", "2014-12-31": "", "2013-12-31": "655.21100", "2012-12-31": "", "2011-12-31": "", "2010-12-31": "", "2009-12-31": "373.05600", "2008-12-31": "", "2007-12-31": "343.45100", "2006-12-31": "641.65200", "2005-12-31": "199.23300"}, "Net Total Equity Issued/Repurchased": {"2019-12-31": "-0.80000", "2018-12-31": "-0.60600", "2017-12-31": "-290.53300", "2016-12-31": "371.34300", "2015-12-31": "-0.41800", "2014-12-31": "", "2013-12-31": "487.71100", "2012-12-31": "43.85700", "2011-12-31": "", "2010-12-31": "", "2009-12-31": "373.05600", "2008-12-31": "", "2007-12-31": "650.28400", "2006-12-31": "641.65200", "2005-12-31": "199.23300"}, "Total Common And Preferred Stock Dividends Paid": {"2019-12-31": "-353.61900", "2018-12-31": "-346.83200", "2017-12-31": "-346.68500", "2016-12-31": "-334.79900", "2015-12-31": "-320.63100", "2014-12-31": "-312.69300", "2013-12-31": "-283.14600", "2012-12-31": "-265.04400", "2011-12-31": "-252.11900", "2010-12-31": "-252.00200", "2009-12-31": "-102.25400", "2008-12-31": "-319.18500", "2007-12-31": "-304.08700", "2006-12-31": "-220.90200", "2005-12-31": "-208.70100"}, "Financial Activities - Other": {"2019-12-31": "-21.88200", "2018-12-31": "-12.24200", "2017-12-31": "-8.43700", "2016-12-31": "-6.10600", "2015-12-31": "-1.15700", "2014-12-31": "-6.89900", "2013-12-31": "-2.55000", "2012-12-31": "-6.62500", "2011-12-31": "-6.87200", "2010-12-31": "-1.13000", "2009-12-31": "-2.25800", "2008-12-31": "-0.03700", "2007-12-31": "506.78500", "2006-12-31": "270.71500", "2005-12-31": "292.10300"}, "Cash Flow From Financial Activities": {"2019-12-31": "1517.57800", "2018-12-31": "-190.70400", "2017-12-31": "192.75700", "2016-12-31": "-80.95000", "2015-12-31": "124.79400", "2014-12-31": "-191.52100", "2013-12-31": "181.67600", "2012-12-31": "376.75800", "2011-12-31": "-257.37400", "2010-12-31": "-344.75800", "2009-12-31": "-133.83600", "2008-12-31": "-231.22200", "2007-12-31": "1585.98200", "2006-12-31": "656.46500", "2005-12-31": "245.63500"}, "Net Cash Flow": {"2019-12-31": "5.25600", "2018-12-31": "-21.49300", "2017-12-31": "26.14400", "2016-12-31": "6.45900", "2015-12-31": "1.84800", "2014-12-31": "-10.66600", "2013-12-31": "2.45100", "2012-12-31": "11.74600", "2011-12-31": "3.42100", "2010-12-31": "-125.51700", "2009-12-31": "107.94900", "2008-12-31": "-0.95100", "2007-12-31": "-529.85500", "2006-12-31": "534.68800", "2005-12-31": "2.67400"}, "Stock-Based Compensation": {"2019-12-31": "", "2018-12-31": "", "2017-12-31": "", "2016-12-31": "", "2015-12-31": "", "2014-12-31": "", "2013-12-31": "", "2012-12-31": "", "2011-12-31": "", "2010-12-31": "", "2009-12-31": "", "2008-12-31": "", "2007-12-31": "", "2006-12-31": "", "2005-12-31": ""}, "Common Stock Dividends Paid": {"2019-12-31": "-353.61900", "2018-12-31": "-346.83200", "2017-12-31": "-340.08400", "2016-12-31": "-314.13500", "2015-12-31": "-299.96700", "2014-12-31": "-292.02900", "2013-12-31": "-256.58700", "2012-12-31": "-224.89900", "2011-12-31": "-222.23900", "2010-12-31": "-222.12200", "2009-12-31": "-72.37400", "2008-12-31": "-289.30500", "2007-12-31": "-280.15800", "2006-12-31": "-213.24600", "2005-12-31": "-201.04500"}}, "cash flow statement, quarterly": {"Net Income/Loss": {"2020-09-30": -102.642, "2020-06-30": -37.349, "2020-03-31": "-33.65000", "2019-12-31": -14.893, "2019-09-30": 40.074, "2019-06-30": 8.782, "2019-03-31": "225.78700", "2018-12-31": -108.86, "2018-09-30": 117.099, "2018-06-30": 97.289, "2018-03-31": "80.20600", "2017-12-31": 31.545, "2017-09-30": 85.728, "2017-06-30": 60.699, "2017-03-31": "37.17100", "2016-12-31": 63.186, "2016-09-30": 51.812, "2016-06-30": 56.061, "2016-03-31": "52.05100", "2015-12-31": -19.494, "2015-09-30": 61.185, "2015-06-30": 83.146, "2015-03-31": "41.58100", "2014-12-31": 56.523, "2014-09-30": 49.197, "2014-06-30": 53.915, "2014-03-31": "37.55000", "2013-12-31": 32.752, "2013-09-30": 27.567, "2013-06-30": 45.353, "2013-03-31": "27.50600", "2012-12-31": 26.631, "2012-09-30": 44.658, "2012-06-30": 37.686, "2012-03-31": "42.94800", "2011-12-31": 38.218, "2011-09-30": 47.531, "2011-06-30": 51.643, "2011-03-31": "53.04800", "2010-12-31": -92.956, "2010-09-30": 50.232, "2010-06-30": 23.21, "2010-03-31": "40.86500", "2009-12-31": 32.972, "2009-09-30": 48.266, "2009-06-30": 51.02, "2009-03-31": "61.08300", "2008-12-31": 52.459, "2008-09-30": 37.951, "2008-06-30": -19.474, "2008-03-31": "53.39900", "2007-12-31": 75.861, "2007-09-30": 149.86, "2007-06-30": 54.282, "2007-03-31": "43.37200", "2006-12-31": 61.866, "2006-09-30": 36.563, "2006-06-30": 35.377, "2006-03-31": "35.23300", "2005-12-31": 48.201, "2005-09-30": 30.585, "2005-06-30": 22.411, "2005-03-31": "28.70600"}, "Total Depreciation And Amortization - Cash Flow": {"2020-09-30": 126.081, "2020-06-30": 130.913, "2020-03-31": "131.21400", "2019-12-31": 130.015, "2019-09-30": 105.849, "2019-06-30": 101.766, "2019-03-31": "101.93500", "2018-12-31": 105.339, "2018-09-30": 103.577, "2018-06-30": 102.243, "2018-03-31": "102.09500", "2017-12-31": 102.178, "2017-09-30": 100.4, "2017-06-30": 97.349, "2017-03-31": "95.60300", "2016-12-31": 93.187, "2016-09-30": 92.26, "2016-06-30": 90.91, "2016-03-31": "89.13600", "2015-12-31": 87.439, "2015-09-30": 85.719, "2015-06-30": 82.04, "2015-03-31": "80.42700", "2014-12-31": 80.636, "2014-09-30": 81.011, "2014-06-30": 80.116, "2014-03-31": "79.60600", "2013-12-31": 78.981, "2013-09-30": 77.632, "2013-06-30": 75.122, "2013-03-31": "73.79200", "2012-12-31": 70.156, "2012-09-30": 68.26, "2012-06-30": 65.653, "2012-03-31": "62.94100", "2011-12-31": 58.974, "2011-09-30": 58.72, "2011-06-30": 59.138, "2011-03-31": "57.81500", "2010-12-31": 60.323, "2010-09-30": 59.486, "2010-06-30": 62.461, "2010-03-31": "62.94200", "2009-12-31": 64.01, "2009-09-30": 63.665, "2009-06-30": 64.024, "2009-03-31": "65.21500", "2008-12-31": 64.372, "2008-09-30": 63.892, "2008-06-30": 62.98, "2008-03-31": "61.64800", "2007-12-31": 64.857, "2007-09-30": 58.732, "2007-06-30": 56.172, "2007-03-31": "49.81000", "2006-12-31": 37.833, "2006-09-30": 37.11, "2006-06-30": 36.483, "2006-03-31": "35.56200", "2005-12-31": 35.477, "2005-09-30": 35.068, "2005-06-30": 32.584, "2005-03-31": "31.55700"}, "Other Non-Cash Items": {"2020-09-30": -5.866, "2020-06-30": -49.024, "2020-03-31": "-31.01100", "2019-12-31": 27.647, "2019-09-30": 14.807, "2019-06-30": 71.16, "2019-03-31": "-196.48200", "2018-12-31": 100.82, "2018-09-30": -45.244, "2018-06-30": -12.522, "2018-03-31": "-36.20100", "2017-12-31": -4.54, "2017-09-30": -7.362, "2017-06-30": 15.802, "2017-03-31": "7.18700", "2016-12-31": -3.352, "2016-09-30": 7.963, "2016-06-30": 9.077, "2016-03-31": "5.35100", "2015-12-31": 32.382, "2015-09-30": 6.208, "2015-06-30": -15.421, "2015-03-31": "13.06800", "2014-12-31": -10.958, "2014-09-30": 9.345, "2014-06-30": 5.155, "2014-03-31": "2.34500", "2013-12-31": -1.223, "2013-09-30": 7.648, "2013-06-30": -5.464, "2013-03-31": "-1.45000", "2012-12-31": 5.58, "2012-09-30": -11.798, "2012-06-30": 0.464, "2012-03-31": "0.66000", "2011-12-31": 6.291, "2011-09-30": 0.165, "2011-06-30": 5.318, "2011-03-31": "-1.88100", "2010-12-31": 146.637, "2010-09-30": -0.177, "2010-06-30": 21.844, "2010-03-31": "-0.48900", "2009-12-31": -0.573, "2009-09-30": -11.649, "2009-06-30": -13.698, "2009-03-31": "-27.28400", "2008-12-31": 0.515, "2008-09-30": -0.905, "2008-06-30": 73.562, "2008-03-31": "-5.22000", "2007-12-31": -5.158, "2007-09-30": -100.967, "2007-06-30": -4.835, "2007-03-31": "-3.63300", "2006-12-31": -0.76, "2006-09-30": -0.816, "2006-06-30": -0.753, "2006-03-31": "-0.75300", "2005-12-31": -0.738, "2005-09-30": -0.738, "2005-06-30": 6.562, "2005-03-31": "-0.73800"}, "Total Non-Cash Items": {"2020-09-30": 120.215, "2020-06-30": 81.889, "2020-03-31": "100.20300", "2019-12-31": 157.662, "2019-09-30": 120.656, "2019-06-30": 172.926, "2019-03-31": "-94.54700", "2018-12-31": 206.159, "2018-09-30": 58.333, "2018-06-30": 89.721, "2018-03-31": "65.89400", "2017-12-31": 97.638, "2017-09-30": 93.038, "2017-06-30": 113.151, "2017-03-31": "102.79000", "2016-12-31": 89.835, "2016-09-30": 100.223, "2016-06-30": 99.987, "2016-03-31": "94.48700", "2015-12-31": 119.821, "2015-09-30": 91.927, "2015-06-30": 66.619, "2015-03-31": "93.49500", "2014-12-31": 69.678, "2014-09-30": 90.356, "2014-06-30": 85.271, "2014-03-31": "81.95100", "2013-12-31": 77.758, "2013-09-30": 85.28, "2013-06-30": 69.658, "2013-03-31": "72.34200", "2012-12-31": 75.736, "2012-09-30": 56.462, "2012-06-30": 66.117, "2012-03-31": "63.60100", "2011-12-31": 65.265, "2011-09-30": 58.885, "2011-06-30": 64.456, "2011-03-31": "55.93400", "2010-12-31": 206.96, "2010-09-30": 59.309, "2010-06-30": 84.305, "2010-03-31": "62.45300", "2009-12-31": 63.437, "2009-09-30": 52.016, "2009-06-30": 50.326, "2009-03-31": "37.93100", "2008-12-31": 64.887, "2008-09-30": 62.987, "2008-06-30": 136.542, "2008-03-31": "56.42800", "2007-12-31": 59.699, "2007-09-30": -42.235, "2007-06-30": 51.337, "2007-03-31": "46.17700", "2006-12-31": 37.073, "2006-09-30": 36.294, "2006-06-30": 35.73, "2006-03-31": "34.80900", "2005-12-31": 34.739, "2005-09-30": 34.33, "2005-06-30": 39.146, "2005-03-31": "30.81900"}, "Change In Accounts Receivable": {"2020-09-30": -0.899, "2020-06-30": 0.874, "2020-03-31": "0.19600", "2019-12-31": -0.337, "2019-09-30": 0.22, "2019-06-30": 0.494, "2019-03-31": "2.89500", "2018-12-31": 0.013, "2018-09-30": -0.585, "2018-06-30": 0.716, "2018-03-31": "-0.71600", "2017-12-31": -0.223, "2017-09-30": -0.502, "2017-06-30": 0.186, "2017-03-31": "-0.67600", "2016-12-31": 0.696, "2016-09-30": -1.134, "2016-06-30": 0.111, "2016-03-31": "-0.88600", "2015-12-31": -0.477, "2015-09-30": -0.218, "2015-06-30": -0.304, "2015-03-31": "-1.10700", "2014-12-31": 0.313, "2014-09-30": -0.58, "2014-06-30": 1.491, "2014-03-31": "-1.83300", "2013-12-31": -3.082, "2013-09-30": 9.717, "2013-06-30": -8.933, "2013-03-31": "0.26000", "2012-12-31": -0.997, "2012-09-30": 0, "2012-06-30": 0, "2012-03-31": "", "2011-12-31": -0.391, "2011-09-30": 0, "2011-06-30": 0, "2011-03-31": "", "2010-12-31": 0, "2010-09-30": 0, "2010-06-30": 0, "2010-03-31": "", "2009-12-31": 0, "2009-09-30": 0, "2009-06-30": 0, "2009-03-31": "", "2008-12-31": 0, "2008-09-30": 0, "2008-06-30": 0, "2008-03-31": "", "2007-12-31": 0, "2007-09-30": 0, "2007-06-30": 0, "2007-03-31": "", "2006-12-31": 0, "2006-09-30": 0, "2006-06-30": 0, "2006-03-31": "", "2005-12-31": 0, "2005-09-30": 0, "2005-06-30": 0, "2005-03-31": ""}, "Change In Inventories": {"2020-09-30": 0, "2020-06-30": 0, "2020-03-31": "", "2019-12-31": 0, "2019-09-30": 0, "2019-06-30": 0, "2019-03-31": "", "2018-12-31": 0, "2018-09-30": 0, "2018-06-30": 0, "2018-03-31": "", "2017-12-31": 0, "2017-09-30": 0, "2017-06-30": 0, "2017-03-31": "", "2016-12-31": 0, "2016-09-30": 0, "2016-06-30": 0, "2016-03-31": "", "2015-12-31": 0, "2015-09-30": 0, "2015-06-30": 0, "2015-03-31": "", "2014-12-31": 0, "2014-09-30": 0, "2014-06-30": 0, "2014-03-31": "", "2013-12-31": 0, "2013-09-30": 0, "2013-06-30": 0, "2013-03-31": "", "2012-12-31": 0, "2012-09-30": 0, "2012-06-30": 0, "2012-03-31": "", "2011-12-31": 0, "2011-09-30": 0, "2011-06-30": 0, "2011-03-31": "", "2010-12-31": 0, "2010-09-30": 0, "2010-06-30": 0, "2010-03-31": "", "2009-12-31": 0, "2009-09-30": 0, "2009-06-30": 0, "2009-03-31": "", "2008-12-31": 0, "2008-09-30": 0, "2008-06-30": 0, "2008-03-31": "", "2007-12-31": 0, "2007-09-30": 0, "2007-06-30": 0, "2007-03-31": "", "2006-12-31": 0, "2006-09-30": 0, "2006-06-30": 0, "2006-03-31": "", "2005-12-31": 0, "2005-09-30": 0, "2005-06-30": 0, "2005-03-31": ""}, "Change In Accounts Payable": {"2020-09-30": -0.011, "2020-06-30": -6.729, "2020-03-31": "4.85600", "2019-12-31": 0.052, "2019-09-30": 3.745, "2019-06-30": -1.498, "2019-03-31": "-53.39500", "2018-12-31": 54.327, "2018-09-30": 0.33, "2018-06-30": -0.141, "2018-03-31": "-74.85600", "2017-12-31": 34.258, "2017-09-30": 2.556, "2017-06-30": 18.398, "2017-03-31": "-33.57300", "2016-12-31": -2.878, "2016-09-30": 25.319, "2016-06-30": 25.566, "2016-03-31": "-56.52200", "2015-12-31": 44.339, "2015-09-30": 8.447, "2015-06-30": 9.621, "2015-03-31": "-0.32900", "2014-12-31": 0.836, "2014-09-30": -0.157, "2014-06-30": -0.288, "2014-03-31": "-0.52700", "2013-12-31": 0.198, "2013-09-30": 0.219, "2013-06-30": -2.949, "2013-03-31": "-3.34600", "2012-12-31": -1.615, "2012-09-30": 9.01, "2012-06-30": -0.663, "2012-03-31": "", "2011-12-31": 0.04, "2011-09-30": 0, "2011-06-30": 0, "2011-03-31": "", "2010-12-31": 0, "2010-09-30": 0, "2010-06-30": 0, "2010-03-31": "", "2009-12-31": 0, "2009-09-30": 0, "2009-06-30": 0, "2009-03-31": "", "2008-12-31": 0, "2008-09-30": 0, "2008-06-30": 0, "2008-03-31": "", "2007-12-31": 0, "2007-09-30": 0, "2007-06-30": 0, "2007-03-31": "", "2006-12-31": 0, "2006-09-30": 0, "2006-06-30": 0, "2006-03-31": "", "2005-12-31": 0, "2005-09-30": 0, "2005-06-30": 0, "2005-03-31": ""}, "Change In Assets/Liabilities": {"2020-09-30": 23.507, "2020-06-30": -86.076, "2020-03-31": "16.72500", "2019-12-31": -5.033, "2019-09-30": 14.806, "2019-06-30": -12.516, "2019-03-31": "-8.64200", "2018-12-31": 14.827, "2018-09-30": -3.695, "2018-06-30": -0.874, "2018-03-31": "-4.05800", "2017-12-31": 1.593, "2017-09-30": -1.049, "2017-06-30": -4.125, "2017-03-31": "-9.53600", "2016-12-31": 9.014, "2016-09-30": 3.508, "2016-06-30": -5.618, "2016-03-31": "-6.17400", "2015-12-31": 7.725, "2015-09-30": 2.06, "2015-06-30": -6.585, "2015-03-31": "-2.95400", "2014-12-31": 1.714, "2014-09-30": 1.938, "2014-06-30": -3.889, "2014-03-31": "-0.33200", "2013-12-31": -3.693, "2013-09-30": 2.228, "2013-06-30": 1, "2013-03-31": "-12.06300", "2012-12-31": -14.77, "2012-09-30": 3.85, "2012-06-30": -1.143, "2012-03-31": "-8.38600", "2011-12-31": -7.549, "2011-09-30": 12.402, "2011-06-30": -5.513, "2011-03-31": "-1.83900", "2010-12-31": -7.934, "2010-09-30": 8.673, "2010-06-30": 0.233, "2010-03-31": "-2.03000", "2009-12-31": -8.318, "2009-09-30": 10.781, "2009-06-30": -0.085, "2009-03-31": "-1.23400", "2008-12-31": -5.107, "2008-09-30": 11.479, "2008-06-30": -0.919, "2008-03-31": "-1.38200", "2007-12-31": -8.461, "2007-09-30": 9.888, "2007-06-30": -17.628, "2007-03-31": "4.84200", "2006-12-31": -15.35, "2006-09-30": 17.321, "2006-06-30": -0.89, "2006-03-31": "-1.84000", "2005-12-31": -2.608, "2005-09-30": 5.108, "2005-06-30": -0.371, "2005-03-31": "-2.91400"}, "Total Change In Assets/Liabilities": {"2020-09-30": -0.846, "2020-06-30": -92.759, "2020-03-31": "30.46300", "2019-12-31": 42.423, "2019-09-30": 31.902, "2019-06-30": 14.325, "2019-03-31": "-87.37500", "2018-12-31": 96.25, "2018-09-30": -35.405, "2018-06-30": 26.682, "2018-03-31": "-96.41500", "2017-12-31": 57.035, "2017-09-30": -27.539, "2017-06-30": 41.727, "2017-03-31": "-64.48800", "2016-12-31": 36.407, "2016-09-30": -3.053, "2016-06-30": 56.801, "2016-03-31": "-90.40100", "2015-12-31": 71.787, "2015-09-30": -12.087, "2015-06-30": 24.171, "2015-03-31": "-23.29100", "2014-12-31": 21.793, "2014-09-30": -15.491, "2014-06-30": 13.142, "2014-03-31": "-27.87500", "2013-12-31": 21.428, "2013-09-30": -11.386, "2013-06-30": 10.239, "2013-03-31": "-38.88300", "2012-12-31": 13.781, "2012-09-30": -8.303, "2012-06-30": 17.013, "2012-03-31": "-21.39600", "2011-12-31": 19.414, "2011-09-30": -12.815, "2011-06-30": 18.47, "2011-03-31": "-21.01800", "2010-12-31": 11.372, "2010-09-30": -17.596, "2010-06-30": 22.471, "2010-03-31": "-21.72900", "2009-12-31": 14.244, "2009-09-30": -9.349, "2009-06-30": 16.167, "2009-03-31": "-30.96600", "2008-12-31": 10.712, "2008-09-30": -8.03, "2008-06-30": 27.871, "2008-03-31": "-37.24900", "2007-12-31": 14.159, "2007-09-30": -20.104, "2007-06-30": 12.712, "2007-03-31": "1.02100", "2006-12-31": -9.888, "2006-09-30": -1.349, "2006-06-30": 24.036, "2006-03-31": "-8.09600", "2005-12-31": -0.183, "2005-09-30": 3.315, "2005-06-30": 16.902, "2005-03-31": "-14.32700"}, "Cash Flow From Operating Activities": {"2020-09-30": 16.727, "2020-06-30": -48.219, "2020-03-31": "97.01600", "2019-12-31": 185.192, "2019-09-30": 192.632, "2019-06-30": 196.033, "2019-03-31": "43.86500", "2018-12-31": 193.549, "2018-09-30": 140.027, "2018-06-30": 213.692, "2018-03-31": "49.68500", "2017-12-31": 186.218, "2017-09-30": 151.227, "2017-06-30": 233.195, "2017-03-31": "57.85500", "2016-12-31": 247.318, "2016-09-30": 128.583, "2016-06-30": 193.104, "2016-03-31": "38.39100", "2015-12-31": 155.987, "2015-09-30": 122.849, "2015-06-30": 156, "2015-03-31": "96.05700", "2014-12-31": 135.191, "2014-09-30": 109.452, "2014-06-30": 138.032, "2014-03-31": "79.07000", "2013-12-31": 125.871, "2013-09-30": 93.314, "2013-06-30": 123.701, "2013-03-31": "48.20300", "2012-12-31": 99.246, "2012-09-30": 84.229, "2012-06-30": 119.395, "2012-03-31": "61.03800", "2011-12-31": 106.374, "2011-09-30": 81.846, "2011-06-30": 110.389, "2011-03-31": "56.49300", "2010-12-31": 102.124, "2010-09-30": 71.819, "2010-06-30": 108.479, "2010-03-31": "59.02200", "2009-12-31": 92.032, "2009-09-30": 71.553, "2009-06-30": 100.862, "2009-03-31": "55.66900", "2008-12-31": 114.354, "2008-09-30": 76.893, "2008-06-30": 127.841, "2008-03-31": "56.34800", "2007-12-31": 135.998, "2007-09-30": 72.402, "2007-06-30": 103.085, "2007-03-31": "76.74400", "2006-12-31": 77.983, "2006-09-30": 59.282, "2006-06-30": 83.041, "2006-03-31": "51.24700", "2005-12-31": 74.173, "2005-09-30": 59.765, "2005-06-30": 70.31, "2005-03-31": "38.05800"}, "Net Change In Property, Plant, And Equipment": {"2020-09-30": -4.894, "2020-06-30": 41.458, "2020-03-31": "-30.44600", "2019-12-31": 374.738, "2019-09-30": -2517.875, "2019-06-30": -52.586, "2019-03-31": "148.45100", "2018-12-31": -104.109, "2018-09-30": -48.166, "2018-06-30": -131.807, "2018-03-31": "-26.48300", "2017-12-31": -40.931, "2017-09-30": -241.561, "2017-06-30": -233.403, "2017-03-31": "-186.48000", "2016-12-31": -121.623, "2016-09-30": -45.199, "2016-06-30": -107.386, "2016-03-31": "-176.39900", "2015-12-31": -77.032, "2015-09-30": -185.748, "2015-06-30": -287.296, "2015-03-31": "-80.50900", "2014-12-31": -65.594, "2014-09-30": -122.946, "2014-06-30": -55.186, "2014-03-31": "-36.60700", "2013-12-31": -103.1, "2013-09-30": -299.06, "2013-06-30": -64.348, "2013-03-31": "-49.36400", "2012-12-31": -435.851, "2012-09-30": 100.445, "2012-06-30": -60.625, "2012-03-31": "-200.70500", "2011-12-31": -23.731, "2011-09-30": -2.846, "2011-06-30": -35.863, "2011-03-31": "", "2010-12-31": -7.091, "2010-09-30": 0, "2010-06-30": 0, "2010-03-31": "", "2009-12-31": 6.5, "2009-09-30": -6.5, "2009-06-30": 3.016, "2009-03-31": "-3.01600", "2008-12-31": -5.484, "2008-09-30": -5.438, "2008-06-30": -62.009, "2008-03-31": "-38.23300", "2007-12-31": -250.114, "2007-09-30": 200.042, "2007-06-30": -665.622, "2007-03-31": "-1913.52100", "2006-12-31": -0.007, "2006-09-30": -0.007, "2006-06-30": -83.006, "2006-03-31": "-237.75600", "2005-12-31": -13.915, "2005-09-30": 2.992, "2005-06-30": -30.717, "2005-03-31": "-398.23700"}, "Net Change In Intangible Assets": {"2020-09-30": 0, "2020-06-30": 0, "2020-03-31": "", "2019-12-31": 0, "2019-09-30": 0, "2019-06-30": 0, "2019-03-31": "", "2018-12-31": 0, "2018-09-30": 0, "2018-06-30": 0, "2018-03-31": "", "2017-12-31": 0, "2017-09-30": 0, "2017-06-30": 0, "2017-03-31": "", "2016-12-31": 0, "2016-09-30": 0, "2016-06-30": 0, "2016-03-31": "", "2015-12-31": 0, "2015-09-30": 0, "2015-06-30": 0, "2015-03-31": "", "2014-12-31": 0, "2014-09-30": 0, "2014-06-30": 0, "2014-03-31": "", "2013-12-31": 0, "2013-09-30": 0, "2013-06-30": 0, "2013-03-31": "", "2012-12-31": 0, "2012-09-30": 0, "2012-06-30": 0, "2012-03-31": "", "2011-12-31": 0, "2011-09-30": 0, "2011-06-30": 0, "2011-03-31": "", "2010-12-31": 0, "2010-09-30": 0, "2010-06-30": 0, "2010-03-31": "", "2009-12-31": 0, "2009-09-30": 0, "2009-06-30": 0, "2009-03-31": "", "2008-12-31": 0, "2008-09-30": 0, "2008-06-30": 0, "2008-03-31": "", "2007-12-31": 0, "2007-09-30": 0, "2007-06-30": 0, "2007-03-31": "", "2006-12-31": 0, "2006-09-30": 0, "2006-06-30": 0, "2006-03-31": "", "2005-12-31": 0, "2005-09-30": 0, "2005-06-30": 0, "2005-03-31": ""}, "Net Acquisitions/Divestitures": {"2020-09-30": 0, "2020-06-30": 0, "2020-03-31": "", "2019-12-31": 0, "2019-09-30": 0, "2019-06-30": 0, "2019-03-31": "", "2018-12-31": 0, "2018-09-30": 0, "2018-06-30": 0, "2018-03-31": "", "2017-12-31": 0, "2017-09-30": 0, "2017-06-30": 0, "2017-03-31": "", "2016-12-31": 0, "2016-09-30": 0, "2016-06-30": 0, "2016-03-31": "", "2015-12-31": -0.759, "2015-09-30": 0, "2015-06-30": -15.196, "2015-03-31": "", "2014-12-31": 0, "2014-09-30": 0, "2014-06-30": 0, "2014-03-31": "", "2013-12-31": 0, "2013-09-30": 0, "2013-06-30": 0, "2013-03-31": "", "2012-12-31": 0, "2012-09-30": 0, "2012-06-30": 0, "2012-03-31": "", "2011-12-31": 0, "2011-09-30": 0, "2011-06-30": 0, "2011-03-31": "", "2010-12-31": 0, "2010-09-30": 0, "2010-06-30": 0, "2010-03-31": "", "2009-12-31": 0, "2009-09-30": 0, "2009-06-30": 0, "2009-03-31": "", "2008-12-31": 0, "2008-09-30": 0, "2008-06-30": 0, "2008-03-31": "", "2007-12-31": 205.35, "2007-09-30": 0, "2007-06-30": 0, "2007-03-31": "", "2006-12-31": 0, "2006-09-30": 0, "2006-06-30": 0, "2006-03-31": "", "2005-12-31": 0, "2005-09-30": 0, "2005-06-30": 0, "2005-03-31": ""}, "Net Change In Short-term Investments": {"2020-09-30": 0, "2020-06-30": 0, "2020-03-31": "", "2019-12-31": 0, "2019-09-30": 0, "2019-06-30": 0, "2019-03-31": "", "2018-12-31": 0, "2018-09-30": 0, "2018-06-30": 0, "2018-03-31": "", "2017-12-31": 0, "2017-09-30": 0, "2017-06-30": 0, "2017-03-31": "", "2016-12-31": 0, "2016-09-30": 0, "2016-06-30": 0, "2016-03-31": "", "2015-12-31": 0, "2015-09-30": 0, "2015-06-30": 0, "2015-03-31": "", "2014-12-31": 0, "2014-09-30": 0, "2014-06-30": 0, "2014-03-31": "", "2013-12-31": 0, "2013-09-30": 0, "2013-06-30": 0, "2013-03-31": "", "2012-12-31": 0, "2012-09-30": 0, "2012-06-30": 0, "2012-03-31": "", "2011-12-31": 0, "2011-09-30": 0, "2011-06-30": 0, "2011-03-31": "", "2010-12-31": 0, "2010-09-30": 0, "2010-06-30": 0, "2010-03-31": "", "2009-12-31": 0, "2009-09-30": 0, "2009-06-30": 0, "2009-03-31": "", "2008-12-31": 0, "2008-09-30": 0, "2008-06-30": 0, "2008-03-31": "", "2007-12-31": 0, "2007-09-30": 0, "2007-06-30": 0, "2007-03-31": "", "2006-12-31": 0, "2006-09-30": 0, "2006-06-30": 0, "2006-03-31": "", "2005-12-31": 0, "2005-09-30": 0, "2005-06-30": 0, "2005-03-31": ""}, "Net Change In Long-Term Investments": {"2020-09-30": -7.011, "2020-06-30": -0.115, "2020-03-31": "-5.19900", "2019-12-31": 0, "2019-09-30": 93.892, "2019-06-30": 0, "2019-03-31": "", "2018-12-31": 0, "2018-09-30": 0, "2018-06-30": 0, "2018-03-31": "", "2017-12-31": 0, "2017-09-30": 0, "2017-06-30": 0, "2017-03-31": "", "2016-12-31": 0, "2016-09-30": 0, "2016-06-30": 0, "2016-03-31": "", "2015-12-31": 0, "2015-09-30": 0, "2015-06-30": 0, "2015-03-31": "", "2014-12-31": 0, "2014-09-30": 0, "2014-06-30": -0.825, "2014-03-31": "", "2013-12-31": -8.14, "2013-09-30": 0, "2013-06-30": 0, "2013-03-31": "", "2012-12-31": 0, "2012-09-30": 0, "2012-06-30": 0, "2012-03-31": "", "2011-12-31": 0, "2011-09-30": 0, "2011-06-30": -5.69, "2011-03-31": "", "2010-12-31": 0, "2010-09-30": -0.033, "2010-06-30": -0.023, "2010-03-31": "-0.02000", "2009-12-31": -0.025, "2009-09-30": -0.035, "2009-06-30": -5.049, "2009-03-31": "-0.02500", "2008-12-31": 0, "2008-09-30": 0, "2008-06-30": 0, "2008-03-31": "", "2007-12-31": 0, "2007-09-30": 0, "2007-06-30": 0, "2007-03-31": "", "2006-12-31": 0, "2006-09-30": 0, "2006-06-30": 0, "2006-03-31": "", "2005-12-31": 0, "2005-09-30": 0, "2005-06-30": 0, "2005-03-31": ""}, "Net Change In Investments - Total": {"2020-09-30": -7.011, "2020-06-30": -0.115, "2020-03-31": "-5.19900", "2019-12-31": 0, "2019-09-30": 93.892, "2019-06-30": 0, "2019-03-31": "", "2018-12-31": 0, "2018-09-30": 0, "2018-06-30": 0, "2018-03-31": "", "2017-12-31": 0, "2017-09-30": 0, "2017-06-30": 0, "2017-03-31": "", "2016-12-31": 0, "2016-09-30": 0, "2016-06-30": 0, "2016-03-31": "", "2015-12-31": 0, "2015-09-30": 0, "2015-06-30": 0, "2015-03-31": "", "2014-12-31": 0, "2014-09-30": 0, "2014-06-30": -0.825, "2014-03-31": "", "2013-12-31": -8.14, "2013-09-30": 0, "2013-06-30": 0, "2013-03-31": "", "2012-12-31": 0, "2012-09-30": 0, "2012-06-30": 0, "2012-03-31": "", "2011-12-31": 0, "2011-09-30": 0, "2011-06-30": -5.69, "2011-03-31": "", "2010-12-31": 0, "2010-09-30": -0.033, "2010-06-30": -0.023, "2010-03-31": "-0.02000", "2009-12-31": -0.025, "2009-09-30": -0.035, "2009-06-30": -5.049, "2009-03-31": "-0.02500", "2008-12-31": 0, "2008-09-30": 0, "2008-06-30": 0, "2008-03-31": "", "2007-12-31": 0, "2007-09-30": 0, "2007-06-30": 0, "2007-03-31": "", "2006-12-31": 0, "2006-09-30": 0, "2006-06-30": 0, "2006-03-31": "", "2005-12-31": 0, "2005-09-30": 0, "2005-06-30": 0, "2005-03-31": ""}, "Investing Activities - Other": {"2020-09-30": -12.855, "2020-06-30": -46.489, "2020-03-31": "-33.96900", "2019-12-31": -47.297, "2019-09-30": -34.033, "2019-06-30": -48.973, "2019-03-31": "-46.36100", "2018-12-31": -45.776, "2018-09-30": -29.578, "2018-06-30": -8.597, "2018-03-31": "-33.22600", "2017-12-31": -28.159, "2017-09-30": -24.697, "2017-06-30": -39.877, "2017-03-31": "", "2016-12-31": -67.115, "2016-09-30": -1.109, "2016-06-30": -0.715, "2016-03-31": "-0.44100", "2015-12-31": -0.794, "2015-09-30": -1.794, "2015-06-30": -0.536, "2015-03-31": "-4.17500", "2014-12-31": -1.211, "2014-09-30": 57.812, "2014-06-30": -61.742, "2014-03-31": "5.40900", "2013-12-31": -5.696, "2013-09-30": 157.523, "2013-06-30": -180.018, "2013-03-31": "-18.11100", "2012-12-31": 85.968, "2012-09-30": -177.698, "2012-06-30": -14.952, "2012-03-31": "-25.50200", "2011-12-31": -51.752, "2011-09-30": 32.11, "2011-06-30": -0.681, "2011-03-31": "-5.85400", "2010-12-31": -52.989, "2010-09-30": -41.557, "2010-06-30": -11.038, "2010-03-31": "-9.45200", "2009-12-31": -12.629, "2009-09-30": 1.2, "2009-06-30": -15.847, "2009-03-31": "-45.92100", "2008-12-31": -4.881, "2008-09-30": -1.829, "2008-06-30": -7.056, "2008-03-31": "-20.23500", "2007-12-31": -12.013, "2007-09-30": -25.128, "2007-06-30": -15.758, "2007-03-31": "-27.30200", "2006-12-31": -17.7, "2006-09-30": -26.636, "2006-06-30": -16.83, "2006-03-31": "-11.38800", "2005-12-31": -33.434, "2005-09-30": -7.845, "2005-06-30": -1.398, "2005-03-31": "-2.71300"}, "Cash Flow From Investing Activities": {"2020-09-30": -24.76, "2020-06-30": -5.146, "2020-03-31": "-69.61400", "2019-12-31": 327.441, "2019-09-30": -2458.016, "2019-06-30": -101.559, "2019-03-31": "102.09000", "2018-12-31": -149.885, "2018-09-30": -77.744, "2018-06-30": -140.404, "2018-03-31": "-59.70900", "2017-12-31": -69.09, "2017-09-30": -266.258, "2017-06-30": -273.28, "2017-03-31": "-186.48000", "2016-12-31": -188.738, "2016-09-30": -46.308, "2016-06-30": -108.101, "2016-03-31": "-176.84000", "2015-12-31": -78.585, "2015-09-30": -187.542, "2015-06-30": -303.028, "2015-03-31": "-84.68400", "2014-12-31": -66.805, "2014-09-30": -65.134, "2014-06-30": -117.753, "2014-03-31": "-31.19800", "2013-12-31": -116.936, "2013-09-30": -141.537, "2013-06-30": -244.366, "2013-03-31": "-67.47500", "2012-12-31": -349.883, "2012-09-30": -77.253, "2012-06-30": -75.577, "2012-03-31": "-226.20700", "2011-12-31": -75.483, "2011-09-30": 29.264, "2011-06-30": -42.234, "2011-03-31": "-5.85400", "2010-12-31": -60.08, "2010-09-30": -41.59, "2010-06-30": -11.061, "2010-03-31": "-9.47200", "2009-12-31": -6.154, "2009-09-30": -5.335, "2009-06-30": -17.88, "2009-03-31": "-48.96200", "2008-12-31": -10.365, "2008-09-30": -7.267, "2008-06-30": -69.065, "2008-03-31": "-58.46800", "2007-12-31": -56.777, "2007-09-30": 174.914, "2007-06-30": -681.38, "2007-03-31": "-1940.82300", "2006-12-31": -17.707, "2006-09-30": -26.643, "2006-06-30": -99.836, "2006-03-31": "-249.14400", "2005-12-31": -47.349, "2005-09-30": -4.853, "2005-06-30": -32.115, "2005-03-31": "-400.95000"}, "Net Long-Term Debt": {"2020-09-30": 0, "2020-06-30": 444.029, "2020-03-31": "", "2019-12-31": 0, "2019-09-30": 1693.879, "2019-06-30": 0, "2019-03-31": "", "2018-12-31": 0, "2018-09-30": 0, "2018-06-30": 0, "2018-03-31": "389.97600", "2017-12-31": 41.6441, "2017-09-30": 0, "2017-06-30": -0.047, "2017-03-31": "589.81490", "2016-12-31": 0, "2016-09-30": -300, "2016-06-30": 0, "2016-03-31": "462.61200", "2015-12-31": 0, "2015-09-30": 0, "2015-06-30": 0, "2015-03-31": "", "2014-12-31": 0, "2014-09-30": 63.455, "2014-06-30": 0, "2014-03-31": "46.61600", "2013-12-31": 0, "2013-09-30": 0, "2013-06-30": 299.661, "2013-03-31": "", "2012-12-31": 0, "2012-09-30": 204.975, "2012-06-30": -100.829, "2012-03-31": "329.42400", "2011-12-31": 0, "2011-09-30": 0, "2011-06-30": 0, "2011-03-31": "-3.38300", "2010-12-31": 0, "2010-09-30": -50, "2010-06-30": -185.626, "2010-03-31": "", "2009-12-31": 0, "2009-09-30": 137.429, "2009-06-30": -56.292, "2009-03-31": "-87.51700", "2008-12-31": 0, "2008-09-30": 0, "2008-06-30": 0, "2008-03-31": "-150.00000", "2007-12-31": -645.842, "2007-09-30": 346.976, "2007-06-30": 0, "2007-03-31": "873.86600", "2006-12-31": -273.974, "2006-09-30": 0, "2006-06-30": 273.974, "2006-03-31": "", "2005-12-31": -299.442, "2005-09-30": 0, "2005-06-30": 0, "2005-03-31": "299.44200"}, "Net Current Debt": {"2020-09-30": 46.959, "2020-06-30": -423.873, "2020-03-31": "80.00000", "2019-12-31": -413, "2019-09-30": 700, "2019-06-30": -51, "2019-03-31": "-36.00000", "2018-12-31": 34, "2018-09-30": 21, "2018-06-30": 36, "2018-03-31": "-312.00000", "2017-12-31": -60, "2017-09-30": 180, "2017-06-30": 148, "2017-03-31": "-61.00000", "2016-12-31": 41, "2016-09-30": -82, "2016-06-30": 2, "2016-03-31": "-235.00000", "2015-12-31": 11, "2015-09-30": 135, "2015-06-30": 230, "2015-03-31": "71.00000", "2014-12-31": 3, "2014-09-30": -25, "2014-06-30": 40, "2014-03-31": "", "2013-12-31": -193, "2013-09-30": 103, "2013-06-30": 80, "2013-03-31": "-310.00000", "2012-12-31": 320, "2012-09-30": 0, "2012-06-30": 0, "2012-03-31": "-149.00000", "2011-12-31": 34, "2011-09-30": -38, "2011-06-30": -18, "2011-03-31": "27.00000", "2010-12-31": 21, "2010-09-30": 85, "2010-06-30": 38, "2010-03-31": "", "2009-12-31": 0, "2009-09-30": -330, "2009-06-30": -216, "2009-03-31": "150.00000", "2008-12-31": -11, "2008-09-30": 6, "2008-06-30": 5, "2008-03-31": "238.00000", "2007-12-31": 21, "2007-09-30": -521, "2007-06-30": 642, "2007-03-31": "16.00000", "2006-12-31": -13, "2006-09-30": -72, "2006-06-30": -197, "2006-03-31": "247.00000", "2005-12-31": 27, "2005-09-30": 8, "2005-06-30": -175, "2005-03-31": "103.00000"}, "Debt Issuance/Retirement Net - Total": {"2020-09-30": 46.959, "2020-06-30": 20.156, "2020-03-31": "80.00000", "2019-12-31": -413, "2019-09-30": 2393.879, "2019-06-30": -51, "2019-03-31": "-36.00000", "2018-12-31": 34, "2018-09-30": 21, "2018-06-30": 36, "2018-03-31": "77.97600", "2017-12-31": -18.3559, "2017-09-30": 180, "2017-06-30": 147.953, "2017-03-31": "528.81490", "2016-12-31": 41, "2016-09-30": -382, "2016-06-30": 2, "2016-03-31": "227.61200", "2015-12-31": 11, "2015-09-30": 135, "2015-06-30": 230, "2015-03-31": "71.00000", "2014-12-31": 3, "2014-09-30": 38.455, "2014-06-30": 40, "2014-03-31": "46.61600", "2013-12-31": -193, "2013-09-30": 103, "2013-06-30": 379.661, "2013-03-31": "-310.00000", "2012-12-31": 319.9999, "2012-09-30": 204.975, "2012-06-30": -100.829, "2012-03-31": "180.42400", "2011-12-31": 34, "2011-09-30": -38, "2011-06-30": -18, "2011-03-31": "23.61700", "2010-12-31": 21, "2010-09-30": 35, "2010-06-30": -147.626, "2010-03-31": "", "2009-12-31": 0, "2009-09-30": -192.571, "2009-06-30": -272.292, "2009-03-31": "62.48300", "2008-12-31": -11, "2008-09-30": 6, "2008-06-30": 5, "2008-03-31": "88.00000", "2007-12-31": -624.842, "2007-09-30": -174.024, "2007-06-30": 642, "2007-03-31": "889.86600", "2006-12-31": -286.974, "2006-09-30": -72, "2006-06-30": 76.974, "2006-03-31": "247.00000", "2005-12-31": -272.442, "2005-09-30": 8, "2005-06-30": -175, "2005-03-31": "402.44200"}, "Net Common Equity Issued/Repurchased": {"2020-09-30": -0.276, "2020-06-30": -0.027, "2020-03-31": "-0.04300", "2019-12-31": -0.006, "2019-09-30": -0.794, "2019-06-30": 0, "2019-03-31": "", "2018-12-31": 0, "2018-09-30": -0.505, "2018-06-30": 0, "2018-03-31": "-0.10100", "2017-12-31": 0, "2017-09-30": -0.519, "2017-06-30": -0.014, "2017-03-31": "", "2016-12-31": -0.03, "2016-09-30": 371.373, "2016-06-30": 0, "2016-03-31": "", "2015-12-31": 0.001, "2015-09-30": -0.419, "2015-06-30": 0, "2015-03-31": "", "2014-12-31": 0, "2014-09-30": 0, "2014-06-30": 0, "2014-03-31": "", "2013-12-31": 261.736, "2013-09-30": 0.001, "2013-06-30": 0.001, "2013-03-31": "393.47300", "2012-12-31": 0, "2012-09-30": 0, "2012-06-30": 0, "2012-03-31": "", "2011-12-31": 0, "2011-09-30": 0, "2011-06-30": 0, "2011-03-31": "", "2010-12-31": 0, "2010-09-30": 0, "2010-06-30": 0, "2010-03-31": "", "2009-12-31": 0.098, "2009-09-30": 180.56, "2009-06-30": 192.398, "2009-03-31": "", "2008-12-31": 0, "2008-09-30": 0, "2008-06-30": 0, "2008-03-31": "", "2007-12-31": -0.001, "2007-09-30": 0, "2007-06-30": -0.025, "2007-03-31": "343.47700", "2006-12-31": 545.829, "2006-09-30": 95.823, "2006-06-30": 0, "2006-03-31": "", "2005-12-31": 0, "2005-09-30": 0, "2005-06-30": 199.233, "2005-03-31": ""}, "Net Total Equity Issued/Repurchased": {"2020-09-30": -0.276, "2020-06-30": -0.027, "2020-03-31": "-0.04300", "2019-12-31": -0.006, "2019-09-30": -0.794, "2019-06-30": 0, "2019-03-31": "", "2018-12-31": 0, "2018-09-30": -0.505, "2018-06-30": 0, "2018-03-31": "-0.10100", "2017-12-31": 0, "2017-09-30": -0.519, "2017-06-30": -0.014, "2017-03-31": "-290.00000", "2016-12-31": -0.03, "2016-09-30": 371.373, "2016-06-30": 0, "2016-03-31": "", "2015-12-31": 0.001, "2015-09-30": -0.419, "2015-06-30": 0, "2015-03-31": "", "2014-12-31": 0, "2014-09-30": 0, "2014-06-30": 0, "2014-03-31": "", "2013-12-31": 261.736, "2013-09-30": -167.499, "2013-06-30": 0.001, "2013-03-31": "393.47300", "2012-12-31": 0, "2012-09-30": -150, "2012-06-30": -0.001, "2012-03-31": "193.85800", "2011-12-31": 0, "2011-09-30": 0, "2011-06-30": 0, "2011-03-31": "", "2010-12-31": 0, "2010-09-30": 0, "2010-06-30": 0, "2010-03-31": "", "2009-12-31": 0.098, "2009-09-30": 180.56, "2009-06-30": 192.398, "2009-03-31": "", "2008-12-31": 0, "2008-09-30": 0, "2008-06-30": 0, "2008-03-31": "", "2007-12-31": -0.001, "2007-09-30": -0.058, "2007-06-30": -0.441, "2007-03-31": "650.78400", "2006-12-31": 545.829, "2006-09-30": 95.823, "2006-06-30": 0, "2006-03-31": "", "2005-12-31": 0, "2005-09-30": 0, "2005-06-30": 199.233, "2005-03-31": ""}, "Total Common And Preferred Stock Dividends Paid": {"2020-09-30": -1.646, "2020-06-30": -1.646, "2020-03-31": "-88.86300", "2019-12-31": -88.864, "2019-09-30": -88.803, "2019-06-30": -88.798, "2019-03-31": "-87.15400", "2018-12-31": -87.154, "2018-09-30": -87.113, "2018-06-30": -87.105, "2018-03-31": "-85.46000", "2017-12-31": -85.461, "2017-09-30": -85.427, "2017-06-30": -85.419, "2017-03-31": "-90.37800", "2016-12-31": -88.943, "2016-09-30": -82.461, "2016-06-30": -82.455, "2016-03-31": "-80.94000", "2015-12-31": -80.944, "2015-09-30": -80.908, "2015-06-30": -80.147, "2015-03-31": "-78.63200", "2014-12-31": -78.616, "2014-09-30": -78.561, "2014-06-30": -78.539, "2014-03-31": "-76.97700", "2013-12-31": -72.284, "2013-09-30": -70.881, "2013-06-30": -73.774, "2013-03-31": "-66.20700", "2012-12-31": -66.207, "2012-09-30": -65.742, "2012-06-30": -66.322, "2012-03-31": "-66.77300", "2011-12-31": -63.055, "2011-09-30": -63.024, "2011-06-30": -63.02, "2011-03-31": "-63.02000", "2010-12-31": -63.019, "2010-09-30": -62.996, "2010-06-30": -62.996, "2010-03-31": "-62.99100", "2009-12-31": -7.47, "2009-09-30": -7.47, "2009-06-30": -7.47, "2009-03-31": "-79.84400", "2008-12-31": -79.836, "2008-09-30": -79.814, "2008-06-30": -79.768, "2008-03-31": "-79.76700", "2007-12-31": -79.765, "2007-09-30": -78.811, "2007-06-30": -78.413, "2007-03-31": "-67.09800", "2006-12-31": -56.882, "2006-09-30": -55.163, "2006-06-30": -54.441, "2006-03-31": "-54.41600", "2005-12-31": -54.416, "2005-09-30": -53.686, "2005-06-30": -50.299, "2005-03-31": "-50.30000"}, "Financial Activities - Other": {"2020-09-30": -0.885, "2020-06-30": -15.015, "2020-03-31": "", "2019-12-31": -0.013, "2019-09-30": -21.869, "2019-06-30": 0, "2019-03-31": "", "2018-12-31": 0, "2018-09-30": 0, "2018-06-30": -8.72, "2018-03-31": "-3.52200", "2017-12-31": -3.419, "2017-09-30": 0, "2017-06-30": -0.072, "2017-03-31": "-4.94600", "2016-12-31": 0, "2016-09-30": 0, "2016-06-30": -0.017, "2016-03-31": "-6.08900", "2015-12-31": -1.152, "2015-09-30": 0, "2015-06-30": 0, "2015-03-31": "-0.00500", "2014-12-31": -0.018, "2014-09-30": -0.65, "2014-06-30": -0.05, "2014-03-31": "-6.18100", "2013-12-31": -0.005, "2013-09-30": -0.016, "2013-06-30": -2.529, "2013-03-31": "", "2012-12-31": -0.231, "2012-09-30": -3.856, "2012-06-30": -0.106, "2012-03-31": "-2.43200", "2011-12-31": -0.02, "2011-09-30": -6.852, "2011-06-30": 0, "2011-03-31": "", "2010-12-31": -0.005, "2010-09-30": -1.125, "2010-06-30": 0, "2010-03-31": "", "2009-12-31": -0.109, "2009-09-30": -2.149, "2009-06-30": 0, "2009-03-31": "", "2008-12-31": -0.004, "2008-09-30": -0.003, "2008-06-30": -0.003, "2008-03-31": "-0.02700", "2007-12-31": 645.256, "2007-09-30": -2.426, "2007-06-30": -1.067, "2007-03-31": "-134.97800", "2006-12-31": 273.967, "2006-09-30": -1.139, "2006-06-30": -2.113, "2006-03-31": "", "2005-12-31": 299.438, "2005-09-30": -0.127, "2005-06-30": -4.814, "2005-03-31": "-2.39400"}, "Cash Flow From Financial Activities": {"2020-09-30": 44.152, "2020-06-30": 3.468, "2020-03-31": "-8.90600", "2019-12-31": -501.883, "2019-09-30": 2282.413, "2019-06-30": -139.798, "2019-03-31": "-123.15400", "2018-12-31": -53.154, "2018-09-30": -66.618, "2018-06-30": -59.825, "2018-03-31": "-11.10700", "2017-12-31": -107.236, "2017-09-30": 94.054, "2017-06-30": 62.448, "2017-03-31": "143.49100", "2016-12-31": -47.973, "2016-09-30": -93.088, "2016-06-30": -80.472, "2016-03-31": "140.58300", "2015-12-31": -71.095, "2015-09-30": 53.673, "2015-06-30": 149.853, "2015-03-31": "-7.63700", "2014-12-31": -75.634, "2014-09-30": -40.756, "2014-06-30": -38.589, "2014-03-31": "-36.54200", "2013-12-31": -3.553, "2013-09-30": -135.396, "2013-06-30": 303.359, "2013-03-31": "17.26600", "2012-12-31": 253.562, "2012-09-30": -14.623, "2012-06-30": -167.258, "2012-03-31": "305.07700", "2011-12-31": -29.075, "2011-09-30": -107.876, "2011-06-30": -81.02, "2011-03-31": "-39.40300", "2010-12-31": -42.024, "2010-09-30": -29.121, "2010-06-30": -210.622, "2010-03-31": "-62.99100", "2009-12-31": -7.481, "2009-09-30": -21.63, "2009-06-30": -87.364, "2009-03-31": "-17.36100", "2008-12-31": -90.84, "2008-09-30": -73.817, "2008-06-30": -74.771, "2008-03-31": "8.20600", "2007-12-31": -59.352, "2007-09-30": -255.319, "2007-06-30": 562.079, "2007-03-31": "1338.57400", "2006-12-31": 475.94, "2006-09-30": -32.479, "2006-06-30": 20.42, "2006-03-31": "192.58400", "2005-12-31": -27.42, "2005-09-30": -45.813, "2005-06-30": -30.88, "2005-03-31": "349.74800"}, "Net Cash Flow": {"2020-09-30": 36.119, "2020-06-30": -49.897, "2020-03-31": "18.49600", "2019-12-31": 10.75, "2019-09-30": 17.029, "2019-06-30": -45.324, "2019-03-31": "22.80100", "2018-12-31": -9.49, "2018-09-30": -4.335, "2018-06-30": 13.463, "2018-03-31": "-21.13100", "2017-12-31": 9.892, "2017-09-30": -20.977, "2017-06-30": 28.096, "2017-03-31": "9.13300", "2016-12-31": 10.607, "2016-09-30": -10.813, "2016-06-30": 4.531, "2016-03-31": "2.13400", "2015-12-31": 6.307, "2015-09-30": -11.02, "2015-06-30": 2.825, "2015-03-31": "3.73600", "2014-12-31": -7.248, "2014-09-30": 3.562, "2014-06-30": -18.31, "2014-03-31": "11.33000", "2013-12-31": 5.382, "2013-09-30": -183.619, "2013-06-30": 182.694, "2013-03-31": "-2.00600", "2012-12-31": 2.925, "2012-09-30": -7.647, "2012-06-30": -123.44, "2012-03-31": "139.90800", "2011-12-31": 1.816, "2011-09-30": 3.234, "2011-06-30": -12.865, "2011-03-31": "11.23600", "2010-12-31": 0.02, "2010-09-30": 1.108, "2010-06-30": -113.204, "2010-03-31": "-13.44100", "2009-12-31": 78.397, "2009-09-30": 44.588, "2009-06-30": -4.382, "2009-03-31": "-10.65400", "2008-12-31": 13.149, "2008-09-30": -4.191, "2008-06-30": -15.995, "2008-03-31": "6.08600", "2007-12-31": 19.869, "2007-09-30": -8.003, "2007-06-30": -16.216, "2007-03-31": "-525.50500", "2006-12-31": 536.216, "2006-09-30": 0.16, "2006-06-30": 3.625, "2006-03-31": "-5.31300", "2005-12-31": -0.596, "2005-09-30": 9.099, "2005-06-30": 7.315, "2005-03-31": "-13.14400"}, "Stock-Based Compensation": {"2020-09-30": 0, "2020-06-30": 0, "2020-03-31": "", "2019-12-31": 0, "2019-09-30": 0, "2019-06-30": 0, "2019-03-31": "", "2018-12-31": 0, "2018-09-30": 0, "2018-06-30": 0, "2018-03-31": "", "2017-12-31": 0, "2017-09-30": 0, "2017-06-30": 0, "2017-03-31": "", "2016-12-31": 0, "2016-09-30": 0, "2016-06-30": 0, "2016-03-31": "", "2015-12-31": 0, "2015-09-30": 0, "2015-06-30": 0, "2015-03-31": "", "2014-12-31": 0, "2014-09-30": 0, "2014-06-30": 0, "2014-03-31": "", "2013-12-31": 0, "2013-09-30": 0, "2013-06-30": 0, "2013-03-31": "", "2012-12-31": 0, "2012-09-30": 0, "2012-06-30": 0, "2012-03-31": "", "2011-12-31": 0, "2011-09-30": 0, "2011-06-30": 0, "2011-03-31": "", "2010-12-31": 0, "2010-09-30": 0, "2010-06-30": 0, "2010-03-31": "", "2009-12-31": 0, "2009-09-30": 0, "2009-06-30": 0, "2009-03-31": "", "2008-12-31": 0, "2008-09-30": 0, "2008-06-30": 0, "2008-03-31": "", "2007-12-31": 0, "2007-09-30": 0, "2007-06-30": 0, "2007-03-31": "", "2006-12-31": 0, "2006-09-30": 0, "2006-06-30": 0, "2006-03-31": "", "2005-12-31": 0, "2005-09-30": 0, "2005-06-30": 0, "2005-03-31": ""}, "Common Stock Dividends Paid": {"2020-09-30": -1.646, "2020-06-30": -1.646, "2020-03-31": "-88.86300", "2019-12-31": -88.864, "2019-09-30": -88.803, "2019-06-30": -88.798, "2019-03-31": "-87.15400", "2018-12-31": -87.154, "2018-09-30": -87.113, "2018-06-30": -87.105, "2018-03-31": "-85.46000", "2017-12-31": -85.461, "2017-09-30": -85.427, "2017-06-30": -85.419, "2017-03-31": "-83.77700", "2016-12-31": -83.777, "2016-09-30": -77.295, "2016-06-30": -77.289, "2016-03-31": "-75.77400", "2015-12-31": -75.777, "2015-09-30": -75.743, "2015-06-30": -74.981, "2015-03-31": "-73.46600", "2014-12-31": -73.45, "2014-09-30": -73.395, "2014-06-30": -73.373, "2014-03-31": "-71.81100", "2013-12-31": -67.119, "2013-09-30": -65.681, "2013-06-30": -65.677, "2013-03-31": "-58.11000", "2012-12-31": -58.11, "2012-09-30": -55.604, "2012-06-30": -55.6, "2012-03-31": "-55.58500", "2011-12-31": -55.585, "2011-09-30": -55.554, "2011-06-30": -55.55, "2011-03-31": "-55.55000", "2010-12-31": -55.549, "2010-09-30": -55.526, "2010-06-30": -55.526, "2010-03-31": "-55.52100", "2009-12-31": 0, "2009-09-30": 0, "2009-06-30": 0, "2009-03-31": "-72.37400", "2008-12-31": -72.366, "2008-09-30": -72.344, "2008-06-30": -72.298, "2008-03-31": "-72.29700", "2007-12-31": -72.295, "2007-09-30": -71.341, "2007-06-30": -71.338, "2007-03-31": "-65.18400", "2006-12-31": -54.968, "2006-09-30": -53.249, "2006-06-30": -52.527, "2006-03-31": "-52.50200", "2005-12-31": -52.502, "2005-09-30": -51.772, "2005-06-30": -48.385, "2005-03-31": "-48.38600"}}, "financial ratios": {"Current Ratio": {"2019-12-31": "", "2018-12-31": "", "2017-12-31": "", "2016-12-31": "", "2015-12-31": "", "2014-12-31": "", "2013-12-31": "", "2012-12-31": "", "2011-12-31": "", "2010-12-31": "", "2009-12-31": "", "2008-12-31": "", "2007-12-31": "", "2006-12-31": "", "2005-12-31": ""}, "Long-term Debt / Capital": {"2019-12-31": "0.70750", "2018-12-31": "0.61630", "2017-12-31": "0.59220", "2016-12-31": "0.50270", "2015-12-31": "0.53800", "2014-12-31": "0.48700", "2013-12-31": "0.46690", "2012-12-31": "0.49900", "2011-12-31": "0.43050", "2010-12-31": "0.42470", "2009-12-31": "0.41500", "2008-12-31": "0.50100", "2007-12-31": "0.48070", "2006-12-31": "0.32900", "2005-12-31": "0.34110"}, "Debt/Equity Ratio": {"2019-12-31": "2.41930", "2018-12-31": "1.60640", "2017-12-31": "1.45210", "2016-12-31": "1.01100", "2015-12-31": "1.16450", "2014-12-31": "0.94930", "2013-12-31": "0.87600", "2012-12-31": "0.99580", "2011-12-31": "0.75580", "2010-12-31": "0.73810", "2009-12-31": "0.70940", "2008-12-31": "1.00400", "2007-12-31": "0.92570", "2006-12-31": "0.49020", "2005-12-31": "0.51760"}, "Gross Margin": {"2019-12-31": "", "2018-12-31": "", "2017-12-31": "", "2016-12-31": "", "2015-12-31": "", "2014-12-31": "", "2013-12-31": "", "2012-12-31": "", "2011-12-31": "", "2010-12-31": "", "2009-12-31": "", "2008-12-31": "", "2007-12-31": "", "2006-12-31": "", "2005-12-31": ""}, "Operating Margin": {"2019-12-31": "16.09080", "2018-12-31": "17.18180", "2017-12-31": "17.51100", "2016-12-31": "18.89690", "2015-12-31": "17.47930", "2014-12-31": "19.53380", "2013-12-31": "17.49410", "2012-12-31": "21.46990", "2011-12-31": "26.92180", "2010-12-31": "15.39970", "2009-12-31": "28.03860", "2008-12-31": "28.32410", "2007-12-31": "28.92750", "2006-12-31": "23.29780", "2005-12-31": "23.39800"}, "EBIT Margin": {"2019-12-31": "16.09080", "2018-12-31": "17.18180", "2017-12-31": "17.51100", "2016-12-31": "18.89690", "2015-12-31": "17.47930", "2014-12-31": "19.53380", "2013-12-31": "17.49410", "2012-12-31": "21.46990", "2011-12-31": "26.92180", "2010-12-31": "15.39970", "2009-12-31": "28.03860", "2008-12-31": "28.32410", "2007-12-31": "28.92750", "2006-12-31": "23.29780", "2005-12-31": "23.39800"}, "EBITDA Margin": {"2019-12-31": "35.06900", "2018-12-31": "35.19210", "2017-12-31": "35.72190", "2016-12-31": "36.75010", "2015-12-31": "34.94240", "2014-12-31": "38.04240", "2013-12-31": "37.03090", "2012-12-31": "42.05690", "2011-12-31": "46.30870", "2010-12-31": "37.98970", "2009-12-31": "52.81260", "2008-12-31": "48.53340", "2007-12-31": "46.78630", "2006-12-31": "37.66690", "2005-12-31": "39.86310"}, "Pre-Tax Profit Margin": {"2019-12-31": "11.31840", "2018-12-31": "8.12430", "2017-12-31": "9.72640", "2016-12-31": "11.08790", "2015-12-31": "8.16630", "2014-12-31": "11.45560", "2013-12-31": "8.16890", "2012-12-31": "10.99610", "2011-12-31": "15.84710", "2010-12-31": "2.02570", "2009-12-31": "19.14470", "2008-12-31": "10.08350", "2007-12-31": "17.30210", "2006-12-31": "15.33540", "2005-12-31": "14.52740"}, "Net Profit Margin": {"2019-12-31": "11.21470", "2018-12-31": "8.09460", "2017-12-31": "9.38400", "2016-12-31": "9.88890", "2015-12-31": "7.58380", "2014-12-31": "10.16640", "2013-12-31": "6.45790", "2012-12-31": "8.00270", "2011-12-31": "13.26580", "2010-12-31": "-0.78570", "2009-12-31": "15.76240", "2008-12-31": "7.54820", "2007-12-31": "23.07360", "2006-12-31": "15.77630", "2005-12-31": "14.94440"}, "Asset Turnover": {"2019-12-31": "0.25640", "2018-12-31": "0.31970", "2017-12-31": "0.30380", "2016-12-31": "0.30860", "2015-12-31": "0.30050", "2014-12-31": "0.29020", "2013-12-31": "0.26210", "2012-12-31": "0.23010", "2011-12-31": "0.23580", "2010-12-31": "0.20910", "2009-12-31": "0.18690", "2008-12-31": "0.22460", "2007-12-31": "0.22630", "2006-12-31": "0.25850", "2005-12-31": "0.26260"}, "Inventory Turnover Ratio": {"2019-12-31": "", "2018-12-31": "", "2017-12-31": "", "2016-12-31": "", "2015-12-31": "", "2014-12-31": "", "2013-12-31": "", "2012-12-31": "", "2011-12-31": "", "2010-12-31": "", "2009-12-31": "", "2008-12-31": "", "2007-12-31": "", "2006-12-31": "", "2005-12-31": ""}, "Receiveable Turnover": {"2019-12-31": "", "2018-12-31": "", "2017-12-31": "", "2016-12-31": "", "2015-12-31": "", "2014-12-31": "", "2013-12-31": "", "2012-12-31": "", "2011-12-31": "", "2010-12-31": "", "2009-12-31": "", "2008-12-31": "", "2007-12-31": "", "2006-12-31": "", "2005-12-31": ""}, "Days Sales In Receivables": {"2019-12-31": "", "2018-12-31": "", "2017-12-31": "", "2016-12-31": "", "2015-12-31": "", "2014-12-31": "", "2013-12-31": "", "2012-12-31": "", "2011-12-31": "", "2010-12-31": "", "2009-12-31": "", "2008-12-31": "", "2007-12-31": "", "2006-12-31": "", "2005-12-31": ""}, "ROE - Return On Equity": {"2019-12-31": "10.36560", "2018-12-31": "7.15070", "2017-12-31": "7.80800", "2016-12-31": "7.83040", "2015-12-31": "6.57270", "2014-12-31": "7.27610", "2013-12-31": "4.74490", "2012-12-31": "6.62890", "2011-12-31": "7.90480", "2010-12-31": "0.86440", "2009-12-31": "7.15600", "2008-12-31": "5.55490", "2007-12-31": "9.19020", "2006-12-31": "6.61950", "2005-12-31": "6.70250"}, "Return On Tangible Equity": {"2019-12-31": "10.36560", "2018-12-31": "7.15070", "2017-12-31": "7.80800", "2016-12-31": "7.12950", "2015-12-31": "5.91800", "2014-12-31": "6.59450", "2013-12-31": "4.31440", "2012-12-31": "5.55720", "2011-12-31": "6.80310", "2010-12-31": "0.74650", "2009-12-31": "6.25310", "2008-12-31": "4.73040", "2007-12-31": "7.90340", "2006-12-31": "6.39420", "2005-12-31": "6.40160"}, "ROA - Return On Assets": {"2019-12-31": "2.87530", "2018-12-31": "2.58790", "2017-12-31": "3.00880", "2016-12-31": "3.36300", "2015-12-31": "2.60240", "2014-12-31": "3.29600", "2013-12-31": "2.23170", "2012-12-31": "2.69580", "2011-12-31": "3.70970", "2010-12-31": "0.41120", "2009-12-31": "3.48460", "2008-12-31": "2.23110", "2007-12-31": "3.87770", "2006-12-31": "3.95460", "2005-12-31": "3.81360"}, "ROI - Return On Investment": {"2019-12-31": "3.03150", "2018-12-31": "2.74350", "2017-12-31": "3.18430", "2016-12-31": "3.54530", "2015-12-31": "2.73410", "2014-12-31": "3.38300", "2013-12-31": "2.29980", "2012-12-31": "2.78440", "2011-12-31": "3.87470", "2010-12-31": "0.42950", "2009-12-31": "3.65800", "2008-12-31": "2.36040", "2007-12-31": "4.10420", "2006-12-31": "4.29080", "2005-12-31": "4.21830"}, "Book Value Per Share": {"2019-12-31": "15.22750", "2018-12-31": "15.79540", "2017-12-31": "16.76570", "2016-12-31": "19.05050", "2015-12-31": "18.55580", "2014-12-31": "19.94500", "2013-12-31": "20.63320", "2012-12-31": "22.11150", "2011-12-31": "22.66240", "2010-12-31": "23.17040", "2009-12-31": "25.06020", "2008-12-31": "27.96440", "2007-12-31": "29.67670", "2006-12-31": "28.36610", "2005-12-31": "25.79850"}, "Operating Cash Flow Per Share": {"2019-12-31": 0.1246, "2018-12-31": -0.194, "2017-12-31": -0.0632, "2016-12-31": 0.3756, "2015-12-31": 0.4337, "2014-12-31": 0.2381, "2013-12-31": -0.1029, "2012-12-31": 0.0709, "2011-12-31": 0.1091, "2010-12-31": -0.1976, "2009-12-31": -1.0319, "2008-12-31": -0.1732, "2007-12-31": 0.4639, "2006-12-31": 0.2375, "2005-12-31": 3.4682}, "Free Cash Flow Per Share": {"2019-12-31": -10.4422, "2018-12-31": 2.1935, "2017-12-31": -1.4545, "2016-12-31": 1.6647, "2015-12-31": -1.8711, "2014-12-31": 2.1183, "2013-12-31": 0.978, "2012-12-31": -4.2557, "2011-12-31": -0.3391, "2010-12-31": -0.2551, "2009-12-31": 0.1514, "2008-12-31": 26.8815, "2007-12-31": -23.3967, "2006-12-31": 2.1562, "2005-12-31": -2.8279}}, "financial ratios, quarterly": {"Current Ratio": {"2020-09-30": "", "2020-06-30": "", "2020-03-31": "", "2019-12-31": "", "2019-09-30": "", "2019-06-30": "", "2019-03-31": "", "2018-12-31": "", "2018-09-30": "", "2018-06-30": "", "2018-03-31": "", "2017-12-31": "", "2017-09-30": "", "2017-06-30": "", "2017-03-31": "", "2016-12-31": "", "2016-09-30": "", "2016-06-30": "", "2016-03-31": "", "2015-12-31": "", "2015-09-30": "", "2015-06-30": "", "2015-03-31": "", "2014-12-31": "", "2014-09-30": "", "2014-06-30": "", "2014-03-31": "", "2013-12-31": "", "2013-09-30": "", "2013-06-30": "", "2013-03-31": "", "2012-12-31": "", "2012-09-30": "", "2012-06-30": "", "2012-03-31": "", "2011-12-31": "", "2011-09-30": "", "2011-06-30": "", "2011-03-31": "", "2010-12-31": "", "2010-09-30": "", "2010-06-30": "", "2010-03-31": "", "2009-12-31": "", "2009-09-30": "", "2009-06-30": "", "2009-03-31": "", "2008-12-31": "", "2008-09-30": "", "2008-06-30": "", "2008-03-31": "", "2007-12-31": "", "2007-09-30": "", "2007-06-30": "", "2007-03-31": "", "2006-12-31": "", "2006-09-30": "", "2006-06-30": "", "2006-03-31": "", "2005-12-31": "", "2005-09-30": "", "2005-06-30": "", "2005-03-31": ""}, "Long-term Debt / Capital": {"2020-09-30": "0.73480", "2020-06-30": "0.72430", "2020-03-31": "0.72060", "2019-12-31": "0.70750", "2019-09-30": "0.71270", "2019-06-30": "0.60620", "2019-03-31": "0.60200", "2018-12-31": "0.61630", "2018-09-30": "0.59700", "2018-06-30": "0.59840", "2018-03-31": "0.59720", "2017-12-31": "0.59220", "2017-09-30": "0.59040", "2017-06-30": "0.58000", "2017-03-31": "0.56740", "2016-12-31": "0.50270", "2016-09-30": "0.49760", "2016-06-30": "0.55610", "2016-03-31": "0.55530", "2015-12-31": "0.53800", "2015-09-30": "0.52400", "2015-06-30": "0.51060", "2015-03-31": "0.49480", "2014-12-31": "0.48700", "2014-09-30": "0.48570", "2014-06-30": "0.48020", "2014-03-31": "0.47480", "2013-12-31": "0.46690", "2013-09-30": "0.50320", "2013-06-30": "0.47590", "2013-03-31": "0.43760", "2012-12-31": "0.49900", "2012-09-30": "0.46400", "2012-06-30": "0.42730", "2012-03-31": "0.43560", "2011-12-31": "0.43050", "2011-09-30": "0.42440", "2011-06-30": "0.42710", "2011-03-31": "0.42780", "2010-12-31": "0.42470", "2010-09-30": "0.40930", "2010-06-30": "0.40430", "2010-03-31": "0.41700", "2009-12-31": "0.41500", "2009-09-30": "0.41680", "2009-06-30": "0.45670", "2009-03-31": "0.50630", "2008-12-31": "0.50100", "2008-09-30": "0.50480", "2008-06-30": "0.50050", "2008-03-31": "0.49130", "2007-12-31": "0.48070", "2007-09-30": "0.47900", "2007-06-30": "0.50190", "2007-03-31": "0.43300", "2006-12-31": "0.32900", "2006-09-30": "0.39000", "2006-06-30": "0.41390", "2006-03-31": "0.39670", "2005-12-31": "0.34110", "2005-09-30": "0.33390", "2005-06-30": "0.32930", "2005-03-31": "0.39110"}, "Debt/Equity Ratio": {"2020-09-30": "2.77070", "2020-06-30": "2.62710", "2020-03-31": "2.57970", "2019-12-31": "2.41930", "2019-09-30": "2.48090", "2019-06-30": "1.53900", "2019-03-31": "1.51240", "2018-12-31": "1.60640", "2018-09-30": "1.48120", "2018-06-30": "1.48990", "2018-03-31": "1.48280", "2017-12-31": "1.45210", "2017-09-30": "1.44140", "2017-06-30": "1.38080", "2017-03-31": "1.31150", "2016-12-31": "1.01100", "2016-09-30": "0.99040", "2016-06-30": "1.25290", "2016-03-31": "1.24880", "2015-12-31": "1.16450", "2015-09-30": "1.10090", "2015-06-30": "1.04350", "2015-03-31": "0.97950", "2014-12-31": "0.94930", "2014-09-30": "0.94440", "2014-06-30": "0.92370", "2014-03-31": "0.90420", "2013-12-31": "0.87600", "2013-09-30": "1.01300", "2013-06-30": "0.90790", "2013-03-31": "0.77810", "2012-12-31": "0.99580", "2012-09-30": "0.86550", "2012-06-30": "0.74610", "2012-03-31": "0.77190", "2011-12-31": "0.75580", "2011-09-30": "0.73730", "2011-06-30": "0.74550", "2011-03-31": "0.74770", "2010-12-31": "0.73810", "2010-09-30": "0.69290", "2010-06-30": "0.67870", "2010-03-31": "0.71530", "2009-12-31": "0.70940", "2009-09-30": "0.71450", "2009-06-30": "0.84050", "2009-03-31": "1.02560", "2008-12-31": "1.00400", "2008-09-30": "1.01930", "2008-06-30": "1.00200", "2008-03-31": "0.96570", "2007-12-31": "0.92570", "2007-09-30": "0.91930", "2007-06-30": "1.00760", "2007-03-31": "0.76380", "2006-12-31": "0.49020", "2006-09-30": "0.63920", "2006-06-30": "0.70630", "2006-03-31": "0.65760", "2005-12-31": "0.51760", "2005-09-30": "0.50130", "2005-06-30": "0.49100", "2005-03-31": "0.64230"}, "Gross Margin": {"2020-09-30": "", "2020-06-30": "", "2020-03-31": "", "2019-12-31": "", "2019-09-30": "", "2019-06-30": "", "2019-03-31": "", "2018-12-31": "", "2018-09-30": "", "2018-06-30": "", "2018-03-31": "", "2017-12-31": "", "2017-09-30": "", "2017-06-30": "", "2017-03-31": "", "2016-12-31": "", "2016-09-30": "", "2016-06-30": "", "2016-03-31": "", "2015-12-31": "", "2015-09-30": "", "2015-06-30": "", "2015-03-31": "", "2014-12-31": "", "2014-09-30": "", "2014-06-30": "", "2014-03-31": "", "2013-12-31": "", "2013-09-30": "", "2013-06-30": "", "2013-03-31": "", "2012-12-31": "", "2012-09-30": "", "2012-06-30": "", "2012-03-31": "", "2011-12-31": "", "2011-09-30": "", "2011-06-30": "", "2011-03-31": "", "2010-12-31": "", "2010-09-30": "", "2010-06-30": "", "2010-03-31": "", "2009-12-31": "", "2009-09-30": "", "2009-06-30": "", "2009-03-31": "", "2008-12-31": "", "2008-09-30": "", "2008-06-30": "", "2008-03-31": "", "2007-12-31": "", "2007-09-30": "", "2007-06-30": "", "2007-03-31": "", "2006-12-31": "", "2006-09-30": "", "2006-06-30": "", "2006-03-31": "", "2005-12-31": "", "2005-09-30": "", "2005-06-30": "", "2005-03-31": ""}, "Operating Margin": {"2020-09-30": "-9.02480", "2020-06-30": "-1.31430", "2020-03-31": "10.37240", "2019-12-31": "9.72630", "2019-09-30": "17.43100", "2019-06-30": "19.23740", "2019-03-31": "17.94280", "2018-12-31": "8.19720", "2018-09-30": "20.18180", "2018-06-30": "20.43710", "2018-03-31": "19.35180", "2017-12-31": "13.45210", "2017-09-30": "21.24440", "2017-06-30": "18.49830", "2017-03-31": "16.39000", "2016-12-31": "20.94170", "2016-09-30": "17.19730", "2016-06-30": "18.01080", "2016-03-31": "19.80670", "2015-12-31": "11.07690", "2015-09-30": "19.21130", "2015-06-30": "21.41220", "2015-03-31": "17.73610", "2014-12-31": "21.53170", "2014-09-30": "18.19210", "2014-06-30": "19.70150", "2014-03-31": "18.72420", "2013-12-31": "18.15110", "2013-09-30": "16.09220", "2013-06-30": "18.01460", "2013-03-31": "17.80620", "2012-12-31": "18.20330", "2012-09-30": "20.75810", "2012-06-30": "21.47780", "2012-03-31": "25.73320", "2011-12-31": "24.47690", "2011-09-30": "25.61310", "2011-06-30": "27.13400", "2011-03-31": "30.72980", "2010-12-31": "-29.06070", "2010-09-30": "30.05640", "2010-06-30": "28.99420", "2010-03-31": "30.92740", "2009-12-31": "29.41440", "2009-09-30": "27.36900", "2009-06-30": "27.35980", "2009-03-31": "28.08880", "2008-12-31": "32.70370", "2008-09-30": "24.74770", "2008-06-30": "27.19560", "2008-03-31": "29.17110", "2007-12-31": "37.75310", "2007-09-30": "27.30460", "2007-06-30": "25.69810", "2007-03-31": "24.58060", "2006-12-31": "29.78890", "2006-09-30": "20.48510", "2006-06-30": "20.77130", "2006-03-31": "22.61890", "2005-12-31": "26.99830", "2005-09-30": "21.03910", "2005-06-30": "21.69010", "2005-03-31": "24.41810"}, "EBIT Margin": {"2020-09-30": "-9.02480", "2020-06-30": "-1.31430", "2020-03-31": "10.37240", "2019-12-31": "9.72630", "2019-09-30": "17.43100", "2019-06-30": "19.23740", "2019-03-31": "17.94280", "2018-12-31": "8.19720", "2018-09-30": "20.18180", "2018-06-30": "20.43710", "2018-03-31": "19.35180", "2017-12-31": "13.45210", "2017-09-30": "21.24440", "2017-06-30": "18.49830", "2017-03-31": "16.39000", "2016-12-31": "20.94170", "2016-09-30": "17.19730", "2016-06-30": "18.01080", "2016-03-31": "19.80670", "2015-12-31": "11.07700", "2015-09-30": "19.21130", "2015-06-30": "21.41220", "2015-03-31": "17.73610", "2014-12-31": "21.53170", "2014-09-30": "18.19210", "2014-06-30": "19.70150", "2014-03-31": "18.72420", "2013-12-31": "18.15110", "2013-09-30": "16.09220", "2013-06-30": "18.01460", "2013-03-31": "17.80620", "2012-12-31": "18.20330", "2012-09-30": "20.75810", "2012-06-30": "21.47780", "2012-03-31": "25.73320", "2011-12-31": "24.47680", "2011-09-30": "25.61310", "2011-06-30": "27.13400", "2011-03-31": "30.72980", "2010-12-31": "-29.06070", "2010-09-30": "30.05640", "2010-06-30": "28.99420", "2010-03-31": "30.92740", "2009-12-31": "29.41440", "2009-09-30": "27.36900", "2009-06-30": "27.35980", "2009-03-31": "28.08880", "2008-12-31": "32.70370", "2008-09-30": "24.74770", "2008-06-30": "27.19560", "2008-03-31": "29.17110", "2007-12-31": "37.75310", "2007-09-30": "27.30460", "2007-06-30": "25.69810", "2007-03-31": "24.58060", "2006-12-31": "29.78890", "2006-09-30": "20.48510", "2006-06-30": "20.77130", "2006-03-31": "22.61890", "2005-12-31": "26.99830", "2005-09-30": "21.03910", "2005-06-30": "21.69010", "2005-03-31": "24.41810"}, "EBITDA Margin": {"2020-09-30": "", "2020-06-30": "", "2020-03-31": "", "2019-12-31": "", "2019-09-30": "", "2019-06-30": "", "2019-03-31": "", "2018-12-31": "", "2018-09-30": "", "2018-06-30": "", "2018-03-31": "", "2017-12-31": "", "2017-09-30": "", "2017-06-30": "", "2017-03-31": "", "2016-12-31": "", "2016-09-30": "", "2016-06-30": "", "2016-03-31": "", "2015-12-31": "", "2015-09-30": "", "2015-06-30": "", "2015-03-31": "", "2014-12-31": "", "2014-09-30": "", "2014-06-30": "", "2014-03-31": "", "2013-12-31": "", "2013-09-30": "", "2013-06-30": "", "2013-03-31": "", "2012-12-31": "", "2012-09-30": "", "2012-06-30": "", "2012-03-31": "", "2011-12-31": "", "2011-09-30": "", "2011-06-30": "", "2011-03-31": "", "2010-12-31": "", "2010-09-30": "", "2010-06-30": "", "2010-03-31": "", "2009-12-31": "", "2009-09-30": "", "2009-06-30": "", "2009-03-31": "", "2008-12-31": "", "2008-09-30": "", "2008-06-30": "", "2008-03-31": "", "2007-12-31": "", "2007-09-30": "", "2007-06-30": "", "2007-03-31": "", "2006-12-31": "", "2006-09-30": "", "2006-06-30": "", "2006-03-31": "", "2005-12-31": "", "2005-09-30": "", "2005-06-30": "", "2005-03-31": ""}, "Pre-Tax Profit Margin": {"2020-09-30": "-34.25660", "2020-06-30": "-8.59360", "2020-03-31": "-6.73660", "2019-12-31": "-2.26230", "2019-09-30": "6.74560", "2019-06-30": "1.37450", "2019-03-31": "43.13940", "2018-12-31": "-19.83450", "2018-09-30": "19.39410", "2018-06-30": "16.02300", "2018-03-31": "15.25310", "2017-12-31": "4.93810", "2017-09-30": "14.94420", "2017-06-30": "10.70990", "2017-03-31": "7.65430", "2016-12-31": "13.28940", "2016-09-30": "9.70480", "2016-06-30": "10.57680", "2016-03-31": "11.04130", "2015-12-31": "-4.13380", "2015-09-30": "12.05800", "2015-06-30": "14.34690", "2015-03-31": "9.59790", "2014-12-31": "13.31610", "2014-09-30": "10.70360", "2014-06-30": "11.97500", "2014-03-31": "9.70530", "2013-12-31": "8.34270", "2013-09-30": "6.88280", "2013-06-30": "9.53720", "2013-03-31": "7.88450", "2012-12-31": "4.16280", "2012-09-30": "13.48060", "2012-06-30": "11.98220", "2012-03-31": "14.45960", "2011-12-31": "12.97710", "2011-09-30": "15.10940", "2011-06-30": "16.53170", "2011-03-31": "18.93020", "2010-12-31": "-35.37160", "2010-09-30": "18.17580", "2010-06-30": "8.42630", "2010-03-31": "16.45210", "2009-12-31": "14.74640", "2009-09-30": "18.39520", "2009-06-30": "19.24510", "2009-03-31": "24.16270", "2008-12-31": "18.85870", "2008-09-30": "12.28280", "2008-06-30": "-5.60840", "2008-03-31": "16.86420", "2007-12-31": "23.38350", "2007-09-30": "15.92650", "2007-06-30": "15.57200", "2007-03-31": "14.03420", "2006-12-31": "21.45240", "2006-09-30": "12.63930", "2006-06-30": "12.99680", "2006-03-31": "14.69780", "2005-12-31": "18.80220", "2005-09-30": "13.79650", "2005-06-30": "10.27650", "2005-03-31": "15.88190"}, "Net Profit Margin": {"2020-09-30": "-34.61850", "2020-06-30": "-17.37650", "2020-03-31": "-6.95570", "2019-12-31": "-2.56380", "2019-09-30": "6.68150", "2019-06-30": "1.43830", "2019-03-31": "43.01460", "2018-12-31": "-19.76400", "2018-09-30": "19.41450", "2018-06-30": "15.89820", "2018-03-31": "15.17230", "2017-12-31": "5.89470", "2017-09-30": "14.84240", "2017-06-30": "10.63770", "2017-03-31": "5.28920", "2016-12-31": "12.10570", "2016-09-30": "8.58230", "2016-06-30": "9.24860", "2016-03-31": "9.88890", "2015-12-31": "-5.27550", "2015-09-30": "10.94370", "2015-06-30": "15.37870", "2015-03-31": "8.36140", "2014-12-31": "11.92870", "2014-09-30": "9.57950", "2014-06-30": "10.78760", "2014-03-31": "8.21410", "2013-12-31": "7.16910", "2013-09-30": "4.06060", "2013-06-30": "9.03570", "2013-03-31": "5.47560", "2012-12-31": "5.75030", "2012-09-30": "8.93150", "2012-06-30": "7.85700", "2012-03-31": "9.56010", "2011-12-31": "10.39310", "2011-09-30": "12.57060", "2011-06-30": "14.07640", "2011-03-31": "16.16330", "2010-12-31": "-37.50160", "2010-09-30": "15.20710", "2010-06-30": "5.57380", "2010-03-31": "13.14210", "2009-12-31": "10.15180", "2009-09-30": "15.42830", "2009-06-30": "16.30720", "2009-03-31": "21.07900", "2008-12-31": "16.02030", "2008-09-30": "9.75130", "2008-06-30": "-7.95340", "2008-03-31": "14.38970", "2007-12-31": "20.93000", "2007-09-30": "42.59220", "2007-06-30": "14.02650", "2007-03-31": "13.42180", "2006-12-31": "24.38000", "2006-09-30": "13.06890", "2006-06-30": "12.29360", "2006-03-31": "13.89940", "2005-12-31": "23.43670", "2005-09-30": "12.93310", "2005-06-30": "9.39880", "2005-03-31": "14.82290"}, "Asset Turnover": {"2020-09-30": "0.03370", "2020-06-30": "0.02420", "2020-03-31": "0.05380", "2019-12-31": "0.06430", "2019-09-30": "0.06300", "2019-06-30": "0.08510", "2019-03-31": "0.07230", "2018-12-31": "0.07670", "2018-09-30": "0.08320", "2018-06-30": "0.08470", "2018-03-31": "0.07420", "2017-12-31": "0.07480", "2017-09-30": "0.08080", "2017-06-30": "0.08180", "2017-03-31": "0.07200", "2016-12-31": "0.07220", "2016-09-30": "0.08250", "2016-06-30": "0.08330", "2016-03-31": "0.07260", "2015-12-31": "0.07310", "2015-09-30": "0.07880", "2015-06-30": "0.07920", "2015-03-31": "0.07220", "2014-12-31": "0.07200", "2014-09-30": "0.07670", "2014-06-30": "0.07550", "2014-03-31": "0.06640", "2013-12-31": "0.06450", "2013-09-30": "0.06990", "2013-06-30": "0.06830", "2013-03-31": "0.06260", "2012-12-31": "0.05720", "2012-09-30": "0.06140", "2012-06-30": "0.06400", "2012-03-31": "0.05500", "2011-12-31": "0.05760", "2011-09-30": "0.06240", "2011-06-30": "0.06100", "2011-03-31": "0.05460", "2010-12-31": "0.05160", "2010-09-30": "0.05280", "2010-06-30": "0.05300", "2010-03-31": "0.04620", "2009-12-31": "0.04530", "2009-09-30": "0.04790", "2009-06-30": "0.04840", "2009-03-31": "0.04580", "2008-12-31": "0.05040", "2008-09-30": "0.05590", "2008-06-30": "0.06000", "2008-03-31": "0.05590", "2007-12-31": "0.05750", "2007-09-30": "0.05920", "2007-06-30": "0.05760", "2007-03-31": "0.05650", "2006-12-31": "0.06210", "2006-09-30": "0.07750", "2006-06-30": "0.07950", "2006-03-31": "0.07180", "2005-12-31": "0.06340", "2005-09-30": "0.07200", "2005-06-30": "0.07050", "2005-03-31": "0.05880"}, "Inventory Turnover Ratio": {"2020-09-30": "", "2020-06-30": "", "2020-03-31": "", "2019-12-31": "", "2019-09-30": "", "2019-06-30": "", "2019-03-31": "", "2018-12-31": "", "2018-09-30": "", "2018-06-30": "", "2018-03-31": "", "2017-12-31": "", "2017-09-30": "", "2017-06-30": "", "2017-03-31": "", "2016-12-31": "", "2016-09-30": "", "2016-06-30": "", "2016-03-31": "", "2015-12-31": "", "2015-09-30": "", "2015-06-30": "", "2015-03-31": "", "2014-12-31": "", "2014-09-30": "", "2014-06-30": "", "2014-03-31": "", "2013-12-31": "", "2013-09-30": "", "2013-06-30": "", "2013-03-31": "", "2012-12-31": "", "2012-09-30": "", "2012-06-30": "", "2012-03-31": "", "2011-12-31": "", "2011-09-30": "", "2011-06-30": "", "2011-03-31": "", "2010-12-31": "", "2010-09-30": "", "2010-06-30": "", "2010-03-31": "", "2009-12-31": "", "2009-09-30": "", "2009-06-30": "", "2009-03-31": "", "2008-12-31": "", "2008-09-30": "", "2008-06-30": "", "2008-03-31": "", "2007-12-31": "", "2007-09-30": "", "2007-06-30": "", "2007-03-31": "", "2006-12-31": "", "2006-09-30": "", "2006-06-30": "", "2006-03-31": "", "2005-12-31": "", "2005-09-30": "", "2005-06-30": "", "2005-03-31": ""}, "Receiveable Turnover": {"2020-09-30": "", "2020-06-30": "", "2020-03-31": "", "2019-12-31": "", "2019-09-30": "", "2019-06-30": "", "2019-03-31": "", "2018-12-31": "", "2018-09-30": "", "2018-06-30": "", "2018-03-31": "", "2017-12-31": "", "2017-09-30": "", "2017-06-30": "", "2017-03-31": "", "2016-12-31": "", "2016-09-30": "", "2016-06-30": "", "2016-03-31": "", "2015-12-31": "", "2015-09-30": "", "2015-06-30": "", "2015-03-31": "", "2014-12-31": "", "2014-09-30": "", "2014-06-30": "", "2014-03-31": "", "2013-12-31": "", "2013-09-30": "", "2013-06-30": "", "2013-03-31": "", "2012-12-31": "", "2012-09-30": "", "2012-06-30": "", "2012-03-31": "", "2011-12-31": "", "2011-09-30": "", "2011-06-30": "", "2011-03-31": "", "2010-12-31": "", "2010-09-30": "", "2010-06-30": "", "2010-03-31": "", "2009-12-31": "", "2009-09-30": "", "2009-06-30": "", "2009-03-31": "", "2008-12-31": "", "2008-09-30": "", "2008-06-30": "", "2008-03-31": "", "2007-12-31": "", "2007-09-30": "", "2007-06-30": "", "2007-03-31": "", "2006-12-31": "", "2006-09-30": "", "2006-06-30": "", "2006-03-31": "", "2005-12-31": "", "2005-09-30": "", "2005-06-30": "", "2005-03-31": ""}, "Days Sales In Receivables": {"2020-09-30": "", "2020-06-30": "", "2020-03-31": "", "2019-12-31": "", "2019-09-30": "", "2019-06-30": "", "2019-03-31": "", "2018-12-31": "", "2018-09-30": "", "2018-06-30": "", "2018-03-31": "", "2017-12-31": "", "2017-09-30": "", "2017-06-30": "", "2017-03-31": "", "2016-12-31": "", "2016-09-30": "", "2016-06-30": "", "2016-03-31": "", "2015-12-31": "", "2015-09-30": "", "2015-06-30": "", "2015-03-31": "", "2014-12-31": "", "2014-09-30": "", "2014-06-30": "", "2014-03-31": "", "2013-12-31": "", "2013-09-30": "", "2013-06-30": "", "2013-03-31": "", "2012-12-31": "", "2012-09-30": "", "2012-06-30": "", "2012-03-31": "", "2011-12-31": "", "2011-09-30": "", "2011-06-30": "", "2011-03-31": "", "2010-12-31": "", "2010-09-30": "", "2010-06-30": "", "2010-03-31": "", "2009-12-31": "", "2009-09-30": "", "2009-06-30": "", "2009-03-31": "", "2008-12-31": "", "2008-09-30": "", "2008-06-30": "", "2008-03-31": "", "2007-12-31": "", "2007-09-30": "", "2007-06-30": "", "2007-03-31": "", "2006-12-31": "", "2006-09-30": "", "2006-06-30": "", "2006-03-31": "", "2005-12-31": "", "2005-09-30": "", "2005-06-30": "", "2005-03-31": ""}, "ROE - Return On Equity": {"2020-09-30": "-4.57800", "2020-06-30": "-1.59220", "2020-03-31": "-1.41250", "2019-12-31": "-0.59430", "2019-09-30": "1.53600", "2019-06-30": "0.33050", "2019-03-31": "8.25070", "2018-12-31": "-4.19110", "2018-09-30": "4.19320", "2018-06-30": "3.52410", "2018-03-31": "2.91660", "2017-12-31": "1.14480", "2017-09-30": "3.07330", "2017-06-30": "2.18330", "2017-03-31": "1.32140", "2016-12-31": "2.21760", "2016-09-30": "1.80440", "2016-06-30": "2.22960", "2016-03-31": "2.06490", "2015-12-31": "-0.76990", "2015-09-30": "2.26970", "2015-06-30": "3.04620", "2015-03-31": "1.54530", "2014-12-31": "2.08570", "2014-09-30": "1.80750", "2014-06-30": "1.96430", "2014-03-31": "1.35790", "2013-12-31": "1.16690", "2013-09-30": "1.06880", "2013-06-30": "1.72160", "2013-03-31": "1.03440", "2012-12-31": "1.16200", "2012-09-30": "1.91420", "2012-06-30": "1.59890", "2012-03-31": "1.79810", "2011-12-31": "1.58640", "2011-09-30": "1.95430", "2011-06-30": "2.10670", "2011-03-31": "2.15120", "2010-12-31": "-3.76320", "2010-09-30": "1.91320", "2010-06-30": "0.88050", "2010-03-31": "1.52580", "2009-12-31": "1.22040", "2009-09-30": "1.80250", "2009-06-30": "2.07780", "2009-03-31": "2.75300", "2008-12-31": "2.34370", "2008-09-30": "1.69570", "2008-06-30": "-0.85510", "2008-03-31": "2.25100", "2007-12-31": "3.16580", "2007-09-30": "2.20770", "2007-06-30": "2.20680", "2007-03-31": "1.71860", "2006-12-31": "2.21560", "2006-09-30": "1.84750", "2006-06-30": "2.03850", "2006-03-31": "2.00990", "2005-12-31": "2.09220", "2005-09-30": "1.71980", "2005-06-30": "1.24450", "2005-03-31": "1.76180"}, "Return On Tangible Equity": {"2020-09-30": "-4.57800", "2020-06-30": "-1.59220", "2020-03-31": "-1.41250", "2019-12-31": "-0.59430", "2019-09-30": "1.53600", "2019-06-30": "0.33050", "2019-03-31": "8.25070", "2018-12-31": "-4.19110", "2018-09-30": "4.19320", "2018-06-30": "3.52410", "2018-03-31": "2.91660", "2017-12-31": "1.14480", "2017-09-30": "3.07330", "2017-06-30": "2.18330", "2017-03-31": "1.32140", "2016-12-31": "2.01910", "2016-09-30": "1.64400", "2016-06-30": "2.00610", "2016-03-31": "1.85840", "2015-12-31": "-0.69320", "2015-09-30": "2.05610", "2015-06-30": "2.76270", "2015-03-31": "1.39960", "2014-12-31": "1.89030", "2014-09-30": "1.63880", "2014-06-30": "1.78240", "2014-03-31": "1.23300", "2013-12-31": "1.06100", "2013-09-30": "0.96410", "2013-06-30": "1.47430", "2013-03-31": "0.88700", "2012-12-31": "0.97410", "2012-09-30": "1.60930", "2012-06-30": "1.28010", "2012-03-31": "1.44340", "2011-12-31": "1.36530", "2011-09-30": "1.68410", "2011-06-30": "1.81740", "2011-03-31": "1.85730", "2010-12-31": "-3.24990", "2010-09-30": "1.66570", "2010-06-30": "0.76700", "2010-03-31": "1.33180", "2009-12-31": "1.06640", "2009-09-30": "1.57320", "2009-06-30": "1.79290", "2009-03-31": "2.34130", "2008-12-31": "1.99580", "2008-09-30": "1.44400", "2008-06-30": "-0.73010", "2008-03-31": "1.93310", "2007-12-31": "2.72250", "2007-09-30": "1.89820", "2007-06-30": "1.88920", "2007-03-31": "1.47340", "2006-12-31": "2.14010", "2006-09-30": "1.76640", "2006-06-30": "1.94510", "2006-03-31": "1.91870", "2005-12-31": "1.99830", "2005-09-30": "1.64290", "2005-06-30": "1.18950", "2005-03-31": "1.67610"}, "ROA - Return On Assets": {"2020-09-30": "-1.16680", "2020-06-30": "-0.42060", "2020-03-31": "-0.37400", "2019-12-31": "-0.16490", "2019-09-30": "0.42110", "2019-06-30": "0.12240", "2019-03-31": "3.11180", "2018-12-31": "-1.51680", "2018-09-30": "1.61480", "2018-06-30": "1.34650", "2018-03-31": "1.12640", "2017-12-31": "0.44120", "2017-09-30": "1.19990", "2017-06-30": "0.87040", "2017-03-31": "0.54750", "2016-12-31": "0.95240", "2016-09-30": "0.78670", "2016-06-30": "0.84820", "2016-03-31": "0.79680", "2015-12-31": "-0.30480", "2015-09-30": "0.94210", "2015-06-30": "1.29890", "2015-03-31": "0.68930", "2014-12-31": "0.94480", "2014-09-30": "0.82120", "2014-06-30": "0.90020", "2014-03-31": "0.63260", "2013-12-31": "0.54880", "2013-09-30": "0.46710", "2013-06-30": "0.75090", "2013-03-31": "0.48600", "2012-12-31": "0.47260", "2012-09-30": "0.83120", "2012-06-30": "0.70270", "2012-03-31": "0.78400", "2011-12-31": "0.74450", "2011-09-30": "0.93000", "2011-06-30": "1.00330", "2011-03-31": "1.02630", "2010-12-31": "-1.79030", "2010-09-30": "0.94240", "2010-06-30": "0.43560", "2010-03-31": "0.74300", "2009-12-31": "0.59430", "2009-09-30": "0.87430", "2009-06-30": "0.92470", "2009-03-31": "1.09960", "2008-12-31": "0.94140", "2008-09-30": "0.67820", "2008-06-30": "-0.34520", "2008-03-31": "0.93490", "2007-12-31": "1.33570", "2007-09-30": "0.93540", "2007-06-30": "0.88470", "2007-03-31": "0.78350", "2006-12-31": "1.32360", "2006-09-30": "0.97910", "2006-06-30": "1.03350", "2006-03-31": "1.05510", "2005-12-31": "1.19040", "2005-09-30": "0.99290", "2005-06-30": "0.72460", "2005-03-31": "0.93370"}, "ROI - Return On Investment": {"2020-09-30": "-1.21410", "2020-06-30": "-0.43900", "2020-03-31": "-0.39460", "2019-12-31": "-0.17380", "2019-09-30": "0.44130", "2019-06-30": "0.13020", "2019-03-31": "3.28400", "2018-12-31": "-1.60800", "2018-09-30": "1.69000", "2018-06-30": "1.41530", "2018-03-31": "1.17470", "2017-12-31": "0.46690", "2017-09-30": "1.25880", "2017-06-30": "0.91700", "2017-03-31": "0.57160", "2016-12-31": "1.00400", "2016-09-30": "0.82600", "2016-06-30": "0.89040", "2016-03-31": "0.82640", "2015-12-31": "-0.32030", "2015-09-30": "0.97870", "2015-06-30": "1.35190", "2015-03-31": "0.70700", "2014-12-31": "0.96970", "2014-09-30": "0.84280", "2014-06-30": "0.92660", "2014-03-31": "0.64750", "2013-12-31": "0.56560", "2013-09-30": "0.47890", "2013-06-30": "0.77270", "2013-03-31": "0.49890", "2012-12-31": "0.48810", "2012-09-30": "0.86260", "2012-06-30": "0.73320", "2012-03-31": "0.81460", "2011-12-31": "0.77760", "2011-09-30": "0.96940", "2011-06-30": "1.04120", "2011-03-31": "1.06270", "2010-12-31": "-1.86980", "2010-09-30": "0.98390", "2010-06-30": "0.45690", "2010-03-31": "0.77640", "2009-12-31": "0.62380", "2009-09-30": "0.91760", "2009-06-30": "0.97420", "2009-03-31": "1.15580", "2008-12-31": "0.99590", "2008-09-30": "0.71510", "2008-06-30": "-0.36470", "2008-03-31": "0.98340", "2007-12-31": "1.41380", "2007-09-30": "0.98900", "2007-06-30": "0.94110", "2007-03-31": "0.83540", "2006-12-31": "1.43610", "2006-09-30": "1.07760", "2006-06-30": "1.14000", "2006-03-31": "1.15760", "2005-12-31": "1.31670", "2005-09-30": "1.09430", "2005-06-30": "0.79780", "2005-03-31": "1.02060"}, "Book Value Per Share": {"2020-09-30": "13.60290", "2020-06-30": "14.25120", "2020-03-31": "14.47610", "2019-12-31": "15.22750", "2019-09-30": "15.85380", "2019-06-30": "16.15910", "2019-03-31": "16.64150", "2018-12-31": "15.79540", "2018-09-30": "16.98210", "2018-06-30": "16.79610", "2018-03-31": "16.73280", "2017-12-31": "16.76570", "2017-09-30": "16.97280", "2017-06-30": "16.92320", "2017-03-31": "17.12500", "2016-12-31": "19.05050", "2016-09-30": "19.18500", "2016-06-30": "18.43830", "2016-03-31": "18.48180", "2015-12-31": "18.55580", "2015-09-30": "19.63640", "2015-06-30": "19.86760", "2015-03-31": "19.81250", "2014-12-31": "19.94500", "2014-09-30": "20.02820", "2014-06-30": "20.19550", "2014-03-31": "20.33980", "2013-12-31": "20.63320", "2013-09-30": "20.44880", "2013-06-30": "22.01330", "2013-03-31": "22.19160", "2012-12-31": "22.11150", "2012-09-30": "22.44470", "2012-06-30": "23.82520", "2012-03-31": "24.08260", "2011-12-31": "22.66240", "2011-09-30": "22.84860", "2011-06-30": "23.01690", "2011-03-31": "23.13700", "2010-12-31": "23.17040", "2010-09-30": "24.42990", "2010-06-30": "24.52400", "2010-03-31": "24.86990", "2009-12-31": "25.06020", "2009-09-30": "24.86570", "2009-06-30": "25.52090", "2009-03-31": "27.75660", "2008-12-31": "27.96440", "2008-09-30": "27.96510", "2008-06-30": "28.39200", "2008-03-31": "29.42090", "2007-12-31": "29.67670", "2007-09-30": "29.63820", "2007-06-30": "28.88610", "2007-03-31": "29.14860", "2006-12-31": "28.36610", "2006-09-30": "25.53930", "2006-06-30": "25.27560", "2006-03-31": "25.53220", "2005-12-31": "25.79850", "2005-09-30": "25.88530", "2005-06-30": "26.20260", "2005-03-31": "25.48500"}, "Operating Cash Flow Per Share": {"2020-09-30": 0.1016, "2020-06-30": -0.2933, "2020-03-31": "0.59020", "2019-12-31": 1.127, "2019-09-30": 1.1719, "2019-06-30": 1.193, "2019-03-31": "0.26690", "2018-12-31": 1.1785, "2018-09-30": 0.8521, "2018-06-30": 1.301, "2018-03-31": "0.30260", "2017-12-31": 1.1345, "2017-09-30": 0.9208, "2017-06-30": 1.4204, "2017-03-31": "0.35250", "2016-12-31": 1.6017, "2016-09-30": 0.7611, "2016-06-30": 1.2751, "2016-03-31": "0.25350", "2015-12-31": 1.0393, "2015-09-30": 0.7994, "2015-06-30": 1.0406, "2015-03-31": "0.63650", "2014-12-31": 0.9052, "2014-09-30": 0.7275, "2014-06-30": 0.9212, "2014-03-31": "0.52820", "2013-12-31": 0.9464, "2013-09-30": 0.6675, "2013-06-30": 0.8458, "2013-03-31": "0.38430", "2012-12-31": 0.8052, "2012-09-30": 0.6814, "2012-06-30": 0.9662, "2012-03-31": "0.49410", "2011-12-31": 0.8614, "2011-09-30": 0.6628, "2011-06-30": 0.8942, "2011-03-31": "0.45760", "2010-12-31": 0.8275, "2010-09-30": 0.5819, "2010-06-30": 0.8791, "2010-03-31": "0.47840", "2009-12-31": 1.0443, "2009-09-30": 0.2784, "2009-06-30": 1.0495, "2009-03-31": "0.59230", "2008-12-31": 1.2176, "2008-09-30": 0.8181, "2008-06-30": 1.3606, "2008-03-31": "0.60010", "2007-12-31": 1.4826, "2007-09-30": 0.7712, "2007-06-30": 1.0702, "2007-03-31": "0.84560", "2006-12-31": 1.0761, "2006-09-30": 0.7633, "2006-06-30": 1.1538, "2006-03-31": "0.71250", "2005-12-31": 1.13, "2005-09-30": 0.7529, "2005-06-30": 1.019, "2005-03-31": "0.56630"}, "Free Cash Flow Per Share": {"2020-09-30": 0.0719, "2020-06-30": -0.0412, "2020-03-31": "0.40500", "2019-12-31": 3.4066, "2019-09-30": -14.1486, "2019-06-30": 0.8729, "2019-03-31": "1.17040", "2018-12-31": 0.5446, "2018-09-30": 0.5591, "2018-06-30": 0.4985, "2018-03-31": "0.14130", "2017-12-31": 0.8849, "2017-09-30": -0.5501, "2017-06-30": -0.0012, "2017-03-31": "-0.78360", "2016-12-31": 0.8068, "2016-09-30": 0.543, "2016-06-30": 0.5662, "2016-03-31": "-0.91150", "2015-12-31": 0.5199, "2015-09-30": -0.4099, "2015-06-30": -0.8732, "2015-03-31": "0.10300", "2014-12-31": 0.4655, "2014-09-30": -0.0912, "2014-06-30": 0.5529, "2014-03-31": "0.28370", "2013-12-31": 0.1483, "2013-09-30": -1.4721, "2013-06-30": 0.4257, "2013-03-31": "-0.00930", "2012-12-31": -2.7252, "2012-09-30": 1.4945, "2012-06-30": 0.476, "2012-03-31": "-1.13070", "2011-12-31": 0.6693, "2011-09-30": 0.6397, "2011-06-30": 0.6037, "2011-03-31": "0.45760", "2010-12-31": 0.77, "2010-09-30": 0.5819, "2010-06-30": 0.8791, "2010-03-31": "0.47840", "2009-12-31": 1.099, "2009-09-30": 0.2237, "2009-06-30": 1.0816, "2009-03-31": "0.56020", "2008-12-31": 1.1591, "2008-09-30": 0.7604, "2008-06-30": 0.7007, "2008-03-31": "0.19290", "2007-12-31": -1.4113, "2007-09-30": 2.9034, "2007-06-30": -5.3228, "2007-03-31": "-20.23770", "2006-12-31": 1.0562, "2006-09-30": 0.8637, "2006-06-30": 0.0016, "2006-03-31": "-2.59320", "2005-12-31": 0.7576, "2005-09-30": 1.1044, "2005-06-30": 0.6697, "2005-03-31": "-5.35960"}}, "revenue": {"Service Properties Trust Annual Revenue (Millions of US $)": {"2019": "$2,316", "2018": "$2,295", "2017": "$2,172", "2016": "$2,047", "2015": "$1,922", "2014": "$1,736", "2013": "$1,564", "2012": "$1,297", "2011": "$1,210", "2010": "$1,085", "2009": "$1,037", "2008": "$1,251", "2007": "$1,285", "2006": "$1,023", "2005": "$818"}, "Service Properties Trust Quarterly Revenue (Millions of US $)": {"2020-09-30": "$296", "2020-06-30": "$215", "2020-03-31": "$484", "2019-12-31": "$581", "2019-09-30": "$600", "2019-06-30": "$611", "2019-03-31": "$525", "2018-12-31": "$551", "2018-09-30": "$603", "2018-06-30": "$612", "2018-03-31": "$529", "2017-12-31": "$535", "2017-09-30": "$578", "2017-06-30": "$571", "2017-03-31": "$489", "2016-12-31": "$479", "2016-09-30": "$544", "2016-06-30": "$550", "2016-03-31": "$474", "2015-12-31": "$467", "2015-09-30": "$512", "2015-06-30": "$507", "2015-03-31": "$436", "2014-12-31": "$431", "2014-09-30": "$460", "2014-06-30": "$452", "2014-03-31": "$394", "2013-12-31": "$385", "2013-09-30": "$412", "2013-06-30": "$412", "2013-03-31": "$354", "2012-12-31": "$322", "2012-09-30": "$330", "2012-06-30": "$343", "2012-03-31": "$301", "2011-12-31": "$296", "2011-09-30": "$319", "2011-06-30": "$314", "2011-03-31": "$282", "2010-12-31": "$268", "2010-09-30": "$281", "2010-06-30": "$282", "2010-03-31": "$254", "2009-12-31": "$251", "2009-09-30": "$264", "2009-06-30": "$267", "2009-03-31": "$254", "2008-12-31": "$281", "2008-09-30": "$313", "2008-06-30": "$339", "2008-03-31": "$319", "2007-12-31": "$327", "2007-09-30": "$334", "2007-06-30": "$334", "2007-03-31": "$291", "2006-12-31": "$246", "2006-09-30": "$265", "2006-06-30": "$272", "2006-03-31": "$240", "2005-12-31": "$197", "2005-09-30": "$222", "2005-06-30": "$218", "2005-03-31": "$181"}}, "gross-profit": {"Service Properties Trust Annual Gross Profit (Millions of US $)": {"2019": "$905", "2018": "$907", "2017": "$897", "2016": "$845", "2015": "$778", "2014": "$701", "2013": "$634", "2012": "$596", "2011": "$614", "2010": "$608", "2009": "$576", "2008": "$631", "2007": "$628", "2006": "$405", "2005": "$341"}, "Service Properties Trust Quarterly Gross Profit (Millions of US $)": {"2020-09-30": "$122", "2020-06-30": "$168", "2020-03-31": "$213", "2019-12-31": "$246", "2019-09-30": "$222", "2019-06-30": "$230", "2019-03-31": "$207", "2018-12-31": "$218", "2018-09-30": "$238", "2018-06-30": "$238", "2018-03-31": "$214", "2017-12-31": "$226", "2017-09-30": "$234", "2017-06-30": "$231", "2017-03-31": "$206", "2016-12-31": "$200", "2016-09-30": "$222", "2016-06-30": "$225", "2016-03-31": "$198", "2015-12-31": "$194", "2015-09-30": "$203", "2015-06-30": "$203", "2015-03-31": "$178", "2014-12-31": "$176", "2014-09-30": "$180", "2014-06-30": "$181", "2014-03-31": "$164", "2013-12-31": "$160", "2013-09-30": "$162", "2013-06-30": "$164", "2013-03-31": "$148", "2012-12-31": "$149", "2012-09-30": "$146", "2012-06-30": "$150", "2012-03-31": "$151", "2011-12-31": "$150", "2011-09-30": "$150", "2011-06-30": "$161", "2011-03-31": "$152", "2010-12-31": "$154", "2010-09-30": "$153", "2010-06-30": "$152", "2010-03-31": "$149", "2009-12-31": "$145", "2009-09-30": "$144", "2009-06-30": "$144", "2009-03-31": "$143", "2008-12-31": "$162", "2008-09-30": "$146", "2008-06-30": "$161", "2008-03-31": "$163", "2007-12-31": "$189", "2007-09-30": "$160", "2007-06-30": "$149", "2007-03-31": "$130", "2006-12-31": "$113", "2006-09-30": "$96", "2006-06-30": "$100", "2006-03-31": "$96", "2005-12-31": "$88", "2005-09-30": "$87", "2005-06-30": "$86", "2005-03-31": "$80"}}, "operating-income": {"Service Properties Trust Annual Operating Income (Millions of US $)": {"2019": "$373", "2018": "$394", "2017": "$380", "2016": "$387", "2015": "$336", "2014": "$339", "2013": "$274", "2012": "$278", "2011": "$326", "2010": "$167", "2009": "$291", "2008": "$354", "2007": "$372", "2006": "$238", "2005": "$191"}, "Service Properties Trust Quarterly Operating Income (Millions of US $)": {"2020-09-30": "$-27", "2020-06-30": "$-3", "2020-03-31": "$50", "2019-12-31": "$57", "2019-09-30": "$105", "2019-06-30": "$117", "2019-03-31": "$94", "2018-12-31": "$45", "2018-09-30": "$122", "2018-06-30": "$125", "2018-03-31": "$102", "2017-12-31": "$72", "2017-09-30": "$123", "2017-06-30": "$106", "2017-03-31": "$80", "2016-12-31": "$100", "2016-09-30": "$93", "2016-06-30": "$99", "2016-03-31": "$94", "2015-12-31": "$52", "2015-09-30": "$98", "2015-06-30": "$109", "2015-03-31": "$77", "2014-12-31": "$93", "2014-09-30": "$84", "2014-06-30": "$89", "2014-03-31": "$74", "2013-12-31": "$70", "2013-09-30": "$66", "2013-06-30": "$74", "2013-03-31": "$63", "2012-12-31": "$59", "2012-09-30": "$69", "2012-06-30": "$74", "2012-03-31": "$78", "2011-12-31": "$72", "2011-09-30": "$82", "2011-06-30": "$85", "2011-03-31": "$87", "2010-12-31": "$-78", "2010-09-30": "$85", "2010-06-30": "$82", "2010-03-31": "$79", "2009-12-31": "$74", "2009-09-30": "$72", "2009-06-30": "$73", "2009-03-31": "$71", "2008-12-31": "$92", "2008-09-30": "$77", "2008-06-30": "$92", "2008-03-31": "$93", "2007-12-31": "$123", "2007-09-30": "$91", "2007-06-30": "$86", "2007-03-31": "$71", "2006-12-31": "$73", "2006-09-30": "$54", "2006-06-30": "$57", "2006-03-31": "$54", "2005-12-31": "$53", "2005-09-30": "$47", "2005-06-30": "$47", "2005-03-31": "$44"}}, "ebitda": {"Service Properties Trust Annual EBITDA (Millions of US $)": {"2019": "$812", "2018": "$807", "2017": "$776", "2016": "$752", "2015": "$672", "2014": "$661", "2013": "$579", "2012": "$545", "2011": "$560", "2010": "$412", "2009": "$548", "2008": "$607", "2007": "$601", "2006": "$385", "2005": "$326"}, "Service Properties Trust Quarterly EBITDA (Millions of US $)": {"2020-09-30": "$99", "2020-06-30": "$128", "2020-03-31": "$181", "2019-12-31": "$187", "2019-09-30": "$210", "2019-06-30": "$219", "2019-03-31": "$196", "2018-12-31": "$150", "2018-09-30": "$225", "2018-06-30": "$227", "2018-03-31": "$204", "2017-12-31": "$174", "2017-09-30": "$223", "2017-06-30": "$203", "2017-03-31": "$176", "2016-12-31": "$194", "2016-09-30": "$186", "2016-06-30": "$190", "2016-03-31": "$183", "2015-12-31": "$139", "2015-09-30": "$184", "2015-06-30": "$191", "2015-03-31": "$158", "2014-12-31": "$173", "2014-09-30": "$165", "2014-06-30": "$169", "2014-03-31": "$153", "2013-12-31": "$149", "2013-09-30": "$144", "2013-06-30": "$149", "2013-03-31": "$137", "2012-12-31": "$129", "2012-09-30": "$137", "2012-06-30": "$139", "2012-03-31": "$141", "2011-12-31": "$131", "2011-09-30": "$140", "2011-06-30": "$144", "2011-03-31": "$144", "2010-12-31": "$-17", "2010-09-30": "$144", "2010-06-30": "$144", "2010-03-31": "$142", "2009-12-31": "$138", "2009-09-30": "$136", "2009-06-30": "$137", "2009-03-31": "$137", "2008-12-31": "$156", "2008-09-30": "$141", "2008-06-30": "$155", "2008-03-31": "$155", "2007-12-31": "$188", "2007-09-30": "$150", "2007-06-30": "$142", "2007-03-31": "$121", "2006-12-31": "$111", "2006-09-30": "$91", "2006-06-30": "$93", "2006-03-31": "$90", "2005-12-31": "$89", "2005-09-30": "$82", "2005-06-30": "$80", "2005-03-31": "$76"}}, "net-income": {"Service Properties Trust Annual Net Income (Millions of US $)": {"2019": "$260", "2018": "$186", "2017": "$204", "2016": "$202", "2015": "$146", "2014": "$177", "2013": "$101", "2012": "$104", "2011": "$161", "2010": "$-9", "2009": "$163", "2008": "$94", "2007": "$297", "2006": "$161", "2005": "$122"}, "Service Properties Trust Quarterly Net Income (Millions of US $)": {"2020-09-30": "$-103", "2020-06-30": "$-37", "2020-03-31": "$-34", "2019-12-31": "$-15", "2019-09-30": "$40", "2019-06-30": "$9", "2019-03-31": "$226", "2018-12-31": "$-109", "2018-09-30": "$117", "2018-06-30": "$97", "2018-03-31": "$80", "2017-12-31": "$32", "2017-09-30": "$86", "2017-06-30": "$61", "2017-03-31": "$26", "2016-12-31": "$58", "2016-09-30": "$47", "2016-06-30": "$51", "2016-03-31": "$47", "2015-12-31": "$-25", "2015-09-30": "$56", "2015-06-30": "$78", "2015-03-31": "$36", "2014-12-31": "$51", "2014-09-30": "$44", "2014-06-30": "$49", "2014-03-31": "$32", "2013-12-31": "$28", "2013-09-30": "$17", "2013-06-30": "$37", "2013-03-31": "$19", "2012-12-31": "$19", "2012-09-30": "$29", "2012-06-30": "$27", "2012-03-31": "$29", "2011-12-31": "$31", "2011-09-30": "$40", "2011-06-30": "$44", "2011-03-31": "$46", "2010-12-31": "$-100", "2010-09-30": "$43", "2010-06-30": "$16", "2010-03-31": "$33", "2009-12-31": "$26", "2009-09-30": "$41", "2009-06-30": "$44", "2009-03-31": "$54", "2008-12-31": "$45", "2008-09-30": "$30", "2008-06-30": "$-27", "2008-03-31": "$46", "2007-12-31": "$68", "2007-09-30": "$142", "2007-06-30": "$47", "2007-03-31": "$39", "2006-12-31": "$60", "2006-09-30": "$35", "2006-06-30": "$33", "2006-03-31": "$33", "2005-12-31": "$46", "2005-09-30": "$29", "2005-06-30": "$20", "2005-03-31": "$27"}}, "eps-earnings-per-share-diluted": {"Service Properties Trust Annual EPS": {"2019": "$1.58", "2018": "$1.13", "2017": "$1.24", "2016": "$1.30", "2015": "$0.97", "2014": "$1.18", "2013": "$0.73", "2012": "$0.84", "2011": "$1.30", "2010": "$-0.07", "2009": "$1.51", "2008": "$1.01", "2007": "$3.19", "2006": "$2.20", "2005": "$1.75"}, "Service Properties Trust Quarterly EPS": {"2020-09-30": "$-0.62", "2020-06-30": "$-0.23", "2020-03-31": "$-0.20", "2019-12-31": "$-0.08", "2019-09-30": "$0.24", "2019-06-30": "$0.05", "2019-03-31": "$1.37", "2018-12-31": "$-0.66", "2018-09-30": "$0.71", "2018-06-30": "$0.59", "2018-03-31": "$0.49", "2017-12-31": "$0.19", "2017-09-30": "$0.52", "2017-06-30": "$0.37", "2017-03-31": "$0.16", "2016-12-31": "$0.35", "2016-09-30": "$0.30", "2016-06-30": "$0.34", "2016-03-31": "$0.31", "2015-12-31": "$-0.16", "2015-09-30": "$0.37", "2015-06-30": "$0.52", "2015-03-31": "$0.24", "2014-12-31": "$0.34", "2014-09-30": "$0.29", "2014-06-30": "$0.33", "2014-03-31": "$0.22", "2013-12-31": "$0.19", "2013-09-30": "$0.12", "2013-06-30": "$0.27", "2013-03-31": "$0.15", "2012-12-31": "$0.15", "2012-09-30": "$0.24", "2012-06-30": "$0.22", "2012-03-31": "$0.23", "2011-12-31": "$0.25", "2011-09-30": "$0.32", "2011-06-30": "$0.36", "2011-03-31": "$0.37", "2010-12-31": "$-0.82", "2010-09-30": "$0.35", "2010-06-30": "$0.13", "2010-03-31": "$0.27", "2009-12-31": "$0.14", "2009-09-30": "$0.34", "2009-06-30": "$0.46", "2009-03-31": "$0.57", "2008-12-31": "$0.49", "2008-09-30": "$0.32", "2008-06-30": "$-0.29", "2008-03-31": "$0.49", "2007-12-31": "$0.74", "2007-09-30": "$1.52", "2007-06-30": "$0.50", "2007-03-31": "$0.43", "2006-12-31": "$0.80", "2006-09-30": "$0.47", "2006-06-30": "$0.47", "2006-03-31": "$0.46", "2005-12-31": "$0.65", "2005-09-30": "$0.40", "2005-06-30": "$0.30", "2005-03-31": "$0.40"}}, "shares-outstanding": {"Service Properties Trust Annual Shares Outstanding (Millions of Shares)": {"2019": "164", "2018": "164", "2017": "164", "2016": "156", "2015": "151", "2014": "150", "2013": "138", "2012": "123", "2011": "123", "2010": "123", "2009": "108", "2008": "94", "2007": "93", "2006": "73", "2005": "70"}, "Service Properties Trust Quarterly Shares Outstanding (Millions of Shares)": {"2020-09-30": "164", "2020-06-30": "164", "2020-03-31": "164", "2019-12-31": "164", "2019-09-30": "164", "2019-06-30": "164", "2019-03-31": "164", "2018-12-31": "164", "2018-09-30": "164", "2018-06-30": "164", "2018-03-31": "164", "2017-12-31": "164", "2017-09-30": "164", "2017-06-30": "164", "2017-03-31": "164", "2016-12-31": "156", "2016-09-30": "157", "2016-06-30": "151", "2016-03-31": "151", "2015-12-31": "151", "2015-09-30": "151", "2015-06-30": "150", "2015-03-31": "151", "2014-12-31": "150", "2014-09-30": "150", "2014-06-30": "150", "2014-03-31": "150", "2013-12-31": "138", "2013-09-30": "140", "2013-06-30": "140", "2013-03-31": "125", "2012-12-31": "123", "2012-09-30": "124", "2012-06-30": "124", "2012-03-31": "124", "2011-12-31": "123", "2011-09-30": "123", "2011-06-30": "123", "2011-03-31": "123", "2010-12-31": "123", "2010-09-30": "123", "2010-06-30": "123", "2010-03-31": "123", "2009-12-31": "108", "2009-09-30": "119", "2009-06-30": "95", "2009-03-31": "94", "2008-12-31": "94", "2008-09-30": "94", "2008-06-30": "94", "2008-03-31": "94", "2007-12-31": "93", "2007-09-30": "94", "2007-06-30": "94", "2007-03-31": "91", "2006-12-31": "73", "2006-09-30": "74", "2006-06-30": "72", "2006-03-31": "72", "2005-12-31": "70", "2005-09-30": "72", "2005-06-30": "68", "2005-03-31": "67"}}, "total-assets": {"Service Properties Trust Annual Total Assets (Millions of US $)": {"2019": "$9,034", "2018": "$7,177", "2017": "$7,150", "2016": "$6,634", "2015": "$6,395", "2014": "$5,983", "2013": "$5,968", "2012": "$5,635", "2011": "$5,134", "2010": "$5,192", "2009": "$5,548", "2008": "$5,573", "2007": "$5,679", "2006": "$3,957", "2005": "$3,115"}, "Service Properties Trust Quarterly Total Assets (Millions of US $)": {"2020-09-30": "$8,797", "2020-06-30": "$8,880", "2020-03-31": "$8,997", "2019-12-31": "$9,034", "2019-09-30": "$9,516", "2019-06-30": "$7,178", "2019-03-31": "$7,256", "2018-12-31": "$7,177", "2018-09-30": "$7,252", "2018-06-30": "$7,225", "2018-03-31": "$7,121", "2017-12-31": "$7,150", "2017-09-30": "$7,144", "2017-06-30": "$6,973", "2017-03-31": "$6,789", "2016-12-31": "$6,634", "2016-09-30": "$6,586", "2016-06-30": "$6,609", "2016-03-31": "$6,532", "2015-12-31": "$6,395", "2015-09-30": "$6,495", "2015-06-30": "$6,401", "2015-03-31": "$6,032", "2014-12-31": "$5,983", "2014-09-30": "$5,991", "2014-06-30": "$5,989", "2014-03-31": "$5,936", "2013-12-31": "$5,968", "2013-09-30": "$5,902", "2013-06-30": "$6,040", "2013-03-31": "$5,659", "2012-12-31": "$5,635", "2012-09-30": "$5,373", "2012-06-30": "$5,363", "2012-03-31": "$5,478", "2011-12-31": "$5,134", "2011-09-30": "$5,111", "2011-06-30": "$5,148", "2011-03-31": "$5,169", "2010-12-31": "$5,192", "2010-09-30": "$5,330", "2010-06-30": "$5,328", "2010-03-31": "$5,500", "2009-12-31": "$5,548", "2009-09-30": "$5,520", "2009-06-30": "$5,518", "2009-03-31": "$5,555", "2008-12-31": "$5,573", "2008-09-30": "$5,596", "2008-06-30": "$5,642", "2008-03-31": "$5,712", "2007-12-31": "$5,679", "2007-09-30": "$5,647", "2007-06-30": "$5,790", "2007-03-31": "$5,145", "2006-12-31": "$3,957", "2006-09-30": "$3,423", "2006-06-30": "$3,423", "2006-03-31": "$3,339", "2005-12-31": "$3,115", "2005-09-30": "$3,080", "2005-06-30": "$3,093", "2005-03-31": "$3,075"}}, "cash-on-hand": {"Service Properties Trust Annual Cash on Hand (Millions of US $)": {"2019": "$81", "2018": "$76", "2017": "$97", "2016": "$71", "2015": "$65", "2014": "$46", "2013": "$53", "2012": "$61", "2011": "$58", "2010": "$86", "2009": "$155", "2008": "$54", "2007": "$52", "2006": "$581", "2005": "$48"}, "Service Properties Trust Quarterly Cash on Hand (Millions of US $)": {"2020-09-30": "$86", "2020-06-30": "$50", "2020-03-31": "$100", "2019-12-31": "$81", "2019-09-30": "$71", "2019-06-30": "$53", "2019-03-31": "$99", "2018-12-31": "$76", "2018-09-30": "$85", "2018-06-30": "$90", "2018-03-31": "$76", "2017-12-31": "$97", "2017-09-30": "$88", "2017-06-30": "$109", "2017-03-31": "$80", "2016-12-31": "$71", "2016-09-30": "$70", "2016-06-30": "$82", "2016-03-31": "$72", "2015-12-31": "$65", "2015-09-30": "$52", "2015-06-30": "$58", "2015-03-31": "$52", "2014-12-31": "$46", "2014-09-30": "$50", "2014-06-30": "$45", "2014-03-31": "$61", "2013-12-31": "$53", "2013-09-30": "$47", "2013-06-30": "$236", "2013-03-31": "$56", "2012-12-31": "$61", "2012-09-30": "$56", "2012-06-30": "$72", "2012-03-31": "$208", "2011-12-31": "$58", "2011-09-30": "$48", "2011-06-30": "$55", "2011-03-31": "$76", "2010-12-31": "$86", "2010-09-30": "$72", "2010-06-30": "$45", "2010-03-31": "$151", "2009-12-31": "$155", "2009-09-30": "$78", "2009-06-30": "$31", "2009-03-31": "$37", "2008-12-31": "$54", "2008-09-30": "$47", "2008-06-30": "$50", "2008-03-31": "$75", "2007-12-31": "$52", "2007-09-30": "$29", "2007-06-30": "$42", "2007-03-31": "$60", "2006-12-31": "$581", "2006-09-30": "$47", "2006-06-30": "$47", "2006-03-31": "$40", "2005-12-31": "$48", "2005-09-30": "$52", "2005-06-30": "$47", "2005-03-31": "$43"}}, "long-term-debt": {"Service Properties Trust Annual Long Term Debt (Millions of US $)": {"2019": "$6,063", "2018": "$4,173", "2017": "$4,001", "2016": "$3,164", "2015": "$3,275", "2014": "$2,839", "2013": "$2,704", "2012": "$2,722", "2011": "$2,116", "2010": "$2,111", "2009": "$2,194", "2008": "$2,639", "2007": "$2,579", "2006": "$1,200", "2005": "$960"}, "Service Properties Trust Quarterly Long Term Debt (Millions of US $)": {"2020-09-30": "$6,212", "2020-06-30": "$6,163", "2020-03-31": "$6,145", "2019-12-31": "$6,063", "2019-09-30": "$6,473", "2019-06-30": "$4,090", "2019-03-31": "$4,139", "2018-12-31": "$4,173", "2018-09-30": "$4,136", "2018-06-30": "$4,113", "2018-03-31": "$4,078", "2017-12-31": "$4,001", "2017-09-30": "$4,021", "2017-06-30": "$3,839", "2017-03-31": "$3,689", "2016-12-31": "$3,164", "2016-09-30": "$3,121", "2016-06-30": "$3,501", "2016-03-31": "$3,498", "2015-12-31": "$3,275", "2015-09-30": "$3,276", "2015-06-30": "$3,141", "2015-03-31": "$2,910", "2014-12-31": "$2,839", "2014-09-30": "$2,835", "2014-06-30": "$2,794", "2014-03-31": "$2,754", "2013-12-31": "$2,704", "2013-09-30": "$2,897", "2013-06-30": "$2,793", "2013-03-31": "$2,413", "2012-12-31": "$2,722", "2012-09-30": "$2,402", "2012-06-30": "$2,196", "2012-03-31": "$2,297", "2011-12-31": "$2,116", "2011-09-30": "$2,081", "2011-06-30": "$2,118", "2011-03-31": "$2,136", "2010-12-31": "$2,111", "2010-09-30": "$2,090", "2010-06-30": "$2,054", "2010-03-31": "$2,195", "2009-12-31": "$2,194", "2009-09-30": "$2,192", "2009-06-30": "$2,392", "2009-03-31": "$2,676", "2008-12-31": "$2,639", "2008-09-30": "$2,679", "2008-06-30": "$2,673", "2008-03-31": "$2,668", "2007-12-31": "$2,579", "2007-09-30": "$2,558", "2007-06-30": "$2,732", "2007-03-31": "$2,090", "2006-12-31": "$1,200", "2006-09-30": "$1,213", "2006-06-30": "$1,285", "2006-03-31": "$1,207", "2005-12-31": "$960", "2005-09-30": "$933", "2005-06-30": "$925", "2005-03-31": "$1,100"}}, "total-liabilities": {"Service Properties Trust Annual Total Liabilities (Millions of US $)": {"2019": "$6,528", "2018": "$4,580", "2017": "$4,395", "2016": "$3,505", "2015": "$3,583", "2014": "$2,992", "2013": "$2,881", "2012": "$2,902", "2011": "$2,334", "2010": "$2,332", "2009": "$2,456", "2008": "$2,944", "2007": "$2,893", "2006": "$1,510", "2005": "$1,259"}, "Service Properties Trust Quarterly Total Liabilities (Millions of US $)": {"2020-09-30": "$6,555", "2020-06-30": "$6,534", "2020-03-31": "$6,614", "2019-12-31": "$6,528", "2019-09-30": "$6,907", "2019-06-30": "$4,520", "2019-03-31": "$4,519", "2018-12-31": "$4,580", "2018-09-30": "$4,459", "2018-06-30": "$4,465", "2018-03-31": "$4,371", "2017-12-31": "$4,395", "2017-09-30": "$4,355", "2017-06-30": "$4,193", "2017-03-31": "$3,976", "2016-12-31": "$3,505", "2016-09-30": "$3,435", "2016-06-30": "$3,815", "2016-03-31": "$3,731", "2015-12-31": "$3,583", "2015-09-30": "$3,519", "2015-06-30": "$3,392", "2015-03-31": "$3,062", "2014-12-31": "$2,992", "2014-09-30": "$2,989", "2014-06-30": "$2,964", "2014-03-31": "$2,891", "2013-12-31": "$2,881", "2013-09-30": "$3,042", "2013-06-30": "$2,964", "2013-03-31": "$2,558", "2012-12-31": "$2,902", "2012-09-30": "$2,598", "2012-06-30": "$2,419", "2012-03-31": "$2,503", "2011-12-31": "$2,334", "2011-09-30": "$2,289", "2011-06-30": "$2,306", "2011-03-31": "$2,313", "2010-12-31": "$2,332", "2010-09-30": "$2,314", "2010-06-30": "$2,302", "2010-03-31": "$2,431", "2009-12-31": "$2,456", "2009-09-30": "$2,452", "2009-06-30": "$2,672", "2009-03-31": "$2,946", "2008-12-31": "$2,944", "2008-09-30": "$2,967", "2008-06-30": "$2,974", "2008-03-31": "$2,949", "2007-12-31": "$2,893", "2007-09-30": "$2,864", "2007-06-30": "$3,079", "2007-03-31": "$2,409", "2006-12-31": "$1,510", "2006-09-30": "$1,526", "2006-06-30": "$1,604", "2006-03-31": "$1,503", "2005-12-31": "$1,259", "2005-09-30": "$1,219", "2005-06-30": "$1,209", "2005-03-31": "$1,362"}}, "total-share-holder-equity": {"Service Properties Trust Annual Share Holder Equity (Millions of US $)": {"2019": "$2,506", "2018": "$2,597", "2017": "$2,755", "2016": "$3,129", "2015": "$2,812", "2014": "$2,990", "2013": "$3,087", "2012": "$2,734", "2011": "$2,799", "2010": "$2,860", "2009": "$3,092", "2008": "$2,628", "2007": "$2,786", "2006": "$2,448", "2005": "$1,855"}, "Service Properties Trust Quarterly Share Holder Equity (Millions of US $)": {"2020-09-30": "$2,242", "2020-06-30": "$2,346", "2020-03-31": "$2,382", "2019-12-31": "$2,506", "2019-09-30": "$2,609", "2019-06-30": "$2,657", "2019-03-31": "$2,737", "2018-12-31": "$2,597", "2018-09-30": "$2,793", "2018-06-30": "$2,761", "2018-03-31": "$2,750", "2017-12-31": "$2,755", "2017-09-30": "$2,789", "2017-06-30": "$2,780", "2017-03-31": "$2,813", "2016-12-31": "$3,129", "2016-09-30": "$3,151", "2016-06-30": "$2,795", "2016-03-31": "$2,801", "2015-12-31": "$2,812", "2015-09-30": "$2,976", "2015-06-30": "$3,010", "2015-03-31": "$2,971", "2014-12-31": "$2,990", "2014-09-30": "$3,002", "2014-06-30": "$3,025", "2014-03-31": "$3,045", "2013-12-31": "$3,087", "2013-09-30": "$2,859", "2013-06-30": "$3,076", "2013-03-31": "$3,101", "2012-12-31": "$2,734", "2012-09-30": "$2,775", "2012-06-30": "$2,944", "2012-03-31": "$2,976", "2011-12-31": "$2,799", "2011-09-30": "$2,822", "2011-06-30": "$2,842", "2011-03-31": "$2,856", "2010-12-31": "$2,860", "2010-09-30": "$3,016", "2010-06-30": "$3,026", "2010-03-31": "$3,068", "2009-12-31": "$3,092", "2009-09-30": "$3,068", "2009-06-30": "$2,846", "2009-03-31": "$2,609", "2008-12-31": "$2,628", "2008-09-30": "$2,628", "2008-06-30": "$2,667", "2008-03-31": "$2,762", "2007-12-31": "$2,786", "2007-09-30": "$2,783", "2007-06-30": "$2,712", "2007-03-31": "$2,736", "2006-12-31": "$2,448", "2006-09-30": "$1,897", "2006-06-30": "$1,819", "2006-03-31": "$1,836", "2005-12-31": "$1,855", "2005-09-30": "$1,862", "2005-06-30": "$1,884", "2005-03-31": "$1,713"}}, "profit-margins": {"current": "-11.96%"}, "gross margin": {"2020-09-30": "47.53%", "2020-06-30": "45.16%", "2020-03-31": "40.03%", "2019-12-31": "39.06%", "2019-09-30": "38.35%", "2019-06-30": "39.00%", "2019-03-31": "39.33%", "2018-12-31": "39.56%", "2018-09-30": "40.19%", "2018-06-30": "40.46%", "2018-03-31": "40.89%", "2017-12-31": "41.28%", "2017-09-30": "41.14%", "2017-06-30": "41.24%", "2017-03-31": "41.37%", "2016-12-31": "41.28%", "2016-09-30": "41.23%", "2016-06-30": "40.94%", "2016-03-31": "40.71%", "2015-12-31": "40.48%", "2015-09-30": "40.30%", "2015-06-30": "40.19%", "2015-03-31": "40.19%", "2014-12-31": "40.36%", "2014-09-30": "40.51%", "2014-06-30": "40.60%", "2014-03-31": "40.55%", "2013-12-31": "40.56%", "2013-09-30": "41.53%", "2013-06-30": "42.81%", "2013-03-31": "43.96%", "2012-12-31": "45.99%", "2012-09-30": "47.01%", "2012-06-30": "47.74%", "2012-03-31": "49.76%", "2011-12-31": "50.62%", "2011-09-30": "52.16%", "2011-06-30": "54.15%", "2011-03-31": "54.90%", "2010-12-31": "56.04%", "2010-09-30": "56.09%", "2010-06-30": "56.14%", "2010-03-31": "56.18%", "2009-12-31": "55.60%", "2009-09-30": "55.63%", "2009-06-30": "53.36%", "2009-03-31": "51.56%", "2008-12-31": "50.48%", "2008-09-30": "50.77%", "2008-06-30": "51.02%", "2008-03-31": "50.30%", "2007-12-31": "48.83%", "2007-09-30": "45.81%", "2007-06-30": "42.96%", "2007-03-31": "40.88%", "2006-12-31": "39.59%", "2006-09-30": "39.01%", "2006-06-30": "39.85%", "2006-03-31": "40.71%", "2005-12-31": "41.69%"}, "operating margin": {"2020-09-30": "4.89%", "2020-06-30": "11.12%", "2020-03-31": "14.46%", "2019-12-31": "16.10%", "2019-09-30": "15.78%", "2019-06-30": "16.51%", "2019-03-31": "16.85%", "2018-12-31": "17.17%", "2018-09-30": "18.47%", "2018-06-30": "18.72%", "2018-03-31": "18.21%", "2017-12-31": "17.53%", "2017-09-30": "19.32%", "2017-06-30": "18.19%", "2017-03-31": "18.04%", "2016-12-31": "18.86%", "2016-09-30": "16.61%", "2016-06-30": "17.12%", "2016-03-31": "18.01%", "2015-12-31": "17.48%", "2015-09-30": "19.99%", "2015-06-30": "19.79%", "2015-03-31": "19.28%", "2014-12-31": "19.57%", "2014-09-30": "18.75%", "2014-06-30": "18.20%", "2014-03-31": "17.72%", "2013-12-31": "17.47%", "2013-09-30": "17.47%", "2013-06-30": "18.69%", "2013-03-31": "19.64%", "2012-12-31": "21.60%", "2012-09-30": "23.07%", "2012-06-30": "24.31%", "2012-03-31": "25.77%", "2011-12-31": "26.92%", "2011-09-30": "14.88%", "2011-06-30": "15.63%", "2011-03-31": "15.81%", "2010-12-31": "15.48%", "2010-09-30": "29.96%", "2010-06-30": "29.21%", "2010-03-31": "28.76%", "2009-12-31": "27.99%", "2009-09-30": "28.89%", "2009-06-30": "28.07%", "2009-03-31": "27.97%", "2008-12-31": "28.27%", "2008-09-30": "29.66%", "2008-06-30": "30.25%", "2008-03-31": "29.91%", "2007-12-31": "28.85%", "2007-09-30": "26.64%", "2007-06-30": "25.00%", "2007-03-31": "23.74%", "2006-12-31": "23.26%", "2006-09-30": "22.38%", "2006-06-30": "22.66%", "2006-03-31": "22.92%", "2005-12-31": "23.35%"}, "ebitda margin": {"2020-09-30": "37.75%", "2020-06-30": "37.55%", "2020-03-31": "35.02%", "2019-12-31": "35.05%", "2019-09-30": "33.89%", "2019-06-30": "34.50%", "2019-03-31": "34.83%", "2018-12-31": "35.12%", "2018-09-30": "36.42%", "2018-06-30": "36.73%", "2018-03-31": "36.33%", "2017-12-31": "35.71%", "2017-09-30": "37.60%", "2017-06-30": "36.44%", "2017-03-31": "36.18%", "2016-12-31": "36.79%", "2016-09-30": "34.30%", "2016-06-30": "34.75%", "2016-03-31": "35.56%", "2015-12-31": "34.96%", "2015-09-30": "37.43%", "2015-06-30": "37.46%", "2015-03-31": "37.38%", "2014-12-31": "38.00%", "2014-09-30": "37.61%", "2014-06-30": "37.43%", "2014-03-31": "37.12%", "2013-12-31": "37.04%", "2013-09-30": "37.27%", "2013-06-30": "38.93%", "2013-03-31": "40.18%", "2012-12-31": "42.13%", "2012-09-30": "43.15%", "2012-06-30": "43.76%", "2012-03-31": "45.20%", "2011-12-31": "46.16%", "2011-09-30": "34.74%", "2011-06-30": "36.24%", "2011-03-31": "37.29%", "2010-12-31": "38.06%", "2010-09-30": "53.18%", "2010-06-30": "53.28%", "2010-03-31": "53.38%", "2009-12-31": "52.90%", "2009-09-30": "53.10%", "2009-06-30": "51.21%", "2009-03-31": "49.62%", "2008-12-31": "48.48%", "2008-09-30": "49.23%", "2008-06-30": "49.13%", "2008-03-31": "48.33%", "2007-12-31": "46.73%", "2007-09-30": "43.49%", "2007-06-30": "40.93%", "2007-03-31": "38.73%", "2006-12-31": "37.63%", "2006-09-30": "37.27%", "2006-06-30": "38.02%", "2006-03-31": "38.88%", "2005-12-31": "39.98%"}, "pre tax profit margin": {"2020-09-30": "-10.53%", "2020-06-30": "-1.28%", "2020-03-31": "0.09%", "2019-12-31": "11.26%", "2019-09-30": "7.21%", "2019-06-30": "10.57%", "2019-03-31": "14.49%", "2018-12-31": "8.15%", "2018-09-30": "14.13%", "2018-06-30": "12.91%", "2018-03-31": "11.48%", "2017-12-31": "9.66%", "2017-09-30": "11.71%", "2017-06-30": "10.32%", "2017-03-31": "10.28%", "2016-12-31": "11.09%", "2016-09-30": "7.08%", "2016-06-30": "7.64%", "2016-03-31": "8.57%", "2015-12-31": "8.22%", "2015-09-30": "12.41%", "2015-06-30": "12.05%", "2015-03-31": "11.35%", "2014-12-31": "11.40%", "2014-09-30": "10.23%", "2014-06-30": "9.25%", "2014-03-31": "8.55%", "2013-12-31": "8.13%", "2013-09-30": "7.20%", "2013-06-30": "8.74%", "2013-03-31": "9.34%", "2012-12-31": "10.96%", "2012-09-30": "13.15%", "2012-06-30": "13.58%", "2012-03-31": "14.80%", "2011-12-31": "15.77%", "2011-09-30": "4.90%", "2011-06-30": "5.33%", "2011-03-31": "2.96%", "2010-12-31": "2.03%", "2010-09-30": "14.42%", "2010-06-30": "14.46%", "2010-03-31": "17.28%", "2009-12-31": "19.11%", "2009-09-30": "20.08%", "2009-06-30": "18.21%", "2009-03-31": "11.20%", "2008-12-31": "10.06%", "2008-09-30": "11.48%", "2008-06-30": "12.43%", "2008-03-31": "17.88%", "2007-12-31": "17.26%", "2007-09-30": "16.51%", "2007-06-30": "15.85%", "2007-03-31": "15.18%", "2006-12-31": "15.35%", "2006-09-30": "14.48%", "2006-06-30": "14.82%", "2006-03-31": "14.25%", "2005-12-31": "14.55%"}, "net profit margin": {"2020-09-30": "-11.99%", "2020-06-30": "-2.45%", "2020-03-31": "0.00%", "2019-12-31": "11.22%", "2019-09-30": "7.26%", "2019-06-30": "10.61%", "2019-03-31": "14.45%", "2018-12-31": "8.06%", "2018-09-30": "14.30%", "2018-06-30": "13.09%", "2018-03-31": "11.70%", "2017-12-31": "9.43%", "2017-09-30": "10.91%", "2017-06-30": "9.22%", "2017-03-31": "8.83%", "2016-12-31": "9.92%", "2016-09-30": "5.90%", "2016-06-30": "6.44%", "2016-03-31": "7.96%", "2015-12-31": "7.54%", "2015-09-30": "11.72%", "2015-06-30": "11.40%", "2015-03-31": "10.12%", "2014-12-31": "10.13%", "2014-09-30": "9.05%", "2014-06-30": "7.67%", "2014-03-31": "7.11%", "2013-12-31": "6.46%", "2013-09-30": "6.13%", "2013-06-30": "7.33%", "2013-03-31": "6.97%", "2012-12-31": "8.02%", "2012-09-30": "9.13%", "2012-06-30": "10.09%", "2012-03-31": "11.71%", "2011-12-31": "13.29%", "2011-09-30": "2.54%", "2011-06-30": "2.88%", "2011-03-31": "0.45%", "2010-12-31": "-0.74%", "2010-09-30": "11.05%", "2010-06-30": "11.04%", "2010-03-31": "13.90%", "2009-12-31": "15.93%", "2009-09-30": "17.26%", "2009-06-30": "15.52%", "2009-03-31": "8.59%", "2008-12-31": "7.51%", "2008-09-30": "9.01%", "2008-06-30": "17.36%", "2008-03-31": "23.06%", "2007-12-31": "23.02%", "2007-09-30": "23.90%", "2007-06-30": "15.93%", "2007-03-31": "15.55%", "2006-12-31": "15.74%", "2006-09-30": "15.09%", "2006-06-30": "15.15%", "2006-03-31": "14.60%", "2005-12-31": "14.91%"}, "pe ratio": {"current": "5.13", "2021-02-05": "0.00", "2020-09-30": "0.00", "2020-06-30": "0.00", "2020-03-31": "0.00", "2019-12-31": "0.00", "2019-09-30": "0.00", "2019-06-30": "0.00", "2019-03-31": "0.00", "2018-12-31": "18.89", "2018-09-30": "13.02", "2018-06-30": "14.02", "2018-03-31": "13.86", "2017-12-31": "20.31", "2017-09-30": "16.86", "2017-06-30": "20.10", "2017-03-31": "21.95", "2016-12-31": "19.23", "2016-09-30": "29.11", "2016-06-30": "25.50", "2016-03-31": "19.07", "2015-12-31": "19.68", "2015-09-30": "12.37", "2015-06-30": "14.49", "2015-03-31": "18.91", "2014-12-31": "17.80", "2014-09-30": "17.36", "2014-06-30": "23.17", "2014-03-31": "23.14", "2013-12-31": "23.44", "2013-09-30": "25.55", "2013-06-30": "19.88", "2013-03-31": "21.76", "2012-12-31": "16.50", "2012-09-30": "14.68", "2012-06-30": "13.83", "2012-03-31": "12.78", "2011-12-31": "9.72", "2011-09-30": "47.73", "2011-06-30": "47.61", "2011-03-31": "301.18", "2010-12-31": "0.00", "2010-09-30": "11.66", "2010-06-30": "10.89", "2010-03-31": "9.03", "2009-12-31": "7.10", "2009-09-30": "5.12", "2009-06-30": "2.98", "2009-03-31": "4.85", "2008-12-31": "6.01", "2008-09-30": "6.11", "2008-06-30": "3.85", "2008-03-31": "4.04", "2007-12-31": "3.82", "2007-09-30": "4.76", "2007-06-30": "7.06", "2007-03-31": "7.94", "2006-12-31": "7.38"}, "price sales": {"2021-02-05": "1.23", "2020-09-30": "0.83", "2020-06-30": "0.62", "2020-03-31": "0.39", "2019-12-31": "1.68", "2019-09-30": "1.76", "2019-06-30": "1.67", "2019-03-31": "1.72", "2018-12-31": "1.53", "2018-09-30": "1.86", "2018-06-30": "1.83", "2018-03-31": "1.62", "2017-12-31": "1.90", "2017-09-30": "1.81", "2017-06-30": "1.83", "2017-03-31": "1.92", "2016-12-31": "1.88", "2016-09-30": "1.73", "2016-06-30": "1.66", "2016-03-31": "1.53", "2015-12-31": "1.50", "2015-09-30": "1.45", "2015-06-30": "1.65", "2015-03-31": "1.92", "2014-12-31": "1.81", "2014-09-30": "1.55", "2014-06-30": "1.75", "2014-03-31": "1.63", "2013-12-31": "1.49", "2013-09-30": "1.56", "2013-06-30": "1.46", "2013-03-31": "1.52", "2012-12-31": "1.32", "2012-09-30": "1.34", "2012-06-30": "1.38", "2012-03-31": "1.49", "2011-12-31": "1.29", "2011-09-30": "1.20", "2011-06-30": "1.39", "2011-03-31": "1.34", "2010-12-31": "1.34", "2010-09-30": "1.25", "2010-06-30": "1.16", "2010-03-31": "1.23", "2009-12-31": "1.11", "2009-09-30": "0.90", "2009-06-30": "0.48", "2009-03-31": "0.45", "2008-12-31": "0.50", "2008-09-30": "0.62", "2008-06-30": "0.71", "2008-03-31": "0.96", "2007-12-31": "0.90", "2007-09-30": "1.13", "2007-06-30": "1.13", "2007-03-31": "1.23", "2006-12-31": "1.15"}, "price book": {"current": "0.86", "2021-02-05": "0.86", "2020-09-30": "0.58", "2020-06-30": "0.50", "2020-03-31": "0.37", "2019-12-31": "1.55", "2019-09-30": "1.55", "2019-06-30": "1.44", "2019-03-31": "1.44", "2018-12-31": "1.35", "2018-09-30": "1.52", "2018-06-30": "1.49", "2018-03-31": "1.30", "2017-12-31": "1.50", "2017-09-30": "1.39", "2017-06-30": "1.40", "2017-03-31": "1.47", "2016-12-31": "1.31", "2016-09-30": "1.20", "2016-06-30": "1.19", "2016-03-31": "1.07", "2015-12-31": "1.03", "2015-09-30": "0.93", "2015-06-30": "1.01", "2015-03-31": "1.15", "2014-12-31": "1.05", "2014-09-30": "0.89", "2014-06-30": "0.99", "2014-03-31": "0.91", "2013-12-31": "0.83", "2013-09-30": "0.86", "2013-06-30": "0.73", "2013-03-31": "0.75", "2012-12-31": "0.63", "2012-09-30": "0.61", "2012-06-30": "0.59", "2012-03-31": "0.62", "2011-12-31": "0.56", "2011-09-30": "0.50", "2011-06-30": "0.56", "2011-03-31": "0.52", "2010-12-31": "0.51", "2010-09-30": "0.46", "2010-06-30": "0.42", "2010-03-31": "0.46", "2009-12-31": "0.45", "2009-09-30": "0.39", "2009-06-30": "0.22", "2009-03-31": "0.20", "2008-12-31": "0.24", "2008-09-30": "0.31", "2008-06-30": "0.35", "2008-03-31": "0.46", "2007-12-31": "0.42", "2007-09-30": "0.52", "2007-06-30": "0.54", "2007-03-31": "0.59", "2006-12-31": "0.57", "2006-09-30": "0.62", "2006-06-30": "0.57", "2006-03-31": "0.55"}, "price fcf": {"2021-02-05": "", "2020-09-30": "$3.84", "2020-06-30": "$-10.38", "2020-03-31": "$-9.46", "2019-12-31": "$-8.70", "2019-09-30": "$-11.56", "2019-06-30": "$3.15", "2019-03-31": "$2.77", "2018-12-31": "$1.74", "2018-09-30": "$2.08", "2018-06-30": "$0.97", "2018-03-31": "$0.47", "2017-12-31": "$-0.45", "2017-09-30": "$-0.53", "2017-06-30": "$0.57", "2017-03-31": "$1.13", "2016-12-31": "$1.00", "2016-09-30": "$0.72", "2016-06-30": "$-0.24", "2016-03-31": "$-1.67", "2015-12-31": "$-0.66", "2015-09-30": "$-0.71", "2015-06-30": "$-0.40", "2015-03-31": "$1.03", "2014-12-31": "$1.21", "2014-09-30": "$0.89", "2014-06-30": "$-0.49", "2014-03-31": "$-0.61", "2013-12-31": "$-0.91", "2013-09-30": "$-3.78", "2013-06-30": "$-0.81", "2013-03-31": "$-0.76", "2012-12-31": "$-1.89", "2012-09-30": "$1.51", "2012-06-30": "$0.65", "2012-03-31": "$0.78", "2011-12-31": "$2.37", "2011-09-30": "$2.47", "2011-06-30": "$2.41", "2011-03-31": "$2.69", "2010-12-31": "$2.71", "2010-09-30": "$3.04", "2010-06-30": "$2.68", "2010-03-31": "$2.88", "2009-12-31": "$2.96", "2009-09-30": "$3.02", "2009-06-30": "$3.56", "2009-03-31": "$3.18", "2008-12-31": "$2.81", "2008-09-30": "$0.24", "2008-06-30": "$2.39", "2008-03-31": "$-3.64", "2007-12-31": "$-24.07", "2007-09-30": "$-21.60", "2007-06-30": "$-23.64", "2007-03-31": "$-18.32", "2006-12-31": "$-0.67"}, "net worth": {"value": "$1.94B"}, "current ratio": {"2020-09-30": "0.25", "2020-06-30": "0.14", "2020-03-31": "0.24", "2019-12-31": "0.23", "2019-09-30": "0.23", "2019-06-30": "0.18", "2019-03-31": "0.39", "2018-12-31": "0.28", "2018-09-30": "0.45", "2018-06-30": "0.43", "2018-03-31": "0.44", "2017-12-31": "0.53", "2017-09-30": "0.42", "2017-06-30": "0.57", "2017-03-31": "0.43", "2016-12-31": "0.29", "2016-09-30": "0.32", "2016-06-30": "0.43", "2016-03-31": "0.48", "2015-12-31": "0.36", "2015-09-30": "0.32", "2015-06-30": "0.31", "2015-03-31": "0.48", "2014-12-31": "0.40", "2014-09-30": "0.56", "2014-06-30": "0.34", "2014-03-31": "0.65", "2013-12-31": "0.37", "2013-09-30": "0.42", "2013-06-30": "1.96", "2013-03-31": "0.52", "2012-12-31": "0.42", "2012-09-30": "0.64", "2012-06-30": "0.61", "2012-03-31": "1.99", "2011-12-31": "0.56", "2011-09-30": "0.64", "2011-06-30": "0.56", "2011-03-31": "0.94", "2010-12-31": "0.80", "2010-09-30": "0.93", "2010-06-30": "0.44", "2010-03-31": "1.74", "2009-12-31": "1.50", "2009-09-30": "0.91", "2009-06-30": "0.29", "2009-03-31": "0.40", "2008-12-31": "0.43", "2008-09-30": "0.46", "2008-06-30": "0.41", "2008-03-31": "0.74", "2007-12-31": "0.38", "2007-09-30": "0.25", "2007-06-30": "0.28", "2007-03-31": "0.48", "2006-12-31": "4.86", "2006-09-30": "0.40", "2006-06-30": "0.37", "2006-03-31": "0.38", "2005-12-31": "0.44", "2005-09-30": "0.57", "2005-06-30": "0.51", "2005-03-31": "0.59"}, "quick ratio": {"2020-09-30": "0.00", "2020-06-30": "0.00", "2020-03-31": "0.00", "2019-12-31": "0.00", "2019-09-30": "0.00", "2019-06-30": "0.00", "2019-03-31": "0.00", "2018-12-31": "0.00", "2018-09-30": "0.00", "2018-06-30": "0.00", "2018-03-31": "0.00", "2017-12-31": "0.00", "2017-09-30": "0.00", "2017-06-30": "0.00", "2017-03-31": "0.00", "2016-12-31": "0.00", "2016-09-30": "0.00", "2016-06-30": "0.00", "2016-03-31": "0.00", "2015-12-31": "0.00", "2015-09-30": "0.00", "2015-06-30": "0.00", "2015-03-31": "0.00", "2014-12-31": "0.00", "2014-09-30": "0.00", "2014-06-30": "0.00", "2014-03-31": "0.00", "2013-12-31": "0.00", "2013-09-30": "0.00", "2013-06-30": "0.00", "2013-03-31": "0.00", "2012-12-31": "0.00", "2012-09-30": "0.00", "2012-06-30": "0.00", "2012-03-31": "0.00", "2011-12-31": "0.00", "2011-09-30": "0.00", "2011-06-30": "0.00", "2011-03-31": "0.00", "2010-12-31": "0.00", "2010-09-30": "0.00", "2010-06-30": "0.00", "2010-03-31": "0.00", "2009-12-31": "0.00", "2009-09-30": "0.00", "2009-06-30": "0.00", "2009-03-31": "0.00", "2008-12-31": "0.00", "2008-09-30": "0.00", "2008-06-30": "0.00", "2008-03-31": "0.00", "2007-12-31": "0.00", "2007-09-30": "0.00", "2007-06-30": "0.00", "2007-03-31": "0.00", "2006-12-31": "0.00", "2006-09-30": "0.00", "2006-06-30": "0.00", "2006-03-31": "0.00", "2005-12-31": "0.00", "2005-09-30": "0.00", "2005-06-30": "0.00", "2005-03-31": "0.00"}, "debt equity ratio": {"current": "2.77", "2020-09-30": "2.92", "2020-06-30": "2.79", "2020-03-31": "2.78", "2019-12-31": "2.61", "2019-09-30": "2.65", "2019-06-30": "1.70", "2019-03-31": "1.65", "2018-12-31": "1.76", "2018-09-30": "1.60", "2018-06-30": "1.62", "2018-03-31": "1.59", "2017-12-31": "1.60", "2017-09-30": "1.56", "2017-06-30": "1.51", "2017-03-31": "1.41", "2016-12-31": "1.12", "2016-09-30": "1.09", "2016-06-30": "1.37", "2016-03-31": "1.33", "2015-12-31": "1.27", "2015-09-30": "1.18", "2015-06-30": "1.13", "2015-03-31": "1.03", "2014-12-31": "1.00", "2014-09-30": "1.00", "2014-06-30": "0.98", "2014-03-31": "0.95", "2013-12-31": "0.93", "2013-09-30": "1.06", "2013-06-30": "0.96", "2013-03-31": "0.83", "2012-12-31": "1.06", "2012-09-30": "0.94", "2012-06-30": "0.82", "2012-03-31": "0.84", "2011-12-31": "0.83", "2011-09-30": "0.81", "2011-06-30": "0.81", "2011-03-31": "0.81", "2010-12-31": "0.82", "2010-09-30": "0.77", "2010-06-30": "0.76", "2010-03-31": "0.79", "2009-12-31": "0.79", "2009-09-30": "0.80", "2009-06-30": "0.94", "2009-03-31": "1.13", "2008-12-31": "1.12", "2008-09-30": "1.13", "2008-06-30": "1.12", "2008-03-31": "1.07", "2007-12-31": "1.04", "2007-09-30": "1.03", "2007-06-30": "1.14", "2007-03-31": "0.88", "2006-12-31": "0.62", "2006-09-30": "0.80", "2006-06-30": "0.88", "2006-03-31": "0.82", "2005-12-31": "0.68", "2005-09-30": "0.66", "2005-06-30": "0.64", "2005-03-31": "0.80"}, "return on equity": {"2020-09-30": "-7.98%", "2020-06-30": "-1.87%", "2020-03-31": "0.00%", "2019-12-31": "9.90%", "2019-09-30": "6.26%", "2019-06-30": "9.01%", "2019-03-31": "12.16%", "2018-12-31": "6.79%", "2018-09-30": "11.79%", "2018-06-30": "10.67%", "2018-03-31": "9.36%", "2017-12-31": "7.36%", "2017-09-30": "8.03%", "2017-06-30": "6.47%", "2017-03-31": "6.12%", "2016-12-31": "6.84%", "2016-09-30": "4.15%", "2016-06-30": "4.53%", "2016-03-31": "5.38%", "2015-12-31": "4.93%", "2015-09-30": "7.40%", "2015-06-30": "6.98%", "2015-03-31": "6.01%", "2014-12-31": "5.84%", "2014-09-30": "5.03%", "2014-06-30": "4.19%", "2014-03-31": "3.78%", "2013-12-31": "3.33%", "2013-09-30": "3.13%", "2013-06-30": "3.56%", "2013-03-31": "3.25%", "2012-12-31": "3.64%", "2012-09-30": "4.04%", "2012-06-30": "4.40%", "2012-03-31": "5.04%", "2011-12-31": "5.69%", "2011-09-30": "1.05%", "2011-06-30": "1.14%", "2011-03-31": "0.17%", "2010-12-31": "-0.27%", "2010-09-30": "3.87%", "2010-06-30": "3.79%", "2010-03-31": "4.77%", "2009-12-31": "5.68%", "2009-09-30": "6.60%", "2009-06-30": "6.46%", "2009-03-31": "3.87%", "2008-12-31": "3.52%", "2008-09-30": "4.32%", "2008-06-30": "8.33%", "2008-03-31": "10.98%", "2007-12-31": "10.75%", "2007-09-30": "10.79%", "2007-06-30": "7.39%", "2007-03-31": "7.51%", "2006-12-31": "8.05%", "2006-09-30": "7.94%", "2006-06-30": "7.65%", "2006-03-31": "6.88%", "2005-12-31": "6.67%"}, "return on assets": {"2020-09-30": "-2.12%", "2020-06-30": "-0.51%", "2020-03-31": "0.00%", "2019-12-31": "3.15%", "2019-09-30": "2.13%", "2019-06-30": "3.37%", "2019-03-31": "4.58%", "2018-12-31": "2.57%", "2018-09-30": "4.54%", "2018-06-30": "4.12%", "2018-03-31": "3.65%", "2017-12-31": "2.92%", "2017-09-30": "3.36%", "2017-06-30": "2.85%", "2017-03-31": "2.73%", "2016-12-31": "3.08%", "2016-09-30": "1.84%", "2016-06-30": "1.98%", "2016-03-31": "2.42%", "2015-12-31": "2.29%", "2015-09-30": "3.55%", "2015-06-30": "3.43%", "2015-03-31": "3.00%", "2014-12-31": "2.95%", "2014-09-30": "2.56%", "2014-06-30": "2.12%", "2014-03-31": "1.91%", "2013-12-31": "1.71%", "2013-09-30": "1.58%", "2013-06-30": "1.83%", "2013-03-31": "1.71%", "2012-12-31": "1.90%", "2012-09-30": "2.17%", "2012-06-30": "2.41%", "2012-03-31": "2.76%", "2011-12-31": "3.13%", "2011-09-30": "0.58%", "2011-06-30": "0.63%", "2011-03-31": "0.10%", "2010-12-31": "-0.15%", "2010-09-30": "2.17%", "2010-06-30": "2.12%", "2010-03-31": "2.61%", "2009-12-31": "2.98%", "2009-09-30": "3.32%", "2009-06-30": "3.11%", "2009-03-31": "1.82%", "2008-12-31": "1.67%", "2008-09-30": "2.07%", "2008-06-30": "4.04%", "2008-03-31": "5.31%", "2007-12-31": "5.32%", "2007-09-30": "5.61%", "2007-06-30": "3.95%", "2007-03-31": "4.19%", "2006-12-31": "4.55%", "2006-09-30": "4.42%", "2006-06-30": "4.35%", "2006-03-31": "4.05%", "2005-12-31": "3.95%"}, "return on investments": {"2020-09-30": "0.90%", "2020-06-30": "2.41%", "2020-03-31": "4.00%", "2019-12-31": "4.77%", "2019-09-30": "4.90%", "2019-06-30": "5.53%", "2019-03-31": "5.63%", "2018-12-31": "5.75%", "2018-09-30": "6.15%", "2018-06-30": "6.19%", "2018-03-31": "5.97%", "2017-12-31": "5.71%", "2017-09-30": "6.24%", "2017-06-30": "5.90%", "2017-03-31": "5.87%", "2016-12-31": "6.14%", "2016-09-30": "5.42%", "2016-06-30": "5.50%", "2016-03-31": "5.70%", "2015-12-31": "5.51%", "2015-09-30": "6.25%", "2015-06-30": "6.13%", "2015-03-31": "5.87%", "2014-12-31": "5.84%", "2014-09-30": "5.45%", "2014-06-30": "5.16%", "2014-03-31": "4.89%", "2013-12-31": "4.76%", "2013-09-30": "4.64%", "2013-06-30": "4.81%", "2013-03-31": "4.98%", "2012-12-31": "5.32%", "2012-09-30": "5.72%", "2012-06-30": "6.05%", "2012-03-31": "6.32%", "2011-12-31": "6.60%", "2011-09-30": "3.55%", "2011-06-30": "3.57%", "2011-03-31": "3.49%", "2010-12-31": "3.29%", "2010-09-30": "6.17%", "2010-06-30": "5.88%", "2010-03-31": "5.66%", "2009-12-31": "5.51%", "2009-09-30": "5.85%", "2009-06-30": "5.93%", "2009-03-31": "6.26%", "2008-12-31": "6.63%", "2008-09-30": "7.18%", "2008-06-30": "7.43%", "2008-03-31": "7.28%", "2007-12-31": "7.07%", "2007-09-30": "6.67%", "2007-06-30": "6.67%", "2007-03-31": "6.95%", "2006-12-31": "7.38%", "2006-09-30": "7.22%", "2006-06-30": "7.18%", "2006-03-31": "7.01%", "2005-12-31": "6.80%"}, "return on tangible equity": {"2020-09-30": "-7.98%", "2020-06-30": "-1.87%", "2020-03-31": "0.00%", "2019-12-31": "9.90%", "2019-09-30": "6.26%", "2019-06-30": "9.01%", "2019-03-31": "12.16%", "2018-12-31": "6.79%", "2018-09-30": "11.79%", "2018-06-30": "10.67%", "2018-03-31": "9.36%", "2017-12-31": "7.36%", "2017-09-30": "8.03%", "2017-06-30": "6.47%", "2017-03-31": "6.12%", "2016-12-31": "6.84%", "2016-09-30": "4.15%", "2016-06-30": "4.53%", "2016-03-31": "5.38%", "2015-12-31": "4.93%", "2015-09-30": "7.40%", "2015-06-30": "6.98%", "2015-03-31": "6.01%", "2014-12-31": "5.84%", "2014-09-30": "5.03%", "2014-06-30": "4.19%", "2014-03-31": "3.78%", "2013-12-31": "3.33%", "2013-09-30": "3.13%", "2013-06-30": "3.56%", "2013-03-31": "3.25%", "2012-12-31": "3.64%", "2012-09-30": "4.04%", "2012-06-30": "4.40%", "2012-03-31": "5.04%", "2011-12-31": "5.69%", "2011-09-30": "1.05%", "2011-06-30": "1.14%", "2011-03-31": "0.17%", "2010-12-31": "-0.27%", "2010-09-30": "3.87%", "2010-06-30": "3.79%", "2010-03-31": "4.77%", "2009-12-31": "5.68%", "2009-09-30": "6.60%", "2009-06-30": "6.46%", "2009-03-31": "3.87%", "2008-12-31": "3.52%", "2008-09-30": "4.32%", "2008-06-30": "8.33%", "2008-03-31": "10.98%", "2007-12-31": "10.75%", "2007-09-30": "10.79%", "2007-06-30": "7.39%", "2007-03-31": "7.51%", "2006-12-31": "8.05%", "2006-09-30": "7.94%", "2006-06-30": "7.65%", "2006-03-31": "6.88%", "2005-12-31": "6.67%"}, "dividend yield history": {"last payout": "$0.04", "last yield": "0.34%"}}