{"ticker": "SCI", "price": {"title": "Service Historical Annual Stock Price Data", "value": 52.47, "historical": {"2021": {"Average Stock Price": "50.8650", "Year Open": "48.5500", "Year High": "53.7200", "Year Low": "48.5500", "Year Close": "52.4700", "Annual % Change": "6.86%"}, "2020": {"Average Stock Price": "43.7619", "Year Open": "46.2000", "Year High": "52.8300", "Year Low": "34.7100", "Year Close": "49.1000", "Annual % Change": "6.67%"}, "2019": {"Average Stock Price": "44.2699", "Year Open": "40.1200", "Year High": "48.5600", "Year Low": "39.0800", "Year Close": "46.0300", "Annual % Change": "14.33%"}, "2018": {"Average Stock Price": "39.8139", "Year Open": "37.7100", "Year High": "46.9700", "Year Low": "35.3000", "Year Close": "40.2600", "Annual % Change": "7.88%"}, "2017": {"Average Stock Price": "33.1208", "Year Open": "28.8100", "Year High": "38.0000", "Year Low": "28.8100", "Year Close": "37.3200", "Annual % Change": "31.41%"}, "2016": {"Average Stock Price": "25.9750", "Year Open": "25.4400", "Year High": "28.6700", "Year Low": "21.6500", "Year Close": "28.4000", "Annual % Change": "9.15%"}, "2015": {"Average Stock Price": "27.4190", "Year Open": "22.5200", "Year High": "31.9400", "Year Low": "22.2900", "Year Close": "26.0200", "Annual % Change": "14.63%"}, "2014": {"Average Stock Price": "20.3127", "Year Open": "18.2600", "Year High": "23.2200", "Year Low": "16.8200", "Year Close": "22.7000", "Annual % Change": "25.21%"}, "2013": {"Average Stock Price": "17.3145", "Year Open": "14.1700", "Year High": "19.2400", "Year Low": "14.1700", "Year Close": "18.1300", "Annual % Change": "31.28%"}, "2012": {"Average Stock Price": "12.3692", "Year Open": "10.7000", "Year High": "14.5400", "Year Low": "10.5500", "Year Close": "13.8100", "Annual % Change": "29.67%"}, "2011": {"Average Stock Price": "10.3590", "Year Open": "8.3100", "Year High": "12.0100", "Year Low": "8.1200", "Year Close": "10.6500", "Annual % Change": "29.09%"}, "2010": {"Average Stock Price": "8.3425", "Year Open": "8.3100", "Year High": "9.6200", "Year Low": "7.1500", "Year Close": "8.2500", "Annual % Change": "0.73%"}, "2009": {"Average Stock Price": "5.7872", "Year Open": "5.0600", "Year High": "8.2500", "Year Low": "2.7400", "Year Close": "8.1900", "Annual % Change": "64.79%"}, "2008": {"Average Stock Price": "9.3829", "Year Open": "13.8800", "Year High": "13.8800", "Year Low": "4.3100", "Year Close": "4.9700", "Annual % Change": "-64.63%"}, "2007": {"Average Stock Price": "12.4839", "Year Open": "10.4900", "Year High": "14.4700", "Year Low": "10.3100", "Year Close": "14.0500", "Annual % Change": "37.07%"}, "2006": {"Average Stock Price": "8.5178", "Year Open": "8.1400", "Year High": "10.4500", "Year Low": "7.3700", "Year Close": "10.2500", "Annual % Change": "25.31%"}, "2005": {"Average Stock Price": "7.8401", "Year Open": "7.3000", "Year High": "8.8500", "Year Low": "6.5800", "Year Close": "8.1800", "Annual % Change": "9.80%"}, "2004": {"Average Stock Price": "6.8115", "Year Open": "5.4800", "Year High": "7.6900", "Year Low": "5.4800", "Year Close": "7.4500", "Annual % Change": "38.22%"}, "2003": {"Average Stock Price": "3.9892", "Year Open": "3.6000", "Year High": "5.5800", "Year Low": "2.6700", "Year Close": "5.3900", "Annual % Change": "62.35%"}, "2002": {"Average Stock Price": "3.9555", "Year Open": "5.3300", "Year High": "5.5000", "Year Low": "2.2500", "Year Close": "3.3200", "Annual % Change": "-33.47%"}, "2001": {"Average Stock Price": "5.4196", "Year Open": "1.5600", "Year High": "7.9000", "Year Low": "1.5600", "Year Close": "4.9900", "Annual % Change": "185.14%"}, "2000": {"Average Stock Price": "3.2492", "Year Open": "7.0000", "Year High": "7.0000", "Year Low": "1.6900", "Year Close": "1.7500", "Annual % Change": "-74.78%"}, "1999": {"Average Stock Price": "15.5162", "Year Open": "37.5600", "Year High": "38.5000", "Year Low": "6.4400", "Year Close": "6.9400", "Annual % Change": "-81.77%"}, "1998": {"Average Stock Price": "38.9050", "Year Open": "36.4400", "Year High": "45.8800", "Year Low": "29.8100", "Year Close": "38.0600", "Annual % Change": "3.56%"}, "1997": {"Average Stock Price": "32.6617", "Year Open": "27.3800", "Year High": "37.6900", "Year Low": "27.2500", "Year Close": "36.7500", "Annual % Change": "31.25%"}, "1996": {"Average Stock Price": "26.7945", "Year Open": "21.0000", "Year High": "31.2500", "Year Low": "19.8100", "Year Close": "28.0000", "Annual % Change": "27.27%"}, "1995": {"Average Stock Price": "16.5460", "Year Open": "13.5000", "Year High": "22.0000", "Year Low": "13.1250", "Year Close": "22.0000", "Annual % Change": "58.56%"}, "1994": {"Average Stock Price": "12.8887", "Year Open": "12.8100", "Year High": "14.0000", "Year Low": "11.4400", "Year Close": "13.8750", "Annual % Change": "5.71%"}, "1993": {"Average Stock Price": "11.0850", "Year Open": "9.3100", "Year High": "13.1900", "Year Low": "9.0600", "Year Close": "13.1250", "Annual % Change": "43.84%"}, "1992": {"Average Stock Price": "8.7244", "Year Open": "8.3333", "Year High": "9.3333", "Year Low": "7.8333", "Year Close": "9.1250", "Annual % Change": "1.39%"}, "1991": {"Average Stock Price": "8.2583", "Year Open": "7.1267", "Year High": "9.1267", "Year Low": "6.8733", "Year Close": "9.0000", "Annual % Change": "20.00%"}, "1990": {"Average Stock Price": "6.0456", "Year Open": "5.3733", "Year High": "7.9167", "Year Low": "4.5000", "Year Close": "7.5000", "Annual % Change": "44.05%"}, "1989": {"Average Stock Price": "5.9943", "Year Open": "5.7067", "Year High": "7.3333", "Year Low": "4.3733", "Year Close": "5.2067", "Annual % Change": "-10.74%"}, "1988": {"Average Stock Price": "6.8738", "Year Open": "7.6667", "Year High": "8.5833", "Year Low": "5.3333", "Year Close": "5.8333", "Annual % Change": "-20.02%"}}}, "market cap": {"value": "$9.06B"}, "income statement": {"Revenue": {"2019-12-31": "3230.78500", "2018-12-31": "3190.17400", "2017-12-31": "3095.03100", "2016-12-31": "3031.13700", "2015-12-31": "2986.04100", "2014-12-31": "2994.01100", "2013-12-31": "2550.46600", "2012-12-31": "2404.43000", "2011-12-31": "2316.04000", "2010-12-31": "2190.55200", "2009-12-31": "2053.52000", "2008-12-31": "2155.62200", "2007-12-31": "2285.30300", "2006-12-31": "1752.88800", "2005-12-31": "1717.00700"}, "Cost Of Goods Sold": {"2019-12-31": "2470.20500", "2018-12-31": "2429.85200", "2017-12-31": "2372.25200", "2016-12-31": "2354.28700", "2015-12-31": "2311.45200", "2014-12-31": "2318.32600", "2013-12-31": "2001.41900", "2012-12-31": "1881.65800", "2011-12-31": "1839.53800", "2010-12-31": "1741.32900", "2009-12-31": "1632.12500", "2008-12-31": "1735.44700", "2007-12-31": "1818.45600", "2006-12-31": "1404.92400", "2005-12-31": "1413.96500"}, "Gross Profit": {"2019-12-31": "760.57980", "2018-12-31": "760.32200", "2017-12-31": "722.77910", "2016-12-31": "676.85010", "2015-12-31": "674.58910", "2014-12-31": "675.68510", "2013-12-31": "549.04710", "2012-12-31": "522.77200", "2011-12-31": "476.50210", "2010-12-31": "449.22300", "2009-12-31": "421.39500", "2008-12-31": "420.17500", "2007-12-31": "466.84690", "2006-12-31": "347.96400", "2005-12-31": "303.04200"}, "Research And Development Expenses": {"2019-12-31": "", "2018-12-31": "", "2017-12-31": "", "2016-12-31": "", "2015-12-31": "", "2014-12-31": "", "2013-12-31": "", "2012-12-31": "", "2011-12-31": "", "2010-12-31": "", "2009-12-31": "", "2008-12-31": "", "2007-12-31": "", "2006-12-31": "", "2005-12-31": ""}, "SG&A Expenses": {"2019-12-31": "126.88600", "2018-12-31": "145.59600", "2017-12-31": "158.65100", "2016-12-31": "136.70800", "2015-12-31": "130.81300", "2014-12-31": "184.74900", "2013-12-31": "155.12800", "2012-12-31": "121.89100", "2011-12-31": "101.82600", "2010-12-31": "103.68900", "2009-12-31": "102.50100", "2008-12-31": "88.85100", "2007-12-31": "135.75300", "2006-12-31": "92.60300", "2005-12-31": "84.83400"}, "Other Operating Income Or Expenses": {"2019-12-31": "32.91900", "2018-12-31": "15.93300", "2017-12-31": "7.01500", "2016-12-31": "-26.81900", "2015-12-31": "6.52200", "2014-12-31": "116.61300", "2013-12-31": "-6.26300", "2012-12-31": "-1.51100", "2011-12-31": "-10.97700", "2010-12-31": "8.51200", "2009-12-31": "4.99300", "2008-12-31": "-38.65200", "2007-12-31": "15.07200", "2006-12-31": "-58.68300", "2005-12-31": "-26.09300"}, "Operating Expenses": {"2019-12-31": "2564.17200", "2018-12-31": "2559.51500", "2017-12-31": "2523.88800", "2016-12-31": "2517.81400", "2015-12-31": "2435.74300", "2014-12-31": "2386.46200", "2013-12-31": "2162.81000", "2012-12-31": "2005.06000", "2011-12-31": "1952.34100", "2010-12-31": "1836.50600", "2009-12-31": "1729.63300", "2008-12-31": "1862.95000", "2007-12-31": "1939.13700", "2006-12-31": "1556.21000", "2005-12-31": "1524.89200"}, "Operating Income": {"2019-12-31": "666.61280", "2018-12-31": "630.65920", "2017-12-31": "571.14310", "2016-12-31": "513.32300", "2015-12-31": "550.29810", "2014-12-31": "607.54910", "2013-12-31": "387.65630", "2012-12-31": "399.37000", "2011-12-31": "363.69900", "2010-12-31": "354.04600", "2009-12-31": "323.88710", "2008-12-31": "292.67210", "2007-12-31": "346.16590", "2006-12-31": "196.67800", "2005-12-31": "192.11500"}, "Total Non-Operating Income/Expense": {"2019-12-31": "-202.18100", "2018-12-31": "-188.92700", "2017-12-31": "-170.88500", "2016-12-31": "-186.66500", "2015-12-31": "-179.94700", "2014-12-31": "-204.94900", "2013-12-31": "-142.45000", "2012-12-31": "-154.08700", "2011-12-31": "-138.06300", "2010-12-31": "-134.58700", "2009-12-31": "-124.51900", "2008-12-31": "-129.37700", "2007-12-31": "40.82100", "2006-12-31": "-99.22900", "2005-12-31": "-104.98800"}, "Pre-Tax Income": {"2019-12-31": "464.43200", "2018-12-31": "441.73200", "2017-12-31": "400.25800", "2016-12-31": "326.65800", "2015-12-31": "370.35100", "2014-12-31": "402.60000", "2013-12-31": "245.20600", "2012-12-31": "245.28300", "2011-12-31": "225.63600", "2010-12-31": "219.45900", "2009-12-31": "199.36800", "2008-12-31": "163.29500", "2007-12-31": "386.98700", "2006-12-31": "97.44900", "2005-12-31": "87.12700"}, "Income Taxes": {"2019-12-31": "94.66100", "2018-12-31": "-5.82600", "2017-12-31": "-146.58900", "2016-12-31": "149.35300", "2015-12-31": "135.02700", "2014-12-31": "225.98000", "2013-12-31": "93.02400", "2012-12-31": "90.11100", "2011-12-31": "79.40400", "2010-12-31": "92.45800", "2009-12-31": "76.27500", "2008-12-31": "65.71700", "2007-12-31": "143.67000", "2006-12-31": "44.84500", "2005-12-31": "32.03600"}, "Income After Taxes": {"2019-12-31": "369.77100", "2018-12-31": "447.55800", "2017-12-31": "546.84700", "2016-12-31": "177.30500", "2015-12-31": "235.32400", "2014-12-31": "176.62000", "2013-12-31": "152.18200", "2012-12-31": "155.17200", "2011-12-31": "146.23200", "2010-12-31": "127.00100", "2009-12-31": "123.09300", "2008-12-31": "97.57800", "2007-12-31": "243.31700", "2006-12-31": "52.60400", "2005-12-31": "55.09100"}, "Other Income": {"2019-12-31": "", "2018-12-31": "", "2017-12-31": "", "2016-12-31": "", "2015-12-31": "", "2014-12-31": "", "2013-12-31": "", "2012-12-31": "", "2011-12-31": "", "2010-12-31": "", "2009-12-31": "", "2008-12-31": "", "2007-12-31": "", "2006-12-31": "", "2005-12-31": ""}, "Income From Continuous Operations": {"2019-12-31": "369.77100", "2018-12-31": "447.55800", "2017-12-31": "546.84700", "2016-12-31": "177.30500", "2015-12-31": "235.32400", "2014-12-31": "176.62000", "2013-12-31": "152.18200", "2012-12-31": "155.17200", "2011-12-31": "146.23200", "2010-12-31": "127.00100", "2009-12-31": "123.09300", "2008-12-31": "97.57800", "2007-12-31": "243.31700", "2006-12-31": "52.60400", "2005-12-31": "55.09100"}, "Income From Discontinued Operations": {"2019-12-31": "", "2018-12-31": "", "2017-12-31": "", "2016-12-31": "", "2015-12-31": "-0.39000", "2014-12-31": "2.18600", "2013-12-31": "0.40600", "2012-12-31": "0.26200", "2011-12-31": "", "2010-12-31": "", "2009-12-31": "", "2008-12-31": "-0.36200", "2007-12-31": "4.41200", "2006-12-31": "3.90700", "2005-12-31": "4.50600"}, "Net Income": {"2019-12-31": "369.59600", "2018-12-31": "447.20800", "2017-12-31": "546.66300", "2016-12-31": "177.03800", "2015-12-31": "233.77200", "2014-12-31": "172.46900", "2013-12-31": "147.33200", "2012-12-31": "153.84500", "2011-12-31": "144.90300", "2010-12-31": "126.41700", "2009-12-31": "123.09800", "2008-12-31": "97.08300", "2007-12-31": "247.72900", "2006-12-31": "56.51100", "2005-12-31": "-127.94100"}, "EBITDA": {"2019-12-31": "919.27280", "2018-12-31": "885.20320", "2017-12-31": "825.89510", "2016-12-31": "764.08300", "2015-12-31": "795.05410", "2014-12-31": "853.45510", "2013-12-31": "596.03720", "2012-12-31": "592.96600", "2011-12-31": "551.81900", "2010-12-31": "532.31800", "2009-12-31": "494.92610", "2008-12-31": "466.72810", "2007-12-31": "531.48290", "2006-12-31": "338.75300", "2005-12-31": "305.27400"}, "EBIT": {"2019-12-31": "666.61280", "2018-12-31": "630.65920", "2017-12-31": "571.14310", "2016-12-31": "513.32300", "2015-12-31": "550.29810", "2014-12-31": "607.54910", "2013-12-31": "387.65630", "2012-12-31": "399.37000", "2011-12-31": "363.69900", "2010-12-31": "354.04600", "2009-12-31": "323.88710", "2008-12-31": "292.67210", "2007-12-31": "346.16590", "2006-12-31": "196.67800", "2005-12-31": "192.11500"}, "Basic Shares Outstanding": {"2019-12-31": "182.24600", "2018-12-31": "182.44700", "2017-12-31": "187.63000", "2016-12-31": "193.08600", "2015-12-31": "200.35600", "2014-12-31": "210.74100", "2013-12-31": "211.81100", "2012-12-31": "215.71200", "2011-12-31": "234.24200", "2010-12-31": "248.87100", "2009-12-31": "251.70900", "2008-12-31": "258.10600", "2007-12-31": "285.69900", "2006-12-31": "292.85900", "2005-12-31": "302.21300"}, "Shares Outstanding": {"2019-12-31": "185.52300", "2018-12-31": "186.97200", "2017-12-31": "192.24600", "2016-12-31": "196.04200", "2015-12-31": "204.45000", "2014-12-31": "214.20000", "2013-12-31": "216.01400", "2012-12-31": "219.06600", "2011-12-31": "236.66900", "2010-12-31": "250.60200", "2009-12-31": "252.48400", "2008-12-31": "260.98300", "2007-12-31": "290.93600", "2006-12-31": "297.37100", "2005-12-31": "306.74500"}, "Basic EPS": {"2019-12-31": "2.03000", "2018-12-31": "2.45000", "2017-12-31": "2.91000", "2016-12-31": "0.92000", "2015-12-31": "1.17000", "2014-12-31": "0.82000", "2013-12-31": "0.70000", "2012-12-31": "0.71000", "2011-12-31": "0.62000", "2010-12-31": "0.51000", "2009-12-31": "0.49000", "2008-12-31": "0.38000", "2007-12-31": "0.87000", "2006-12-31": "0.19000", "2005-12-31": "-0.42000"}, "EPS - Earnings Per Share": {"2019-12-31": "1.99000", "2018-12-31": "2.39000", "2017-12-31": "2.84000", "2016-12-31": "0.90000", "2015-12-31": "1.14000", "2014-12-31": "0.81000", "2013-12-31": "0.68000", "2012-12-31": "0.70000", "2011-12-31": "0.61000", "2010-12-31": "0.50000", "2009-12-31": "0.49000", "2008-12-31": "0.37000", "2007-12-31": "0.85000", "2006-12-31": "0.19000", "2005-12-31": "-0.42000"}}, "income statement, quarterly": {"Revenue": {"2020-09-30": "918.24100", "2020-06-30": "820.03500", "2020-03-31": "802.96500", "2019-12-31": "850.75990", "2019-09-30": "769.24100", "2019-06-30": "812.57200", "2019-03-31": "798.21200", "2018-12-31": "820.81410", "2018-09-30": "778.78600", "2018-06-30": "796.09200", "2018-03-31": "794.48200", "2017-12-31": "812.73310", "2017-09-30": "731.34600", "2017-06-30": "773.24200", "2017-03-31": "777.71000", "2016-12-31": "809.05490", "2016-09-30": "721.46700", "2016-06-30": "751.39600", "2016-03-31": "749.21900", "2015-12-31": "769.11690", "2015-09-30": "714.45300", "2015-06-30": "754.35400", "2015-03-31": "748.11700", "2014-12-31": "783.44200", "2014-09-30": "718.31400", "2014-06-30": "746.76000", "2014-03-31": "745.49500", "2013-12-31": "665.29400", "2013-09-30": "608.58900", "2013-06-30": "624.23100", "2013-03-31": "652.35200", "2012-12-31": "623.37000", "2012-09-30": "581.18200", "2012-06-30": "597.37200", "2012-03-31": "602.50600", "2011-12-31": "586.56810", "2011-09-30": "572.99900", "2011-06-30": "576.77400", "2011-03-31": "579.69900", "2010-12-31": "571.25100", "2010-09-30": "533.16500", "2010-06-30": "555.27300", "2010-03-31": "530.86300", "2009-12-31": "531.75900", "2009-09-30": "497.21700", "2009-06-30": "513.94900", "2009-03-31": "510.59500", "2008-12-31": "516.95010", "2008-09-30": "516.43900", "2008-06-30": "548.78200", "2008-03-31": "573.45100", "2007-12-31": "572.92210", "2007-09-30": "539.33400", "2007-06-30": "565.49200", "2007-03-31": "607.55500", "2006-12-31": "479.09790", "2006-09-30": "400.38900", "2006-06-30": "431.40000", "2006-03-31": "442.00100", "2005-12-31": "431.35390", "2005-09-30": "406.36900", "2005-06-30": "431.84200", "2005-03-31": "447.44200"}, "Cost Of Goods Sold": {"2020-09-30": "654.58500", "2020-06-30": "601.26800", "2020-03-31": "623.92100", "2019-12-31": "632.89200", "2019-09-30": "609.50900", "2019-06-30": "621.42600", "2019-03-31": "606.37800", "2018-12-31": "610.55100", "2018-09-30": "612.61600", "2018-06-30": "607.96500", "2018-03-31": "598.72000", "2017-12-31": "600.48690", "2017-09-30": "581.57000", "2017-06-30": "589.72400", "2017-03-31": "600.47100", "2016-12-31": "597.86190", "2016-09-30": "580.72200", "2016-06-30": "589.40700", "2016-03-31": "586.29600", "2015-12-31": "579.90810", "2015-09-30": "572.77400", "2015-06-30": "588.09700", "2015-03-31": "570.67300", "2014-12-31": "578.16100", "2014-09-30": "570.01600", "2014-06-30": "590.71600", "2014-03-31": "579.43300", "2013-12-31": "517.69200", "2013-09-30": "492.78400", "2013-06-30": "498.24800", "2013-03-31": "492.69500", "2012-12-31": "477.62500", "2012-09-30": "459.91100", "2012-06-30": "469.18300", "2012-03-31": "474.93900", "2011-12-31": "458.58500", "2011-09-30": "465.94900", "2011-06-30": "461.75100", "2011-03-31": "453.25300", "2010-12-31": "446.33110", "2010-09-30": "430.51800", "2010-06-30": "445.97500", "2010-03-31": "418.50500", "2009-12-31": "413.47200", "2009-09-30": "396.05400", "2009-06-30": "412.12400", "2009-03-31": "410.47500", "2008-12-31": "423.80100", "2008-09-30": "434.17100", "2008-06-30": "441.62100", "2008-03-31": "435.85400", "2007-12-31": "452.81210", "2007-09-30": "436.81900", "2007-06-30": "462.25300", "2007-03-31": "466.57200", "2006-12-31": "377.06400", "2006-09-30": "327.34100", "2006-06-30": "347.21200", "2006-03-31": "353.30700", "2005-12-31": "357.42600", "2005-09-30": "347.52600", "2005-06-30": "358.79800", "2005-03-31": "350.21500"}, "Gross Profit": {"2020-09-30": "263.65600", "2020-06-30": "218.76700", "2020-03-31": "179.04410", "2019-12-31": "217.86790", "2019-09-30": "159.73210", "2019-06-30": "191.14600", "2019-03-31": "191.83400", "2018-12-31": "210.26320", "2018-09-30": "166.17000", "2018-06-30": "188.12700", "2018-03-31": "195.76200", "2017-12-31": "212.24620", "2017-09-30": "149.77600", "2017-06-30": "183.51800", "2017-03-31": "177.23900", "2016-12-31": "211.19300", "2016-09-30": "140.74500", "2016-06-30": "161.98900", "2016-03-31": "162.92300", "2015-12-31": "189.20880", "2015-09-30": "141.67900", "2015-06-30": "166.25700", "2015-03-31": "177.44400", "2014-12-31": "205.28100", "2014-09-30": "148.29800", "2014-06-30": "156.04400", "2014-03-31": "166.06200", "2013-12-31": "147.60200", "2013-09-30": "115.80500", "2013-06-30": "125.98300", "2013-03-31": "159.65700", "2012-12-31": "145.74500", "2012-09-30": "121.27100", "2012-06-30": "128.18900", "2012-03-31": "127.56700", "2011-12-31": "127.98310", "2011-09-30": "107.05000", "2011-06-30": "115.02300", "2011-03-31": "126.44600", "2010-12-31": "124.92000", "2010-09-30": "102.64700", "2010-06-30": "109.29800", "2010-03-31": "112.35800", "2009-12-31": "118.28700", "2009-09-30": "101.16300", "2009-06-30": "101.82500", "2009-03-31": "100.12000", "2008-12-31": "93.14910", "2008-09-30": "82.26800", "2008-06-30": "107.16100", "2008-03-31": "137.59700", "2007-12-31": "120.11000", "2007-09-30": "102.51500", "2007-06-30": "103.23900", "2007-03-31": "140.98300", "2006-12-31": "102.03390", "2006-09-30": "73.04800", "2006-06-30": "84.18800", "2006-03-31": "88.69400", "2005-12-31": "73.92790", "2005-09-30": "58.84300", "2005-06-30": "73.04400", "2005-03-31": "97.22700"}, "Research And Development Expenses": {"2020-09-30": "", "2020-06-30": "", "2020-03-31": "", "2019-12-31": "", "2019-09-30": "", "2019-06-30": "", "2019-03-31": "", "2018-12-31": "", "2018-09-30": "", "2018-06-30": "", "2018-03-31": "", "2017-12-31": "", "2017-09-30": "", "2017-06-30": "", "2017-03-31": "", "2016-12-31": "", "2016-09-30": "", "2016-06-30": "", "2016-03-31": "", "2015-12-31": "", "2015-09-30": "", "2015-06-30": "", "2015-03-31": "", "2014-12-31": "", "2014-09-30": "", "2014-06-30": "", "2014-03-31": "", "2013-12-31": "", "2013-09-30": "", "2013-06-30": "", "2013-03-31": "", "2012-12-31": "", "2012-09-30": "", "2012-06-30": "", "2012-03-31": "", "2011-12-31": "", "2011-09-30": "", "2011-06-30": "", "2011-03-31": "", "2010-12-31": "", "2010-09-30": "", "2010-06-30": "", "2010-03-31": "", "2009-12-31": "", "2009-09-30": "", "2009-06-30": "", "2009-03-31": "", "2008-12-31": "", "2008-09-30": "", "2008-06-30": "", "2008-03-31": "", "2007-12-31": "", "2007-09-30": "", "2007-06-30": "", "2007-03-31": "", "2006-12-31": "", "2006-09-30": "", "2006-06-30": "", "2006-03-31": "", "2005-12-31": "", "2005-09-30": "", "2005-06-30": "", "2005-03-31": ""}, "SG&A Expenses": {"2020-09-30": "40.98600", "2020-06-30": "37.16900", "2020-03-31": "31.81300", "2019-12-31": "25.02200", "2019-09-30": "29.66800", "2019-06-30": "29.21800", "2019-03-31": "42.97800", "2018-12-31": "38.60600", "2018-09-30": "41.07000", "2018-06-30": "31.13600", "2018-03-31": "34.78400", "2017-12-31": "37.00700", "2017-09-30": "38.99200", "2017-06-30": "40.36900", "2017-03-31": "42.28300", "2016-12-31": "34.03900", "2016-09-30": "26.91600", "2016-06-30": "36.84900", "2016-03-31": "38.90400", "2015-12-31": "35.27300", "2015-09-30": "27.89500", "2015-06-30": "33.09500", "2015-03-31": "34.55000", "2014-12-31": "42.86400", "2014-09-30": "39.74800", "2014-06-30": "46.30700", "2014-03-31": "55.83000", "2013-12-31": "59.08600", "2013-09-30": "33.74000", "2013-06-30": "31.37900", "2013-03-31": "30.92300", "2012-12-31": "39.96400", "2012-09-30": "26.41000", "2012-06-30": "29.55800", "2012-03-31": "25.95900", "2011-12-31": "24.44500", "2011-09-30": "23.86300", "2011-06-30": "24.68500", "2011-03-31": "28.83300", "2010-12-31": "23.60300", "2010-09-30": "26.86000", "2010-06-30": "26.97400", "2010-03-31": "26.25200", "2009-12-31": "33.28800", "2009-09-30": "20.96100", "2009-06-30": "26.46600", "2009-03-31": "21.78600", "2008-12-31": "26.01100", "2008-09-30": "16.11000", "2008-06-30": "21.65500", "2008-03-31": "25.07500", "2007-12-31": "38.29700", "2007-09-30": "32.06900", "2007-06-30": "30.15900", "2007-03-31": "35.22800", "2006-12-31": "28.71800", "2006-09-30": "20.95600", "2006-06-30": "20.92200", "2006-03-31": "22.00700", "2005-12-31": "22.88900", "2005-09-30": "19.74400", "2005-06-30": "22.48500", "2005-03-31": "19.71600"}, "Other Operating Income Or Expenses": {"2020-09-30": "0.54300", "2020-06-30": "0.73700", "2020-03-31": "4.54500", "2019-12-31": "48.09900", "2019-09-30": "-1.47900", "2019-06-30": "-11.82300", "2019-03-31": "-1.87800", "2018-12-31": "1.05300", "2018-09-30": "7.20300", "2018-06-30": "4.96300", "2018-03-31": "2.71400", "2017-12-31": "2.76000", "2017-09-30": "-1.43300", "2017-06-30": "0.75300", "2017-03-31": "4.93500", "2016-12-31": "3.61200", "2016-09-30": "0.55700", "2016-06-30": "-30.64100", "2016-03-31": "-0.34700", "2015-12-31": "3.11900", "2015-09-30": "10.76400", "2015-06-30": "-5.58200", "2015-03-31": "-1.77900", "2014-12-31": "57.86100", "2014-09-30": "26.57000", "2014-06-30": "34.99400", "2014-03-31": "-2.81200", "2013-12-31": "-0.73000", "2013-09-30": "0.98100", "2013-06-30": "-5.54500", "2013-03-31": "-0.96900", "2012-12-31": "-2.39400", "2012-09-30": "0.31500", "2012-06-30": "1.05800", "2012-03-31": "-0.49000", "2011-12-31": "4.28700", "2011-09-30": "-5.00100", "2011-06-30": "-9.84300", "2011-03-31": "-0.42000", "2010-12-31": "2.68100", "2010-09-30": "-7.29100", "2010-06-30": "13.60200", "2010-03-31": "-0.48000", "2009-12-31": "6.27300", "2009-09-30": "-2.22100", "2009-06-30": "-6.28900", "2009-03-31": "7.23000", "2008-12-31": "-6.20100", "2008-09-30": "-17.13200", "2008-06-30": "-2.16700", "2008-03-31": "-13.15200", "2007-12-31": "8.12300", "2007-09-30": "4.88600", "2007-06-30": "9.74300", "2007-03-31": "-7.68000", "2006-12-31": "-20.54200", "2006-09-30": "-30.75000", "2006-06-30": "-2.88100", "2006-03-31": "-4.51000", "2005-12-31": "2.56600", "2005-09-30": "-27.44600", "2005-06-30": "4.52800", "2005-03-31": "-5.74100"}, "Operating Expenses": {"2020-09-30": "695.02800", "2020-06-30": "637.70000", "2020-03-31": "651.18900", "2019-12-31": "609.81510", "2019-09-30": "640.65600", "2019-06-30": "662.46700", "2019-03-31": "651.23400", "2018-12-31": "648.10380", "2018-09-30": "646.48300", "2018-06-30": "634.13800", "2018-03-31": "630.79000", "2017-12-31": "634.73390", "2017-09-30": "621.99500", "2017-06-30": "629.34000", "2017-03-31": "637.81900", "2016-12-31": "628.28890", "2016-09-30": "607.08100", "2016-06-30": "656.89700", "2016-03-31": "625.54700", "2015-12-31": "612.06200", "2015-09-30": "589.90500", "2015-06-30": "626.77400", "2015-03-31": "607.00200", "2014-12-31": "563.16400", "2014-09-30": "583.19400", "2014-06-30": "602.02900", "2014-03-31": "638.07500", "2013-12-31": "577.50790", "2013-09-30": "525.54300", "2013-06-30": "535.17200", "2013-03-31": "524.58700", "2012-12-31": "519.98300", "2012-09-30": "486.00600", "2012-06-30": "497.68300", "2012-03-31": "501.38800", "2011-12-31": "478.74310", "2011-09-30": "494.81300", "2011-06-30": "496.27900", "2011-03-31": "482.50600", "2010-12-31": "467.25300", "2010-09-30": "464.66900", "2010-06-30": "459.34700", "2010-03-31": "445.23700", "2009-12-31": "440.48690", "2009-09-30": "419.23600", "2009-06-30": "444.87900", "2009-03-31": "425.03100", "2008-12-31": "456.01300", "2008-09-30": "467.41300", "2008-06-30": "465.44300", "2008-03-31": "474.08100", "2007-12-31": "482.98610", "2007-09-30": "464.00200", "2007-06-30": "482.66900", "2007-03-31": "509.48000", "2006-12-31": "426.32390", "2006-09-30": "379.04700", "2006-06-30": "371.01500", "2006-03-31": "379.82400", "2005-12-31": "377.74900", "2005-09-30": "394.71600", "2005-06-30": "376.75500", "2005-03-31": "375.67200"}, "Operating Income": {"2020-09-30": "223.21300", "2020-06-30": "182.33500", "2020-03-31": "151.77610", "2019-12-31": "240.94490", "2019-09-30": "128.58500", "2019-06-30": "150.10500", "2019-03-31": "146.97800", "2018-12-31": "172.71040", "2018-09-30": "132.30300", "2018-06-30": "161.95400", "2018-03-31": "163.69200", "2017-12-31": "177.99910", "2017-09-30": "109.35100", "2017-06-30": "143.90200", "2017-03-31": "139.89100", "2016-12-31": "180.76600", "2016-09-30": "114.38600", "2016-06-30": "94.49900", "2016-03-31": "123.67200", "2015-12-31": "157.05490", "2015-09-30": "124.54800", "2015-06-30": "127.58000", "2015-03-31": "141.11510", "2014-12-31": "220.27800", "2014-09-30": "135.12010", "2014-06-30": "144.73100", "2014-03-31": "107.42000", "2013-12-31": "87.78610", "2013-09-30": "83.04600", "2013-06-30": "89.05900", "2013-03-31": "127.76500", "2012-12-31": "103.38700", "2012-09-30": "95.17600", "2012-06-30": "99.68900", "2012-03-31": "101.11800", "2011-12-31": "107.82500", "2011-09-30": "78.18600", "2011-06-30": "80.49500", "2011-03-31": "97.19300", "2010-12-31": "103.99810", "2010-09-30": "68.49600", "2010-06-30": "95.92600", "2010-03-31": "85.62600", "2009-12-31": "91.27210", "2009-09-30": "77.98100", "2009-06-30": "69.07000", "2009-03-31": "85.56400", "2008-12-31": "60.93720", "2008-09-30": "49.02600", "2008-06-30": "83.33900", "2008-03-31": "99.37000", "2007-12-31": "89.93600", "2007-09-30": "75.33200", "2007-06-30": "82.82300", "2007-03-31": "98.07500", "2006-12-31": "52.77390", "2006-09-30": "21.34200", "2006-06-30": "60.38500", "2006-03-31": "62.17700", "2005-12-31": "53.60490", "2005-09-30": "11.65300", "2005-06-30": "55.08700", "2005-03-31": "71.77000"}, "Total Non-Operating Income/Expense": {"2020-09-30": "-58.37000", "2020-06-30": "-40.61200", "2020-03-31": "-45.73700", "2019-12-31": "-45.77300", "2019-09-30": "-55.71600", "2019-06-30": "-54.02200", "2019-03-31": "-46.67000", "2018-12-31": "-46.69800", "2018-09-30": "-46.26700", "2018-06-30": "-42.63900", "2018-03-31": "-53.32300", "2017-12-31": "-44.36300", "2017-09-30": "-42.77300", "2017-06-30": "-42.38400", "2017-03-31": "-41.36500", "2016-12-31": "-41.47700", "2016-09-30": "-39.42300", "2016-06-30": "-61.86000", "2016-03-31": "-43.90500", "2015-12-31": "-43.35600", "2015-09-30": "-50.50300", "2015-06-30": "-43.09100", "2015-03-31": "-42.99700", "2014-12-31": "-42.68700", "2014-09-30": "-43.38500", "2014-06-30": "-75.41500", "2014-03-31": "-43.46200", "2013-12-31": "-38.31700", "2013-09-30": "-37.41300", "2013-06-30": "-32.96700", "2013-03-31": "-33.75300", "2012-12-31": "-57.03800", "2012-09-30": "-31.25100", "2012-06-30": "-36.11500", "2012-03-31": "-29.68300", "2011-12-31": "-35.05200", "2011-09-30": "-34.14400", "2011-06-30": "-35.66800", "2011-03-31": "-33.19900", "2010-12-31": "-32.02600", "2010-09-30": "-39.87500", "2010-06-30": "-28.50100", "2010-03-31": "-34.18500", "2009-12-31": "-36.43200", "2009-09-30": "-28.01600", "2009-06-30": "-29.16800", "2009-03-31": "-30.90300", "2008-12-31": "-32.21600", "2008-09-30": "-33.09400", "2008-06-30": "-31.17000", "2008-03-31": "-32.89700", "2007-12-31": "154.08000", "2007-09-30": "-32.42500", "2007-06-30": "-40.97300", "2007-03-31": "-39.86100", "2006-12-31": "-46.11100", "2006-09-30": "-13.73900", "2006-06-30": "-19.62400", "2006-03-31": "-19.75500", "2005-12-31": "-25.43600", "2005-09-30": "-21.72700", "2005-06-30": "-34.81000", "2005-03-31": "-23.01500"}, "Pre-Tax Income": {"2020-09-30": "164.84300", "2020-06-30": "141.72300", "2020-03-31": "106.03900", "2019-12-31": "195.17200", "2019-09-30": "72.86900", "2019-06-30": "96.08300", "2019-03-31": "100.30800", "2018-12-31": "126.01200", "2018-09-30": "86.03600", "2018-06-30": "119.31500", "2018-03-31": "110.36900", "2017-12-31": "133.63600", "2017-09-30": "66.57800", "2017-06-30": "101.51800", "2017-03-31": "98.52600", "2016-12-31": "139.28900", "2016-09-30": "74.96300", "2016-06-30": "32.63900", "2016-03-31": "79.76700", "2015-12-31": "113.69900", "2015-09-30": "74.04500", "2015-06-30": "84.48900", "2015-03-31": "98.11800", "2014-12-31": "177.59100", "2014-09-30": "91.73500", "2014-06-30": "69.31600", "2014-03-31": "63.95800", "2013-12-31": "49.46900", "2013-09-30": "45.63300", "2013-06-30": "56.09200", "2013-03-31": "94.01200", "2012-12-31": "46.34900", "2012-09-30": "63.92500", "2012-06-30": "63.57400", "2012-03-31": "71.43500", "2011-12-31": "72.77300", "2011-09-30": "44.04200", "2011-06-30": "44.82700", "2011-03-31": "63.99400", "2010-12-31": "71.97200", "2010-09-30": "28.62100", "2010-06-30": "67.42500", "2010-03-31": "51.44100", "2009-12-31": "54.84000", "2009-09-30": "49.96500", "2009-06-30": "39.90200", "2009-03-31": "54.66100", "2008-12-31": "28.72100", "2008-09-30": "15.93200", "2008-06-30": "52.16900", "2008-03-31": "66.47300", "2007-12-31": "244.01600", "2007-09-30": "42.90700", "2007-06-30": "41.85000", "2007-03-31": "58.21400", "2006-12-31": "6.66300", "2006-09-30": "7.60300", "2006-06-30": "40.76100", "2006-03-31": "42.42200", "2005-12-31": "28.16900", "2005-09-30": "-10.07400", "2005-06-30": "20.27700", "2005-03-31": "48.75500"}, "Income Taxes": {"2020-09-30": "37.35100", "2020-06-30": "36.17000", "2020-03-31": "24.03800", "2019-12-31": "47.99900", "2019-09-30": "1.99700", "2019-06-30": "23.57000", "2019-03-31": "21.09500", "2018-12-31": "-67.22400", "2018-09-30": "17.04300", "2018-06-30": "16.03400", "2018-03-31": "28.32100", "2017-12-31": "-113.75900", "2017-09-30": "10.43700", "2017-06-30": "32.95600", "2017-03-31": "-76.22300", "2016-12-31": "72.87200", "2016-09-30": "27.42200", "2016-06-30": "16.74600", "2016-03-31": "32.31300", "2015-12-31": "41.24900", "2015-09-30": "26.11800", "2015-06-30": "31.00700", "2015-03-31": "36.65300", "2014-12-31": "90.98200", "2014-09-30": "74.93400", "2014-06-30": "37.35700", "2014-03-31": "22.70700", "2013-12-31": "17.72900", "2013-09-30": "18.40700", "2013-06-30": "21.59800", "2013-03-31": "35.29000", "2012-12-31": "18.92800", "2012-09-30": "22.12800", "2012-06-30": "25.93500", "2012-03-31": "23.12000", "2011-12-31": "28.22300", "2011-09-30": "9.02700", "2011-06-30": "18.08900", "2011-03-31": "24.06500", "2010-12-31": "35.20300", "2010-09-30": "9.94100", "2010-06-30": "27.19800", "2010-03-31": "20.11600", "2009-12-31": "20.26900", "2009-09-30": "19.40300", "2009-06-30": "16.32200", "2009-03-31": "20.28100", "2008-12-31": "19.19300", "2008-09-30": "1.16000", "2008-06-30": "20.39500", "2008-03-31": "24.96900", "2007-12-31": "77.17000", "2007-09-30": "14.06200", "2007-06-30": "28.94100", "2007-03-31": "23.49700", "2006-12-31": "8.99900", "2006-09-30": "4.79700", "2006-06-30": "15.40400", "2006-03-31": "15.64500", "2005-12-31": "6.03000", "2005-09-30": "-0.88500", "2005-06-30": "9.55300", "2005-03-31": "17.33800"}, "Income After Taxes": {"2020-09-30": "127.49200", "2020-06-30": "105.55300", "2020-03-31": "82.00100", "2019-12-31": "147.17300", "2019-09-30": "70.87200", "2019-06-30": "72.51300", "2019-03-31": "79.21300", "2018-12-31": "193.23600", "2018-09-30": "68.99300", "2018-06-30": "103.28100", "2018-03-31": "82.04800", "2017-12-31": "247.39500", "2017-09-30": "56.14100", "2017-06-30": "68.56200", "2017-03-31": "174.74900", "2016-12-31": "66.41700", "2016-09-30": "47.54100", "2016-06-30": "15.89300", "2016-03-31": "47.45400", "2015-12-31": "72.45000", "2015-09-30": "47.92700", "2015-06-30": "53.48200", "2015-03-31": "61.46500", "2014-12-31": "86.60900", "2014-09-30": "16.80100", "2014-06-30": "31.95900", "2014-03-31": "41.25100", "2013-12-31": "31.74000", "2013-09-30": "27.22600", "2013-06-30": "34.49400", "2013-03-31": "58.72200", "2012-12-31": "27.42100", "2012-09-30": "41.79700", "2012-06-30": "37.63900", "2012-03-31": "48.31500", "2011-12-31": "44.55000", "2011-09-30": "35.01500", "2011-06-30": "26.73800", "2011-03-31": "39.92900", "2010-12-31": "36.76900", "2010-09-30": "18.68000", "2010-06-30": "40.22700", "2010-03-31": "31.32500", "2009-12-31": "34.57100", "2009-09-30": "30.56200", "2009-06-30": "23.58000", "2009-03-31": "34.38000", "2008-12-31": "9.52800", "2008-09-30": "14.77200", "2008-06-30": "31.77400", "2008-03-31": "41.50400", "2007-12-31": "166.84600", "2007-09-30": "28.84500", "2007-06-30": "12.90900", "2007-03-31": "34.71700", "2006-12-31": "-2.33600", "2006-09-30": "2.80600", "2006-06-30": "25.35700", "2006-03-31": "26.77700", "2005-12-31": "22.13900", "2005-09-30": "-9.18900", "2005-06-30": "10.72400", "2005-03-31": "31.41700"}, "Other Income": {"2020-09-30": "", "2020-06-30": "", "2020-03-31": "", "2019-12-31": "", "2019-09-30": "", "2019-06-30": "", "2019-03-31": "", "2018-12-31": "", "2018-09-30": "", "2018-06-30": "", "2018-03-31": "", "2017-12-31": "", "2017-09-30": "", "2017-06-30": "", "2017-03-31": "", "2016-12-31": "", "2016-09-30": "", "2016-06-30": "", "2016-03-31": "", "2015-12-31": "", "2015-09-30": "", "2015-06-30": "", "2015-03-31": "", "2014-12-31": "", "2014-09-30": "", "2014-06-30": "", "2014-03-31": "", "2013-12-31": "", "2013-09-30": "", "2013-06-30": "", "2013-03-31": "", "2012-12-31": "", "2012-09-30": "", "2012-06-30": "", "2012-03-31": "", "2011-12-31": "", "2011-09-30": "", "2011-06-30": "", "2011-03-31": "", "2010-12-31": "", "2010-09-30": "", "2010-06-30": "", "2010-03-31": "", "2009-12-31": "", "2009-09-30": "", "2009-06-30": "", "2009-03-31": "", "2008-12-31": "", "2008-09-30": "", "2008-06-30": "", "2008-03-31": "", "2007-12-31": "", "2007-09-30": "", "2007-06-30": "", "2007-03-31": "", "2006-12-31": "", "2006-09-30": "", "2006-06-30": "", "2006-03-31": "", "2005-12-31": "", "2005-09-30": "", "2005-06-30": "", "2005-03-31": ""}, "Income From Continuous Operations": {"2020-09-30": "127.49200", "2020-06-30": "105.55300", "2020-03-31": "82.00100", "2019-12-31": "147.17300", "2019-09-30": "70.87200", "2019-06-30": "72.51300", "2019-03-31": "79.21300", "2018-12-31": "193.23600", "2018-09-30": "68.99300", "2018-06-30": "103.28100", "2018-03-31": "82.04800", "2017-12-31": "247.39500", "2017-09-30": "56.14100", "2017-06-30": "68.56200", "2017-03-31": "174.74900", "2016-12-31": "66.41700", "2016-09-30": "47.54100", "2016-06-30": "15.89300", "2016-03-31": "47.45400", "2015-12-31": "72.45000", "2015-09-30": "47.92700", "2015-06-30": "53.48200", "2015-03-31": "61.46500", "2014-12-31": "86.60900", "2014-09-30": "16.80100", "2014-06-30": "31.95900", "2014-03-31": "41.25100", "2013-12-31": "31.74000", "2013-09-30": "27.22600", "2013-06-30": "34.49400", "2013-03-31": "58.72200", "2012-12-31": "27.42100", "2012-09-30": "41.79700", "2012-06-30": "37.63900", "2012-03-31": "48.31500", "2011-12-31": "44.55000", "2011-09-30": "35.01500", "2011-06-30": "26.73800", "2011-03-31": "39.92900", "2010-12-31": "36.76900", "2010-09-30": "18.68000", "2010-06-30": "40.22700", "2010-03-31": "31.32500", "2009-12-31": "34.57100", "2009-09-30": "30.56200", "2009-06-30": "23.58000", "2009-03-31": "34.38000", "2008-12-31": "9.52800", "2008-09-30": "14.77200", "2008-06-30": "31.77400", "2008-03-31": "41.50400", "2007-12-31": "166.84600", "2007-09-30": "28.84500", "2007-06-30": "12.90900", "2007-03-31": "34.71700", "2006-12-31": "-2.33600", "2006-09-30": "2.80600", "2006-06-30": "25.35700", "2006-03-31": "26.77700", "2005-12-31": "22.13900", "2005-09-30": "-9.18900", "2005-06-30": "10.72400", "2005-03-31": "31.41700"}, "Income From Discontinued Operations": {"2020-09-30": "", "2020-06-30": "", "2020-03-31": "", "2019-12-31": "", "2019-09-30": "", "2019-06-30": "", "2019-03-31": "", "2018-12-31": "", "2018-09-30": "", "2018-06-30": "", "2018-03-31": "", "2017-12-31": "", "2017-09-30": "", "2017-06-30": "", "2017-03-31": "", "2016-12-31": "", "2016-09-30": "", "2016-06-30": "", "2016-03-31": "", "2015-12-31": "", "2015-09-30": "", "2015-06-30": "-0.39000", "2015-03-31": "", "2014-12-31": "1.34000", "2014-09-30": "0.88400", "2014-06-30": "-0.17800", "2014-03-31": "0.14000", "2013-12-31": "0.29700", "2013-09-30": "0.16800", "2013-06-30": "-0.05900", "2013-03-31": "", "2012-12-31": "", "2012-09-30": "", "2012-06-30": "", "2012-03-31": "", "2011-12-31": "", "2011-09-30": "", "2011-06-30": "", "2011-03-31": "", "2010-12-31": "", "2010-09-30": "", "2010-06-30": "", "2010-03-31": "", "2009-12-31": "", "2009-09-30": "", "2009-06-30": "", "2009-03-31": "", "2008-12-31": "0.00000", "2008-09-30": "", "2008-06-30": "-0.37700", "2008-03-31": "0.01500", "2007-12-31": "-0.04700", "2007-09-30": "-0.67500", "2007-06-30": "2.20900", "2007-03-31": "2.92500", "2006-12-31": "3.10600", "2006-09-30": "0.55900", "2006-06-30": "0.09300", "2006-03-31": "0.14900", "2005-12-31": "0.68100", "2005-09-30": "-0.46300", "2005-06-30": "3.11300", "2005-03-31": "1.17500"}, "Net Income": {"2020-09-30": "127.41500", "2020-06-30": "105.50800", "2020-03-31": "81.94100", "2019-12-31": "147.15200", "2019-09-30": "70.79200", "2019-06-30": "72.32900", "2019-03-31": "79.32300", "2018-12-31": "193.04600", "2018-09-30": "68.93500", "2018-06-30": "103.23900", "2018-03-31": "81.98800", "2017-12-31": "247.31600", "2017-09-30": "56.16400", "2017-06-30": "68.48100", "2017-03-31": "174.70200", "2016-12-31": "66.24600", "2016-09-30": "47.72700", "2016-06-30": "15.62000", "2016-03-31": "47.44500", "2015-12-31": "72.35400", "2015-09-30": "47.44800", "2015-06-30": "52.59500", "2015-03-31": "61.37500", "2014-12-31": "87.79400", "2014-09-30": "17.65100", "2014-06-30": "25.92200", "2014-03-31": "41.10200", "2013-12-31": "29.31800", "2013-09-30": "26.77900", "2013-06-30": "33.61500", "2013-03-31": "57.62000", "2012-12-31": "27.68200", "2012-09-30": "41.06200", "2012-06-30": "37.07600", "2012-03-31": "48.02500", "2011-12-31": "44.55000", "2011-09-30": "35.49600", "2011-06-30": "26.09300", "2011-03-31": "38.76400", "2010-12-31": "36.45500", "2010-09-30": "18.76500", "2010-06-30": "40.28500", "2010-03-31": "30.91200", "2009-12-31": "34.30200", "2009-09-30": "31.16200", "2009-06-30": "23.10400", "2009-03-31": "34.53000", "2008-12-31": "9.52800", "2008-09-30": "14.63900", "2008-06-30": "31.39700", "2008-03-31": "41.51900", "2007-12-31": "166.79900", "2007-09-30": "28.17000", "2007-06-30": "15.11800", "2007-03-31": "37.64200", "2006-12-31": "0.77000", "2006-09-30": "3.36500", "2006-06-30": "25.45000", "2006-03-31": "26.92600", "2005-12-31": "22.82000", "2005-09-30": "-9.65200", "2005-06-30": "13.83700", "2005-03-31": "-154.94600"}, "EBITDA": {"2020-09-30": "294.39400", "2020-06-30": "247.11900", "2020-03-31": "210.14510", "2019-12-31": "308.55690", "2019-09-30": "189.22400", "2019-06-30": "212.97900", "2019-03-31": "208.51300", "2018-12-31": "237.54840", "2018-09-30": "197.46500", "2018-06-30": "226.07100", "2018-03-31": "224.11900", "2017-12-31": "247.31020", "2017-09-30": "171.80900", "2017-06-30": "206.68400", "2017-03-31": "200.09200", "2016-12-31": "252.80600", "2016-09-30": "174.35100", "2016-06-30": "154.53900", "2016-03-31": "182.38700", "2015-12-31": "226.81590", "2015-09-30": "183.76900", "2015-06-30": "187.10900", "2015-03-31": "197.36000", "2014-12-31": "285.38100", "2014-09-30": "196.14410", "2014-06-30": "205.22700", "2014-03-31": "166.70300", "2013-12-31": "151.82410", "2013-09-30": "132.84200", "2013-06-30": "137.14100", "2013-03-31": "174.23000", "2012-12-31": "154.52100", "2012-09-30": "142.96000", "2012-06-30": "147.91400", "2012-03-31": "147.57100", "2011-12-31": "156.93700", "2011-09-30": "125.52300", "2011-06-30": "125.79700", "2011-03-31": "143.56200", "2010-12-31": "149.11710", "2010-09-30": "114.51800", "2010-06-30": "141.04700", "2010-03-31": "127.63590", "2009-12-31": "139.09310", "2009-09-30": "119.27200", "2009-06-30": "109.58900", "2009-03-31": "126.97200", "2008-12-31": "106.08720", "2008-09-30": "91.53500", "2008-06-30": "128.15500", "2008-03-31": "140.95100", "2007-12-31": "135.54200", "2007-09-30": "119.82700", "2007-06-30": "130.24400", "2007-03-31": "145.87000", "2006-12-31": "92.75690", "2006-09-30": "59.95100", "2006-06-30": "92.90700", "2006-03-31": "93.13800", "2005-12-31": "103.18690", "2005-09-30": "33.65300", "2005-06-30": "76.12800", "2005-03-31": "92.30600"}, "EBIT": {"2020-09-30": "223.21300", "2020-06-30": "182.33500", "2020-03-31": "151.77610", "2019-12-31": "240.94480", "2019-09-30": "128.58500", "2019-06-30": "150.10500", "2019-03-31": "146.97800", "2018-12-31": "172.71030", "2018-09-30": "132.30300", "2018-06-30": "161.95400", "2018-03-31": "163.69200", "2017-12-31": "177.99910", "2017-09-30": "109.35100", "2017-06-30": "143.90200", "2017-03-31": "139.89100", "2016-12-31": "180.76600", "2016-09-30": "114.38600", "2016-06-30": "94.49900", "2016-03-31": "123.67200", "2015-12-31": "157.05510", "2015-09-30": "124.54800", "2015-06-30": "127.58000", "2015-03-31": "141.11510", "2014-12-31": "220.27800", "2014-09-30": "135.12010", "2014-06-30": "144.73100", "2014-03-31": "107.42000", "2013-12-31": "87.78620", "2013-09-30": "83.04600", "2013-06-30": "89.05900", "2013-03-31": "127.76500", "2012-12-31": "103.38700", "2012-09-30": "95.17600", "2012-06-30": "99.68900", "2012-03-31": "101.11800", "2011-12-31": "107.82500", "2011-09-30": "78.18600", "2011-06-30": "80.49500", "2011-03-31": "97.19300", "2010-12-31": "103.99810", "2010-09-30": "68.49600", "2010-06-30": "95.92600", "2010-03-31": "85.62600", "2009-12-31": "91.27210", "2009-09-30": "77.98100", "2009-06-30": "69.07000", "2009-03-31": "85.56400", "2008-12-31": "60.93710", "2008-09-30": "49.02600", "2008-06-30": "83.33900", "2008-03-31": "99.37000", "2007-12-31": "89.93590", "2007-09-30": "75.33200", "2007-06-30": "82.82300", "2007-03-31": "98.07500", "2006-12-31": "52.77400", "2006-09-30": "21.34200", "2006-06-30": "60.38500", "2006-03-31": "62.17700", "2005-12-31": "53.60500", "2005-09-30": "11.65300", "2005-06-30": "55.08700", "2005-03-31": "71.77000"}, "Basic Shares Outstanding": {"2020-09-30": "175.98200", "2020-06-30": "177.90200", "2020-03-31": "180.85400", "2019-12-31": "182.24600", "2019-09-30": "182.55100", "2019-06-30": "182.36900", "2019-03-31": "181.69600", "2018-12-31": "182.44700", "2018-09-30": "180.85800", "2018-06-30": "182.63700", "2018-03-31": "185.13000", "2017-12-31": "187.63000", "2017-09-30": "187.43500", "2017-06-30": "187.59700", "2017-03-31": "188.26000", "2016-12-31": "193.08600", "2016-09-30": "193.27400", "2016-06-30": "193.80600", "2016-03-31": "194.92400", "2015-12-31": "200.35600", "2015-09-30": "199.31000", "2015-06-30": "202.46600", "2015-03-31": "203.51000", "2014-12-31": "210.74100", "2014-09-30": "210.82000", "2014-06-30": "212.39000", "2014-03-31": "212.83800", "2013-12-31": "211.81100", "2013-09-30": "211.95400", "2013-06-30": "211.82100", "2013-03-31": "211.38000", "2012-12-31": "215.71200", "2012-09-30": "214.91400", "2012-06-30": "215.89800", "2012-03-31": "220.13200", "2011-12-31": "234.24200", "2011-09-30": "232.91700", "2011-06-30": "238.49800", "2011-03-31": "239.77200", "2010-12-31": "248.87100", "2010-09-30": "246.21400", "2010-06-30": "251.76300", "2010-03-31": "254.40000", "2009-12-31": "251.70900", "2009-09-30": "251.76500", "2009-06-30": "250.97700", "2009-03-31": "250.13400", "2008-12-31": "258.10600", "2008-09-30": "257.40800", "2008-06-30": "259.65500", "2008-03-31": "261.47500", "2007-12-31": "285.69900", "2007-09-30": "284.51100", "2007-06-30": "290.57700", "2007-03-31": "293.09600", "2006-12-31": "292.85900", "2006-09-30": "291.66200", "2006-06-30": "293.40900", "2006-03-31": "294.30800", "2005-12-31": "302.21300", "2005-09-30": "297.42100", "2005-06-30": "302.36300", "2005-03-31": "313.49000"}, "Shares Outstanding": {"2020-09-30": "178.14000", "2020-06-30": "179.66600", "2020-03-31": "183.58500", "2019-12-31": "185.52300", "2019-09-30": "185.84300", "2019-06-30": "185.69000", "2019-03-31": "185.31700", "2018-12-31": "186.97200", "2018-09-30": "185.46000", "2018-06-30": "187.18800", "2018-03-31": "189.92300", "2017-12-31": "192.24600", "2017-09-30": "192.24300", "2017-06-30": "192.13800", "2017-03-31": "192.86700", "2016-12-31": "196.04200", "2016-09-30": "196.56700", "2016-06-30": "196.71800", "2016-03-31": "198.03000", "2015-12-31": "204.45000", "2015-09-30": "203.44400", "2015-06-30": "206.74600", "2015-03-31": "207.75200", "2014-12-31": "214.20000", "2014-09-30": "213.01000", "2014-06-30": "215.98900", "2014-03-31": "217.23100", "2013-12-31": "216.01400", "2013-09-30": "216.37000", "2013-06-30": "215.94600", "2013-03-31": "215.20800", "2012-12-31": "219.06600", "2012-09-30": "218.46000", "2012-06-30": "218.90600", "2012-03-31": "223.21200", "2011-12-31": "236.66900", "2011-09-30": "235.51300", "2011-06-30": "241.43500", "2011-03-31": "242.05200", "2010-12-31": "250.60200", "2010-09-30": "247.52300", "2010-06-30": "253.58300", "2010-03-31": "256.15400", "2009-12-31": "252.48400", "2009-09-30": "253.04800", "2009-06-30": "251.13000", "2009-03-31": "250.30900", "2008-12-31": "260.98300", "2008-09-30": "260.37000", "2008-06-30": "263.13200", "2008-03-31": "265.32900", "2007-12-31": "290.93600", "2007-09-30": "289.59700", "2007-06-30": "296.12400", "2007-03-31": "298.62100", "2006-12-31": "297.37100", "2006-09-30": "295.91800", "2006-06-30": "297.50100", "2006-03-31": "298.67800", "2005-12-31": "306.74500", "2005-09-30": "297.42100", "2005-06-30": "306.40400", "2005-03-31": "317.75100"}, "Basic EPS": {"2020-09-30": "0.72000", "2020-06-30": "0.59000", "2020-03-31": "0.45000", "2019-12-31": "0.80000", "2019-09-30": "0.39000", "2019-06-30": "0.40000", "2019-03-31": "0.44000", "2018-12-31": "1.06000", "2018-09-30": "0.38000", "2018-06-30": "0.57000", "2018-03-31": "0.44000", "2017-12-31": "1.31000", "2017-09-30": "0.30000", "2017-06-30": "0.37000", "2017-03-31": "0.93000", "2016-12-31": "0.35000", "2016-09-30": "0.25000", "2016-06-30": "0.08000", "2016-03-31": "0.24000", "2015-12-31": "0.37000", "2015-09-30": "0.24000", "2015-06-30": "0.26000", "2015-03-31": "0.30000", "2014-12-31": "0.43000", "2014-09-30": "0.08000", "2014-06-30": "0.12000", "2014-03-31": "0.19000", "2013-12-31": "0.14000", "2013-09-30": "0.13000", "2013-06-30": "0.16000", "2013-03-31": "0.27000", "2012-12-31": "0.13000", "2012-09-30": "0.19000", "2012-06-30": "0.17000", "2012-03-31": "0.22000", "2011-12-31": "0.20000", "2011-09-30": "0.15000", "2011-06-30": "0.11000", "2011-03-31": "0.16000", "2010-12-31": "0.15000", "2010-09-30": "0.08000", "2010-06-30": "0.16000", "2010-03-31": "0.12000", "2009-12-31": "0.14000", "2009-09-30": "0.12000", "2009-06-30": "0.09000", "2009-03-31": "0.14000", "2008-12-31": "0.04000", "2008-09-30": "0.06000", "2008-06-30": "0.12000", "2008-03-31": "0.16000", "2007-12-31": "0.59000", "2007-09-30": "0.10000", "2007-06-30": "0.05000", "2007-03-31": "0.13000", "2006-12-31": "0.00000", "2006-09-30": "0.01000", "2006-06-30": "0.09000", "2006-03-31": "0.09000", "2005-12-31": "0.05000", "2005-09-30": "-0.03000", "2005-06-30": "0.05000", "2005-03-31": "-0.49000"}, "EPS - Earnings Per Share": {"2020-09-30": "0.72000", "2020-06-30": "0.59000", "2020-03-31": "0.45000", "2019-12-31": "0.79000", "2019-09-30": "0.38000", "2019-06-30": "0.39000", "2019-03-31": "0.43000", "2018-12-31": "1.04000", "2018-09-30": "0.37000", "2018-06-30": "0.55000", "2018-03-31": "0.43000", "2017-12-31": "1.28000", "2017-09-30": "0.29000", "2017-06-30": "0.36000", "2017-03-31": "0.91000", "2016-12-31": "0.34000", "2016-09-30": "0.24000", "2016-06-30": "0.08000", "2016-03-31": "0.24000", "2015-12-31": "0.36000", "2015-09-30": "0.23000", "2015-06-30": "0.25000", "2015-03-31": "0.30000", "2014-12-31": "0.42000", "2014-09-30": "0.08000", "2014-06-30": "0.12000", "2014-03-31": "0.19000", "2013-12-31": "0.13000", "2013-09-30": "0.12000", "2013-06-30": "0.16000", "2013-03-31": "0.27000", "2012-12-31": "0.12000", "2012-09-30": "0.19000", "2012-06-30": "0.17000", "2012-03-31": "0.22000", "2011-12-31": "0.19000", "2011-09-30": "0.15000", "2011-06-30": "0.11000", "2011-03-31": "0.16000", "2010-12-31": "0.14000", "2010-09-30": "0.08000", "2010-06-30": "0.16000", "2010-03-31": "0.12000", "2009-12-31": "0.14000", "2009-09-30": "0.12000", "2009-06-30": "0.09000", "2009-03-31": "0.14000", "2008-12-31": "0.03000", "2008-09-30": "0.06000", "2008-06-30": "0.12000", "2008-03-31": "0.16000", "2007-12-31": "0.57000", "2007-09-30": "0.10000", "2007-06-30": "0.05000", "2007-03-31": "0.13000", "2006-12-31": "0.00000", "2006-09-30": "0.01000", "2006-06-30": "0.09000", "2006-03-31": "0.09000", "2005-12-31": "0.05000", "2005-09-30": "-0.03000", "2005-06-30": "0.05000", "2005-03-31": "-0.49000"}}, "balance sheet": {"Cash On Hand": {"2019-12-31": "186.27600", "2018-12-31": "198.85000", "2017-12-31": "330.03900", "2016-12-31": "194.98600", "2015-12-31": "134.59900", "2014-12-31": "177.33500", "2013-12-31": "141.58400", "2012-12-31": "92.70800", "2011-12-31": "128.56900", "2010-12-31": "170.84600", "2009-12-31": "179.74500", "2008-12-31": "128.39700", "2007-12-31": "168.59400", "2006-12-31": "39.88000", "2005-12-31": "446.78200"}, "Receivables": {"2019-12-31": "81.67100", "2018-12-31": "73.82500", "2017-12-31": "90.30400", "2016-12-31": "98.45500", "2015-12-31": "90.46200", "2014-12-31": "109.05000", "2013-12-31": "101.42400", "2012-12-31": "101.81700", "2011-12-31": "103.89200", "2010-12-31": "107.18500", "2009-12-31": "92.18900", "2008-12-31": "96.14500", "2007-12-31": "113.79300", "2006-12-31": "107.19400", "2005-12-31": "97.74700"}, "Inventory": {"2019-12-31": "25.11800", "2018-12-31": "24.95000", "2017-12-31": "25.37800", "2016-12-31": "26.43100", "2015-12-31": "27.83500", "2014-12-31": "29.69700", "2013-12-31": "32.74100", "2012-12-31": "24.56000", "2011-12-31": "25.51300", "2010-12-31": "27.37200", "2009-12-31": "31.11700", "2008-12-31": "31.60300", "2007-12-31": "36.20300", "2006-12-31": "39.53500", "2005-12-31": "31.25400"}, "Pre-Paid Expenses": {"2019-12-31": "", "2018-12-31": "", "2017-12-31": "", "2016-12-31": "", "2015-12-31": "", "2014-12-31": "", "2013-12-31": "", "2012-12-31": "", "2011-12-31": "", "2010-12-31": "", "2009-12-31": "", "2008-12-31": "", "2007-12-31": "", "2006-12-31": "", "2005-12-31": ""}, "Other Current Assets": {"2019-12-31": "80.48800", "2018-12-31": "33.60700", "2017-12-31": "35.57500", "2016-12-31": "34.52400", "2015-12-31": "47.15500", "2014-12-31": "80.77400", "2013-12-31": "68.31500", "2012-12-31": "20.54600", "2011-12-31": "25.80300", "2010-12-31": "27.74600", "2009-12-31": "22.83700", "2008-12-31": "19.79400", "2007-12-31": "29.55500", "2006-12-31": "49.49200", "2005-12-31": "37.52700"}, "Total Current Assets": {"2019-12-31": "373.55300", "2018-12-31": "331.23200", "2017-12-31": "481.29600", "2016-12-31": "354.39600", "2015-12-31": "300.05100", "2014-12-31": "396.85600", "2013-12-31": "379.09600", "2012-12-31": "282.49500", "2011-12-31": "328.09300", "2010-12-31": "374.52000", "2009-12-31": "377.42200", "2008-12-31": "355.51000", "2007-12-31": "421.32700", "2006-12-31": "238.33700", "2005-12-31": "613.31000"}, "Property, Plant, And Equipment": {"2019-12-31": "3939.03500", "2018-12-31": "3814.82800", "2017-12-31": "3665.03300", "2016-12-31": "3604.52200", "2015-12-31": "3599.73700", "2014-12-31": "3600.61900", "2013-12-31": "3664.78300", "2012-12-31": "3131.04900", "2011-12-31": "3116.06400", "2010-12-31": "3136.48500", "2009-12-31": "3080.13900", "2008-12-31": "3026.85600", "2007-12-31": "3021.20000", "2006-12-31": "3136.60100", "2005-12-31": "2342.90100"}, "Long-Term Investments": {"2019-12-31": "4789.56200", "2018-12-31": "4271.39200", "2017-12-31": "4778.84200", "2016-12-31": "4305.16500", "2015-12-31": "4078.46400", "2014-12-31": "4149.69200", "2013-12-31": "4162.59100", "2012-12-31": "3362.76700", "2011-12-31": "3074.80500", "2010-12-31": "2988.45000", "2009-12-31": "2739.07000", "2008-12-31": "2254.64400", "2007-12-31": "2862.46000", "2006-12-31": "3039.26000", "2005-12-31": "2514.70700"}, "Goodwill And Intangible Assets": {"2019-12-31": "1864.22300", "2018-12-31": "1863.84200", "2017-12-31": "1805.98100", "2016-12-31": "1799.08100", "2015-12-31": "1796.34000", "2014-12-31": "1810.85300", "2013-12-31": "1825.72100", "2012-12-31": "1382.41000", "2011-12-31": "1361.49300", "2010-12-31": "1307.48400", "2009-12-31": "1201.33200", "2008-12-31": "1178.96900", "2007-12-31": "1198.15300", "2006-12-31": "1264.27200", "2005-12-31": "1123.88800"}, "Other Long-Term Assets": {"2019-12-31": "1681.14900", "2018-12-31": "1477.79800", "2017-12-31": "1532.16700", "2016-12-31": "1407.46500", "2015-12-31": "1319.42700", "2014-12-31": "1341.37600", "2013-12-31": "2165.91800", "2012-12-31": "1099.58000", "2011-12-31": "1016.50600", "2010-12-31": "987.01900", "2009-12-31": "970.59000", "2008-12-31": "842.27000", "2007-12-31": "1028.37000", "2006-12-31": "1243.24200", "2005-12-31": "700.38200"}, "Total Long-Term Assets": {"2019-12-31": "13303.88000", "2018-12-31": "12362.01000", "2017-12-31": "12383.21000", "2016-12-31": "11683.75000", "2015-12-31": "11376.35000", "2014-12-31": "11526.79000", "2013-12-31": "12454.50000", "2012-12-31": "9401.07300", "2011-12-31": "8999.72000", "2010-12-31": "8816.02000", "2009-12-31": "8513.52100", "2008-12-31": "7755.37300", "2007-12-31": "8510.91700", "2006-12-31": "9491.05300", "2005-12-31": "6931.45900"}, "Total Assets": {"2019-12-31": "13677.43000", "2018-12-31": "12693.24000", "2017-12-31": "12864.50000", "2016-12-31": "12038.15000", "2015-12-31": "11676.40000", "2014-12-31": "11923.64000", "2013-12-31": "12833.60000", "2012-12-31": "9683.56800", "2011-12-31": "9327.81200", "2010-12-31": "9190.54000", "2009-12-31": "8890.94200", "2008-12-31": "8110.88300", "2007-12-31": "8932.24400", "2006-12-31": "9729.38900", "2005-12-31": "7544.76900"}, "Total Current Liabilities": {"2019-12-31": "556.71900", "2018-12-31": "555.60000", "2017-12-31": "828.97900", "2016-12-31": "537.87000", "2015-12-31": "511.01200", "2014-12-31": "552.00800", "2013-12-31": "673.58200", "2012-12-31": "412.10400", "2011-12-31": "385.60800", "2010-12-31": "366.62700", "2009-12-31": "366.97100", "2008-12-31": "326.78200", "2007-12-31": "426.44000", "2006-12-31": "407.94700", "2005-12-31": "272.76800"}, "Long Term Debt": {"2019-12-31": "3513.53000", "2018-12-31": "3532.18200", "2017-12-31": "3135.31600", "2016-12-31": "3196.61600", "2015-12-31": "3037.60500", "2014-12-31": "2963.79400", "2013-12-31": "3125.54800", "2012-12-31": "1916.62100", "2011-12-31": "1861.11600", "2010-12-31": "1832.38000", "2009-12-31": "1840.53200", "2008-12-31": "1821.40400", "2007-12-31": "1820.10600", "2006-12-31": "1912.69600", "2005-12-31": "1186.48500"}, "Other Non-Current Liabilities": {"2019-12-31": "2055.96500", "2018-12-31": "1768.46700", "2017-12-31": "1941.80000", "2016-12-31": "1918.56500", "2015-12-31": "1816.51100", "2014-12-31": "1830.21100", "2013-12-31": "2349.41900", "2012-12-31": "1498.70200", "2011-12-31": "1430.07300", "2010-12-31": "1386.49200", "2009-12-31": "1338.00900", "2008-12-31": "431.62700", "2007-12-31": "475.57000", "2006-12-31": "597.21810", "2005-12-31": "326.98470"}, "Total Long Term Liabilities": {"2019-12-31": "11297.46000", "2018-12-31": "10495.83000", "2017-12-31": "10626.09000", "2016-12-31": "10405.03000", "2015-12-31": "9975.98400", "2014-12-31": "9994.25900", "2013-12-31": "10679.79000", "2012-12-31": "7908.63700", "2011-12-31": "7530.01000", "2010-12-31": "7343.96500", "2009-12-31": "7041.18400", "2008-12-31": "6490.92100", "2007-12-31": "7013.72100", "2006-12-31": "7726.66700", "2005-12-31": "5690.44600"}, "Total Liabilities": {"2019-12-31": "11854.17000", "2018-12-31": "11051.43000", "2017-12-31": "11455.07000", "2016-12-31": "10942.90000", "2015-12-31": "10487.00000", "2014-12-31": "10546.27000", "2013-12-31": "11353.37000", "2012-12-31": "8320.74100", "2011-12-31": "7915.61700", "2010-12-31": "7710.59200", "2009-12-31": "7408.15400", "2008-12-31": "6817.70400", "2007-12-31": "7440.16100", "2006-12-31": "8134.61400", "2005-12-31": "5963.21400"}, "Common Stock Net": {"2019-12-31": "181.18500", "2018-12-31": "181.47100", "2017-12-31": "186.61500", "2016-12-31": "189.40500", "2015-12-31": "195.77300", "2014-12-31": "204.86700", "2013-12-31": "212.31700", "2012-12-31": "211.04700", "2011-12-31": "222.95600", "2010-12-31": "241.03500", "2009-12-31": "254.01700", "2008-12-31": "249.47200", "2007-12-31": "262.85800", "2006-12-31": "293.22200", "2005-12-31": "294.80900"}, "Retained Earnings (Accumulated Deficit)": {"2019-12-31": "601.90300", "2018-12-31": "474.32700", "2017-12-31": "210.36400", "2016-12-31": "-103.38700", "2015-12-31": "-109.35100", "2014-12-31": "-81.85900", "2013-12-31": "-90.02600", "2012-12-31": "-286.79500", "2011-12-31": "-367.04400", "2010-12-31": "-477.45900", "2009-12-31": "-603.87600", "2008-12-31": "-726.75600", "2007-12-31": "-797.96500", "2006-12-31": "-906.39400", "2005-12-31": "-962.90500"}, "Comprehensive Income": {"2019-12-31": "29.86400", "2018-12-31": "13.39500", "2017-12-31": "41.94300", "2016-12-31": "16.49200", "2015-12-31": "6.16400", "2014-12-31": "59.41400", "2013-12-31": "88.44100", "2012-12-31": "111.71700", "2011-12-31": "105.85200", "2010-12-31": "112.76800", "2009-12-31": "97.14200", "2008-12-31": "36.64900", "2007-12-31": "152.59000", "2006-12-31": "72.29800", "2005-12-31": "70.49900"}, "Other Share Holders Equity": {"2019-12-31": "", "2018-12-31": "", "2017-12-31": "", "2016-12-31": "", "2015-12-31": "", "2014-12-31": "", "2013-12-31": "", "2012-12-31": "", "2011-12-31": "", "2010-12-31": "", "2009-12-31": "", "2008-12-31": "", "2007-12-31": "", "2006-12-31": "", "2005-12-31": ""}, "Share Holder Equity": {"2019-12-31": "1823.25500", "2018-12-31": "1641.81500", "2017-12-31": "1409.43700", "2016-12-31": "1095.24700", "2015-12-31": "1189.40100", "2014-12-31": "1377.37800", "2013-12-31": "1480.22800", "2012-12-31": "1362.82700", "2011-12-31": "1412.19500", "2010-12-31": "1479.94800", "2009-12-31": "1482.78800", "2008-12-31": "1293.17900", "2007-12-31": "1492.08300", "2006-12-31": "1594.77500", "2005-12-31": "1581.55500"}, "Total Liabilities And Share Holders Equity": {"2019-12-31": "13677.43000", "2018-12-31": "12693.24000", "2017-12-31": "12864.50000", "2016-12-31": "12038.15000", "2015-12-31": "11676.40000", "2014-12-31": "11923.64000", "2013-12-31": "12833.60000", "2012-12-31": "9683.56800", "2011-12-31": "9327.81200", "2010-12-31": "9190.54000", "2009-12-31": "8890.94200", "2008-12-31": "8110.88300", "2007-12-31": "8932.24400", "2006-12-31": "9729.38900", "2005-12-31": "7544.76900"}}, "balance sheet, quarterly": {"Cash On Hand": {"2020-09-30": "220.30400", "2020-06-30": "222.23400", "2020-03-31": "176.26100", "2019-12-31": "186.27600", "2019-09-30": "194.65400", "2019-06-30": "243.68400", "2019-03-31": "153.69400", "2018-12-31": "198.85000", "2018-09-30": "158.30100", "2018-06-30": "164.46000", "2018-03-31": "219.50700", "2017-12-31": "330.03900", "2017-09-30": "267.95600", "2017-06-30": "224.88900", "2017-03-31": "238.25400", "2016-12-31": "194.98600", "2016-09-30": "177.57100", "2016-06-30": "171.78800", "2016-03-31": "213.50500", "2015-12-31": "134.59900", "2015-09-30": "141.95000", "2015-06-30": "199.09600", "2015-03-31": "217.12900", "2014-12-31": "177.33500", "2014-09-30": "266.25900", "2014-06-30": "140.51500", "2014-03-31": "148.61900", "2013-12-31": "141.58400", "2013-09-30": "182.59200", "2013-06-30": "221.08600", "2013-03-31": "188.54600", "2012-12-31": "92.70800", "2012-09-30": "151.54700", "2012-06-30": "105.34300", "2012-03-31": "113.83100", "2011-12-31": "128.56900", "2011-09-30": "127.03700", "2011-06-30": "132.99400", "2011-03-31": "210.30700", "2010-12-31": "170.84600", "2010-09-30": "135.81300", "2010-06-30": "152.24200", "2010-03-31": "180.47400", "2009-12-31": "179.74500", "2009-09-30": "233.48500", "2009-06-30": "170.38900", "2009-03-31": "215.97100", "2008-12-31": "128.39700", "2008-09-30": "171.90300", "2008-06-30": "104.70000", "2008-03-31": "132.47500", "2007-12-31": "168.59400", "2007-09-30": "287.73800", "2007-06-30": "222.78500", "2007-03-31": "78.09300", "2006-12-31": "39.88000", "2006-09-30": "636.63300", "2006-06-30": "529.17100", "2006-03-31": "490.40800", "2005-12-31": "446.78200", "2005-09-30": "492.05900", "2005-06-30": "319.95500", "2005-03-31": "320.49300"}, "Receivables": {"2020-09-30": "79.98000", "2020-06-30": "76.96300", "2020-03-31": "75.06400", "2019-12-31": "81.67100", "2019-09-30": "105.95800", "2019-06-30": "82.26100", "2019-03-31": "81.81100", "2018-12-31": "73.82500", "2018-09-30": "84.01800", "2018-06-30": "92.49400", "2018-03-31": "77.08000", "2017-12-31": "90.30400", "2017-09-30": "77.42600", "2017-06-30": "72.25100", "2017-03-31": "86.94600", "2016-12-31": "98.45500", "2016-09-30": "74.29300", "2016-06-30": "78.79100", "2016-03-31": "83.24100", "2015-12-31": "90.46200", "2015-09-30": "81.77700", "2015-06-30": "92.19200", "2015-03-31": "108.39400", "2014-12-31": "109.05000", "2014-09-30": "92.71900", "2014-06-30": "102.25700", "2014-03-31": "105.81300", "2013-12-31": "101.42400", "2013-09-30": "78.99000", "2013-06-30": "90.67800", "2013-03-31": "92.95500", "2012-12-31": "101.81700", "2012-09-30": "92.81100", "2012-06-30": "91.04000", "2012-03-31": "96.37600", "2011-12-31": "103.89200", "2011-09-30": "89.89900", "2011-06-30": "101.61600", "2011-03-31": "93.20900", "2010-12-31": "107.18500", "2010-09-30": "88.55400", "2010-06-30": "83.64600", "2010-03-31": "91.76900", "2009-12-31": "92.18900", "2009-09-30": "71.82900", "2009-06-30": "74.94900", "2009-03-31": "78.61200", "2008-12-31": "96.14500", "2008-09-30": "185.77200", "2008-06-30": "90.93600", "2008-03-31": "104.43400", "2007-12-31": "113.79300", "2007-09-30": "104.05400", "2007-06-30": "102.10700", "2007-03-31": "103.21800", "2006-12-31": "107.19400", "2006-09-30": "59.11400", "2006-06-30": "62.43900", "2006-03-31": "76.40000", "2005-12-31": "97.74700", "2005-09-30": "82.30600", "2005-06-30": "115.03400", "2005-03-31": "102.00200"}, "Inventory": {"2020-09-30": "25.83000", "2020-06-30": "25.96500", "2020-03-31": "27.89100", "2019-12-31": "25.11800", "2019-09-30": "26.64500", "2019-06-30": "25.66900", "2019-03-31": "25.21900", "2018-12-31": "24.95000", "2018-09-30": "26.06100", "2018-06-30": "26.09500", "2018-03-31": "26.95500", "2017-12-31": "25.37800", "2017-09-30": "27.16100", "2017-06-30": "27.33300", "2017-03-31": "27.37500", "2016-12-31": "26.43100", "2016-09-30": "28.52600", "2016-06-30": "28.56800", "2016-03-31": "28.61200", "2015-12-31": "27.83500", "2015-09-30": "29.55700", "2015-06-30": "29.84600", "2015-03-31": "30.18100", "2014-12-31": "29.69700", "2014-09-30": "32.47100", "2014-06-30": "33.45300", "2014-03-31": "34.50800", "2013-12-31": "32.74100", "2013-09-30": "24.61200", "2013-06-30": "24.28000", "2013-03-31": "25.55600", "2012-12-31": "24.56000", "2012-09-30": "25.13200", "2012-06-30": "25.49700", "2012-03-31": "25.43800", "2011-12-31": "25.51300", "2011-09-30": "26.49400", "2011-06-30": "27.01700", "2011-03-31": "34.24500", "2010-12-31": "27.37200", "2010-09-30": "33.71300", "2010-06-30": "33.15500", "2010-03-31": "33.73700", "2009-12-31": "31.11700", "2009-09-30": "30.71700", "2009-06-30": "31.11100", "2009-03-31": "31.22100", "2008-12-31": "31.60300", "2008-09-30": "32.63500", "2008-06-30": "33.00800", "2008-03-31": "33.74700", "2007-12-31": "36.20300", "2007-09-30": "37.89800", "2007-06-30": "39.01700", "2007-03-31": "39.60200", "2006-12-31": "39.53500", "2006-09-30": "47.74700", "2006-06-30": "64.93800", "2006-03-31": "67.25600", "2005-12-31": "31.25400", "2005-09-30": "66.15800", "2005-06-30": "82.98700", "2005-03-31": "86.31200"}, "Pre-Paid Expenses": {"2020-09-30": "", "2020-06-30": "", "2020-03-31": "", "2019-12-31": "", "2019-09-30": "", "2019-06-30": "", "2019-03-31": "", "2018-12-31": "", "2018-09-30": "", "2018-06-30": "", "2018-03-31": "", "2017-12-31": "", "2017-09-30": "", "2017-06-30": "", "2017-03-31": "", "2016-12-31": "", "2016-09-30": "", "2016-06-30": "", "2016-03-31": "", "2015-12-31": "", "2015-09-30": "", "2015-06-30": "", "2015-03-31": "", "2014-12-31": "", "2014-09-30": "", "2014-06-30": "", "2014-03-31": "", "2013-12-31": "", "2013-09-30": "", "2013-06-30": "", "2013-03-31": "", "2012-12-31": "", "2012-09-30": "", "2012-06-30": "", "2012-03-31": "", "2011-12-31": "", "2011-09-30": "", "2011-06-30": "", "2011-03-31": "", "2010-12-31": "", "2010-09-30": "", "2010-06-30": "", "2010-03-31": "", "2009-12-31": "", "2009-09-30": "", "2009-06-30": "", "2009-03-31": "", "2008-12-31": "", "2008-09-30": "", "2008-06-30": "", "2008-03-31": "", "2007-12-31": "", "2007-09-30": "", "2007-06-30": "", "2007-03-31": "", "2006-12-31": "", "2006-09-30": "", "2006-06-30": "", "2006-03-31": "", "2005-12-31": "", "2005-09-30": "", "2005-06-30": "", "2005-03-31": ""}, "Other Current Assets": {"2020-09-30": "39.94400", "2020-06-30": "58.47400", "2020-03-31": "80.25200", "2019-12-31": "80.48800", "2019-09-30": "24.92200", "2019-06-30": "42.60300", "2019-03-31": "29.32800", "2018-12-31": "33.60700", "2018-09-30": "32.10700", "2018-06-30": "25.89400", "2018-03-31": "27.46300", "2017-12-31": "35.57500", "2017-09-30": "32.34000", "2017-06-30": "30.39600", "2017-03-31": "38.18200", "2016-12-31": "34.52400", "2016-09-30": "64.46000", "2016-06-30": "53.45500", "2016-03-31": "27.52300", "2015-12-31": "47.15500", "2015-09-30": "67.45800", "2015-06-30": "40.03600", "2015-03-31": "54.23400", "2014-12-31": "80.77400", "2014-09-30": "47.88100", "2014-06-30": "48.23500", "2014-03-31": "47.58800", "2013-12-31": "68.31500", "2013-09-30": "28.96300", "2013-06-30": "25.22100", "2013-03-31": "24.85800", "2012-12-31": "20.54600", "2012-09-30": "25.77700", "2012-06-30": "22.61800", "2012-03-31": "24.40000", "2011-12-31": "25.80300", "2011-09-30": "21.45800", "2011-06-30": "22.90800", "2011-03-31": "17.96600", "2010-12-31": "27.74600", "2010-09-30": "33.16100", "2010-06-30": "24.42400", "2010-03-31": "19.98100", "2009-12-31": "22.83700", "2009-09-30": "21.70100", "2009-06-30": "31.35200", "2009-03-31": "25.26300", "2008-12-31": "19.79400", "2008-09-30": "16.95200", "2008-06-30": "29.28500", "2008-03-31": "34.44100", "2007-12-31": "29.55500", "2007-09-30": "39.98200", "2007-06-30": "40.39600", "2007-03-31": "44.94100", "2006-12-31": "49.49200", "2006-09-30": "33.32100", "2006-06-30": "30.84700", "2006-03-31": "31.01700", "2005-12-31": "37.52700", "2005-09-30": "65.13500", "2005-06-30": "39.61600", "2005-03-31": "34.51000"}, "Total Current Assets": {"2020-09-30": "366.05800", "2020-06-30": "383.63600", "2020-03-31": "359.46800", "2019-12-31": "373.55300", "2019-09-30": "352.17900", "2019-06-30": "394.21700", "2019-03-31": "290.05200", "2018-12-31": "331.23200", "2018-09-30": "300.48700", "2018-06-30": "308.94300", "2018-03-31": "351.00500", "2017-12-31": "481.29600", "2017-09-30": "404.88300", "2017-06-30": "354.86900", "2017-03-31": "390.75700", "2016-12-31": "354.39600", "2016-09-30": "344.85000", "2016-06-30": "332.60200", "2016-03-31": "352.88100", "2015-12-31": "300.05100", "2015-09-30": "320.74200", "2015-06-30": "361.17000", "2015-03-31": "409.93800", "2014-12-31": "396.85600", "2014-09-30": "467.69900", "2014-06-30": "355.70100", "2014-03-31": "376.00400", "2013-12-31": "379.09600", "2013-09-30": "357.97000", "2013-06-30": "404.04700", "2013-03-31": "374.74800", "2012-12-31": "282.49500", "2012-09-30": "333.48900", "2012-06-30": "282.65900", "2012-03-31": "298.11800", "2011-12-31": "328.09300", "2011-09-30": "308.43000", "2011-06-30": "328.67300", "2011-03-31": "400.03500", "2010-12-31": "374.52000", "2010-09-30": "344.49500", "2010-06-30": "345.73700", "2010-03-31": "378.31600", "2009-12-31": "377.42200", "2009-09-30": "437.30300", "2009-06-30": "387.37200", "2009-03-31": "430.63800", "2008-12-31": "355.51000", "2008-09-30": "480.28000", "2008-06-30": "331.11100", "2008-03-31": "378.27900", "2007-12-31": "421.32700", "2007-09-30": "469.67200", "2007-06-30": "406.78500", "2007-03-31": "268.13600", "2006-12-31": "238.33700", "2006-09-30": "776.81500", "2006-06-30": "687.39500", "2006-03-31": "665.08100", "2005-12-31": "613.31000", "2005-09-30": "705.65800", "2005-06-30": "557.59200", "2005-03-31": "543.31700"}, "Property, Plant, And Equipment": {"2020-09-30": "3995.92600", "2020-06-30": "3981.08600", "2020-03-31": "3937.85300", "2019-12-31": "3939.03500", "2019-09-30": "3909.86900", "2019-06-30": "3862.16200", "2019-03-31": "3834.12800", "2018-12-31": "3814.82800", "2018-09-30": "3796.09000", "2018-06-30": "3741.85600", "2018-03-31": "3684.54500", "2017-12-31": "3665.03300", "2017-09-30": "3652.25100", "2017-06-30": "3613.11700", "2017-03-31": "3593.07800", "2016-12-31": "3604.52200", "2016-09-30": "3597.72300", "2016-06-30": "3588.84200", "2016-03-31": "3595.03700", "2015-12-31": "3599.73700", "2015-09-30": "3597.20300", "2015-06-30": "3590.52900", "2015-03-31": "3585.88600", "2014-12-31": "3600.61900", "2014-09-30": "3612.09500", "2014-06-30": "3627.29700", "2014-03-31": "3608.46500", "2013-12-31": "3664.78300", "2013-09-30": "3109.28200", "2013-06-30": "3106.83900", "2013-03-31": "3121.76400", "2012-12-31": "3131.04900", "2012-09-30": "3123.60600", "2012-06-30": "3112.38100", "2012-03-31": "3115.59600", "2011-12-31": "3116.06400", "2011-09-30": "3127.00200", "2011-06-30": "3141.62500", "2011-03-31": "3142.53500", "2010-12-31": "3136.48500", "2010-09-30": "3123.25500", "2010-06-30": "3158.42300", "2010-03-31": "3168.28800", "2009-12-31": "3080.13900", "2009-09-30": "3006.02000", "2009-06-30": "3007.77800", "2009-03-31": "3025.68800", "2008-12-31": "3026.85600", "2008-09-30": "3022.88800", "2008-06-30": "3018.03500", "2008-03-31": "3008.69400", "2007-12-31": "3021.20000", "2007-09-30": "3023.72700", "2007-06-30": "3071.05100", "2007-03-31": "3106.06500", "2006-12-31": "3136.60100", "2006-09-30": "2331.09500", "2006-06-30": "2404.70200", "2006-03-31": "2409.86700", "2005-12-31": "2342.90100", "2005-09-30": "2323.84100", "2005-06-30": "2431.46900", "2005-03-31": "2469.97500"}, "Long-Term Investments": {"2020-09-30": "4835.43400", "2020-06-30": "4622.70000", "2020-03-31": "4122.02500", "2019-12-31": "4789.56200", "2019-09-30": "6184.41500", "2019-06-30": "4613.52300", "2019-03-31": "4498.50200", "2018-12-31": "4271.39200", "2018-09-30": "4568.47000", "2018-06-30": "4454.34600", "2018-03-31": "4199.41400", "2017-12-31": "4778.84200", "2017-09-30": "4677.58500", "2017-06-30": "4572.52200", "2017-03-31": "4444.40000", "2016-12-31": "4305.16500", "2016-09-30": "4290.97300", "2016-06-30": "4173.60400", "2016-03-31": "4086.95300", "2015-12-31": "4078.46400", "2015-09-30": "4002.25000", "2015-06-30": "4184.10500", "2015-03-31": "4167.72900", "2014-12-31": "4149.69200", "2014-09-30": "4213.66400", "2014-06-30": "4285.14900", "2014-03-31": "4173.17200", "2013-12-31": "4162.59100", "2013-09-30": "3580.87600", "2013-06-30": "3439.38400", "2013-03-31": "3456.30800", "2012-12-31": "3362.76700", "2012-09-30": "3305.23100", "2012-06-30": "3197.19800", "2012-03-31": "3229.94400", "2011-12-31": "3074.80500", "2011-09-30": "2969.85300", "2011-06-30": "3192.88300", "2011-03-31": "3051.94400", "2010-12-31": "2988.45000", "2010-09-30": "2830.73700", "2010-06-30": "2698.42800", "2010-03-31": "2821.36400", "2009-12-31": "2739.07000", "2009-09-30": "2624.35200", "2009-06-30": "2436.67700", "2009-03-31": "2281.37500", "2008-12-31": "2254.64400", "2008-09-30": "2644.08400", "2008-06-30": "2805.79000", "2008-03-31": "2700.08700", "2007-12-31": "2862.46000", "2007-09-30": "2984.06800", "2007-06-30": "3096.77600", "2007-03-31": "3014.91300", "2006-12-31": "3039.26000", "2006-09-30": "2444.05000", "2006-06-30": "2512.97600", "2006-03-31": "2535.38800", "2005-12-31": "2514.70700", "2005-09-30": "2533.47500", "2005-06-30": "2598.16500", "2005-03-31": "2604.98900"}, "Goodwill And Intangible Assets": {"2020-09-30": "1867.88500", "2020-06-30": "1865.40100", "2020-03-31": "1861.45400", "2019-12-31": "1864.22300", "2019-09-30": "1844.88400", "2019-06-30": "1846.62700", "2019-03-31": "1859.19400", "2018-12-31": "1863.84200", "2018-09-30": "1854.16700", "2018-06-30": "1850.97200", "2018-03-31": "1819.13400", "2017-12-31": "1805.98100", "2017-09-30": "1807.81600", "2017-06-30": "1804.49300", "2017-03-31": "1805.59000", "2016-12-31": "1799.08100", "2016-09-30": "1801.89300", "2016-06-30": "1801.64500", "2016-03-31": "1800.52200", "2015-12-31": "1796.34000", "2015-09-30": "1799.93900", "2015-06-30": "1811.84200", "2015-03-31": "1811.06700", "2014-12-31": "1810.85300", "2014-09-30": "1898.88500", "2014-06-30": "1897.84500", "2014-03-31": "1978.62100", "2013-12-31": "1825.72100", "2013-09-30": "1377.94600", "2013-06-30": "1374.37400", "2013-03-31": "1379.30300", "2012-12-31": "1382.41000", "2012-09-30": "1366.07500", "2012-06-30": "1354.25900", "2012-03-31": "1358.18200", "2011-12-31": "1361.49300", "2011-09-30": "1337.58700", "2011-06-30": "1378.07600", "2011-03-31": "1313.67100", "2010-12-31": "1307.48400", "2010-09-30": "1288.26100", "2010-06-30": "1284.11400", "2010-03-31": "1307.56000", "2009-12-31": "1201.33200", "2009-09-30": "1175.52800", "2009-06-30": "1171.69500", "2009-03-31": "1172.64500", "2008-12-31": "1178.96900", "2008-09-30": "1216.74800", "2008-06-30": "1227.62400", "2008-03-31": "1226.52400", "2007-12-31": "1198.15300", "2007-09-30": "1268.49300", "2007-06-30": "1260.58700", "2007-03-31": "1291.14100", "2006-12-31": "1264.27200", "2006-09-30": "1083.56300", "2006-06-30": "1118.11900", "2006-03-31": "1122.20500", "2005-12-31": "1123.88800", "2005-09-30": "1140.50900", "2005-06-30": "1150.14300", "2005-03-31": "1162.21500"}, "Other Long-Term Assets": {"2020-09-30": "1671.05200", "2020-06-30": "1599.59900", "2020-03-31": "1417.65200", "2019-12-31": "1681.14900", "2019-09-30": "", "2019-06-30": "1624.70900", "2019-03-31": "1573.90300", "2018-12-31": "1477.79800", "2018-09-30": "1596.54200", "2018-06-30": "1562.65900", "2018-03-31": "1497.22000", "2017-12-31": "1532.16700", "2017-09-30": "1490.20100", "2017-06-30": "1465.56300", "2017-03-31": "1440.93500", "2016-12-31": "1407.46500", "2016-09-30": "1427.34900", "2016-06-30": "1393.61900", "2016-03-31": "1334.16500", "2015-12-31": "1319.42700", "2015-09-30": "1304.21900", "2015-06-30": "1347.75300", "2015-03-31": "1357.40100", "2014-12-31": "1341.37600", "2014-09-30": "1518.44600", "2014-06-30": "2049.48000", "2014-03-31": "2137.59000", "2013-12-31": "2165.91800", "2013-09-30": "1540.27400", "2013-06-30": "1109.24900", "2013-03-31": "1128.28400", "2012-12-31": "1099.58000", "2012-09-30": "1091.08300", "2012-06-30": "1057.26100", "2012-03-31": "1050.08100", "2011-12-31": "1016.50600", "2011-09-30": "974.26600", "2011-06-30": "1018.18800", "2011-03-31": "1022.42000", "2010-12-31": "987.01900", "2010-09-30": "968.13400", "2010-06-30": "914.89800", "2010-03-31": "977.42400", "2009-12-31": "970.59000", "2009-09-30": "951.40100", "2009-06-30": "868.11500", "2009-03-31": "793.65800", "2008-12-31": "842.27000", "2008-09-30": "937.16900", "2008-06-30": "984.28300", "2008-03-31": "998.00600", "2007-12-31": "1028.37000", "2007-09-30": "1266.69500", "2007-06-30": "1128.35400", "2007-03-31": "1282.52100", "2006-12-31": "1243.24200", "2006-09-30": "750.11200", "2006-06-30": "693.78100", "2006-03-31": "697.87100", "2005-12-31": "700.38200", "2005-09-30": "751.15600", "2005-06-30": "722.94700", "2005-03-31": "707.59400"}, "Total Long-Term Assets": {"2020-09-30": "13421.08000", "2020-06-30": "13104.29000", "2020-03-31": "12355.79000", "2019-12-31": "13303.88000", "2019-09-30": "12964.14000", "2019-06-30": "12966.13000", "2019-03-31": "12789.01000", "2018-12-31": "12362.01000", "2018-09-30": "12769.75000", "2018-06-30": "12551.09000", "2018-03-31": "12078.00000", "2017-12-31": "12383.21000", "2017-09-30": "12220.32000", "2017-06-30": "12033.41000", "2017-03-31": "11868.41000", "2016-12-31": "11683.75000", "2016-09-30": "11706.63000", "2016-06-30": "11542.89000", "2016-03-31": "11403.25000", "2015-12-31": "11376.35000", "2015-09-30": "11332.38000", "2015-06-30": "11563.66000", "2015-03-31": "11548.44000", "2014-12-31": "11526.79000", "2014-09-30": "11862.53000", "2014-06-30": "12501.48000", "2014-03-31": "12529.61000", "2013-12-31": "12454.50000", "2013-09-30": "10031.39000", "2013-06-30": "9451.00200", "2013-03-31": "9507.30600", "2012-12-31": "9401.07300", "2012-09-30": "9300.40500", "2012-06-30": "9142.68500", "2012-03-31": "9177.30700", "2011-12-31": "8999.72000", "2011-09-30": "8862.87600", "2011-06-30": "9184.39800", "2011-03-31": "8920.21100", "2010-12-31": "8816.02000", "2010-09-30": "8606.00200", "2010-06-30": "8460.29000", "2010-03-31": "8688.22200", "2009-12-31": "8513.52100", "2009-09-30": "8125.89400", "2009-06-30": "7847.55900", "2009-03-31": "7712.62300", "2008-12-31": "7755.37300", "2008-09-30": "8276.38800", "2008-06-30": "8476.87300", "2008-03-31": "8369.80100", "2007-12-31": "8510.91700", "2007-09-30": "8939.12100", "2007-06-30": "9334.20700", "2007-03-31": "9481.52000", "2006-12-31": "9491.05300", "2006-09-30": "6867.02300", "2006-06-30": "6983.30500", "2006-03-31": "7029.56500", "2005-12-31": "6931.45900", "2005-09-30": "6996.30900", "2005-06-30": "7184.48800", "2005-03-31": "7240.56200"}, "Total Assets": {"2020-09-30": "13787.14000", "2020-06-30": "13487.93000", "2020-03-31": "12715.26000", "2019-12-31": "13677.43000", "2019-09-30": "13316.32000", "2019-06-30": "13360.34000", "2019-03-31": "13079.06000", "2018-12-31": "12693.24000", "2018-09-30": "13070.23000", "2018-06-30": "12860.04000", "2018-03-31": "12429.01000", "2017-12-31": "12864.50000", "2017-09-30": "12625.20000", "2017-06-30": "12388.28000", "2017-03-31": "12259.17000", "2016-12-31": "12038.15000", "2016-09-30": "12051.48000", "2016-06-30": "11875.49000", "2016-03-31": "11756.13000", "2015-12-31": "11676.40000", "2015-09-30": "11653.12000", "2015-06-30": "11924.83000", "2015-03-31": "11958.38000", "2014-12-31": "11923.64000", "2014-09-30": "12330.23000", "2014-06-30": "12857.18000", "2014-03-31": "12905.61000", "2013-12-31": "12833.60000", "2013-09-30": "10389.36000", "2013-06-30": "9855.04900", "2013-03-31": "9882.05300", "2012-12-31": "9683.56800", "2012-09-30": "9633.89400", "2012-06-30": "9425.34400", "2012-03-31": "9475.42500", "2011-12-31": "9327.81200", "2011-09-30": "9171.30600", "2011-06-30": "9513.07100", "2011-03-31": "9320.24600", "2010-12-31": "9190.54000", "2010-09-30": "8950.49700", "2010-06-30": "8806.02700", "2010-03-31": "9066.53700", "2009-12-31": "8890.94200", "2009-09-30": "8563.19700", "2009-06-30": "8234.93100", "2009-03-31": "8143.26100", "2008-12-31": "8110.88300", "2008-09-30": "8756.66800", "2008-06-30": "8807.98400", "2008-03-31": "8748.08000", "2007-12-31": "8932.24400", "2007-09-30": "9408.79300", "2007-06-30": "9740.99300", "2007-03-31": "9749.65500", "2006-12-31": "9729.38900", "2006-09-30": "7643.83800", "2006-06-30": "7670.70000", "2006-03-31": "7694.64600", "2005-12-31": "7544.76900", "2005-09-30": "7701.96600", "2005-06-30": "7742.08000", "2005-03-31": "7783.87900"}, "Total Current Liabilities": {"2020-09-30": "622.13400", "2020-06-30": "606.82500", "2020-03-31": "587.29400", "2019-12-31": "556.71900", "2019-09-30": "563.41700", "2019-06-30": "614.47200", "2019-03-31": "604.54300", "2018-12-31": "555.60000", "2018-09-30": "554.88900", "2018-06-30": "553.88300", "2018-03-31": "591.80500", "2017-12-31": "828.97900", "2017-09-30": "579.72900", "2017-06-30": "524.34900", "2017-03-31": "612.99000", "2016-12-31": "537.87000", "2016-09-30": "537.84100", "2016-06-30": "501.71000", "2016-03-31": "517.81100", "2015-12-31": "511.01200", "2015-09-30": "546.63800", "2015-06-30": "725.26500", "2015-03-31": "588.02200", "2014-12-31": "552.00800", "2014-09-30": "585.77800", "2014-06-30": "564.93200", "2014-03-31": "591.22400", "2013-12-31": "673.58200", "2013-09-30": "431.76100", "2013-06-30": "394.72800", "2013-03-31": "425.53200", "2012-12-31": "412.10400", "2012-09-30": "404.69400", "2012-06-30": "370.59500", "2012-03-31": "389.78200", "2011-12-31": "385.60800", "2011-09-30": "377.87700", "2011-06-30": "354.05500", "2011-03-31": "365.41900", "2010-12-31": "366.62700", "2010-09-30": "343.58300", "2010-06-30": "334.01200", "2010-03-31": "364.12400", "2009-12-31": "366.97100", "2009-09-30": "328.24300", "2009-06-30": "319.54500", "2009-03-31": "366.58700", "2008-12-31": "326.78200", "2008-09-30": "389.73000", "2008-06-30": "346.45900", "2008-03-31": "386.61300", "2007-12-31": "426.44000", "2007-09-30": "542.82200", "2007-06-30": "434.93700", "2007-03-31": "447.89700", "2006-12-31": "407.94700", "2006-09-30": "295.30900", "2006-06-30": "248.40500", "2006-03-31": "269.45400", "2005-12-31": "272.76800", "2005-09-30": "323.24300", "2005-06-30": "313.64300", "2005-03-31": "303.76300"}, "Long Term Debt": {"2020-09-30": "3584.50600", "2020-06-30": "3573.70900", "2020-03-31": "3535.75400", "2019-12-31": "3513.53000", "2019-09-30": "3466.76900", "2019-06-30": "3464.90200", "2019-03-31": "3409.19600", "2018-12-31": "3532.18200", "2018-09-30": "3542.31400", "2018-06-30": "3493.66900", "2018-03-31": "3316.69500", "2017-12-31": "3135.31600", "2017-09-30": "3292.81600", "2017-06-30": "3290.94400", "2017-03-31": "3224.65300", "2016-12-31": "3196.61600", "2016-09-30": "3181.69400", "2016-06-30": "3113.17900", "2016-03-31": "3076.34200", "2015-12-31": "3037.60500", "2015-09-30": "3046.41400", "2015-06-30": "2769.86100", "2015-03-31": "2962.67600", "2014-12-31": "2963.79400", "2014-09-30": "2958.50000", "2014-06-30": "3050.36700", "2014-03-31": "3133.92500", "2013-12-31": "3125.54800", "2013-09-30": "2257.10300", "2013-06-30": "1920.38300", "2013-03-31": "1913.38200", "2012-12-31": "1916.62100", "2012-09-30": "1882.83400", "2012-06-30": "1869.26400", "2012-03-31": "1858.98400", "2011-12-31": "1861.11600", "2011-09-30": "1863.89900", "2011-06-30": "1812.20200", "2011-03-31": "1830.09000", "2010-12-31": "1832.38000", "2010-09-30": "1798.54200", "2010-06-30": "1835.66100", "2010-03-31": "1858.46500", "2009-12-31": "1840.53200", "2009-09-30": "1717.50700", "2009-06-30": "1727.09200", "2009-03-31": "1788.67000", "2008-12-31": "1821.40400", "2008-09-30": "1835.83800", "2008-06-30": "1828.51100", "2008-03-31": "1840.39800", "2007-12-31": "1820.10600", "2007-09-30": "1779.83000", "2007-06-30": "1837.31800", "2007-03-31": "1768.55200", "2006-12-31": "1912.69600", "2006-09-30": "1265.21300", "2006-06-30": "1265.26300", "2006-03-31": "1271.82800", "2005-12-31": "1186.48500", "2005-09-30": "1172.51300", "2005-06-30": "1172.52500", "2005-03-31": "1172.13900"}, "Other Non-Current Liabilities": {"2020-09-30": "5891.51100", "2020-06-30": "5625.94100", "2020-03-31": "1765.90100", "2019-12-31": "5895.34100", "2019-09-30": "1988.08900", "2019-06-30": "5687.95900", "2019-03-31": "1926.99200", "2018-12-31": "1768.46700", "2018-09-30": "1992.54100", "2018-06-30": "1948.07300", "2018-03-31": "1898.56100", "2017-12-31": "1941.80000", "2017-09-30": "1866.02900", "2017-06-30": "1839.10300", "2017-03-31": "1804.60300", "2016-12-31": "1918.56500", "2016-09-30": "1903.93000", "2016-06-30": "1867.95900", "2016-03-31": "1827.98600", "2015-12-31": "1816.51100", "2015-09-30": "1807.55400", "2015-06-30": "1848.00600", "2015-03-31": "1840.68800", "2014-12-31": "1830.21100", "2014-09-30": "1952.31700", "2014-06-30": "2271.98500", "2014-03-31": "2249.47700", "2013-12-31": "2349.41900", "2013-09-30": "1516.61400", "2013-06-30": "1507.76400", "2013-03-31": "1519.84800", "2012-12-31": "1498.70200", "2012-09-30": "1496.57200", "2012-06-30": "1454.80100", "2012-03-31": "1444.79500", "2011-12-31": "1430.07300", "2011-09-30": "1382.86300", "2011-06-30": "1430.52800", "2011-03-31": "1426.13000", "2010-12-31": "1386.49200", "2010-09-30": "1350.24900", "2010-06-30": "1296.17400", "2010-03-31": "1354.58900", "2009-12-31": "1338.00900", "2009-09-30": "1251.63200", "2009-06-30": "1166.08200", "2009-03-31": "1128.07100", "2008-12-31": "431.62700", "2008-09-30": "466.04390", "2008-06-30": "478.25880", "2008-03-31": "472.63700", "2007-12-31": "475.57000", "2007-09-30": "750.03490", "2007-06-30": "595.66720", "2007-03-31": "720.74510", "2006-12-31": "597.21810", "2006-09-30": "362.67800", "2006-06-30": "315.40310", "2006-03-31": "311.60720", "2005-12-31": "326.98470", "2005-09-30": "431.33110", "2005-06-30": "418.23190", "2005-03-31": "418.29090"}, "Total Long Term Liabilities": {"2020-09-30": "11421.87000", "2020-06-30": "11126.78000", "2020-03-31": "10376.87000", "2019-12-31": "11297.46000", "2019-09-30": "10977.38000", "2019-06-30": "11001.65000", "2019-03-31": "10774.11000", "2018-12-31": "10495.83000", "2018-09-30": "11026.36000", "2018-06-30": "10829.76000", "2018-03-31": "10325.36000", "2017-12-31": "10626.09000", "2017-09-30": "10806.52000", "2017-06-30": "10658.95000", "2017-03-31": "10462.43000", "2016-12-31": "10405.03000", "2016-09-30": "10423.94000", "2016-06-30": "10205.96000", "2016-03-31": "10048.23000", "2015-12-31": "9975.98400", "2015-09-30": "9918.97900", "2015-06-30": "9865.83600", "2015-03-31": "10028.80000", "2014-12-31": "9994.25900", "2014-09-30": "10378.52000", "2014-06-30": "10866.65000", "2014-03-31": "10875.19000", "2013-12-31": "10679.79000", "2013-09-30": "8516.82700", "2013-06-30": "8042.46000", "2013-03-31": "8057.44000", "2012-12-31": "7908.63700", "2012-09-30": "7833.34500", "2012-06-30": "7678.31900", "2012-03-31": "7700.54800", "2011-12-31": "7530.01000", "2011-09-30": "7373.18100", "2011-06-30": "7651.46700", "2011-03-31": "7460.11800", "2010-12-31": "7343.96500", "2010-09-30": "7136.17000", "2010-06-30": "6988.04100", "2010-03-31": "7181.99100", "2009-12-31": "7041.18400", "2009-09-30": "6815.96300", "2009-06-30": "6555.19300", "2009-03-31": "6462.09800", "2008-12-31": "6490.92100", "2008-09-30": "6915.53100", "2008-06-30": "7005.11600", "2008-03-31": "6895.15100", "2007-12-31": "7013.72100", "2007-09-30": "7289.66600", "2007-06-30": "7698.88000", "2007-03-31": "7648.21600", "2006-12-31": "7726.66700", "2006-09-30": "5741.94400", "2006-06-30": "5813.43800", "2006-03-31": "5816.80800", "2005-12-31": "5690.44600", "2005-09-30": "5778.60000", "2005-06-30": "5855.01100", "2005-03-31": "5815.54400"}, "Total Liabilities": {"2020-09-30": "12044.00000", "2020-06-30": "11733.60000", "2020-03-31": "10964.17000", "2019-12-31": "11854.17000", "2019-09-30": "11540.80000", "2019-06-30": "11616.12000", "2019-03-31": "11378.66000", "2018-12-31": "11051.43000", "2018-09-30": "11581.25000", "2018-06-30": "11383.64000", "2018-03-31": "10917.16000", "2017-12-31": "11455.07000", "2017-09-30": "11386.25000", "2017-06-30": "11183.30000", "2017-03-31": "11075.42000", "2016-12-31": "10942.90000", "2016-09-30": "10961.78000", "2016-06-30": "10707.67000", "2016-03-31": "10566.04000", "2015-12-31": "10487.00000", "2015-09-30": "10465.62000", "2015-06-30": "10591.10000", "2015-03-31": "10616.82000", "2014-12-31": "10546.27000", "2014-09-30": "10964.29000", "2014-06-30": "11431.58000", "2014-03-31": "11466.42000", "2013-12-31": "11353.37000", "2013-09-30": "8948.58800", "2013-06-30": "8437.18800", "2013-03-31": "8482.97200", "2012-12-31": "8320.74100", "2012-09-30": "8238.03900", "2012-06-30": "8048.91400", "2012-03-31": "8090.33000", "2011-12-31": "7915.61700", "2011-09-30": "7751.05700", "2011-06-30": "8005.52200", "2011-03-31": "7825.53700", "2010-12-31": "7710.59200", "2010-09-30": "7479.75300", "2010-06-30": "7322.05300", "2010-03-31": "7546.11500", "2009-12-31": "7408.15400", "2009-09-30": "7144.20600", "2009-06-30": "6874.73800", "2009-03-31": "6828.68500", "2008-12-31": "6817.70400", "2008-09-30": "7305.26100", "2008-06-30": "7351.57500", "2008-03-31": "7281.76500", "2007-12-31": "7440.16100", "2007-09-30": "7832.48800", "2007-06-30": "8133.81700", "2007-03-31": "8096.11300", "2006-12-31": "8134.61400", "2006-09-30": "6037.25300", "2006-06-30": "6061.84200", "2006-03-31": "6086.26100", "2005-12-31": "5963.21400", "2005-09-30": "6101.84300", "2005-06-30": "6168.65400", "2005-03-31": "6119.30700"}, "Common Stock Net": {"2020-09-30": "174.23500", "2020-06-30": "177.01100", "2020-03-31": "179.24100", "2019-12-31": "181.18500", "2019-09-30": "182.83100", "2019-06-30": "182.46900", "2019-03-31": "182.25100", "2018-12-31": "181.47100", "2018-09-30": "180.93400", "2018-06-30": "181.23800", "2018-03-31": "184.01200", "2017-12-31": "186.61500", "2017-09-30": "187.74600", "2017-06-30": "187.31500", "2017-03-31": "187.95000", "2016-12-31": "189.40500", "2016-09-30": "190.48900", "2016-06-30": "193.66900", "2016-03-31": "194.14800", "2015-12-31": "195.77300", "2015-09-30": "197.12600", "2015-06-30": "201.75100", "2015-03-31": "202.91000", "2014-12-31": "204.86700", "2014-09-30": "209.23100", "2014-06-30": "211.17500", "2014-03-31": "213.53200", "2013-12-31": "212.31700", "2013-09-30": "211.96000", "2013-06-30": "211.94200", "2013-03-31": "211.66400", "2012-12-31": "211.04700", "2012-09-30": "213.97400", "2012-06-30": "214.77100", "2012-03-31": "217.09700", "2011-12-31": "222.95600", "2011-09-30": "227.99800", "2011-06-30": "237.20800", "2011-03-31": "238.86500", "2010-12-31": "241.03500", "2010-09-30": "244.64300", "2010-06-30": "248.70800", "2010-03-31": "254.76100", "2009-12-31": "254.01700", "2009-09-30": "253.18500", "2009-06-30": "251.00500", "2009-03-31": "250.94400", "2008-12-31": "249.47200", "2008-09-30": "257.82300", "2008-06-30": "257.16500", "2008-03-31": "260.54900", "2007-12-31": "262.85800", "2007-09-30": "280.15900", "2007-06-30": "288.10400", "2007-03-31": "294.79500", "2006-12-31": "293.22200", "2006-09-30": "292.72600", "2006-06-30": "292.41100", "2006-03-31": "295.45500", "2005-12-31": "294.80900", "2005-09-30": "298.14800", "2005-06-30": "298.14900", "2005-03-31": "310.00900"}, "Retained Earnings (Accumulated Deficit)": {"2020-09-30": "556.49500", "2020-06-30": "561.88200", "2020-03-31": "562.54900", "2019-12-31": "601.90300", "2019-09-30": "553.61000", "2019-06-30": "535.17300", "2019-03-31": "508.57800", "2018-12-31": "474.32700", "2018-09-30": "313.72000", "2018-06-30": "314.66900", "2018-03-31": "333.86400", "2017-12-31": "210.36400", "2017-09-30": "33.14000", "2017-06-30": "28.85800", "2017-03-31": "5.36900", "2016-12-31": "-103.38700", "2016-09-30": "-142.74200", "2016-06-30": "-106.11900", "2016-03-31": "-101.54500", "2015-12-31": "-109.35100", "2015-09-30": "-151.49100", "2015-06-30": "-79.97100", "2015-03-31": "-72.77100", "2014-12-31": "-81.85900", "2014-09-30": "-148.08500", "2014-06-30": "-118.18400", "2014-03-31": "-105.89300", "2013-12-31": "-90.02600", "2013-09-30": "-169.79700", "2013-06-30": "-196.57600", "2013-03-31": "-230.09800", "2012-12-31": "-286.79500", "2012-09-30": "-293.26000", "2012-06-30": "-316.45600", "2012-03-31": "-342.57900", "2011-12-31": "-367.04400", "2011-09-30": "-398.99700", "2011-06-30": "-412.60200", "2011-03-31": "-438.69500", "2010-12-31": "-477.45900", "2010-09-30": "-513.91400", "2010-06-30": "-532.67900", "2010-03-31": "-572.96400", "2009-12-31": "-603.87600", "2009-09-30": "-637.96000", "2009-06-30": "-669.12200", "2009-03-31": "-692.22600", "2008-12-31": "-726.75600", "2008-09-30": "-736.28400", "2008-06-30": "-750.92300", "2008-03-31": "-771.77500", "2007-12-31": "-797.96500", "2007-09-30": "-865.49600", "2007-06-30": "-858.06800", "2007-03-31": "-856.76500", "2006-12-31": "-906.39400", "2006-09-30": "-907.16400", "2006-06-30": "-910.52900", "2006-03-31": "-931.78000", "2005-12-31": "-962.90500", "2005-09-30": "-980.11900", "2005-06-30": "-970.48500", "2005-03-31": "-980.48500"}, "Comprehensive Income": {"2020-09-30": "20.27000", "2020-06-30": "12.40000", "2020-03-31": "-1.33600", "2019-12-31": "29.86400", "2019-09-30": "23.52700", "2019-06-30": "27.79200", "2019-03-31": "20.64600", "2018-12-31": "13.39500", "2018-09-30": "32.16700", "2018-06-30": "26.21700", "2018-03-31": "32.12500", "2017-12-31": "41.94300", "2017-09-30": "46.66100", "2017-06-30": "30.09000", "2017-03-31": "19.65600", "2016-12-31": "16.49200", "2016-09-30": "24.27400", "2016-06-30": "29.28900", "2016-03-31": "28.87100", "2015-12-31": "6.16400", "2015-09-30": "16.50100", "2015-06-30": "44.66800", "2015-03-31": "36.79700", "2014-12-31": "59.41400", "2014-09-30": "77.82300", "2014-06-30": "90.75900", "2014-03-31": "77.21500", "2013-12-31": "88.44100", "2013-09-30": "101.94900", "2013-06-30": "94.45700", "2013-03-31": "106.20500", "2012-12-31": "111.71700", "2012-09-30": "116.83100", "2012-06-30": "103.32800", "2012-03-31": "111.61200", "2011-12-31": "105.85200", "2011-09-30": "99.55200", "2011-06-30": "122.68400", "2011-03-31": "124.27000", "2010-12-31": "112.76800", "2010-09-30": "101.90300", "2010-06-30": "94.63700", "2010-03-31": "110.96900", "2009-12-31": "97.14200", "2009-09-30": "82.89300", "2009-06-30": "57.90700", "2009-03-31": "28.89600", "2008-12-31": "36.64900", "2008-09-30": "119.50000", "2008-06-30": "135.44300", "2008-03-31": "130.48400", "2007-12-31": "152.59000", "2007-09-30": "161.31800", "2007-06-30": "113.89400", "2007-03-31": "76.70400", "2006-12-31": "72.29800", "2006-09-30": "80.22800", "2006-06-30": "81.46000", "2006-03-31": "70.16900", "2005-12-31": "70.49900", "2005-09-30": "69.29500", "2005-06-30": "25.52400", "2005-03-31": "26.97700"}, "Other Share Holders Equity": {"2020-09-30": "", "2020-06-30": "", "2020-03-31": "", "2019-12-31": "", "2019-09-30": "", "2019-06-30": "", "2019-03-31": "", "2018-12-31": "", "2018-09-30": "", "2018-06-30": "", "2018-03-31": "", "2017-12-31": "", "2017-09-30": "", "2017-06-30": "", "2017-03-31": "", "2016-12-31": "", "2016-09-30": "", "2016-06-30": "", "2016-03-31": "", "2015-12-31": "", "2015-09-30": "", "2015-06-30": "", "2015-03-31": "", "2014-12-31": "", "2014-09-30": "", "2014-06-30": "", "2014-03-31": "", "2013-12-31": "", "2013-09-30": "", "2013-06-30": "", "2013-03-31": "", "2012-12-31": "", "2012-09-30": "", "2012-06-30": "", "2012-03-31": "", "2011-12-31": "", "2011-09-30": "", "2011-06-30": "", "2011-03-31": "", "2010-12-31": "", "2010-09-30": "", "2010-06-30": "", "2010-03-31": "", "2009-12-31": "", "2009-09-30": "", "2009-06-30": "", "2009-03-31": "", "2008-12-31": "", "2008-09-30": "", "2008-06-30": "", "2008-03-31": "", "2007-12-31": "", "2007-09-30": "", "2007-06-30": "", "2007-03-31": "", "2006-12-31": "", "2006-09-30": "", "2006-06-30": "", "2006-03-31": "", "2005-12-31": "", "2005-09-30": "", "2005-06-30": "", "2005-03-31": ""}, "Share Holder Equity": {"2020-09-30": "1743.13600", "2020-06-30": "1754.32800", "2020-03-31": "1751.09300", "2019-12-31": "1823.25500", "2019-09-30": "1775.52000", "2019-06-30": "1744.21600", "2019-03-31": "1700.40500", "2018-12-31": "1641.81500", "2018-09-30": "1488.98600", "2018-06-30": "1476.39700", "2018-03-31": "1511.84900", "2017-12-31": "1409.43700", "2017-09-30": "1238.95100", "2017-06-30": "1204.98400", "2017-03-31": "1183.75000", "2016-12-31": "1095.24700", "2016-09-30": "1089.69800", "2016-06-30": "1167.82000", "2016-03-31": "1190.09300", "2015-12-31": "1189.40100", "2015-09-30": "1187.50400", "2015-06-30": "1333.73500", "2015-03-31": "1341.55600", "2014-12-31": "1377.37800", "2014-09-30": "1365.93600", "2014-06-30": "1425.59500", "2014-03-31": "1439.19600", "2013-12-31": "1480.22800", "2013-09-30": "1440.77400", "2013-06-30": "1417.86100", "2013-03-31": "1399.08100", "2012-12-31": "1362.82700", "2012-09-30": "1395.85500", "2012-06-30": "1376.43000", "2012-03-31": "1385.09500", "2011-12-31": "1412.19500", "2011-09-30": "1420.24900", "2011-06-30": "1507.54900", "2011-03-31": "1494.70900", "2010-12-31": "1479.94800", "2010-09-30": "1470.74400", "2010-06-30": "1483.97400", "2010-03-31": "1520.42200", "2009-12-31": "1482.78800", "2009-09-30": "1418.99100", "2009-06-30": "1360.19300", "2009-03-31": "1314.57600", "2008-12-31": "1293.17900", "2008-09-30": "1451.40700", "2008-06-30": "1456.40900", "2008-03-31": "1466.31500", "2007-12-31": "1492.08300", "2007-09-30": "1576.30500", "2007-06-30": "1607.17600", "2007-03-31": "1653.54200", "2006-12-31": "1594.77500", "2006-09-30": "1606.58500", "2006-06-30": "1608.85800", "2006-03-31": "1608.38500", "2005-12-31": "1581.55500", "2005-09-30": "1600.12300", "2005-06-30": "1573.42600", "2005-03-31": "1664.57200"}, "Total Liabilities And Share Holders Equity": {"2020-09-30": "13787.14000", "2020-06-30": "13487.93000", "2020-03-31": "12715.26000", "2019-12-31": "13677.43000", "2019-09-30": "13316.32000", "2019-06-30": "13360.34000", "2019-03-31": "13079.06000", "2018-12-31": "12693.24000", "2018-09-30": "13070.23000", "2018-06-30": "12860.04000", "2018-03-31": "12429.01000", "2017-12-31": "12864.50000", "2017-09-30": "12625.20000", "2017-06-30": "12388.28000", "2017-03-31": "12259.17000", "2016-12-31": "12038.15000", "2016-09-30": "12051.48000", "2016-06-30": "11875.49000", "2016-03-31": "11756.13000", "2015-12-31": "11676.40000", "2015-09-30": "11653.12000", "2015-06-30": "11924.83000", "2015-03-31": "11958.38000", "2014-12-31": "11923.64000", "2014-09-30": "12330.23000", "2014-06-30": "12857.18000", "2014-03-31": "12905.61000", "2013-12-31": "12833.60000", "2013-09-30": "10389.36000", "2013-06-30": "9855.04900", "2013-03-31": "9882.05300", "2012-12-31": "9683.56800", "2012-09-30": "9633.89400", "2012-06-30": "9425.34400", "2012-03-31": "9475.42500", "2011-12-31": "9327.81200", "2011-09-30": "9171.30600", "2011-06-30": "9513.07100", "2011-03-31": "9320.24600", "2010-12-31": "9190.54000", "2010-09-30": "8950.49700", "2010-06-30": "8806.02700", "2010-03-31": "9066.53700", "2009-12-31": "8890.94200", "2009-09-30": "8563.19700", "2009-06-30": "8234.93100", "2009-03-31": "8143.26100", "2008-12-31": "8110.88300", "2008-09-30": "8756.66800", "2008-06-30": "8807.98400", "2008-03-31": "8748.08000", "2007-12-31": "8932.24400", "2007-09-30": "9408.79300", "2007-06-30": "9740.99300", "2007-03-31": "9749.65500", "2006-12-31": "9729.38900", "2006-09-30": "7643.83800", "2006-06-30": "7670.70000", "2006-03-31": "7694.64600", "2005-12-31": "7544.76900", "2005-09-30": "7701.96600", "2005-06-30": "7742.08000", "2005-03-31": "7783.87900"}}, "cash flow statement": {"Net Income/Loss": {"2019-12-31": "369.77100", "2018-12-31": "447.55800", "2017-12-31": "546.84700", "2016-12-31": "177.30500", "2015-12-31": "234.93400", "2014-12-31": "178.80600", "2013-12-31": "152.58800", "2012-12-31": "155.43400", "2011-12-31": "146.23200", "2010-12-31": "127.00100", "2009-12-31": "123.09300", "2008-12-31": "97.21600", "2007-12-31": "247.72900", "2006-12-31": "56.51100", "2005-12-31": "-127.94100"}, "Total Depreciation And Amortization - Cash Flow": {"2019-12-31": "252.66000", "2018-12-31": "254.54400", "2017-12-31": "254.75200", "2016-12-31": "250.76000", "2015-12-31": "244.75600", "2014-12-31": "245.90600", "2013-12-31": "208.38100", "2012-12-31": "193.59600", "2011-12-31": "188.12000", "2010-12-31": "178.27200", "2009-12-31": "171.03900", "2008-12-31": "174.05600", "2007-12-31": "185.31700", "2006-12-31": "142.07500", "2005-12-31": "113.15900"}, "Other Non-Cash Items": {"2019-12-31": "30.92300", "2018-12-31": "-25.91900", "2017-12-31": "-299.81100", "2016-12-31": "68.95900", "2015-12-31": "14.08800", "2014-12-31": "4.49800", "2013-12-31": "97.73700", "2012-12-31": "113.39000", "2011-12-31": "100.08200", "2010-12-31": "93.11600", "2009-12-31": "71.50200", "2008-12-31": "164.81700", "2007-12-31": "-134.68300", "2006-12-31": "109.98300", "2005-12-31": "241.41100"}, "Total Non-Cash Items": {"2019-12-31": "283.58300", "2018-12-31": "228.62500", "2017-12-31": "-45.05900", "2016-12-31": "319.71900", "2015-12-31": "258.84400", "2014-12-31": "250.40400", "2013-12-31": "306.11800", "2012-12-31": "306.98600", "2011-12-31": "288.20200", "2010-12-31": "271.38800", "2009-12-31": "242.54100", "2008-12-31": "338.87300", "2007-12-31": "50.63400", "2006-12-31": "252.05800", "2005-12-31": "354.57000"}, "Change In Accounts Receivable": {"2019-12-31": "-12.71100", "2018-12-31": "8.05200", "2017-12-31": "-9.74000", "2016-12-31": "-14.19800", "2015-12-31": "0.46400", "2014-12-31": "-18.64400", "2013-12-31": "11.01700", "2012-12-31": "-9.78200", "2011-12-31": "-7.84000", "2010-12-31": "-14.56100", "2009-12-31": "-8.24500", "2008-12-31": "-0.40900", "2007-12-31": "-24.65000", "2006-12-31": "-0.36200", "2005-12-31": "10.25700"}, "Change In Inventories": {"2019-12-31": "", "2018-12-31": "", "2017-12-31": "", "2016-12-31": "", "2015-12-31": "", "2014-12-31": "", "2013-12-31": "", "2012-12-31": "", "2011-12-31": "", "2010-12-31": "", "2009-12-31": "", "2008-12-31": "", "2007-12-31": "", "2006-12-31": "", "2005-12-31": ""}, "Change In Accounts Payable": {"2019-12-31": "1.78800", "2018-12-31": "-16.69900", "2017-12-31": "81.76300", "2016-12-31": "47.88800", "2015-12-31": "20.56700", "2014-12-31": "-12.03800", "2013-12-31": "-1.99500", "2012-12-31": "26.36000", "2011-12-31": "14.61000", "2010-12-31": "16.37400", "2009-12-31": "30.89900", "2008-12-31": "-143.95600", "2007-12-31": "51.40700", "2006-12-31": "-10.60700", "2005-12-31": "1.76600"}, "Change In Assets/Liabilities": {"2019-12-31": "-13.67600", "2018-12-31": "-51.70600", "2017-12-31": "-70.43900", "2016-12-31": "-41.67900", "2015-12-31": "-42.62300", "2014-12-31": "-81.17300", "2013-12-31": "-83.01900", "2012-12-31": "-109.75200", "2011-12-31": "-53.09200", "2010-12-31": "-45.82300", "2009-12-31": "-16.21800", "2008-12-31": "58.59000", "2007-12-31": "31.06200", "2006-12-31": "26.61900", "2005-12-31": "74.20000"}, "Total Change In Assets/Liabilities": {"2019-12-31": "-24.59900", "2018-12-31": "-60.35300", "2017-12-31": "1.58400", "2016-12-31": "-7.98900", "2015-12-31": "-21.59200", "2014-12-31": "-111.85500", "2013-12-31": "-73.99700", "2012-12-31": "-93.17400", "2011-12-31": "-46.32200", "2010-12-31": "-44.01000", "2009-12-31": "6.43600", "2008-12-31": "-85.77500", "2007-12-31": "57.81900", "2006-12-31": "15.65000", "2005-12-31": "86.22300"}, "Cash Flow From Operating Activities": {"2019-12-31": "628.75500", "2018-12-31": "615.83000", "2017-12-31": "503.37200", "2016-12-31": "489.03500", "2015-12-31": "472.18600", "2014-12-31": "317.35500", "2013-12-31": "384.70900", "2012-12-31": "369.24600", "2011-12-31": "388.11200", "2010-12-31": "354.37900", "2009-12-31": "372.07000", "2008-12-31": "350.31400", "2007-12-31": "356.18200", "2006-12-31": "324.21900", "2005-12-31": "312.85200"}, "Net Change In Property, Plant, And Equipment": {"2019-12-31": "-162.88300", "2018-12-31": "-198.23600", "2017-12-31": "-162.12000", "2016-12-31": "-193.44600", "2015-12-31": "-150.98600", "2014-12-31": "-144.49900", "2013-12-31": "-112.93900", "2012-12-31": "-115.32200", "2011-12-31": "-118.37500", "2010-12-31": "-97.89900", "2009-12-31": "-83.79000", "2008-12-31": "-154.10100", "2007-12-31": "-157.01100", "2006-12-31": "-97.52700", "2005-12-31": "-98.60500"}, "Net Change In Intangible Assets": {"2019-12-31": "", "2018-12-31": "", "2017-12-31": "", "2016-12-31": "", "2015-12-31": "", "2014-12-31": "", "2013-12-31": "", "2012-12-31": "", "2011-12-31": "", "2010-12-31": "", "2009-12-31": "", "2008-12-31": "", "2007-12-31": "", "2006-12-31": "", "2005-12-31": ""}, "Net Acquisitions/Divestitures": {"2019-12-31": "-107.01700", "2018-12-31": "-194.82400", "2017-12-31": "-76.17100", "2016-12-31": "-21.04600", "2015-12-31": "-24.48600", "2014-12-31": "409.04700", "2013-12-31": "-1043.90300", "2012-12-31": "-55.46800", "2011-12-31": "-75.04100", "2010-12-31": "-208.24800", "2009-12-31": "-52.23600", "2008-12-31": "23.71500", "2007-12-31": "402.33400", "2006-12-31": "-1218.21300", "2005-12-31": "223.51800"}, "Net Change In Short-term Investments": {"2019-12-31": "", "2018-12-31": "", "2017-12-31": "", "2016-12-31": "", "2015-12-31": "", "2014-12-31": "", "2013-12-31": "", "2012-12-31": "", "2011-12-31": "", "2010-12-31": "", "2009-12-31": "", "2008-12-31": "", "2007-12-31": "158.69100", "2006-12-31": "", "2005-12-31": "26.83900"}, "Net Change In Long-Term Investments": {"2019-12-31": "", "2018-12-31": "2.90000", "2017-12-31": "", "2016-12-31": "", "2015-12-31": "", "2014-12-31": "", "2013-12-31": "", "2012-12-31": "", "2011-12-31": "", "2010-12-31": "", "2009-12-31": "", "2008-12-31": "", "2007-12-31": "", "2006-12-31": "", "2005-12-31": ""}, "Net Change In Investments - Total": {"2019-12-31": "", "2018-12-31": "2.90000", "2017-12-31": "", "2016-12-31": "", "2015-12-31": "", "2014-12-31": "", "2013-12-31": "", "2012-12-31": "", "2011-12-31": "", "2010-12-31": "", "2009-12-31": "", "2008-12-31": "", "2007-12-31": "158.69100", "2006-12-31": "", "2005-12-31": "26.83900"}, "Investing Activities - Other": {"2019-12-31": "-8.61100", "2018-12-31": "-24.46100", "2017-12-31": "-4.59300", "2016-12-31": "-6.53300", "2015-12-31": "9.05300", "2014-12-31": "-7.26200", "2013-12-31": "0.04900", "2012-12-31": "-4.16400", "2011-12-31": "3.15900", "2010-12-31": "26.43700", "2009-12-31": "-16.45900", "2008-12-31": "-20.88300", "2007-12-31": "-25.89300", "2006-12-31": "18.23800", "2005-12-31": "19.26300"}, "Cash Flow From Investing Activities": {"2019-12-31": "-278.51100", "2018-12-31": "-414.62100", "2017-12-31": "-242.88400", "2016-12-31": "-221.02500", "2015-12-31": "-166.41900", "2014-12-31": "257.28600", "2013-12-31": "-1156.79300", "2012-12-31": "-174.95400", "2011-12-31": "-190.25700", "2010-12-31": "-279.71000", "2009-12-31": "-152.48500", "2008-12-31": "-151.26900", "2007-12-31": "378.12100", "2006-12-31": "-1297.50200", "2005-12-31": "171.01500"}, "Net Long-Term Debt": {"2019-12-31": "-83.81310", "2018-12-31": "62.93900", "2017-12-31": "149.90910", "2016-12-31": "94.83300", "2015-12-31": "257.42900", "2014-12-31": "495.05900", "2013-12-31": "938.25400", "2012-12-31": "201.14000", "2011-12-31": "39.19600", "2010-12-31": "200.72300", "2009-12-31": "92.65400", "2008-12-31": "-56.02000", "2007-12-31": "-129.84000", "2006-12-31": "802.60100", "2005-12-31": "211.22900"}, "Net Current Debt": {"2019-12-31": "0.32800", "2018-12-31": "-15.17700", "2017-12-31": "5.95900", "2016-12-31": "-1.09500", "2015-12-31": "-7.53100", "2014-12-31": "7.13000", "2013-12-31": "0.33600", "2012-12-31": "6.19900", "2011-12-31": "-0.79800", "2010-12-31": "-2.85600", "2009-12-31": "-4.03600", "2008-12-31": "-5.77900", "2007-12-31": "7.20900", "2006-12-31": "20.48000", "2005-12-31": "-0.84400"}, "Debt Issuance/Retirement Net - Total": {"2019-12-31": "-83.48510", "2018-12-31": "47.76200", "2017-12-31": "155.86810", "2016-12-31": "93.73800", "2015-12-31": "249.89800", "2014-12-31": "502.18900", "2013-12-31": "938.59000", "2012-12-31": "207.33900", "2011-12-31": "38.39800", "2010-12-31": "197.86700", "2009-12-31": "88.61800", "2008-12-31": "-61.79900", "2007-12-31": "-122.63100", "2006-12-31": "823.08100", "2005-12-31": "210.38500"}, "Net Common Equity Issued/Repurchased": {"2019-12-31": "-88.66700", "2018-12-31": "-253.09400", "2017-12-31": "-166.02600", "2016-12-31": "-210.26600", "2015-12-31": "-313.45200", "2014-12-31": "-210.49800", "2013-12-31": "4.60100", "2012-12-31": "-168.37700", "2011-12-31": "-189.07500", "2010-12-31": "-115.11900", "2009-12-31": "17.40700", "2008-12-31": "-127.34300", "2007-12-31": "-452.18300", "2006-12-31": "-21.92400", "2005-12-31": "-217.31800"}, "Net Total Equity Issued/Repurchased": {"2019-12-31": "-88.66700", "2018-12-31": "-253.09400", "2017-12-31": "-166.02600", "2016-12-31": "-210.26600", "2015-12-31": "-313.45200", "2014-12-31": "-210.49800", "2013-12-31": "4.60100", "2012-12-31": "-168.37700", "2011-12-31": "-189.07500", "2010-12-31": "-115.11900", "2009-12-31": "17.40700", "2008-12-31": "-127.34300", "2007-12-31": "-452.18300", "2006-12-31": "-21.92400", "2005-12-31": "-217.31800"}, "Total Common And Preferred Stock Dividends Paid": {"2019-12-31": "-131.40200", "2018-12-31": "-123.84900", "2017-12-31": "-108.75000", "2016-12-31": "-98.41800", "2015-12-31": "-87.57000", "2014-12-31": "-71.51700", "2013-12-31": "-57.22900", "2012-12-31": "-60.29600", "2011-12-31": "-44.79500", "2010-12-31": "-40.00100", "2009-12-31": "-40.19500", "2008-12-31": "-41.50100", "2007-12-31": "-34.62900", "2006-12-31": "-29.43100", "2005-12-31": "-22.63700"}, "Financial Activities - Other": {"2019-12-31": "-15.53900", "2018-12-31": "", "2017-12-31": "-17.51900", "2016-12-31": "5.49200", "2015-12-31": "-187.35400", "2014-12-31": "-758.14100", "2013-12-31": "-60.84700", "2012-12-31": "-210.17800", "2011-12-31": "-43.19400", "2010-12-31": "-130.93300", "2009-12-31": "-244.26000", "2008-12-31": "", "2007-12-31": "1.91300", "2006-12-31": "-206.51300", "2005-12-31": "-296.81500"}, "Cash Flow From Financial Activities": {"2019-12-31": "-319.09300", "2018-12-31": "-329.18100", "2017-12-31": "-136.42700", "2016-12-31": "-209.45400", "2015-12-31": "-338.47800", "2014-12-31": "-537.96700", "2013-12-31": "825.11500", "2012-12-31": "-231.51200", "2011-12-31": "-238.66600", "2010-12-31": "-88.18600", "2009-12-31": "-178.43000", "2008-12-31": "-230.64300", "2007-12-31": "-607.53000", "2006-12-31": "565.21300", "2005-12-31": "-326.38500"}, "Net Cash Flow": {"2019-12-31": "35.03600", "2018-12-31": "-133.01700", "2017-12-31": "129.09500", "2016-12-31": "60.41300", "2015-12-31": "-42.73600", "2014-12-31": "35.75100", "2013-12-31": "52.81500", "2012-12-31": "-34.88400", "2011-12-31": "-42.27700", "2010-12-31": "-8.89900", "2009-12-31": "51.34800", "2008-12-31": "-40.19700", "2007-12-31": "128.71400", "2006-12-31": "-406.90200", "2005-12-31": "158.99700"}, "Stock-Based Compensation": {"2019-12-31": "15.02900", "2018-12-31": "15.62600", "2017-12-31": "14.78800", "2016-12-31": "14.05600", "2015-12-31": "13.84300", "2014-12-31": "13.12700", "2013-12-31": "11.92500", "2012-12-31": "10.98300", "2011-12-31": "9.14400", "2010-12-31": "8.87800", "2009-12-31": "9.68400", "2008-12-31": "9.97000", "2007-12-31": "8.78700", "2006-12-31": "7.03500", "2005-12-31": "2.08600"}, "Common Stock Dividends Paid": {"2019-12-31": "-131.40200", "2018-12-31": "-123.84900", "2017-12-31": "-108.75000", "2016-12-31": "-98.41800", "2015-12-31": "-87.57000", "2014-12-31": "-71.51700", "2013-12-31": "-57.22900", "2012-12-31": "-60.29600", "2011-12-31": "-44.79500", "2010-12-31": "-40.00100", "2009-12-31": "-40.19500", "2008-12-31": "-41.50100", "2007-12-31": "-34.62900", "2006-12-31": "-29.43100", "2005-12-31": "-22.63700"}}, "cash flow statement, quarterly": {"Net Income/Loss": {"2020-09-30": 127.492, "2020-06-30": 105.553, "2020-03-31": "82.00100", "2019-12-31": 147.173, "2019-09-30": 70.872, "2019-06-30": 72.513, "2019-03-31": "79.21300", "2018-12-31": 193.236, "2018-09-30": 68.993, "2018-06-30": 103.281, "2018-03-31": "82.04800", "2017-12-31": 247.395, "2017-09-30": 56.141, "2017-06-30": 68.562, "2017-03-31": "174.74900", "2016-12-31": 66.417, "2016-09-30": 47.541, "2016-06-30": 15.893, "2016-03-31": "47.45400", "2015-12-31": 72.45, "2015-09-30": 47.927, "2015-06-30": 53.092, "2015-03-31": "61.46500", "2014-12-31": 87.949, "2014-09-30": 17.685, "2014-06-30": 31.781, "2014-03-31": "41.39100", "2013-12-31": 32.036, "2013-09-30": 27.394, "2013-06-30": 34.436, "2013-03-31": "58.72200", "2012-12-31": 27.683, "2012-09-30": 41.797, "2012-06-30": 37.639, "2012-03-31": "48.31500", "2011-12-31": 44.55, "2011-09-30": 35.015, "2011-06-30": 26.738, "2011-03-31": "39.92900", "2010-12-31": 36.769, "2010-09-30": 18.68, "2010-06-30": 40.227, "2010-03-31": "31.32500", "2009-12-31": 34.571, "2009-09-30": 30.562, "2009-06-30": 23.58, "2009-03-31": "34.38000", "2008-12-31": 9.528, "2008-09-30": 14.772, "2008-06-30": 31.397, "2008-03-31": "41.51900", "2007-12-31": 166.799, "2007-09-30": 28.17, "2007-06-30": 15.118, "2007-03-31": "37.64200", "2006-12-31": 0.77, "2006-09-30": 3.365, "2006-06-30": 25.45, "2006-03-31": "26.92600", "2005-12-31": 22.769, "2005-09-30": -9.652, "2005-06-30": 13.888, "2005-03-31": "-154.94600"}, "Total Depreciation And Amortization - Cash Flow": {"2020-09-30": 71.181, "2020-06-30": 64.784, "2020-03-31": "58.36900", "2019-12-31": 67.612, "2019-09-30": 60.639, "2019-06-30": 62.874, "2019-03-31": "61.53500", "2018-12-31": 64.838, "2018-09-30": 65.162, "2018-06-30": 64.117, "2018-03-31": "60.42700", "2017-12-31": 69.311, "2017-09-30": 62.458, "2017-06-30": 62.782, "2017-03-31": "60.20100", "2016-12-31": 72.04, "2016-09-30": 59.965, "2016-06-30": 60.04, "2016-03-31": "58.71500", "2015-12-31": 69.761, "2015-09-30": 59.221, "2015-06-30": 59.529, "2015-03-31": "56.24500", "2014-12-31": 65.103, "2014-09-30": 61.024, "2014-06-30": 60.496, "2014-03-31": "59.28300", "2013-12-31": 64.038, "2013-09-30": 49.796, "2013-06-30": 48.082, "2013-03-31": "46.46500", "2012-12-31": 51.134, "2012-09-30": 47.784, "2012-06-30": 48.225, "2012-03-31": "46.45300", "2011-12-31": 49.112, "2011-09-30": 47.337, "2011-06-30": 45.302, "2011-03-31": "46.36900", "2010-12-31": 45.119, "2010-09-30": 46.022, "2010-06-30": 45.121, "2010-03-31": "42.01000", "2009-12-31": 47.821, "2009-09-30": 41.291, "2009-06-30": 40.519, "2009-03-31": "41.40800", "2008-12-31": 45.15, "2008-09-30": 42.509, "2008-06-30": 44.816, "2008-03-31": "41.58100", "2007-12-31": 45.606, "2007-09-30": 44.495, "2007-06-30": 47.421, "2007-03-31": "47.79500", "2006-12-31": 39.983, "2006-09-30": 38.609, "2006-06-30": 32.522, "2006-03-31": "30.96100", "2005-12-31": 49.582, "2005-09-30": 22, "2005-06-30": 21.041, "2005-03-31": "20.53600"}, "Other Non-Cash Items": {"2020-09-30": 35.791, "2020-06-30": 10.186, "2020-03-31": "6.43000", "2019-12-31": -37.678, "2019-09-30": 28.945, "2019-06-30": 28.801, "2019-03-31": "10.85500", "2018-12-31": -61.85, "2018-09-30": 1.734, "2018-06-30": 20.383, "2018-03-31": "13.81400", "2017-12-31": -163.366, "2017-09-30": 10.166, "2017-06-30": 1.792, "2017-03-31": "-148.40300", "2016-12-31": 45.234, "2016-09-30": -10.545, "2016-06-30": 33.286, "2016-03-31": "0.98400", "2015-12-31": 4.857, "2015-09-30": 12.237, "2015-06-30": 0.637, "2015-03-31": "-3.64300", "2014-12-31": 4.84, "2014-09-30": 3.521, "2014-06-30": -15.778, "2014-03-31": "11.91500", "2013-12-31": 28.286, "2013-09-30": 17.576, "2013-06-30": 19.929, "2013-03-31": "31.94600", "2012-12-31": 45.308, "2012-09-30": 20.428, "2012-06-30": 26.483, "2012-03-31": "21.17100", "2011-12-31": 28.991, "2011-09-30": 16.116, "2011-06-30": 30.785, "2011-03-31": "24.19000", "2010-12-31": 41.768, "2010-09-30": 26.746, "2010-06-30": 5.305, "2010-03-31": "19.29700", "2009-12-31": 15.616, "2009-09-30": 16.27, "2009-06-30": 24.379, "2009-03-31": "15.23700", "2008-12-31": 31.042, "2008-09-30": 83.014, "2008-06-30": 16.666, "2008-03-31": "34.09500", "2007-12-31": -166.226, "2007-09-30": -21.621, "2007-06-30": 18.001, "2007-03-31": "35.16300", "2006-12-31": 37.635, "2006-09-30": 31.311, "2006-06-30": 18.241, "2006-03-31": "22.79600", "2005-12-31": -0.559, "2005-09-30": 26.06, "2005-06-30": 4.86, "2005-03-31": "211.05000"}, "Total Non-Cash Items": {"2020-09-30": 106.972, "2020-06-30": 74.97, "2020-03-31": "64.79900", "2019-12-31": 29.934, "2019-09-30": 89.584, "2019-06-30": 91.675, "2019-03-31": "72.39000", "2018-12-31": 2.988, "2018-09-30": 66.896, "2018-06-30": 84.5, "2018-03-31": "74.24100", "2017-12-31": -94.055, "2017-09-30": 72.624, "2017-06-30": 64.574, "2017-03-31": "-88.20200", "2016-12-31": 117.274, "2016-09-30": 49.42, "2016-06-30": 93.326, "2016-03-31": "59.69900", "2015-12-31": 74.618, "2015-09-30": 71.458, "2015-06-30": 60.166, "2015-03-31": "52.60200", "2014-12-31": 69.943, "2014-09-30": 64.545, "2014-06-30": 44.718, "2014-03-31": "71.19800", "2013-12-31": 92.324, "2013-09-30": 67.372, "2013-06-30": 68.011, "2013-03-31": "78.41100", "2012-12-31": 96.442, "2012-09-30": 68.212, "2012-06-30": 74.708, "2012-03-31": "67.62400", "2011-12-31": 78.103, "2011-09-30": 63.453, "2011-06-30": 76.087, "2011-03-31": "70.55900", "2010-12-31": 86.887, "2010-09-30": 72.768, "2010-06-30": 50.426, "2010-03-31": "61.30700", "2009-12-31": 63.437, "2009-09-30": 57.561, "2009-06-30": 64.898, "2009-03-31": "56.64500", "2008-12-31": 76.192, "2008-09-30": 125.523, "2008-06-30": 61.482, "2008-03-31": "75.67600", "2007-12-31": -120.62, "2007-09-30": 22.874, "2007-06-30": 65.422, "2007-03-31": "82.95800", "2006-12-31": 77.618, "2006-09-30": 69.92, "2006-06-30": 50.763, "2006-03-31": "53.75700", "2005-12-31": 49.023, "2005-09-30": 48.06, "2005-06-30": 25.901, "2005-03-31": "231.58600"}, "Change In Accounts Receivable": {"2020-09-30": -4.012, "2020-06-30": 0.321, "2020-03-31": "2.46000", "2019-12-31": -6.681, "2019-09-30": 5.578, "2019-06-30": -2.892, "2019-03-31": "-8.71600", "2018-12-31": 9.016, "2018-09-30": -1.929, "2018-06-30": -10.622, "2018-03-31": "11.58700", "2017-12-31": -22.308, "2017-09-30": -7.873, "2017-06-30": 9.482, "2017-03-31": "10.95900", "2016-12-31": -25.645, "2016-09-30": 1.246, "2016-06-30": 0.861, "2016-03-31": "9.34000", "2015-12-31": -11.26, "2015-09-30": 9.448, "2015-06-30": 5.17, "2015-03-31": "-2.89400", "2014-12-31": -11.606, "2014-09-30": 0.203, "2014-06-30": -3.014, "2014-03-31": "-4.22700", "2013-12-31": -3.075, "2013-09-30": 9.97, "2013-06-30": -1.84, "2013-03-31": "5.96200", "2012-12-31": -10.848, "2012-09-30": -2.42, "2012-06-30": -0.985, "2012-03-31": "4.47100", "2011-12-31": -21.423, "2011-09-30": 7.277, "2011-06-30": -7.188, "2011-03-31": "13.49400", "2010-12-31": -21.354, "2010-09-30": -4.241, "2010-06-30": 8.376, "2010-03-31": "2.65800", "2009-12-31": -21.541, "2009-09-30": 0.654, "2009-06-30": 0.373, "2009-03-31": "12.26900", "2008-12-31": -8.195, "2008-09-30": 1.302, "2008-06-30": 5.903, "2008-03-31": "0.58100", "2007-12-31": -17.623, "2007-09-30": -1.805, "2007-06-30": -4.716, "2007-03-31": "-0.50600", "2006-12-31": -18.877, "2006-09-30": 0.514, "2006-06-30": 10.587, "2006-03-31": "7.41400", "2005-12-31": -8.195, "2005-09-30": 7.317, "2005-06-30": 19.97, "2005-03-31": "-8.83500"}, "Change In Inventories": {"2020-09-30": 0, "2020-06-30": 0, "2020-03-31": "", "2019-12-31": 0, "2019-09-30": 0, "2019-06-30": 0, "2019-03-31": "", "2018-12-31": 0, "2018-09-30": 0, "2018-06-30": 0, "2018-03-31": "", "2017-12-31": 0, "2017-09-30": 0, "2017-06-30": 0, "2017-03-31": "", "2016-12-31": 0, "2016-09-30": 0, "2016-06-30": 0, "2016-03-31": "", "2015-12-31": 0, "2015-09-30": 0, "2015-06-30": 0, "2015-03-31": "", "2014-12-31": 0, "2014-09-30": 0, "2014-06-30": 0, "2014-03-31": "", "2013-12-31": 0, "2013-09-30": 0, "2013-06-30": 0, "2013-03-31": "", "2012-12-31": 0, "2012-09-30": 0, "2012-06-30": 0, "2012-03-31": "", "2011-12-31": 0, "2011-09-30": 0, "2011-06-30": 0, "2011-03-31": "", "2010-12-31": 0, "2010-09-30": 0, "2010-06-30": 0, "2010-03-31": "", "2009-12-31": 0, "2009-09-30": 0, "2009-06-30": 0, "2009-03-31": "", "2008-12-31": 0, "2008-09-30": 0, "2008-06-30": 0, "2008-03-31": "", "2007-12-31": 0, "2007-09-30": 0, "2007-06-30": 0, "2007-03-31": "", "2006-12-31": 0, "2006-09-30": 0, "2006-06-30": 0, "2006-03-31": "", "2005-12-31": 0, "2005-09-30": 0, "2005-06-30": 0, "2005-03-31": ""}, "Change In Accounts Payable": {"2020-09-30": 10.053, "2020-06-30": 46.768, "2020-03-31": "-4.83200", "2019-12-31": 17.811, "2019-09-30": 39.125, "2019-06-30": -84.693, "2019-03-31": "29.54500", "2018-12-31": -13.82, "2018-09-30": 34.938, "2018-06-30": -58.303, "2018-03-31": "20.48600", "2017-12-31": 15.308, "2017-09-30": 51.64, "2017-06-30": 14.815, "2017-03-31": "", "2016-12-31": 10.323, "2016-09-30": 38.734, "2016-06-30": -57.231, "2016-03-31": "56.06200", "2015-12-31": -18.979, "2015-09-30": 5.614, "2015-06-30": -20.915, "2015-03-31": "54.84700", "2014-12-31": -50.477, "2014-09-30": 29.002, "2014-06-30": 2.793, "2014-03-31": "6.64400", "2013-12-31": -26.669, "2013-09-30": 32.109, "2013-06-30": -19.65, "2013-03-31": "12.21500", "2012-12-31": 19.737, "2012-09-30": 34.357, "2012-06-30": -19.846, "2012-03-31": "-7.88800", "2011-12-31": 6.802, "2011-09-30": 25.125, "2011-06-30": -15.863, "2011-03-31": "-1.45400", "2010-12-31": 8.687, "2010-09-30": 15.612, "2010-06-30": -16.995, "2010-03-31": "9.07000", "2009-12-31": 9.614, "2009-09-30": 17.18, "2009-06-30": -17.849, "2009-03-31": "21.95400", "2008-12-31": -51.353, "2008-09-30": 35.717, "2008-06-30": -47.443, "2008-03-31": "-80.87700", "2007-12-31": 17.971, "2007-09-30": 74.062, "2007-06-30": -29.137, "2007-03-31": "-11.48900", "2006-12-31": -3.125, "2006-09-30": 31.668, "2006-06-30": -11.402, "2006-03-31": "-27.74800", "2005-12-31": -7.135, "2005-09-30": 20.992, "2005-06-30": -6.853, "2005-03-31": "-5.23800"}, "Change In Assets/Liabilities": {"2020-09-30": -45.37, "2020-06-30": -43.302, "2020-03-31": "35.56400", "2019-12-31": -31.679, "2019-09-30": 4.145, "2019-06-30": 1.394, "2019-03-31": "12.46400", "2018-12-31": -27.856, "2018-09-30": -32.008, "2018-06-30": -14.938, "2018-03-31": "23.09600", "2017-12-31": -32.451, "2017-09-30": -5.538, "2017-06-30": -123.057, "2017-03-31": "90.60700", "2016-12-31": -37.844, "2016-09-30": -3.959, "2016-06-30": -12.083, "2016-03-31": "12.20700", "2015-12-31": -41.261, "2015-09-30": -20.333, "2015-06-30": -3.781, "2015-03-31": "22.75200", "2014-12-31": -34.675, "2014-09-30": -26.031, "2014-06-30": -33.348, "2014-03-31": "12.88100", "2013-12-31": -36.341, "2013-09-30": -37.359, "2013-06-30": -5.133, "2013-03-31": "-4.18600", "2012-12-31": -44.055, "2012-09-30": -20.042, "2012-06-30": -28.917, "2012-03-31": "-16.73800", "2011-12-31": -11.233, "2011-09-30": -15.087, "2011-06-30": -12.23, "2011-03-31": "-14.54200", "2010-12-31": -22.721, "2010-09-30": -22.738, "2010-06-30": -4.94, "2010-03-31": "4.57600", "2009-12-31": -19.36, "2009-09-30": -11.726, "2009-06-30": -1.238, "2009-03-31": "16.10600", "2008-12-31": 90.693, "2008-09-30": -60.377, "2008-06-30": 18.829, "2008-03-31": "9.44500", "2007-12-31": -18.971, "2007-09-30": 13.77, "2007-06-30": 16.979, "2007-03-31": "19.28400", "2006-12-31": 2.501, "2006-09-30": 8.262, "2006-06-30": -4.009, "2006-03-31": "19.86500", "2005-12-31": -2.147, "2005-09-30": 1.392, "2005-06-30": 10.456, "2005-03-31": "64.49900"}, "Total Change In Assets/Liabilities": {"2020-09-30": -39.329, "2020-06-30": 3.787, "2020-03-31": "33.19200", "2019-12-31": -20.549, "2019-09-30": 48.848, "2019-06-30": -86.191, "2019-03-31": "33.29300", "2018-12-31": -32.66, "2018-09-30": 1.001, "2018-06-30": -83.863, "2018-03-31": "55.16900", "2017-12-31": -39.451, "2017-09-30": 38.229, "2017-06-30": -98.76, "2017-03-31": "101.56600", "2016-12-31": -53.166, "2016-09-30": 36.021, "2016-06-30": -68.453, "2016-03-31": "77.60900", "2015-12-31": -71.5, "2015-09-30": -5.271, "2015-06-30": -19.526, "2015-03-31": "74.70500", "2014-12-31": -96.758, "2014-09-30": 3.174, "2014-06-30": -33.569, "2014-03-31": "15.29800", "2013-12-31": -66.085, "2013-09-30": 4.72, "2013-06-30": -26.623, "2013-03-31": "13.99100", "2012-12-31": -35.166, "2012-09-30": 11.895, "2012-06-30": -49.748, "2012-03-31": "-20.15500", "2011-12-31": -25.854, "2011-09-30": 17.315, "2011-06-30": -35.281, "2011-03-31": "-2.50200", "2010-12-31": -35.388, "2010-09-30": -11.367, "2010-06-30": -13.559, "2010-03-31": "16.30400", "2009-12-31": -31.287, "2009-09-30": 6.108, "2009-06-30": -18.714, "2009-03-31": "50.32900", "2008-12-31": 31.145, "2008-09-30": -23.358, "2008-06-30": -22.711, "2008-03-31": "-70.85100", "2007-12-31": -18.623, "2007-09-30": 86.027, "2007-06-30": -16.874, "2007-03-31": "7.28900", "2006-12-31": -19.501, "2006-09-30": 40.444, "2006-06-30": -4.824, "2006-03-31": "-0.46900", "2005-12-31": -17.477, "2005-09-30": 29.701, "2005-06-30": 23.573, "2005-03-31": "50.42600"}, "Cash Flow From Operating Activities": {"2020-09-30": 195.135, "2020-06-30": 184.31, "2020-03-31": "179.99200", "2019-12-31": 156.558, "2019-09-30": 209.304, "2019-06-30": 77.997, "2019-03-31": "184.89600", "2018-12-31": 163.564, "2018-09-30": 136.89, "2018-06-30": 103.918, "2018-03-31": "211.45800", "2017-12-31": 113.889, "2017-09-30": 166.994, "2017-06-30": 34.376, "2017-03-31": "188.11300", "2016-12-31": 130.525, "2016-09-30": 132.982, "2016-06-30": 40.766, "2016-03-31": "184.76200", "2015-12-31": 75.568, "2015-09-30": 114.111, "2015-06-30": 93.735, "2015-03-31": "188.77200", "2014-12-31": 61.134, "2014-09-30": 85.404, "2014-06-30": 42.93, "2014-03-31": "127.88700", "2013-12-31": 58.275, "2013-09-30": 99.486, "2013-06-30": 75.824, "2013-03-31": "151.12400", "2012-12-31": 88.959, "2012-09-30": 121.904, "2012-06-30": 62.599, "2012-03-31": "95.78400", "2011-12-31": 96.799, "2011-09-30": 115.783, "2011-06-30": 67.544, "2011-03-31": "107.98600", "2010-12-31": 88.268, "2010-09-30": 80.081, "2010-06-30": 77.094, "2010-03-31": "108.93600", "2009-12-31": 66.721, "2009-09-30": 94.231, "2009-06-30": 69.764, "2009-03-31": "141.35400", "2008-12-31": 116.865, "2008-09-30": 116.937, "2008-06-30": 70.168, "2008-03-31": "46.34400", "2007-12-31": 27.556, "2007-09-30": 137.071, "2007-06-30": 63.666, "2007-03-31": "127.88900", "2006-12-31": 58.887, "2006-09-30": 113.729, "2006-06-30": 71.389, "2006-03-31": "80.21400", "2005-12-31": 54.315, "2005-09-30": 68.109, "2005-06-30": 63.362, "2005-03-31": "127.06600"}, "Net Change In Property, Plant, And Equipment": {"2020-09-30": -50.769, "2020-06-30": -52.553, "2020-03-31": "-52.27500", "2019-12-31": 14.29, "2019-09-30": -64.459, "2019-06-30": -61.141, "2019-03-31": "-51.57300", "2018-12-31": -62.183, "2018-09-30": -33.163, "2018-06-30": -56.649, "2018-03-31": "-46.24100", "2017-12-31": -20.468, "2017-09-30": -81.657, "2017-06-30": -19.845, "2017-03-31": "-40.15000", "2016-12-31": -62.251, "2016-09-30": -48.006, "2016-06-30": -41.481, "2016-03-31": "-41.70800", "2015-12-31": -46.254, "2015-09-30": -40.008, "2015-06-30": -36.426, "2015-03-31": "-28.29800", "2014-12-31": -49.317, "2014-09-30": -37.803, "2014-06-30": -32.462, "2014-03-31": "-24.91700", "2013-12-31": -33.4, "2013-09-30": -28.777, "2013-06-30": -28.193, "2013-03-31": "-22.56900", "2012-12-31": -34.349, "2012-09-30": -28.911, "2012-06-30": -28.684, "2012-03-31": "-23.37800", "2011-12-31": -32.439, "2011-09-30": -28.861, "2011-06-30": -31.937, "2011-03-31": "-25.13800", "2010-12-31": -30.456, "2010-09-30": -25.829, "2010-06-30": -23.278, "2010-03-31": "-18.33600", "2009-12-31": -21.33, "2009-09-30": -19.99, "2009-06-30": -18.976, "2009-03-31": "-23.49400", "2008-12-31": -45.777, "2008-09-30": -40.289, "2008-06-30": -38.795, "2008-03-31": "-29.24000", "2007-12-31": -43.404, "2007-09-30": -48.215, "2007-06-30": -39.154, "2007-03-31": "-26.23800", "2006-12-31": -34.328, "2006-09-30": -22.666, "2006-06-30": -21.497, "2006-03-31": "-19.03600", "2005-12-31": -26.364, "2005-09-30": -28.489, "2005-06-30": -23.193, "2005-03-31": "-20.55900"}, "Net Change In Intangible Assets": {"2020-09-30": 0, "2020-06-30": 0, "2020-03-31": "", "2019-12-31": 0, "2019-09-30": 0, "2019-06-30": 0, "2019-03-31": "", "2018-12-31": 0, "2018-09-30": 0, "2018-06-30": 0, "2018-03-31": "", "2017-12-31": 0, "2017-09-30": 0, "2017-06-30": 0, "2017-03-31": "", "2016-12-31": 0, "2016-09-30": 0, "2016-06-30": 0, "2016-03-31": "", "2015-12-31": 0, "2015-09-30": 0, "2015-06-30": 0, "2015-03-31": "", "2014-12-31": 0, "2014-09-30": 0, "2014-06-30": 0, "2014-03-31": "", "2013-12-31": 0, "2013-09-30": 0, "2013-06-30": 0, "2013-03-31": "", "2012-12-31": 0, "2012-09-30": 0, "2012-06-30": 0, "2012-03-31": "", "2011-12-31": 0, "2011-09-30": 0, "2011-06-30": 0, "2011-03-31": "", "2010-12-31": 0, "2010-09-30": 0, "2010-06-30": 0, "2010-03-31": "", "2009-12-31": 0, "2009-09-30": 0, "2009-06-30": 0, "2009-03-31": "", "2008-12-31": 0, "2008-09-30": 0, "2008-06-30": 0, "2008-03-31": "", "2007-12-31": 0, "2007-09-30": 0, "2007-06-30": 0, "2007-03-31": "", "2006-12-31": 0, "2006-09-30": 0, "2006-06-30": 0, "2006-03-31": "", "2005-12-31": 0, "2005-09-30": 0, "2005-06-30": 0, "2005-03-31": ""}, "Net Acquisitions/Divestitures": {"2020-09-30": -21.388, "2020-06-30": -29.762, "2020-03-31": "-17.13900", "2019-12-31": -53.525, "2019-09-30": -32.117, "2019-06-30": -9.899, "2019-03-31": "-11.47600", "2018-12-31": -7.208, "2018-09-30": -38.299, "2018-06-30": -121.835, "2018-03-31": "-27.48200", "2017-12-31": -32.941, "2017-09-30": 3.143, "2017-06-30": -33.396, "2017-03-31": "-12.97700", "2016-12-31": 32.019, "2016-09-30": -11.643, "2016-06-30": -51.53, "2016-03-31": "10.10800", "2015-12-31": 5.615, "2015-09-30": -1.643, "2015-06-30": -1.743, "2015-03-31": "-26.71500", "2014-12-31": 22.565, "2014-09-30": 239.164, "2014-06-30": 145.403, "2014-03-31": "1.91500", "2013-12-31": -1045.437, "2013-09-30": -0.451, "2013-06-30": 0.169, "2013-03-31": "1.81600", "2012-12-31": -45.12, "2012-09-30": -6.933, "2012-06-30": -2.875, "2012-03-31": "-0.54000", "2011-12-31": 7.199, "2011-09-30": -26.096, "2011-06-30": -50.328, "2011-03-31": "-5.81600", "2010-12-31": -9.314, "2010-09-30": 22.98, "2010-06-30": 13.211, "2010-03-31": "-235.12500", "2009-12-31": -69.861, "2009-09-30": 3.056, "2009-06-30": 7.368, "2009-03-31": "7.20100", "2008-12-31": 13.039, "2008-09-30": 5.716, "2008-06-30": 0.855, "2008-03-31": "4.10500", "2007-12-31": 91.387, "2007-09-30": 96.665, "2007-06-30": 170.785, "2007-03-31": "43.49700", "2006-12-31": -1258.342, "2006-09-30": 28.062, "2006-06-30": 19.355, "2006-03-31": "-7.28800", "2005-12-31": 53.378, "2005-09-30": 114.08, "2005-06-30": 47.829, "2005-03-31": "8.23100"}, "Net Change In Short-term Investments": {"2020-09-30": 0, "2020-06-30": 0, "2020-03-31": "", "2019-12-31": 0, "2019-09-30": 0, "2019-06-30": 0, "2019-03-31": "", "2018-12-31": 0, "2018-09-30": 0, "2018-06-30": 0, "2018-03-31": "", "2017-12-31": 0, "2017-09-30": 0, "2017-06-30": 0, "2017-03-31": "", "2016-12-31": 0, "2016-09-30": 0, "2016-06-30": 0, "2016-03-31": "", "2015-12-31": 0, "2015-09-30": 0, "2015-06-30": 0, "2015-03-31": "", "2014-12-31": 0, "2014-09-30": 0, "2014-06-30": 0, "2014-03-31": "", "2013-12-31": 0, "2013-09-30": 0, "2013-06-30": 0, "2013-03-31": "", "2012-12-31": 0, "2012-09-30": 0, "2012-06-30": 0, "2012-03-31": "", "2011-12-31": 0, "2011-09-30": 0, "2011-06-30": 0, "2011-03-31": "", "2010-12-31": 0, "2010-09-30": 0, "2010-06-30": 0, "2010-03-31": "", "2009-12-31": 0, "2009-09-30": 0, "2009-06-30": 0, "2009-03-31": "", "2008-12-31": 0, "2008-09-30": 0, "2008-06-30": 0, "2008-03-31": "", "2007-12-31": 158.691, "2007-09-30": 0, "2007-06-30": 0, "2007-03-31": "", "2006-12-31": 0, "2006-09-30": 0, "2006-06-30": 0, "2006-03-31": "", "2005-12-31": 26.839, "2005-09-30": 0, "2005-06-30": 0, "2005-03-31": ""}, "Net Change In Long-Term Investments": {"2020-09-30": 3.519, "2020-06-30": 0, "2020-03-31": "", "2019-12-31": 0, "2019-09-30": 0, "2019-06-30": 0, "2019-03-31": "", "2018-12-31": 0, "2018-09-30": 0, "2018-06-30": 2.9, "2018-03-31": "", "2017-12-31": 0, "2017-09-30": 0, "2017-06-30": 0, "2017-03-31": "", "2016-12-31": 0, "2016-09-30": 0, "2016-06-30": 0, "2016-03-31": "", "2015-12-31": 0, "2015-09-30": 0, "2015-06-30": 0, "2015-03-31": "", "2014-12-31": 0, "2014-09-30": 0, "2014-06-30": 0, "2014-03-31": "", "2013-12-31": 0, "2013-09-30": 0, "2013-06-30": 0, "2013-03-31": "", "2012-12-31": 0, "2012-09-30": 0, "2012-06-30": 0, "2012-03-31": "", "2011-12-31": 0, "2011-09-30": 0, "2011-06-30": 0, "2011-03-31": "", "2010-12-31": 0, "2010-09-30": 0, "2010-06-30": 0, "2010-03-31": "", "2009-12-31": 0, "2009-09-30": 0, "2009-06-30": 0, "2009-03-31": "", "2008-12-31": 0, "2008-09-30": 0, "2008-06-30": 0, "2008-03-31": "", "2007-12-31": 0, "2007-09-30": 0, "2007-06-30": 0, "2007-03-31": "", "2006-12-31": 0, "2006-09-30": 0, "2006-06-30": -5.9, "2006-03-31": "5.90000", "2005-12-31": -37.84, "2005-09-30": 7.372, "2005-06-30": 8.871, "2005-03-31": "21.59700"}, "Net Change In Investments - Total": {"2020-09-30": 3.519, "2020-06-30": 0, "2020-03-31": "", "2019-12-31": 0, "2019-09-30": 0, "2019-06-30": 0, "2019-03-31": "", "2018-12-31": 0, "2018-09-30": 0, "2018-06-30": 2.9, "2018-03-31": "", "2017-12-31": 0, "2017-09-30": 0, "2017-06-30": 0, "2017-03-31": "", "2016-12-31": 0, "2016-09-30": 0, "2016-06-30": 0, "2016-03-31": "", "2015-12-31": 0, "2015-09-30": 0, "2015-06-30": 0, "2015-03-31": "", "2014-12-31": 0, "2014-09-30": 0, "2014-06-30": 0, "2014-03-31": "", "2013-12-31": 0, "2013-09-30": 0, "2013-06-30": 0, "2013-03-31": "", "2012-12-31": 0, "2012-09-30": 0, "2012-06-30": 0, "2012-03-31": "", "2011-12-31": 0, "2011-09-30": 0, "2011-06-30": 0, "2011-03-31": "", "2010-12-31": 0, "2010-09-30": 0, "2010-06-30": 0, "2010-03-31": "", "2009-12-31": 0, "2009-09-30": 0, "2009-06-30": 0, "2009-03-31": "", "2008-12-31": 0, "2008-09-30": 0, "2008-06-30": 0, "2008-03-31": "", "2007-12-31": 158.691, "2007-09-30": 0, "2007-06-30": 0, "2007-03-31": "", "2006-12-31": 0, "2006-09-30": 0, "2006-06-30": -5.9, "2006-03-31": "5.90000", "2005-12-31": -11.001, "2005-09-30": 7.372, "2005-06-30": 8.871, "2005-03-31": "21.59700"}, "Investing Activities - Other": {"2020-09-30": -4.707, "2020-06-30": -0.078, "2020-03-31": "-0.25100", "2019-12-31": 0.406, "2019-09-30": -0.431, "2019-06-30": -0.695, "2019-03-31": "-7.89100", "2018-12-31": 1.537, "2018-09-30": -2.55, "2018-06-30": -17.082, "2018-03-31": "-6.36600", "2017-12-31": -1.17, "2017-09-30": -3.009, "2017-06-30": 1.507, "2017-03-31": "-1.92100", "2016-12-31": -11.653, "2016-09-30": 0, "2016-06-30": 0, "2016-03-31": "5.12000", "2015-12-31": 0, "2015-09-30": 0, "2015-06-30": 6.212, "2015-03-31": "2.84100", "2014-12-31": -0.018, "2014-09-30": 5.342, "2014-06-30": -0.001, "2014-03-31": "-12.58500", "2013-12-31": -0.181, "2013-09-30": -0.07, "2013-06-30": -0.039, "2013-03-31": "0.33900", "2012-12-31": -0.348, "2012-09-30": 0.698, "2012-06-30": -5.69, "2012-03-31": "1.17600", "2011-12-31": 2.203, "2011-09-30": -3.593, "2011-06-30": 0.982, "2011-03-31": "3.56700", "2010-12-31": -0.003, "2010-09-30": -0.001, "2010-06-30": -0.004, "2010-03-31": "26.44500", "2009-12-31": -15.436, "2009-09-30": -1.152, "2009-06-30": 0, "2009-03-31": "0.12900", "2008-12-31": -0.265, "2008-09-30": 0.001, "2008-06-30": 0.006, "2008-03-31": "-20.62500", "2007-12-31": -17.111, "2007-09-30": 0.002, "2007-06-30": -1.98, "2007-03-31": "-6.80400", "2006-12-31": -3.525, "2006-09-30": -0.005, "2006-06-30": 25.045, "2006-03-31": "-3.27700", "2005-12-31": 5.531, "2005-09-30": 22.913, "2005-06-30": -15.321, "2005-03-31": "6.14000"}, "Cash Flow From Investing Activities": {"2020-09-30": -73.345, "2020-06-30": -82.393, "2020-03-31": "-69.66500", "2019-12-31": -38.829, "2019-09-30": -97.007, "2019-06-30": -71.735, "2019-03-31": "-70.94000", "2018-12-31": -67.854, "2018-09-30": -74.012, "2018-06-30": -192.666, "2018-03-31": "-80.08900", "2017-12-31": -54.579, "2017-09-30": -81.523, "2017-06-30": -51.734, "2017-03-31": "-55.04800", "2016-12-31": -41.885, "2016-09-30": -59.649, "2016-06-30": -93.011, "2016-03-31": "-26.48000", "2015-12-31": -40.639, "2015-09-30": -41.651, "2015-06-30": -31.957, "2015-03-31": "-52.17200", "2014-12-31": -26.77, "2014-09-30": 206.703, "2014-06-30": 112.94, "2014-03-31": "-35.58700", "2013-12-31": -1079.018, "2013-09-30": -29.298, "2013-06-30": -28.063, "2013-03-31": "-20.41400", "2012-12-31": -79.817, "2012-09-30": -35.146, "2012-06-30": -37.249, "2012-03-31": "-22.74200", "2011-12-31": -23.037, "2011-09-30": -58.55, "2011-06-30": -81.283, "2011-03-31": "-27.38700", "2010-12-31": -39.773, "2010-09-30": -2.85, "2010-06-30": -10.071, "2010-03-31": "-227.01600", "2009-12-31": -106.627, "2009-09-30": -18.086, "2009-06-30": -11.608, "2009-03-31": "-16.16400", "2008-12-31": -33.003, "2008-09-30": -34.572, "2008-06-30": -37.934, "2008-03-31": "-45.76000", "2007-12-31": 189.563, "2007-09-30": 48.452, "2007-06-30": 129.651, "2007-03-31": "10.45500", "2006-12-31": -1296.195, "2006-09-30": 5.391, "2006-06-30": 17.003, "2006-03-31": "-23.70100", "2005-12-31": 21.544, "2005-09-30": 115.876, "2005-06-30": 18.186, "2005-03-31": "15.40900"}, "Net Long-Term Debt": {"2020-09-30": 9.8861, "2020-06-30": 26.463, "2020-03-31": "30.73200", "2019-12-31": 41.065, "2019-09-30": -120.5011, "2019-06-30": 134.815, "2019-03-31": "-139.19200", "2018-12-31": -17.099, "2018-09-30": -2.471, "2018-06-30": 173.284, "2018-03-31": "-90.77500", "2017-12-31": 96.7941, "2017-09-30": -8.896, "2017-06-30": 48.066, "2017-03-31": "13.94500", "2016-12-31": -887.315, "2016-09-30": 57.89, "2016-06-30": 352.468, "2016-03-31": "571.79000", "2015-12-31": 21.771, "2015-09-30": 251.036, "2015-06-30": -7.927, "2015-03-31": "-7.45100", "2014-12-31": -15.004, "2014-09-30": -95.075, "2014-06-30": 509.948, "2014-03-31": "95.19000", "2013-12-31": 1048.274, "2013-09-30": -93.102, "2013-06-30": -5.502, "2013-03-31": "-11.41600", "2012-12-31": 203.524, "2012-09-30": -1.639, "2012-06-30": 4.929, "2012-03-31": "-5.67400", "2011-12-31": -6.449, "2011-09-30": 58.356, "2011-06-30": -6.362, "2011-03-31": "-6.34900", "2010-12-31": 28.837, "2010-09-30": 40.56, "2010-06-30": -6.975, "2010-03-31": "138.30100", "2009-12-31": 143.68, "2009-09-30": -6.292, "2009-06-30": -36.021, "2009-03-31": "-8.71300", "2008-12-31": -55.874, "2008-09-30": -5.766, "2008-06-30": -11.313, "2008-03-31": "16.93300", "2007-12-31": -503.733, "2007-09-30": -9.144, "2007-06-30": 390.348, "2007-03-31": "-7.31100", "2006-12-31": 832.856, "2006-09-30": -5.841, "2006-06-30": -17.795, "2006-03-31": "-6.61900", "2005-12-31": -72.034, "2005-09-30": -5.065, "2005-06-30": 290.302, "2005-03-31": "-1.97400"}, "Net Current Debt": {"2020-09-30": 3.114, "2020-06-30": 5.111, "2020-03-31": "1.57500", "2019-12-31": -9.013, "2019-09-30": -2.966, "2019-06-30": 4.401, "2019-03-31": "7.90600", "2018-12-31": -6.335, "2018-09-30": -0.022, "2018-06-30": -1.246, "2018-03-31": "-7.57400", "2017-12-31": 5.959, "2017-09-30": 2.065, "2017-06-30": 0.031, "2017-03-31": "-2.09600", "2016-12-31": -0.029, "2016-09-30": 0.358, "2016-06-30": -2.793, "2016-03-31": "1.36900", "2015-12-31": 1.564, "2015-09-30": -1.562, "2015-06-30": -0.714, "2015-03-31": "-6.81900", "2014-12-31": 10.507, "2014-09-30": -3.492, "2014-06-30": -3.647, "2014-03-31": "3.76200", "2013-12-31": 5.815, "2013-09-30": -1.798, "2013-06-30": 0.323, "2013-03-31": "-4.00400", "2012-12-31": 5.331, "2012-09-30": -0.206, "2012-06-30": 0.641, "2012-03-31": "0.43300", "2011-12-31": -4.371, "2011-09-30": -1.123, "2011-06-30": -0.098, "2011-03-31": "4.79400", "2010-12-31": 2.799, "2010-09-30": 1.681, "2010-06-30": 0.437, "2010-03-31": "-7.77300", "2009-12-31": 5.204, "2009-09-30": 4.154, "2009-06-30": 0.264, "2009-03-31": "-13.65800", "2008-12-31": 2.978, "2008-09-30": -2.043, "2008-06-30": 1.115, "2008-03-31": "-7.82900", "2007-12-31": 8.038, "2007-09-30": -3.04, "2007-06-30": -4.553, "2007-03-31": "6.76400", "2006-12-31": 20.48, "2006-09-30": 0, "2006-06-30": 0, "2006-03-31": "", "2005-12-31": -0.844, "2005-09-30": 0, "2005-06-30": 0, "2005-03-31": ""}, "Debt Issuance/Retirement Net - Total": {"2020-09-30": 13.0001, "2020-06-30": 31.574, "2020-03-31": "32.30700", "2019-12-31": 32.0519, "2019-09-30": -123.467, "2019-06-30": 139.216, "2019-03-31": "-131.28600", "2018-12-31": -23.434, "2018-09-30": -2.493, "2018-06-30": 172.038, "2018-03-31": "-98.34900", "2017-12-31": 102.7531, "2017-09-30": -6.831, "2017-06-30": 48.097, "2017-03-31": "11.84900", "2016-12-31": -887.344, "2016-09-30": 58.248, "2016-06-30": 349.675, "2016-03-31": "573.15900", "2015-12-31": 23.335, "2015-09-30": 249.474, "2015-06-30": -8.641, "2015-03-31": "-14.27000", "2014-12-31": -4.497, "2014-09-30": -98.567, "2014-06-30": 506.301, "2014-03-31": "98.95200", "2013-12-31": 1054.089, "2013-09-30": -94.9, "2013-06-30": -5.179, "2013-03-31": "-15.42000", "2012-12-31": 208.855, "2012-09-30": -1.845, "2012-06-30": 5.57, "2012-03-31": "-5.24100", "2011-12-31": -10.82, "2011-09-30": 57.233, "2011-06-30": -6.46, "2011-03-31": "-1.55500", "2010-12-31": 31.636, "2010-09-30": 42.241, "2010-06-30": -6.538, "2010-03-31": "130.52800", "2009-12-31": 148.884, "2009-09-30": -2.138, "2009-06-30": -35.757, "2009-03-31": "-22.37100", "2008-12-31": -52.896, "2008-09-30": -7.809, "2008-06-30": -10.198, "2008-03-31": "9.10400", "2007-12-31": -495.695, "2007-09-30": -12.184, "2007-06-30": 385.795, "2007-03-31": "-0.54700", "2006-12-31": 853.336, "2006-09-30": -5.841, "2006-06-30": -17.795, "2006-03-31": "-6.61900", "2005-12-31": -72.878, "2005-09-30": -5.065, "2005-06-30": 290.302, "2005-03-31": "-1.97400"}, "Net Common Equity Issued/Repurchased": {"2020-09-30": -116.682, "2020-06-30": -87.466, "2020-03-31": "-107.97600", "2019-12-31": -76.315, "2019-09-30": -5.879, "2019-06-30": -7.893, "2019-03-31": "1.42000", "2018-12-31": 4.151, "2018-09-30": -35.681, "2018-06-30": -107.756, "2018-03-31": "-113.80800", "2017-12-31": -47.88, "2017-09-30": -18.683, "2017-06-30": -31.264, "2017-03-31": "-68.19900", "2016-12-31": -33.304, "2016-09-30": -104.357, "2016-06-30": -21.106, "2016-03-31": "-51.49900", "2015-12-31": -38.455, "2015-09-30": -150.001, "2015-06-30": -61.261, "2015-03-31": "-63.73500", "2014-12-31": -107.945, "2014-09-30": -56.919, "2014-06-30": -52.496, "2014-03-31": "6.86200", "2013-12-31": 1.355, "2013-09-30": 0.098, "2013-06-30": 1.762, "2013-03-31": "1.38600", "2012-12-31": -41.117, "2012-09-30": -26.353, "2012-06-30": -28.124, "2012-03-31": "-72.78300", "2011-12-31": -50.179, "2011-09-30": -90.114, "2011-06-30": -21.719, "2011-03-31": "-27.06300", "2010-12-31": -29.717, "2010-09-30": -31.633, "2010-06-30": -54.104, "2010-03-31": "0.33500", "2009-12-31": 4.002, "2009-09-30": 11.042, "2009-06-30": 0, "2009-03-31": "2.36300", "2008-12-31": -53.97, "2008-09-30": 2.501, "2008-06-30": -40.603, "2008-03-31": "-35.27100", "2007-12-31": -260.474, "2007-09-30": -101.3, "2007-06-30": -96.298, "2007-03-31": "5.88900", "2006-12-31": 2.332, "2006-09-30": 1.212, "2006-06-30": -26.687, "2006-03-31": "1.21900", "2005-12-31": -30.398, "2005-09-30": -0.823, "2005-06-30": -85.587, "2005-03-31": "-100.51000"}, "Net Total Equity Issued/Repurchased": {"2020-09-30": -116.682, "2020-06-30": -87.466, "2020-03-31": "-107.97600", "2019-12-31": -76.315, "2019-09-30": -5.879, "2019-06-30": -7.893, "2019-03-31": "1.42000", "2018-12-31": 4.151, "2018-09-30": -35.681, "2018-06-30": -107.756, "2018-03-31": "-113.80800", "2017-12-31": -47.88, "2017-09-30": -18.683, "2017-06-30": -31.264, "2017-03-31": "-68.19900", "2016-12-31": -33.304, "2016-09-30": -104.357, "2016-06-30": -21.106, "2016-03-31": "-51.49900", "2015-12-31": -38.455, "2015-09-30": -150.001, "2015-06-30": -61.261, "2015-03-31": "-63.73500", "2014-12-31": -107.945, "2014-09-30": -56.919, "2014-06-30": -52.496, "2014-03-31": "6.86200", "2013-12-31": 1.355, "2013-09-30": 0.098, "2013-06-30": 1.762, "2013-03-31": "1.38600", "2012-12-31": -41.117, "2012-09-30": -26.353, "2012-06-30": -28.124, "2012-03-31": "-72.78300", "2011-12-31": -50.179, "2011-09-30": -90.114, "2011-06-30": -21.719, "2011-03-31": "-27.06300", "2010-12-31": -29.717, "2010-09-30": -31.633, "2010-06-30": -54.104, "2010-03-31": "0.33500", "2009-12-31": 4.002, "2009-09-30": 11.042, "2009-06-30": 0, "2009-03-31": "2.36300", "2008-12-31": -53.97, "2008-09-30": 2.501, "2008-06-30": -40.603, "2008-03-31": "-35.27100", "2007-12-31": -260.474, "2007-09-30": -101.3, "2007-06-30": -96.298, "2007-03-31": "5.88900", "2006-12-31": 2.332, "2006-09-30": 1.212, "2006-06-30": -26.687, "2006-03-31": "1.21900", "2005-12-31": -30.398, "2005-09-30": -0.823, "2005-06-30": -85.587, "2005-03-31": "-100.51000"}, "Total Common And Preferred Stock Dividends Paid": {"2020-09-30": -33.339, "2020-06-30": -33.719, "2020-03-31": "-34.41400", "2019-12-31": -32.821, "2019-09-30": -32.89, "2019-06-30": -32.871, "2019-03-31": "-32.82000", "2018-12-31": -30.847, "2018-09-30": -30.761, "2018-06-30": -30.893, "2018-03-31": "-31.34800", "2017-12-31": -28.039, "2017-09-30": -28.182, "2017-06-30": -28.096, "2017-03-31": "-24.43300", "2016-12-31": -24.753, "2016-09-30": -25.159, "2016-06-30": -25.182, "2016-03-31": "-23.32400", "2015-12-31": -23.502, "2015-09-30": -23.67, "2015-06-30": -19.937, "2015-03-31": "-20.46100", "2014-12-31": -18.491, "2014-09-30": -19.002, "2014-06-30": -16.944, "2014-03-31": "-17.08000", "2013-12-31": -14.858, "2013-09-30": -14.818, "2013-06-30": -14.855, "2013-03-31": "-12.69800", "2012-12-31": -25.452, "2012-09-30": -12.885, "2012-06-30": -10.855, "2012-03-31": "-11.10400", "2011-12-31": -11.4, "2011-09-30": -11.849, "2011-06-30": -11.941, "2011-03-31": "-9.60500", "2010-12-31": -9.777, "2010-09-30": -9.872, "2010-06-30": -10.191, "2010-03-31": "-10.16100", "2009-12-31": -10.135, "2009-09-30": -10.04, "2009-06-30": -10.039, "2009-03-31": "-9.98100", "2008-12-31": -10.335, "2008-09-30": -10.287, "2008-06-30": -10.294, "2008-03-31": "-10.58500", "2007-12-31": -8.364, "2007-09-30": -8.62, "2007-06-30": -8.844, "2007-03-31": "-8.80100", "2006-12-31": -7.318, "2006-09-30": -7.394, "2006-06-30": -7.348, "2006-03-31": "-7.37100", "2005-12-31": -7.453, "2005-09-30": -7.455, "2005-06-30": -7.729, "2005-03-31": ""}, "Financial Activities - Other": {"2020-09-30": -14.501, "2020-06-30": 0, "2020-03-31": "", "2019-12-31": -0.002, "2019-09-30": -0.001, "2019-06-30": -15.536, "2019-03-31": "", "2018-12-31": 0, "2018-09-30": 0, "2018-06-30": 0, "2018-03-31": "", "2017-12-31": -15.729, "2017-09-30": 2.79, "2017-06-30": 4.207, "2017-03-31": "-8.78700", "2016-12-31": 876.283, "2016-09-30": 5.215, "2016-06-30": -292.746, "2016-03-31": "-583.26000", "2015-12-31": -1.413, "2015-09-30": -198.944, "2015-06-30": 7.492, "2015-03-31": "5.51100", "2014-12-31": 9.396, "2014-09-30": 8.224, "2014-06-30": -600.412, "2014-03-31": "-175.34900", "2013-12-31": -57.238, "2013-09-30": -0.09, "2013-06-30": 4.042, "2013-03-31": "-7.56100", "2012-12-31": -210.178, "2012-09-30": 0, "2012-06-30": 0, "2012-03-31": "", "2011-12-31": -0.105, "2011-09-30": -14.952, "2011-06-30": -22.982, "2011-03-31": "-5.15500", "2010-12-31": -6.999, "2010-09-30": -95.335, "2010-06-30": -22.396, "2010-03-31": "-6.20300", "2009-12-31": -158.146, "2009-09-30": -16.574, "2009-06-30": -62.064, "2009-03-31": "-7.47600", "2008-12-31": -3.219, "2008-09-30": 1.049, "2008-06-30": 0.846, "2008-03-31": "1.32400", "2007-12-31": 427.855, "2007-09-30": 1.132, "2007-06-30": -330.233, "2007-03-31": "-96.84100", "2006-12-31": -206.513, "2006-09-30": 0, "2006-06-30": 0, "2006-03-31": "", "2005-12-31": -10.6, "2005-09-30": 0, "2005-06-30": -279.084, "2005-03-31": "-7.13100"}, "Cash Flow From Financial Activities": {"2020-09-30": -151.522, "2020-06-30": -89.611, "2020-03-31": "-110.08300", "2019-12-31": -77.086, "2019-09-30": -162.237, "2019-06-30": 82.916, "2019-03-31": "-162.68600", "2018-12-31": -50.13, "2018-09-30": -68.935, "2018-06-30": 33.389, "2018-03-31": "-243.50500", "2017-12-31": 11.105, "2017-09-30": -50.906, "2017-06-30": -7.056, "2017-03-31": "-89.57000", "2016-12-31": -69.118, "2016-09-30": -66.053, "2016-06-30": 10.641, "2016-03-31": "-84.92400", "2015-12-31": -40.035, "2015-09-30": -123.141, "2015-06-30": -82.347, "2015-03-31": "-92.95500", "2014-12-31": -121.537, "2014-09-30": -166.264, "2014-06-30": -163.551, "2014-03-31": "-86.61500", "2013-12-31": 983.348, "2013-09-30": -109.71, "2013-06-30": -14.23, "2013-03-31": "-34.29300", "2012-12-31": -67.892, "2012-09-30": -41.083, "2012-06-30": -33.409, "2012-03-31": "-89.12800", "2011-12-31": -72.504, "2011-09-30": -59.682, "2011-06-30": -63.102, "2011-03-31": "-43.37800", "2010-12-31": -14.857, "2010-09-30": -94.599, "2010-06-30": -93.229, "2010-03-31": "114.49900", "2009-12-31": -15.395, "2009-09-30": -17.71, "2009-06-30": -107.86, "2009-03-31": "-37.46500", "2008-12-31": -120.42, "2008-09-30": -14.546, "2008-06-30": -60.249, "2008-03-31": "-35.42800", "2007-12-31": -336.678, "2007-09-30": -120.972, "2007-06-30": -49.58, "2007-03-31": "-100.30000", "2006-12-31": 641.837, "2006-09-30": -12.023, "2006-06-30": -51.83, "2006-03-31": "-12.77100", "2005-12-31": -121.329, "2005-09-30": -13.343, "2005-06-30": -82.098, "2005-03-31": "-109.61500"}, "Net Cash Flow": {"2020-09-30": -27.486, "2020-06-30": 15.98, "2020-03-31": "-8.00500", "2019-12-31": 42.327, "2019-09-30": -50.852, "2019-06-30": 90.751, "2019-03-31": "-47.19000", "2018-12-31": 41.646, "2018-09-30": -5.035, "2018-06-30": -56.347, "2018-03-31": "-113.28100", "2017-12-31": 65.986, "2017-09-30": 39.956, "2017-06-30": -21.126, "2017-03-31": "44.27900", "2016-12-31": 17.441, "2016-09-30": 5.783, "2016-06-30": -41.717, "2016-03-31": "78.90600", "2015-12-31": -7.351, "2015-09-30": -57.146, "2015-06-30": -18.033, "2015-03-31": "39.79400", "2014-12-31": -88.909, "2014-09-30": 125.725, "2014-06-30": -6.142, "2014-03-31": "5.07700", "2013-12-31": -37.765, "2013-09-30": -38.261, "2013-06-30": 33.003, "2013-03-31": "95.83800", "2012-12-31": -57.862, "2012-09-30": 46.204, "2012-06-30": -8.488, "2012-03-31": "-14.73800", "2011-12-31": 1.532, "2011-09-30": -5.957, "2011-06-30": -77.313, "2011-03-31": "39.46100", "2010-12-31": 35.033, "2010-09-30": -16.429, "2010-06-30": -28.232, "2010-03-31": "0.72900", "2009-12-31": -53.74, "2009-09-30": 63.096, "2009-06-30": -45.582, "2009-03-31": "87.57400", "2008-12-31": -43.506, "2008-09-30": 67.203, "2008-06-30": -27.775, "2008-03-31": "-36.11900", "2007-12-31": -119.144, "2007-09-30": 64.953, "2007-06-30": 144.692, "2007-03-31": "38.21300", "2006-12-31": -596.753, "2006-09-30": 107.462, "2006-06-30": 38.763, "2006-03-31": "43.62600", "2005-12-31": -45.277, "2005-09-30": 172.104, "2005-06-30": -0.538, "2005-03-31": "32.70800"}, "Stock-Based Compensation": {"2020-09-30": 3.527, "2020-06-30": 3.638, "2020-03-31": "3.40600", "2019-12-31": 3.466, "2019-09-30": 3.55, "2019-06-30": 3.445, "2019-03-31": "4.56800", "2018-12-31": 3.886, "2018-09-30": 4.196, "2018-06-30": 3.845, "2018-03-31": "3.69900", "2017-12-31": 4.069, "2017-09-30": 3.074, "2017-06-30": 4.012, "2017-03-31": "3.63300", "2016-12-31": 3.857, "2016-09-30": 3.625, "2016-06-30": 3.507, "2016-03-31": "3.06700", "2015-12-31": 3.126, "2015-09-30": 3.433, "2015-06-30": 3.261, "2015-03-31": "4.02300", "2014-12-31": 3.385, "2014-09-30": 3.319, "2014-06-30": 3.293, "2014-03-31": "3.13000", "2013-12-31": 3.038, "2013-09-30": 3.037, "2013-06-30": 3.02, "2013-03-31": "2.83000", "2012-12-31": 2.766, "2012-09-30": 3.248, "2012-06-30": 2.395, "2012-03-31": "2.57400", "2011-12-31": 2.301, "2011-09-30": 2.301, "2011-06-30": 2.289, "2011-03-31": "2.25300", "2010-12-31": 2.164, "2010-09-30": 2.169, "2010-06-30": 2.221, "2010-03-31": "2.32400", "2009-12-31": 2.179, "2009-09-30": 2.337, "2009-06-30": 2.76, "2009-03-31": "2.40800", "2008-12-31": 2.344, "2008-09-30": 2.37, "2008-06-30": 3.059, "2008-03-31": "2.19700", "2007-12-31": 0.889, "2007-09-30": 1.918, "2007-06-30": 2.171, "2007-03-31": "3.80900", "2006-12-31": 1.548, "2006-09-30": 1.631, "2006-06-30": 1.711, "2006-03-31": "2.14500", "2005-12-31": 0.541, "2005-09-30": 0.549, "2005-06-30": 0.549, "2005-03-31": "0.44700"}, "Common Stock Dividends Paid": {"2020-09-30": -33.339, "2020-06-30": -33.719, "2020-03-31": "-34.41400", "2019-12-31": -32.821, "2019-09-30": -32.89, "2019-06-30": -32.871, "2019-03-31": "-32.82000", "2018-12-31": -30.847, "2018-09-30": -30.761, "2018-06-30": -30.893, "2018-03-31": "-31.34800", "2017-12-31": -28.039, "2017-09-30": -28.182, "2017-06-30": -28.096, "2017-03-31": "-24.43300", "2016-12-31": -24.753, "2016-09-30": -25.159, "2016-06-30": -25.182, "2016-03-31": "-23.32400", "2015-12-31": -23.502, "2015-09-30": -23.67, "2015-06-30": -19.937, "2015-03-31": "-20.46100", "2014-12-31": -18.491, "2014-09-30": -19.002, "2014-06-30": -16.944, "2014-03-31": "-17.08000", "2013-12-31": -14.858, "2013-09-30": -14.818, "2013-06-30": -14.855, "2013-03-31": "-12.69800", "2012-12-31": -25.452, "2012-09-30": -12.885, "2012-06-30": -10.855, "2012-03-31": "-11.10400", "2011-12-31": -11.4, "2011-09-30": -11.849, "2011-06-30": -11.941, "2011-03-31": "-9.60500", "2010-12-31": -9.777, "2010-09-30": -9.872, "2010-06-30": -10.191, "2010-03-31": "-10.16100", "2009-12-31": -10.135, "2009-09-30": -10.04, "2009-06-30": -10.039, "2009-03-31": "-9.98100", "2008-12-31": -10.335, "2008-09-30": -10.287, "2008-06-30": -10.294, "2008-03-31": "-10.58500", "2007-12-31": -8.364, "2007-09-30": -8.62, "2007-06-30": -8.844, "2007-03-31": "-8.80100", "2006-12-31": -7.318, "2006-09-30": -7.394, "2006-06-30": -7.348, "2006-03-31": "-7.37100", "2005-12-31": -7.453, "2005-09-30": -7.455, "2005-06-30": -7.729, "2005-03-31": ""}}, "financial ratios": {"Current Ratio": {"2019-12-31": "0.67100", "2018-12-31": "0.59620", "2017-12-31": "0.58060", "2016-12-31": "0.65890", "2015-12-31": "0.58720", "2014-12-31": "0.71890", "2013-12-31": "0.56280", "2012-12-31": "0.68550", "2011-12-31": "0.85080", "2010-12-31": "1.02150", "2009-12-31": "1.02850", "2008-12-31": "1.08790", "2007-12-31": "0.98800", "2006-12-31": "0.58420", "2005-12-31": "2.24850"}, "Long-term Debt / Capital": {"2019-12-31": "0.65840", "2018-12-31": "0.68270", "2017-12-31": "0.68990", "2016-12-31": "0.74480", "2015-12-31": "0.71860", "2014-12-31": "0.68270", "2013-12-31": "0.67860", "2012-12-31": "0.58440", "2011-12-31": "0.56860", "2010-12-31": "0.55320", "2009-12-31": "0.55380", "2008-12-31": "0.58480", "2007-12-31": "0.54950", "2006-12-31": "0.54530", "2005-12-31": "0.42860"}, "Debt/Equity Ratio": {"2019-12-31": "1.96540", "2018-12-31": "2.19400", "2017-12-31": "2.46390", "2016-12-31": "3.00080", "2015-12-31": "2.62690", "2014-12-31": "2.21780", "2013-12-31": "2.23070", "2012-12-31": "1.42940", "2011-12-31": "1.33460", "2010-12-31": "1.25330", "2009-12-31": "1.27500", "2008-12-31": "1.42940", "2007-12-31": "1.24440", "2006-12-31": "1.22830", "2005-12-31": "0.76330"}, "Gross Margin": {"2019-12-31": "23.54170", "2018-12-31": "23.83320", "2017-12-31": "23.35290", "2016-12-31": "22.32990", "2015-12-31": "22.59140", "2014-12-31": "22.56790", "2013-12-31": "21.52730", "2012-12-31": "21.74200", "2011-12-31": "20.57400", "2010-12-31": "20.50730", "2009-12-31": "20.52060", "2008-12-31": "19.49210", "2007-12-31": "20.42820", "2006-12-31": "19.85090", "2005-12-31": "17.64940"}, "Operating Margin": {"2019-12-31": "20.63320", "2018-12-31": "19.76880", "2017-12-31": "18.45360", "2016-12-31": "16.93500", "2015-12-31": "18.42900", "2014-12-31": "20.29210", "2013-12-31": "15.19940", "2012-12-31": "16.60980", "2011-12-31": "15.70350", "2010-12-31": "16.16240", "2009-12-31": "15.77230", "2008-12-31": "13.57720", "2007-12-31": "15.14750", "2006-12-31": "11.22020", "2005-12-31": "11.18900"}, "EBIT Margin": {"2019-12-31": "20.63320", "2018-12-31": "19.76880", "2017-12-31": "18.45360", "2016-12-31": "16.93500", "2015-12-31": "18.42900", "2014-12-31": "20.29210", "2013-12-31": "15.19940", "2012-12-31": "16.60980", "2011-12-31": "15.70350", "2010-12-31": "16.16240", "2009-12-31": "15.77230", "2008-12-31": "13.57720", "2007-12-31": "15.14750", "2006-12-31": "11.22020", "2005-12-31": "11.18900"}, "EBITDA Margin": {"2019-12-31": "28.45350", "2018-12-31": "27.74780", "2017-12-31": "26.68460", "2016-12-31": "25.20780", "2015-12-31": "26.62570", "2014-12-31": "28.50540", "2013-12-31": "23.36970", "2012-12-31": "24.66140", "2011-12-31": "23.82600", "2010-12-31": "24.30060", "2009-12-31": "24.10140", "2008-12-31": "21.65170", "2007-12-31": "23.25660", "2006-12-31": "19.32540", "2005-12-31": "17.77940"}, "Pre-Tax Profit Margin": {"2019-12-31": "14.37520", "2018-12-31": "13.84660", "2017-12-31": "12.93230", "2016-12-31": "10.77680", "2015-12-31": "12.40270", "2014-12-31": "13.44690", "2013-12-31": "9.61420", "2012-12-31": "10.20130", "2011-12-31": "9.74230", "2010-12-31": "10.01840", "2009-12-31": "9.70860", "2008-12-31": "7.57530", "2007-12-31": "16.93370", "2006-12-31": "5.55930", "2005-12-31": "5.07440"}, "Net Profit Margin": {"2019-12-31": "11.43980", "2018-12-31": "14.01830", "2017-12-31": "17.66260", "2016-12-31": "5.84060", "2015-12-31": "7.82880", "2014-12-31": "5.76050", "2013-12-31": "5.77670", "2012-12-31": "6.39840", "2011-12-31": "6.25650", "2010-12-31": "5.77100", "2009-12-31": "5.99450", "2008-12-31": "4.50370", "2007-12-31": "10.84010", "2006-12-31": "3.22390", "2005-12-31": "-7.45140"}, "Asset Turnover": {"2019-12-31": "0.23620", "2018-12-31": "0.25130", "2017-12-31": "0.24060", "2016-12-31": "0.25180", "2015-12-31": "0.25570", "2014-12-31": "0.25110", "2013-12-31": "0.19870", "2012-12-31": "0.24830", "2011-12-31": "0.24830", "2010-12-31": "0.23830", "2009-12-31": "0.23100", "2008-12-31": "0.26580", "2007-12-31": "0.25580", "2006-12-31": "0.18020", "2005-12-31": "0.22760"}, "Inventory Turnover Ratio": {"2019-12-31": "98.34400", "2018-12-31": "97.38890", "2017-12-31": "93.47670", "2016-12-31": "89.07290", "2015-12-31": "83.04120", "2014-12-31": "78.06600", "2013-12-31": "61.12880", "2012-12-31": "76.61470", "2011-12-31": "72.10200", "2010-12-31": "63.61720", "2009-12-31": "52.45120", "2008-12-31": "54.91400", "2007-12-31": "50.22940", "2006-12-31": "35.53620", "2005-12-31": "45.24110"}, "Receiveable Turnover": {"2019-12-31": "39.55850", "2018-12-31": "43.21270", "2017-12-31": "34.27350", "2016-12-31": "30.78700", "2015-12-31": "33.00880", "2014-12-31": "27.45540", "2013-12-31": "25.14660", "2012-12-31": "23.61520", "2011-12-31": "22.29280", "2010-12-31": "20.43710", "2009-12-31": "22.27510", "2008-12-31": "22.42050", "2007-12-31": "20.08300", "2006-12-31": "16.35250", "2005-12-31": "17.56580"}, "Days Sales In Receivables": {"2019-12-31": "9.22680", "2018-12-31": "8.44660", "2017-12-31": "10.64960", "2016-12-31": "11.85560", "2015-12-31": "11.05770", "2014-12-31": "13.29430", "2013-12-31": "14.51490", "2012-12-31": "15.45610", "2011-12-31": "16.37300", "2010-12-31": "17.85970", "2009-12-31": "16.38600", "2008-12-31": "16.27970", "2007-12-31": "18.17460", "2006-12-31": "22.32080", "2005-12-31": "20.77900"}, "ROE - Return On Equity": {"2019-12-31": "20.28080", "2018-12-31": "27.26000", "2017-12-31": "38.79900", "2016-12-31": "16.18860", "2015-12-31": "19.78510", "2014-12-31": "12.82290", "2013-12-31": "10.28100", "2012-12-31": "11.38600", "2011-12-31": "10.35490", "2010-12-31": "8.58150", "2009-12-31": "8.30150", "2008-12-31": "7.54560", "2007-12-31": "16.30720", "2006-12-31": "3.29850", "2005-12-31": "3.48330"}, "Return On Tangible Equity": {"2019-12-31": "-902.58190", "2018-12-31": "-201.57850", "2017-12-31": "-137.90310", "2016-12-31": "-25.19130", "2015-12-31": "-38.77230", "2014-12-31": "-40.74510", "2013-12-31": "-44.04770", "2012-12-31": "-792.38570", "2011-12-31": "288.41870", "2010-12-31": "73.63900", "2009-12-31": "43.73430", "2008-12-31": "85.43760", "2007-12-31": "82.78060", "2006-12-31": "15.91640", "2005-12-31": "12.03740"}, "ROA - Return On Assets": {"2019-12-31": "2.70350", "2018-12-31": "3.52600", "2017-12-31": "4.25080", "2016-12-31": "1.47290", "2015-12-31": "2.01540", "2014-12-31": "1.48130", "2013-12-31": "1.18580", "2012-12-31": "1.60240", "2011-12-31": "1.56770", "2010-12-31": "1.38190", "2009-12-31": "1.38450", "2008-12-31": "1.20310", "2007-12-31": "2.72400", "2006-12-31": "0.54070", "2005-12-31": "0.73020"}, "ROI - Return On Investment": {"2019-12-31": "6.92870", "2018-12-31": "8.65010", "2017-12-31": "12.03250", "2016-12-31": "4.13120", "2015-12-31": "5.56720", "2014-12-31": "4.06850", "2013-12-31": "3.30420", "2012-12-31": "4.73170", "2011-12-31": "4.46740", "2010-12-31": "3.83420", "2009-12-31": "3.70390", "2008-12-31": "3.13290", "2007-12-31": "7.34610", "2006-12-31": "1.49980", "2005-12-31": "1.99030"}, "Book Value Per Share": {"2019-12-31": "10.06300", "2018-12-31": "9.04730", "2017-12-31": "7.55260", "2016-12-31": "5.78260", "2015-12-31": "6.07540", "2014-12-31": "6.72330", "2013-12-31": "6.97180", "2012-12-31": "6.45750", "2011-12-31": "6.33400", "2010-12-31": "6.14000", "2009-12-31": "5.83740", "2008-12-31": "5.18370", "2007-12-31": "5.67640", "2006-12-31": "5.43880", "2005-12-31": "5.36470"}, "Operating Cash Flow Per Share": {"2019-12-31": 0.0954, "2018-12-31": 0.6753, "2017-12-31": 0.1239, "2016-12-31": 0.185, "2015-12-31": 0.8279, "2014-12-31": -0.2993, "2013-12-31": 0.0954, "2012-12-31": 0.0456, "2011-12-31": 0.2258, "2010-12-31": -0.0595, "2009-12-31": 0.1313, "2008-12-31": 0.118, "2007-12-31": 0.134, "2006-12-31": 0.0704, "2005-12-31": 1.0199}, "Free Cash Flow Per Share": {"2019-12-31": 0.2776, "2018-12-31": 0.4584, "2017-12-31": 0.2673, "2016-12-31": -0.0632, "2015-12-31": 0.764, "2014-12-31": -0.4511, "2013-12-31": 0.099, "2012-12-31": 0.0194, "2011-12-31": 0.1162, "2010-12-31": -0.1183, "2009-12-31": 0.39, "2008-12-31": 0.0672, "2007-12-31": -0.0777, "2006-12-31": 0.0638, "2005-12-31": 0.6985}}, "financial ratios, quarterly": {"Current Ratio": {"2020-09-30": "0.58840", "2020-06-30": "0.63220", "2020-03-31": "0.61210", "2019-12-31": "0.67100", "2019-09-30": "0.62510", "2019-06-30": "0.64160", "2019-03-31": "0.47980", "2018-12-31": "0.59620", "2018-09-30": "0.54150", "2018-06-30": "0.55780", "2018-03-31": "0.59310", "2017-12-31": "0.58060", "2017-09-30": "0.69840", "2017-06-30": "0.67680", "2017-03-31": "0.63750", "2016-12-31": "0.65890", "2016-09-30": "0.64120", "2016-06-30": "0.66290", "2016-03-31": "0.68150", "2015-12-31": "0.58720", "2015-09-30": "0.58680", "2015-06-30": "0.49800", "2015-03-31": "0.69710", "2014-12-31": "0.71890", "2014-09-30": "0.79840", "2014-06-30": "0.62960", "2014-03-31": "0.63600", "2013-12-31": "0.56280", "2013-09-30": "0.82910", "2013-06-30": "1.02360", "2013-03-31": "0.88070", "2012-12-31": "0.68550", "2012-09-30": "0.82410", "2012-06-30": "0.76270", "2012-03-31": "0.76480", "2011-12-31": "0.85080", "2011-09-30": "0.81620", "2011-06-30": "0.92830", "2011-03-31": "1.09470", "2010-12-31": "1.02150", "2010-09-30": "1.00270", "2010-06-30": "1.03510", "2010-03-31": "1.03900", "2009-12-31": "1.02850", "2009-09-30": "1.33230", "2009-06-30": "1.21230", "2009-03-31": "1.17470", "2008-12-31": "1.08790", "2008-09-30": "1.23230", "2008-06-30": "0.95570", "2008-03-31": "0.97840", "2007-12-31": "0.98800", "2007-09-30": "0.86520", "2007-06-30": "0.93530", "2007-03-31": "0.59870", "2006-12-31": "0.58420", "2006-09-30": "2.63050", "2006-06-30": "2.76720", "2006-03-31": "2.46830", "2005-12-31": "2.24850", "2005-09-30": "2.18310", "2005-06-30": "1.77780", "2005-03-31": "1.78860"}, "Long-term Debt / Capital": {"2020-09-30": "0.67280", "2020-06-30": "0.67070", "2020-03-31": "0.66880", "2019-12-31": "0.65840", "2019-09-30": "0.66130", "2019-06-30": "0.66520", "2019-03-31": "0.66720", "2018-12-31": "0.68270", "2018-09-30": "0.70410", "2018-06-30": "0.70290", "2018-03-31": "0.68690", "2017-12-31": "0.68990", "2017-09-30": "0.72660", "2017-06-30": "0.73200", "2017-03-31": "0.73150", "2016-12-31": "0.74480", "2016-09-30": "0.74490", "2016-06-30": "0.72720", "2016-03-31": "0.72110", "2015-12-31": "0.71860", "2015-09-30": "0.71950", "2015-06-30": "0.67500", "2015-03-31": "0.68830", "2014-12-31": "0.68270", "2014-09-30": "0.68410", "2014-06-30": "0.68150", "2014-03-31": "0.68530", "2013-12-31": "0.67860", "2013-09-30": "0.61040", "2013-06-30": "0.57530", "2013-03-31": "0.57760", "2012-12-31": "0.58440", "2012-09-30": "0.57430", "2012-06-30": "0.57590", "2012-03-31": "0.57300", "2011-12-31": "0.56860", "2011-09-30": "0.56750", "2011-06-30": "0.54590", "2011-03-31": "0.55040", "2010-12-31": "0.55320", "2010-09-30": "0.55010", "2010-06-30": "0.55300", "2010-03-31": "0.55000", "2009-12-31": "0.55380", "2009-09-30": "0.54760", "2009-06-30": "0.55940", "2009-03-31": "0.57640", "2008-12-31": "0.58480", "2008-09-30": "0.55850", "2008-06-30": "0.55660", "2008-03-31": "0.55660", "2007-12-31": "0.54950", "2007-09-30": "0.53030", "2007-06-30": "0.53340", "2007-03-31": "0.51680", "2006-12-31": "0.54530", "2006-09-30": "0.44060", "2006-06-30": "0.44020", "2006-03-31": "0.44160", "2005-12-31": "0.42860", "2005-09-30": "0.42290", "2005-06-30": "0.42700", "2005-03-31": "0.41320"}, "Debt/Equity Ratio": {"2020-09-30": "2.11130", "2020-06-30": "2.08680", "2020-03-31": "2.06820", "2019-12-31": "1.96540", "2019-09-30": "1.99170", "2019-06-30": "2.08230", "2019-03-31": "2.04520", "2018-12-31": "2.19400", "2018-09-30": "2.42520", "2018-06-30": "2.43110", "2018-03-31": "2.25280", "2017-12-31": "2.46390", "2017-09-30": "2.71930", "2017-06-30": "2.78980", "2017-03-31": "2.77780", "2016-12-31": "3.00080", "2016-09-30": "3.00200", "2016-06-30": "2.74300", "2016-03-31": "2.63320", "2015-12-31": "2.62690", "2015-09-30": "2.64540", "2015-06-30": "2.29420", "2015-03-31": "2.27620", "2014-12-31": "2.21780", "2014-09-30": "2.24590", "2014-06-30": "2.21090", "2014-03-31": "2.25100", "2013-12-31": "2.23070", "2013-09-30": "1.59200", "2013-06-30": "1.38010", "2013-03-31": "1.39430", "2012-12-31": "1.42940", "2012-09-30": "1.37130", "2012-06-30": "1.38020", "2012-03-31": "1.36270", "2011-12-31": "1.33460", "2011-09-30": "1.32910", "2011-06-30": "1.21760", "2011-03-31": "1.23960", "2010-12-31": "1.25330", "2010-09-30": "1.23810", "2010-06-30": "1.25510", "2010-03-31": "1.24120", "2009-12-31": "1.27500", "2009-09-30": "1.22870", "2009-06-30": "1.29030", "2009-03-31": "1.40320", "2008-12-31": "1.42940", "2008-09-30": "1.30360", "2008-06-30": "1.29070", "2008-03-31": "1.28140", "2007-12-31": "1.24440", "2007-09-30": "1.22840", "2007-06-30": "1.20780", "2007-03-31": "1.12950", "2006-12-31": "1.22830", "2006-09-30": "0.80660", "2006-06-30": "0.80530", "2006-03-31": "0.81320", "2005-12-31": "0.76330", "2005-09-30": "0.78790", "2005-06-30": "0.80290", "2005-03-31": "0.74980"}, "Gross Margin": {"2020-09-30": "28.71320", "2020-06-30": "26.67780", "2020-03-31": "22.29790", "2019-12-31": "25.60860", "2019-09-30": "20.76490", "2019-06-30": "23.52360", "2019-03-31": "24.03300", "2018-12-31": "25.61640", "2018-09-30": "21.33710", "2018-06-30": "23.63130", "2018-03-31": "24.64020", "2017-12-31": "26.11510", "2017-09-30": "20.47950", "2017-06-30": "23.73360", "2017-03-31": "22.78990", "2016-12-31": "26.10370", "2016-09-30": "19.50820", "2016-06-30": "21.55840", "2016-03-31": "21.74570", "2015-12-31": "24.60080", "2015-09-30": "19.83040", "2015-06-30": "22.03970", "2015-03-31": "23.71880", "2014-12-31": "26.20240", "2014-09-30": "20.64530", "2014-06-30": "20.89610", "2014-03-31": "22.27540", "2013-12-31": "22.18600", "2013-09-30": "19.02840", "2013-06-30": "20.18210", "2013-03-31": "24.47410", "2012-12-31": "23.38020", "2012-09-30": "20.86630", "2012-06-30": "21.45880", "2012-03-31": "21.17270", "2011-12-31": "21.81900", "2011-09-30": "18.68240", "2011-06-30": "19.94250", "2011-03-31": "21.81240", "2010-12-31": "21.86780", "2010-09-30": "19.25240", "2010-06-30": "19.68370", "2010-03-31": "21.16520", "2009-12-31": "22.24450", "2009-09-30": "20.34590", "2009-06-30": "19.81230", "2009-03-31": "19.60850", "2008-12-31": "18.01900", "2008-09-30": "15.92990", "2008-06-30": "19.52710", "2008-03-31": "23.99460", "2007-12-31": "20.96440", "2007-09-30": "19.00770", "2007-06-30": "18.25650", "2007-03-31": "23.20500", "2006-12-31": "21.29710", "2006-09-30": "18.24430", "2006-06-30": "19.51510", "2006-03-31": "20.06650", "2005-12-31": "17.13860", "2005-09-30": "14.48020", "2005-06-30": "16.91450", "2005-03-31": "21.72950"}, "Operating Margin": {"2020-09-30": "24.30880", "2020-06-30": "22.23500", "2020-03-31": "18.90200", "2019-12-31": "28.32110", "2019-09-30": "16.71580", "2019-06-30": "18.47280", "2019-03-31": "18.41340", "2018-12-31": "21.04140", "2018-09-30": "16.98840", "2018-06-30": "20.34360", "2018-03-31": "20.60360", "2017-12-31": "21.90130", "2017-09-30": "14.95200", "2017-06-30": "18.61020", "2017-03-31": "17.98760", "2016-12-31": "22.34290", "2016-09-30": "15.85460", "2016-06-30": "12.57650", "2016-03-31": "16.50680", "2015-12-31": "20.42020", "2015-09-30": "17.43260", "2015-06-30": "16.91250", "2015-03-31": "18.86270", "2014-12-31": "28.11670", "2014-09-30": "18.81070", "2014-06-30": "19.38120", "2014-03-31": "14.40920", "2013-12-31": "13.19510", "2013-09-30": "13.64570", "2013-06-30": "14.26700", "2013-03-31": "19.58530", "2012-12-31": "16.58520", "2012-09-30": "16.37630", "2012-06-30": "16.68790", "2012-03-31": "16.78290", "2011-12-31": "18.38240", "2011-09-30": "13.64510", "2011-06-30": "13.95610", "2011-03-31": "16.76610", "2010-12-31": "18.20530", "2010-09-30": "12.84710", "2010-06-30": "17.27550", "2010-03-31": "16.12960", "2009-12-31": "17.16420", "2009-09-30": "15.68350", "2009-06-30": "13.43910", "2009-03-31": "16.75770", "2008-12-31": "11.78780", "2008-09-30": "9.49310", "2008-06-30": "15.18620", "2008-03-31": "17.32840", "2007-12-31": "15.69780", "2007-09-30": "13.96760", "2007-06-30": "14.64620", "2007-03-31": "16.14260", "2006-12-31": "11.01530", "2006-09-30": "5.33030", "2006-06-30": "13.99750", "2006-03-31": "14.06720", "2005-12-31": "12.42710", "2005-09-30": "2.86760", "2005-06-30": "12.75630", "2005-03-31": "16.04010"}, "EBIT Margin": {"2020-09-30": "24.30880", "2020-06-30": "22.23500", "2020-03-31": "18.90200", "2019-12-31": "28.32110", "2019-09-30": "16.71580", "2019-06-30": "18.47280", "2019-03-31": "18.41340", "2018-12-31": "21.04130", "2018-09-30": "16.98840", "2018-06-30": "20.34360", "2018-03-31": "20.60360", "2017-12-31": "21.90130", "2017-09-30": "14.95200", "2017-06-30": "18.61020", "2017-03-31": "17.98760", "2016-12-31": "22.34290", "2016-09-30": "15.85460", "2016-06-30": "12.57650", "2016-03-31": "16.50680", "2015-12-31": "20.42020", "2015-09-30": "17.43260", "2015-06-30": "16.91250", "2015-03-31": "18.86270", "2014-12-31": "28.11670", "2014-09-30": "18.81070", "2014-06-30": "19.38120", "2014-03-31": "14.40920", "2013-12-31": "13.19510", "2013-09-30": "13.64570", "2013-06-30": "14.26700", "2013-03-31": "19.58530", "2012-12-31": "16.58520", "2012-09-30": "16.37630", "2012-06-30": "16.68790", "2012-03-31": "16.78290", "2011-12-31": "18.38240", "2011-09-30": "13.64510", "2011-06-30": "13.95610", "2011-03-31": "16.76610", "2010-12-31": "18.20530", "2010-09-30": "12.84710", "2010-06-30": "17.27550", "2010-03-31": "16.12960", "2009-12-31": "17.16420", "2009-09-30": "15.68350", "2009-06-30": "13.43910", "2009-03-31": "16.75770", "2008-12-31": "11.78780", "2008-09-30": "9.49310", "2008-06-30": "15.18620", "2008-03-31": "17.32840", "2007-12-31": "15.69780", "2007-09-30": "13.96760", "2007-06-30": "14.64620", "2007-03-31": "16.14260", "2006-12-31": "11.01530", "2006-09-30": "5.33030", "2006-06-30": "13.99750", "2006-03-31": "14.06720", "2005-12-31": "12.42720", "2005-09-30": "2.86760", "2005-06-30": "12.75630", "2005-03-31": "16.04010"}, "EBITDA Margin": {"2020-09-30": "", "2020-06-30": "", "2020-03-31": "", "2019-12-31": "", "2019-09-30": "", "2019-06-30": "", "2019-03-31": "", "2018-12-31": "", "2018-09-30": "", "2018-06-30": "", "2018-03-31": "", "2017-12-31": "", "2017-09-30": "", "2017-06-30": "", "2017-03-31": "", "2016-12-31": "", "2016-09-30": "", "2016-06-30": "", "2016-03-31": "", "2015-12-31": "", "2015-09-30": "", "2015-06-30": "", "2015-03-31": "", "2014-12-31": "", "2014-09-30": "", "2014-06-30": "", "2014-03-31": "", "2013-12-31": "", "2013-09-30": "", "2013-06-30": "", "2013-03-31": "", "2012-12-31": "", "2012-09-30": "", "2012-06-30": "", "2012-03-31": "", "2011-12-31": "", "2011-09-30": "", "2011-06-30": "", "2011-03-31": "", "2010-12-31": "", "2010-09-30": "", "2010-06-30": "", "2010-03-31": "", "2009-12-31": "", "2009-09-30": "", "2009-06-30": "", "2009-03-31": "", "2008-12-31": "", "2008-09-30": "", "2008-06-30": "", "2008-03-31": "", "2007-12-31": "", "2007-09-30": "", "2007-06-30": "", "2007-03-31": "", "2006-12-31": "", "2006-09-30": "", "2006-06-30": "", "2006-03-31": "", "2005-12-31": "", "2005-09-30": "", "2005-06-30": "", "2005-03-31": ""}, "Pre-Tax Profit Margin": {"2020-09-30": "17.95200", "2020-06-30": "17.28260", "2020-03-31": "13.20590", "2019-12-31": "22.94090", "2019-09-30": "9.47280", "2019-06-30": "11.82460", "2019-03-31": "12.56660", "2018-12-31": "15.35210", "2018-09-30": "11.04750", "2018-06-30": "14.98760", "2018-03-31": "13.89200", "2017-12-31": "16.44280", "2017-09-30": "9.10350", "2017-06-30": "13.12890", "2017-03-31": "12.66870", "2016-12-31": "17.21630", "2016-09-30": "10.39040", "2016-06-30": "4.34380", "2016-03-31": "10.64670", "2015-12-31": "14.78310", "2015-09-30": "10.36390", "2015-06-30": "11.20020", "2015-03-31": "13.11530", "2014-12-31": "22.66800", "2014-09-30": "12.77090", "2014-06-30": "9.28220", "2014-03-31": "8.57930", "2013-12-31": "7.43570", "2013-09-30": "7.49820", "2013-06-30": "8.98580", "2013-03-31": "14.41120", "2012-12-31": "7.43520", "2012-09-30": "10.99910", "2012-06-30": "10.64230", "2012-03-31": "11.85630", "2011-12-31": "12.40660", "2011-09-30": "7.68620", "2011-06-30": "7.77200", "2011-03-31": "11.03920", "2010-12-31": "12.59900", "2010-09-30": "5.36810", "2010-06-30": "12.14270", "2010-03-31": "9.69010", "2009-12-31": "10.31290", "2009-09-30": "10.04890", "2009-06-30": "7.76380", "2009-03-31": "10.70540", "2008-12-31": "5.55590", "2008-09-30": "3.08500", "2008-06-30": "9.50630", "2008-03-31": "11.59180", "2007-12-31": "42.59150", "2007-09-30": "7.95560", "2007-06-30": "7.40060", "2007-03-31": "9.58170", "2006-12-31": "1.39070", "2006-09-30": "1.89890", "2006-06-30": "9.44850", "2006-03-31": "9.59770", "2005-12-31": "6.53040", "2005-09-30": "-2.47900", "2005-06-30": "4.69550", "2005-03-31": "10.89640"}, "Net Profit Margin": {"2020-09-30": "13.87600", "2020-06-30": "12.86630", "2020-03-31": "10.20480", "2019-12-31": "17.29650", "2019-09-30": "9.20280", "2019-06-30": "8.90120", "2019-03-31": "9.93760", "2018-12-31": "23.51880", "2018-09-30": "8.85160", "2018-06-30": "12.96820", "2018-03-31": "10.31970", "2017-12-31": "30.43020", "2017-09-30": "7.67950", "2017-06-30": "8.85630", "2017-03-31": "22.46360", "2016-12-31": "8.18810", "2016-09-30": "6.61530", "2016-06-30": "2.07880", "2016-03-31": "6.33260", "2015-12-31": "9.40740", "2015-09-30": "6.64120", "2015-06-30": "6.97220", "2015-03-31": "8.20390", "2014-12-31": "11.20620", "2014-09-30": "2.45730", "2014-06-30": "3.47130", "2014-03-31": "5.51340", "2013-12-31": "4.40680", "2013-09-30": "4.40020", "2013-06-30": "5.38500", "2013-03-31": "8.83270", "2012-12-31": "4.44070", "2012-09-30": "7.06530", "2012-06-30": "6.20650", "2012-03-31": "7.97090", "2011-12-31": "7.59500", "2011-09-30": "6.19480", "2011-06-30": "4.52400", "2011-03-31": "6.68690", "2010-12-31": "6.38160", "2010-09-30": "3.51950", "2010-06-30": "7.25500", "2010-03-31": "5.82300", "2009-12-31": "6.45070", "2009-09-30": "6.26730", "2009-06-30": "4.49540", "2009-03-31": "6.76270", "2008-12-31": "1.84310", "2008-09-30": "2.83460", "2008-06-30": "5.72120", "2008-03-31": "7.24020", "2007-12-31": "29.11370", "2007-09-30": "5.22310", "2007-06-30": "2.67340", "2007-03-31": "6.19570", "2006-12-31": "0.16070", "2006-09-30": "0.84040", "2006-06-30": "5.89940", "2006-03-31": "6.09180", "2005-12-31": "5.29030", "2005-09-30": "-2.37520", "2005-06-30": "3.20420", "2005-03-31": "-34.62930"}, "Asset Turnover": {"2020-09-30": "0.06660", "2020-06-30": "0.06080", "2020-03-31": "0.06310", "2019-12-31": "0.06220", "2019-09-30": "0.05780", "2019-06-30": "0.06080", "2019-03-31": "0.06100", "2018-12-31": "0.06470", "2018-09-30": "0.05960", "2018-06-30": "0.06190", "2018-03-31": "0.06390", "2017-12-31": "0.06320", "2017-09-30": "0.05790", "2017-06-30": "0.06240", "2017-03-31": "0.06340", "2016-12-31": "0.06720", "2016-09-30": "0.05990", "2016-06-30": "0.06330", "2016-03-31": "0.06370", "2015-12-31": "0.06590", "2015-09-30": "0.06130", "2015-06-30": "0.06330", "2015-03-31": "0.06260", "2014-12-31": "0.06570", "2014-09-30": "0.05830", "2014-06-30": "0.05810", "2014-03-31": "0.05780", "2013-12-31": "0.05180", "2013-09-30": "0.05860", "2013-06-30": "0.06330", "2013-03-31": "0.06600", "2012-12-31": "0.06440", "2012-09-30": "0.06030", "2012-06-30": "0.06340", "2012-03-31": "0.06360", "2011-12-31": "0.06290", "2011-09-30": "0.06250", "2011-06-30": "0.06060", "2011-03-31": "0.06220", "2010-12-31": "0.06220", "2010-09-30": "0.05960", "2010-06-30": "0.06310", "2010-03-31": "0.05860", "2009-12-31": "0.05980", "2009-09-30": "0.05810", "2009-06-30": "0.06240", "2009-03-31": "0.06270", "2008-12-31": "0.06370", "2008-09-30": "0.05900", "2008-06-30": "0.06230", "2008-03-31": "0.06560", "2007-12-31": "0.06410", "2007-09-30": "0.05730", "2007-06-30": "0.05810", "2007-03-31": "0.06230", "2006-12-31": "0.04920", "2006-09-30": "0.05240", "2006-06-30": "0.05620", "2006-03-31": "0.05740", "2005-12-31": "0.05720", "2005-09-30": "0.05280", "2005-06-30": "0.05580", "2005-03-31": "0.05750"}, "Inventory Turnover Ratio": {"2020-09-30": "25.34200", "2020-06-30": "23.15690", "2020-03-31": "22.37000", "2019-12-31": "25.19680", "2019-09-30": "22.87520", "2019-06-30": "24.20920", "2019-03-31": "24.04450", "2018-12-31": "24.47100", "2018-09-30": "23.50700", "2018-06-30": "23.29810", "2018-03-31": "22.21180", "2017-12-31": "23.66170", "2017-09-30": "21.41200", "2017-06-30": "21.57550", "2017-03-31": "21.93500", "2016-12-31": "22.61970", "2016-09-30": "20.35760", "2016-06-30": "20.63170", "2016-03-31": "20.49130", "2015-12-31": "20.83380", "2015-09-30": "19.37860", "2015-06-30": "19.70440", "2015-03-31": "18.90840", "2014-12-31": "19.46870", "2014-09-30": "17.55460", "2014-06-30": "17.65810", "2014-03-31": "16.79130", "2013-12-31": "15.81170", "2013-09-30": "20.02210", "2013-06-30": "20.52090", "2013-03-31": "19.27900", "2012-12-31": "19.44730", "2012-09-30": "18.29980", "2012-06-30": "18.40150", "2012-03-31": "18.67050", "2011-12-31": "17.97460", "2011-09-30": "17.58700", "2011-06-30": "17.09110", "2011-03-31": "13.23560", "2010-12-31": "16.30610", "2010-09-30": "12.77010", "2010-06-30": "13.45120", "2010-03-31": "12.40490", "2009-12-31": "13.28770", "2009-09-30": "12.89360", "2009-06-30": "13.24690", "2009-03-31": "13.14740", "2008-12-31": "13.41020", "2008-09-30": "13.30390", "2008-06-30": "13.37920", "2008-03-31": "12.91530", "2007-12-31": "12.50760", "2007-09-30": "11.52620", "2007-06-30": "11.84750", "2007-03-31": "11.78150", "2006-12-31": "9.53750", "2006-09-30": "6.85570", "2006-06-30": "5.34680", "2006-03-31": "5.25320", "2005-12-31": "11.43620", "2005-09-30": "5.25300", "2005-06-30": "4.32350", "2005-03-31": "4.05750"}, "Receiveable Turnover": {"2020-09-30": "11.48090", "2020-06-30": "10.65490", "2020-03-31": "10.69710", "2019-12-31": "10.41690", "2019-09-30": "7.25990", "2019-06-30": "9.87800", "2019-03-31": "9.75680", "2018-12-31": "11.11840", "2018-09-30": "9.26930", "2018-06-30": "8.60700", "2018-03-31": "10.30720", "2017-12-31": "9.00000", "2017-09-30": "9.44570", "2017-06-30": "10.70220", "2017-03-31": "8.94470", "2016-12-31": "8.21750", "2016-09-30": "9.71110", "2016-06-30": "9.53660", "2016-03-31": "9.00060", "2015-12-31": "8.50210", "2015-09-30": "8.73660", "2015-06-30": "8.18240", "2015-03-31": "6.90180", "2014-12-31": "7.18420", "2014-09-30": "7.74720", "2014-06-30": "7.30280", "2014-03-31": "7.04540", "2013-12-31": "6.55950", "2013-09-30": "7.70460", "2013-06-30": "6.88400", "2013-03-31": "7.01790", "2012-12-31": "6.12250", "2012-09-30": "6.26200", "2012-06-30": "6.56160", "2012-03-31": "6.25160", "2011-12-31": "5.64590", "2011-09-30": "6.37380", "2011-06-30": "5.67600", "2011-03-31": "6.21930", "2010-12-31": "5.32960", "2010-09-30": "6.02080", "2010-06-30": "6.63840", "2010-03-31": "5.78480", "2009-12-31": "5.76810", "2009-09-30": "6.92220", "2009-06-30": "6.85730", "2009-03-31": "6.49510", "2008-12-31": "5.37680", "2008-09-30": "2.78000", "2008-06-30": "6.03480", "2008-03-31": "5.49100", "2007-12-31": "5.03480", "2007-09-30": "5.18320", "2007-06-30": "5.53820", "2007-03-31": "5.88610", "2006-12-31": "4.46940", "2006-09-30": "6.77320", "2006-06-30": "6.90910", "2006-03-31": "5.78540", "2005-12-31": "4.41300", "2005-09-30": "4.93730", "2005-06-30": "3.75400", "2005-03-31": "4.38660"}, "Days Sales In Receivables": {"2020-09-30": "7.83910", "2020-06-30": "8.44680", "2020-03-31": "8.41350", "2019-12-31": "8.63980", "2019-09-30": "12.39690", "2019-06-30": "9.11120", "2019-03-31": "9.22440", "2018-12-31": "8.09470", "2018-09-30": "9.70950", "2018-06-30": "10.45670", "2018-03-31": "8.73170", "2017-12-31": "10.00000", "2017-09-30": "9.52810", "2017-06-30": "8.40950", "2017-03-31": "10.06180", "2016-12-31": "10.95220", "2016-09-30": "9.26770", "2016-06-30": "9.43740", "2016-03-31": "9.99930", "2015-12-31": "10.58560", "2015-09-30": "10.30150", "2015-06-30": "10.99920", "2015-03-31": "13.04000", "2014-12-31": "12.52740", "2014-09-30": "11.61710", "2014-06-30": "12.32410", "2014-03-31": "12.77430", "2013-12-31": "13.72050", "2013-09-30": "11.68130", "2013-06-30": "13.07370", "2013-03-31": "12.82430", "2012-12-31": "14.70000", "2012-09-30": "14.37240", "2012-06-30": "13.71610", "2012-03-31": "14.39630", "2011-12-31": "15.94070", "2011-09-30": "14.12030", "2011-06-30": "15.85620", "2011-03-31": "14.47100", "2010-12-31": "16.88690", "2010-09-30": "14.94820", "2010-06-30": "13.55760", "2010-03-31": "15.55810", "2009-12-31": "15.60300", "2009-09-30": "13.00160", "2009-06-30": "13.12470", "2009-03-31": "13.85650", "2008-12-31": "16.73870", "2008-09-30": "32.37460", "2008-06-30": "14.91350", "2008-03-31": "16.39030", "2007-12-31": "17.87570", "2007-09-30": "17.36380", "2007-06-30": "16.25070", "2007-03-31": "15.29020", "2006-12-31": "20.13670", "2006-09-30": "13.28770", "2006-06-30": "13.02620", "2006-03-31": "15.55650", "2005-12-31": "20.39450", "2005-09-30": "18.22860", "2005-06-30": "23.97420", "2005-03-31": "20.51700"}, "ROE - Return On Equity": {"2020-09-30": "7.31390", "2020-06-30": "6.01670", "2020-03-31": "4.68280", "2019-12-31": "8.07200", "2019-09-30": "3.99160", "2019-06-30": "4.15730", "2019-03-31": "4.65850", "2018-12-31": "11.76970", "2018-09-30": "4.63360", "2018-06-30": "6.99550", "2018-03-31": "5.42700", "2017-12-31": "17.55280", "2017-09-30": "4.53130", "2017-06-30": "5.68990", "2017-03-31": "14.76230", "2016-12-31": "6.06410", "2016-09-30": "4.36280", "2016-06-30": "1.36090", "2016-03-31": "3.98740", "2015-12-31": "6.09130", "2015-09-30": "4.03590", "2015-06-30": "4.00990", "2015-03-31": "4.58160", "2014-12-31": "6.28800", "2014-09-30": "1.23000", "2014-06-30": "2.24180", "2014-03-31": "2.86630", "2013-12-31": "2.14430", "2013-09-30": "1.88970", "2013-06-30": "2.43280", "2013-03-31": "4.19720", "2012-12-31": "2.01210", "2012-09-30": "2.99440", "2012-06-30": "2.73450", "2012-03-31": "3.48820", "2011-12-31": "3.15470", "2011-09-30": "2.46540", "2011-06-30": "1.77360", "2011-03-31": "2.67140", "2010-12-31": "2.48450", "2010-09-30": "1.27010", "2010-06-30": "2.71080", "2010-03-31": "2.06030", "2009-12-31": "2.33150", "2009-09-30": "2.15380", "2009-06-30": "1.73360", "2009-03-31": "2.61530", "2008-12-31": "0.73680", "2008-09-30": "1.01780", "2008-06-30": "2.18170", "2008-03-31": "2.83050", "2007-12-31": "11.18210", "2007-09-30": "1.82990", "2007-06-30": "0.80320", "2007-03-31": "2.09960", "2006-12-31": "-0.14650", "2006-09-30": "0.17470", "2006-06-30": "1.57610", "2006-03-31": "1.66480", "2005-12-31": "1.39980", "2005-09-30": "-0.57430", "2005-06-30": "0.68160", "2005-03-31": "1.88740"}, "Return On Tangible Equity": {"2020-09-30": "-102.19860", "2020-06-30": "-95.03040", "2020-03-31": "-74.30240", "2019-12-31": "-359.23770", "2019-09-30": "-102.17470", "2019-06-30": "-70.80780", "2019-03-31": "-49.88580", "2018-12-31": "-87.03280", "2018-09-30": "-18.89280", "2018-06-30": "-27.57290", "2018-03-31": "-26.70090", "2017-12-31": "-62.38770", "2017-09-30": "-9.86900", "2017-06-30": "-11.43640", "2017-03-31": "-28.10190", "2016-12-31": "-9.43650", "2016-09-30": "-6.67530", "2016-06-30": "-2.50750", "2016-03-31": "-7.77390", "2015-12-31": "-11.93700", "2015-09-30": "-7.82560", "2015-06-30": "-11.18620", "2015-03-31": "-13.09130", "2014-12-31": "-19.98020", "2014-09-30": "-3.15250", "2014-06-30": "-6.76740", "2014-03-31": "-7.64720", "2013-12-31": "-9.18690", "2013-09-30": "43.33390", "2013-06-30": "79.32150", "2013-03-31": "296.90450", "2012-12-31": "-140.02540", "2012-09-30": "140.35470", "2012-06-30": "169.76950", "2012-03-31": "179.52470", "2011-12-31": "87.86760", "2011-09-30": "42.35950", "2011-06-30": "20.65140", "2011-03-31": "22.05560", "2010-12-31": "21.31980", "2010-09-30": "10.23660", "2010-06-30": "20.12760", "2010-03-31": "14.71610", "2009-12-31": "12.28290", "2009-09-30": "12.55300", "2009-06-30": "12.50940", "2009-03-31": "24.22300", "2008-12-31": "8.34250", "2008-09-30": "6.29510", "2008-06-30": "13.88810", "2008-03-31": "17.30840", "2007-12-31": "56.76390", "2007-09-30": "9.37100", "2007-06-30": "3.72460", "2007-03-31": "9.57970", "2006-12-31": "-0.70680", "2006-09-30": "0.53650", "2006-06-30": "5.16710", "2006-03-31": "5.50760", "2005-12-31": "4.83740", "2005-09-30": "-1.99930", "2005-06-30": "2.53350", "2005-03-31": "6.25390"}, "ROA - Return On Assets": {"2020-09-30": "0.92470", "2020-06-30": "0.78260", "2020-03-31": "0.64490", "2019-12-31": "1.07600", "2019-09-30": "0.53220", "2019-06-30": "0.54270", "2019-03-31": "0.60560", "2018-12-31": "1.52240", "2018-09-30": "0.52790", "2018-06-30": "0.80310", "2018-03-31": "0.66010", "2017-12-31": "1.92310", "2017-09-30": "0.44470", "2017-06-30": "0.55340", "2017-03-31": "1.42550", "2016-12-31": "0.55170", "2016-09-30": "0.39450", "2016-06-30": "0.13380", "2016-03-31": "0.40370", "2015-12-31": "0.62050", "2015-09-30": "0.41130", "2015-06-30": "0.44850", "2015-03-31": "0.51400", "2014-12-31": "0.72640", "2014-09-30": "0.13630", "2014-06-30": "0.24860", "2014-03-31": "0.31960", "2013-12-31": "0.24730", "2013-09-30": "0.26210", "2013-06-30": "0.35000", "2013-03-31": "0.59420", "2012-12-31": "0.28320", "2012-09-30": "0.43390", "2012-06-30": "0.39930", "2012-03-31": "0.50990", "2011-12-31": "0.47760", "2011-09-30": "0.38180", "2011-06-30": "0.28110", "2011-03-31": "0.42840", "2010-12-31": "0.40010", "2010-09-30": "0.20870", "2010-06-30": "0.45680", "2010-03-31": "0.34550", "2009-12-31": "0.38880", "2009-09-30": "0.35690", "2009-06-30": "0.28630", "2009-03-31": "0.42220", "2008-12-31": "0.11750", "2008-09-30": "0.16870", "2008-06-30": "0.36070", "2008-03-31": "0.47440", "2007-12-31": "1.86790", "2007-09-30": "0.30660", "2007-06-30": "0.13250", "2007-03-31": "0.35610", "2006-12-31": "-0.02400", "2006-09-30": "0.03670", "2006-06-30": "0.33060", "2006-03-31": "0.34800", "2005-12-31": "0.29340", "2005-09-30": "-0.11930", "2005-06-30": "0.13850", "2005-03-31": "0.40360"}, "ROI - Return On Investment": {"2020-09-30": "2.39300", "2020-06-30": "1.98110", "2020-03-31": "1.55100", "2019-12-31": "2.75770", "2019-09-30": "1.35190", "2019-06-30": "1.39200", "2019-03-31": "1.55030", "2018-12-31": "3.73480", "2018-09-30": "1.37130", "2018-06-30": "2.07810", "2018-03-31": "1.69920", "2017-12-31": "5.44350", "2017-09-30": "1.23880", "2017-06-30": "1.52500", "2017-03-31": "3.96400", "2016-12-31": "1.54750", "2016-09-30": "1.11300", "2016-06-30": "0.37120", "2016-03-31": "1.11230", "2015-12-31": "1.71400", "2015-09-30": "1.13200", "2015-06-30": "1.30330", "2015-03-31": "1.42800", "2014-12-31": "1.99510", "2014-09-30": "0.38850", "2014-06-30": "0.71400", "2014-03-31": "0.90200", "2013-12-31": "0.68910", "2013-09-30": "0.73630", "2013-06-30": "1.03330", "2013-03-31": "1.77280", "2012-12-31": "0.83610", "2012-09-30": "1.27480", "2012-06-30": "1.15970", "2012-03-31": "1.48930", "2011-12-31": "1.36100", "2011-09-30": "1.06620", "2011-06-30": "0.80540", "2011-03-31": "1.20090", "2010-12-31": "1.11010", "2010-09-30": "0.57140", "2010-06-30": "1.21180", "2010-03-31": "0.92710", "2009-12-31": "1.04030", "2009-09-30": "0.97440", "2009-06-30": "0.76380", "2009-03-31": "1.10790", "2008-12-31": "0.30590", "2008-09-30": "0.44940", "2008-06-30": "0.96730", "2008-03-31": "1.25510", "2007-12-31": "5.03730", "2007-09-30": "0.85950", "2007-06-30": "0.37480", "2007-03-31": "1.01450", "2006-12-31": "-0.06660", "2006-09-30": "0.09770", "2006-06-30": "0.88230", "2006-03-31": "0.92970", "2005-12-31": "0.79980", "2005-09-30": "-0.33140", "2005-06-30": "0.39050", "2005-03-31": "1.10750"}, "Book Value Per Share": {"2020-09-30": "10.00450", "2020-06-30": "9.91080", "2020-03-31": "9.76950", "2019-12-31": "10.06300", "2019-09-30": "9.73050", "2019-06-30": "9.55900", "2019-03-31": "9.33000", "2018-12-31": "9.04730", "2018-09-30": "8.09180", "2018-06-30": "8.14620", "2018-03-31": "8.21600", "2017-12-31": "7.55260", "2017-09-30": "6.59910", "2017-06-30": "6.43290", "2017-03-31": "6.29820", "2016-12-31": "5.78260", "2016-09-30": "5.72050", "2016-06-30": "6.03000", "2016-03-31": "6.12980", "2015-12-31": "6.07540", "2015-09-30": "6.02410", "2015-06-30": "6.61080", "2015-03-31": "6.61160", "2014-12-31": "6.72330", "2014-09-30": "6.52840", "2014-06-30": "6.75080", "2014-03-31": "6.74000", "2013-12-31": "6.97180", "2013-09-30": "6.79740", "2013-06-30": "6.68990", "2013-03-31": "6.60990", "2012-12-31": "6.45750", "2012-09-30": "6.52350", "2012-06-30": "6.40880", "2012-03-31": "6.38010", "2011-12-31": "6.33400", "2011-09-30": "6.22920", "2011-06-30": "6.35540", "2011-03-31": "6.25750", "2010-12-31": "6.14000", "2010-09-30": "6.01180", "2010-06-30": "5.96670", "2010-03-31": "5.96800", "2009-12-31": "5.83740", "2009-09-30": "5.60460", "2009-06-30": "5.41900", "2009-03-31": "5.23850", "2008-12-31": "5.18370", "2008-09-30": "5.62950", "2008-06-30": "5.66330", "2008-03-31": "5.62780", "2007-12-31": "5.67640", "2007-09-30": "5.62650", "2007-06-30": "5.57850", "2007-03-31": "5.60910", "2006-12-31": "5.43880", "2006-09-30": "5.48840", "2006-06-30": "5.50200", "2006-03-31": "5.44380", "2005-12-31": "5.36470", "2005-09-30": "5.36690", "2005-06-30": "5.27730", "2005-03-31": "5.36940"}, "Operating Cash Flow Per Share": {"2020-09-30": 1.1127, "2020-06-30": 1.0473, "2020-03-31": "0.98040", "2019-12-31": 0.8483, "2019-09-30": 1.125, "2019-06-30": 0.4181, "2019-03-31": "0.99770", "2018-12-31": 0.8551, "2018-09-30": 0.7538, "2018-06-30": 0.5714, "2018-03-31": "1.11340", "2017-12-31": 0.5924, "2017-09-30": 0.868, "2017-06-30": 0.1826, "2017-03-31": "0.97540", "2016-12-31": 0.6706, "2016-09-30": 0.6774, "2016-06-30": 0.2135, "2016-03-31": "0.93300", "2015-12-31": 0.36, "2015-09-30": 0.5831, "2015-06-30": 0.4578, "2015-03-31": "0.90860", "2014-12-31": 0.2787, "2014-09-30": 0.412, "2014-06-30": 0.2022, "2014-03-31": "0.58870", "2013-12-31": 0.2722, "2013-09-30": 0.4578, "2013-06-30": 0.3487, "2013-03-31": "0.70220", "2012-12-31": 0.4025, "2012-09-30": 0.5595, "2012-06-30": 0.2944, "2012-03-31": "0.42910", "2011-12-31": 0.403, "2011-09-30": 0.5099, "2011-06-30": 0.2809, "2011-03-31": "0.44610", "2010-12-31": 0.339, "2010-09-30": 0.3415, "2010-06-30": 0.3083, "2010-03-31": "0.42530", "2009-12-31": 0.2669, "2009-09-30": 0.366, "2009-06-30": 0.276, "2009-03-31": "0.56470", "2008-12-31": 0.4457, "2008-09-30": 0.4538, "2008-06-30": 0.2681, "2008-03-31": "0.17470", "2007-12-31": 0.0895, "2007-09-30": 0.4879, "2007-06-30": 0.2186, "2007-03-31": "0.42830", "2006-12-31": 0.1937, "2006-09-30": 0.387, "2006-06-30": 0.241, "2006-03-31": "0.26860", "2005-12-31": 0.1506, "2005-09-30": 0.2478, "2005-06-30": 0.2216, "2005-03-31": "0.39990"}, "Free Cash Flow Per Share": {"2020-09-30": 0.8228, "2020-06-30": 0.7485, "2020-03-31": "0.69570", "2019-12-31": 0.9236, "2019-09-30": 0.7787, "2019-06-30": 0.0894, "2019-03-31": "0.71940", "2018-12-31": 0.5285, "2018-09-30": 0.5699, "2018-06-30": 0.2652, "2018-03-31": "0.86990", "2017-12-31": 0.4859, "2017-09-30": 0.4435, "2017-06-30": 0.0785, "2017-03-31": "0.76720", "2016-12-31": 0.3514, "2016-09-30": 0.4328, "2016-06-30": 0.0012, "2016-03-31": "0.72240", "2015-12-31": 0.1363, "2015-09-30": 0.3813, "2015-06-30": 0.281, "2015-03-31": "0.77240", "2014-12-31": 0.051, "2014-09-30": 0.2308, "2014-06-30": 0.0512, "2014-03-31": "0.47400", "2013-12-31": 0.117, "2013-09-30": 0.3252, "2013-06-30": 0.2185, "2013-03-31": "0.59740", "2012-12-31": 0.2467, "2012-09-30": 0.4267, "2012-06-30": 0.1613, "2012-03-31": "0.32440", "2011-12-31": 0.2677, "2011-09-30": 0.3814, "2011-06-30": 0.1483, "2011-03-31": "0.34230", "2010-12-31": 0.2209, "2010-09-30": 0.2331, "2010-06-30": 0.2158, "2010-03-31": "0.35370", "2009-12-31": 0.1819, "2009-09-30": 0.2883, "2009-06-30": 0.2007, "2009-03-31": "0.47090", "2008-12-31": 0.2712, "2008-09-30": 0.2964, "2008-06-30": 0.1197, "2008-03-31": "0.06450", "2007-12-31": -0.0579, "2007-09-30": 0.3165, "2007-06-30": 0.0856, "2007-03-31": "0.34040", "2006-12-31": 0.0792, "2006-09-30": 0.3098, "2006-06-30": 0.1685, "2006-03-31": "0.20480", "2005-12-31": 0.0721, "2005-09-30": 0.1477, "2005-06-30": 0.1435, "2005-03-31": "0.33520"}}, "revenue": {"Service Annual Revenue (Millions of US $)": {"2019": "$3,231", "2018": "$3,190", "2017": "$3,095", "2016": "$3,031", "2015": "$2,986", "2014": "$2,994", "2013": "$2,550", "2012": "$2,404", "2011": "$2,316", "2010": "$2,191", "2009": "$2,054", "2008": "$2,156", "2007": "$2,285", "2006": "$1,753", "2005": "$1,717"}, "Service Quarterly Revenue (Millions of US $)": {"2020-09-30": "$918", "2020-06-30": "$820", "2020-03-31": "$803", "2019-12-31": "$851", "2019-09-30": "$769", "2019-06-30": "$813", "2019-03-31": "$798", "2018-12-31": "$821", "2018-09-30": "$779", "2018-06-30": "$796", "2018-03-31": "$794", "2017-12-31": "$813", "2017-09-30": "$731", "2017-06-30": "$773", "2017-03-31": "$778", "2016-12-31": "$809", "2016-09-30": "$721", "2016-06-30": "$751", "2016-03-31": "$749", "2015-12-31": "$769", "2015-09-30": "$714", "2015-06-30": "$754", "2015-03-31": "$748", "2014-12-31": "$783", "2014-09-30": "$718", "2014-06-30": "$747", "2014-03-31": "$745", "2013-12-31": "$665", "2013-09-30": "$609", "2013-06-30": "$624", "2013-03-31": "$652", "2012-12-31": "$623", "2012-09-30": "$581", "2012-06-30": "$597", "2012-03-31": "$603", "2011-12-31": "$587", "2011-09-30": "$573", "2011-06-30": "$577", "2011-03-31": "$580", "2010-12-31": "$571", "2010-09-30": "$533", "2010-06-30": "$555", "2010-03-31": "$531", "2009-12-31": "$532", "2009-09-30": "$497", "2009-06-30": "$514", "2009-03-31": "$511", "2008-12-31": "$517", "2008-09-30": "$516", "2008-06-30": "$549", "2008-03-31": "$573", "2007-12-31": "$573", "2007-09-30": "$539", "2007-06-30": "$565", "2007-03-31": "$608", "2006-12-31": "$479", "2006-09-30": "$400", "2006-06-30": "$431", "2006-03-31": "$442", "2005-12-31": "$431", "2005-09-30": "$406", "2005-06-30": "$432", "2005-03-31": "$447"}}, "gross-profit": {"Service Annual Gross Profit (Millions of US $)": {"2019": "$761", "2018": "$760", "2017": "$723", "2016": "$677", "2015": "$675", "2014": "$676", "2013": "$549", "2012": "$523", "2011": "$477", "2010": "$449", "2009": "$421", "2008": "$420", "2007": "$467", "2006": "$348", "2005": "$303"}, "Service Quarterly Gross Profit (Millions of US $)": {"2020-09-30": "$264", "2020-06-30": "$219", "2020-03-31": "$179", "2019-12-31": "$218", "2019-09-30": "$160", "2019-06-30": "$191", "2019-03-31": "$192", "2018-12-31": "$210", "2018-09-30": "$166", "2018-06-30": "$188", "2018-03-31": "$196", "2017-12-31": "$212", "2017-09-30": "$150", "2017-06-30": "$184", "2017-03-31": "$177", "2016-12-31": "$211", "2016-09-30": "$141", "2016-06-30": "$162", "2016-03-31": "$163", "2015-12-31": "$189", "2015-09-30": "$142", "2015-06-30": "$166", "2015-03-31": "$177", "2014-12-31": "$205", "2014-09-30": "$148", "2014-06-30": "$156", "2014-03-31": "$166", "2013-12-31": "$148", "2013-09-30": "$116", "2013-06-30": "$126", "2013-03-31": "$160", "2012-12-31": "$146", "2012-09-30": "$121", "2012-06-30": "$128", "2012-03-31": "$128", "2011-12-31": "$128", "2011-09-30": "$107", "2011-06-30": "$115", "2011-03-31": "$126", "2010-12-31": "$125", "2010-09-30": "$103", "2010-06-30": "$109", "2010-03-31": "$112", "2009-12-31": "$118", "2009-09-30": "$101", "2009-06-30": "$102", "2009-03-31": "$100", "2008-12-31": "$93", "2008-09-30": "$82", "2008-06-30": "$107", "2008-03-31": "$138", "2007-12-31": "$120", "2007-09-30": "$103", "2007-06-30": "$103", "2007-03-31": "$141", "2006-12-31": "$102", "2006-09-30": "$73", "2006-06-30": "$84", "2006-03-31": "$89", "2005-12-31": "$74", "2005-09-30": "$59", "2005-06-30": "$73", "2005-03-31": "$97"}}, "operating-income": {"Service Annual Operating Income (Millions of US $)": {"2019": "$667", "2018": "$631", "2017": "$571", "2016": "$513", "2015": "$550", "2014": "$608", "2013": "$388", "2012": "$399", "2011": "$364", "2010": "$354", "2009": "$324", "2008": "$293", "2007": "$346", "2006": "$197", "2005": "$192"}, "Service Quarterly Operating Income (Millions of US $)": {"2020-09-30": "$223", "2020-06-30": "$182", "2020-03-31": "$152", "2019-12-31": "$241", "2019-09-30": "$129", "2019-06-30": "$150", "2019-03-31": "$147", "2018-12-31": "$173", "2018-09-30": "$132", "2018-06-30": "$162", "2018-03-31": "$164", "2017-12-31": "$178", "2017-09-30": "$109", "2017-06-30": "$144", "2017-03-31": "$140", "2016-12-31": "$181", "2016-09-30": "$114", "2016-06-30": "$94", "2016-03-31": "$124", "2015-12-31": "$157", "2015-09-30": "$125", "2015-06-30": "$128", "2015-03-31": "$141", "2014-12-31": "$220", "2014-09-30": "$135", "2014-06-30": "$145", "2014-03-31": "$107", "2013-12-31": "$88", "2013-09-30": "$83", "2013-06-30": "$89", "2013-03-31": "$128", "2012-12-31": "$103", "2012-09-30": "$95", "2012-06-30": "$100", "2012-03-31": "$101", "2011-12-31": "$108", "2011-09-30": "$78", "2011-06-30": "$80", "2011-03-31": "$97", "2010-12-31": "$104", "2010-09-30": "$68", "2010-06-30": "$96", "2010-03-31": "$86", "2009-12-31": "$91", "2009-09-30": "$78", "2009-06-30": "$69", "2009-03-31": "$86", "2008-12-31": "$61", "2008-09-30": "$49", "2008-06-30": "$83", "2008-03-31": "$99", "2007-12-31": "$90", "2007-09-30": "$75", "2007-06-30": "$83", "2007-03-31": "$98", "2006-12-31": "$53", "2006-09-30": "$21", "2006-06-30": "$60", "2006-03-31": "$62", "2005-12-31": "$54", "2005-09-30": "$12", "2005-06-30": "$55", "2005-03-31": "$72"}}, "ebitda": {"Service Annual EBITDA (Millions of US $)": {"2019": "$919", "2018": "$885", "2017": "$826", "2016": "$764", "2015": "$795", "2014": "$853", "2013": "$596", "2012": "$593", "2011": "$552", "2010": "$532", "2009": "$495", "2008": "$467", "2007": "$531", "2006": "$339", "2005": "$305"}, "Service Quarterly EBITDA (Millions of US $)": {"2020-09-30": "$294", "2020-06-30": "$247", "2020-03-31": "$210", "2019-12-31": "$309", "2019-09-30": "$189", "2019-06-30": "$213", "2019-03-31": "$209", "2018-12-31": "$238", "2018-09-30": "$197", "2018-06-30": "$226", "2018-03-31": "$224", "2017-12-31": "$247", "2017-09-30": "$172", "2017-06-30": "$207", "2017-03-31": "$200", "2016-12-31": "$253", "2016-09-30": "$174", "2016-06-30": "$155", "2016-03-31": "$182", "2015-12-31": "$227", "2015-09-30": "$184", "2015-06-30": "$187", "2015-03-31": "$197", "2014-12-31": "$285", "2014-09-30": "$196", "2014-06-30": "$205", "2014-03-31": "$167", "2013-12-31": "$152", "2013-09-30": "$133", "2013-06-30": "$137", "2013-03-31": "$174", "2012-12-31": "$155", "2012-09-30": "$143", "2012-06-30": "$148", "2012-03-31": "$148", "2011-12-31": "$157", "2011-09-30": "$126", "2011-06-30": "$126", "2011-03-31": "$144", "2010-12-31": "$149", "2010-09-30": "$115", "2010-06-30": "$141", "2010-03-31": "$128", "2009-12-31": "$139", "2009-09-30": "$119", "2009-06-30": "$110", "2009-03-31": "$127", "2008-12-31": "$106", "2008-09-30": "$92", "2008-06-30": "$128", "2008-03-31": "$141", "2007-12-31": "$136", "2007-09-30": "$120", "2007-06-30": "$130", "2007-03-31": "$146", "2006-12-31": "$93", "2006-09-30": "$60", "2006-06-30": "$93", "2006-03-31": "$93", "2005-12-31": "$103", "2005-09-30": "$34", "2005-06-30": "$76", "2005-03-31": "$92"}}, "net-income": {"Service Annual Net Income (Millions of US $)": {"2019": "$370", "2018": "$447", "2017": "$547", "2016": "$177", "2015": "$234", "2014": "$172", "2013": "$147", "2012": "$154", "2011": "$145", "2010": "$126", "2009": "$123", "2008": "$97", "2007": "$248", "2006": "$57", "2005": "$-128"}, "Service Quarterly Net Income (Millions of US $)": {"2020-09-30": "$127", "2020-06-30": "$106", "2020-03-31": "$82", "2019-12-31": "$147", "2019-09-30": "$71", "2019-06-30": "$72", "2019-03-31": "$79", "2018-12-31": "$193", "2018-09-30": "$69", "2018-06-30": "$103", "2018-03-31": "$82", "2017-12-31": "$247", "2017-09-30": "$56", "2017-06-30": "$68", "2017-03-31": "$175", "2016-12-31": "$66", "2016-09-30": "$48", "2016-06-30": "$16", "2016-03-31": "$47", "2015-12-31": "$72", "2015-09-30": "$47", "2015-06-30": "$53", "2015-03-31": "$61", "2014-12-31": "$88", "2014-09-30": "$18", "2014-06-30": "$26", "2014-03-31": "$41", "2013-12-31": "$29", "2013-09-30": "$27", "2013-06-30": "$34", "2013-03-31": "$58", "2012-12-31": "$28", "2012-09-30": "$41", "2012-06-30": "$37", "2012-03-31": "$48", "2011-12-31": "$45", "2011-09-30": "$35", "2011-06-30": "$26", "2011-03-31": "$39", "2010-12-31": "$36", "2010-09-30": "$19", "2010-06-30": "$40", "2010-03-31": "$31", "2009-12-31": "$34", "2009-09-30": "$31", "2009-06-30": "$23", "2009-03-31": "$35", "2008-12-31": "$10", "2008-09-30": "$15", "2008-06-30": "$31", "2008-03-31": "$42", "2007-12-31": "$167", "2007-09-30": "$28", "2007-06-30": "$15", "2007-03-31": "$38", "2006-12-31": "$1", "2006-09-30": "$3", "2006-06-30": "$25", "2006-03-31": "$27", "2005-12-31": "$23", "2005-09-30": "$-10", "2005-06-30": "$14", "2005-03-31": "$-155"}}, "eps-earnings-per-share-diluted": {"Service Annual EPS": {"2019": "$1.99", "2018": "$2.39", "2017": "$2.84", "2016": "$0.90", "2015": "$1.14", "2014": "$0.81", "2013": "$0.68", "2012": "$0.70", "2011": "$0.61", "2010": "$0.50", "2009": "$0.49", "2008": "$0.37", "2007": "$0.85", "2006": "$0.19", "2005": "$-0.42"}, "Service Quarterly EPS": {"2020-09-30": "$0.72", "2020-06-30": "$0.59", "2020-03-31": "$0.45", "2019-12-31": "$0.79", "2019-09-30": "$0.38", "2019-06-30": "$0.39", "2019-03-31": "$0.43", "2018-12-31": "$1.04", "2018-09-30": "$0.37", "2018-06-30": "$0.55", "2018-03-31": "$0.43", "2017-12-31": "$1.28", "2017-09-30": "$0.29", "2017-06-30": "$0.36", "2017-03-31": "$0.91", "2016-12-31": "$0.34", "2016-09-30": "$0.24", "2016-06-30": "$0.08", "2016-03-31": "$0.24", "2015-12-31": "$0.36", "2015-09-30": "$0.23", "2015-06-30": "$0.25", "2015-03-31": "$0.30", "2014-12-31": "$0.42", "2014-09-30": "$0.08", "2014-06-30": "$0.12", "2014-03-31": "$0.19", "2013-12-31": "$0.13", "2013-09-30": "$0.12", "2013-06-30": "$0.16", "2013-03-31": "$0.27", "2012-12-31": "$0.12", "2012-09-30": "$0.19", "2012-06-30": "$0.17", "2012-03-31": "$0.22", "2011-12-31": "$0.19", "2011-09-30": "$0.15", "2011-06-30": "$0.11", "2011-03-31": "$0.16", "2010-12-31": "$0.14", "2010-09-30": "$0.08", "2010-06-30": "$0.16", "2010-03-31": "$0.12", "2009-12-31": "$0.14", "2009-09-30": "$0.12", "2009-06-30": "$0.09", "2009-03-31": "$0.14", "2008-12-31": "$0.03", "2008-09-30": "$0.06", "2008-06-30": "$0.12", "2008-03-31": "$0.16", "2007-12-31": "$0.57", "2007-09-30": "$0.10", "2007-06-30": "$0.05", "2007-03-31": "$0.13", "2006-12-31": "$0.00", "2006-09-30": "$0.01", "2006-06-30": "$0.09", "2006-03-31": "$0.09", "2005-12-31": "$0.05", "2005-09-30": "$-0.03", "2005-06-30": "$0.05", "2005-03-31": "$-0.49"}}, "shares-outstanding": {"Service Annual Shares Outstanding (Millions of Shares)": {"2019": "186", "2018": "187", "2017": "192", "2016": "196", "2015": "204", "2014": "214", "2013": "216", "2012": "219", "2011": "237", "2010": "251", "2009": "252", "2008": "261", "2007": "291", "2006": "297", "2005": "307"}, "Service Quarterly Shares Outstanding (Millions of Shares)": {"2020-09-30": "178", "2020-06-30": "180", "2020-03-31": "184", "2019-12-31": "186", "2019-09-30": "186", "2019-06-30": "186", "2019-03-31": "185", "2018-12-31": "187", "2018-09-30": "185", "2018-06-30": "187", "2018-03-31": "190", "2017-12-31": "192", "2017-09-30": "192", "2017-06-30": "192", "2017-03-31": "193", "2016-12-31": "196", "2016-09-30": "197", "2016-06-30": "197", "2016-03-31": "198", "2015-12-31": "204", "2015-09-30": "203", "2015-06-30": "207", "2015-03-31": "208", "2014-12-31": "214", "2014-09-30": "213", "2014-06-30": "216", "2014-03-31": "217", "2013-12-31": "216", "2013-09-30": "216", "2013-06-30": "216", "2013-03-31": "215", "2012-12-31": "219", "2012-09-30": "218", "2012-06-30": "219", "2012-03-31": "223", "2011-12-31": "237", "2011-09-30": "236", "2011-06-30": "241", "2011-03-31": "242", "2010-12-31": "251", "2010-09-30": "248", "2010-06-30": "254", "2010-03-31": "256", "2009-12-31": "252", "2009-09-30": "253", "2009-06-30": "251", "2009-03-31": "250", "2008-12-31": "261", "2008-09-30": "260", "2008-06-30": "263", "2008-03-31": "265", "2007-12-31": "291", "2007-09-30": "290", "2007-06-30": "296", "2007-03-31": "299", "2006-12-31": "297", "2006-09-30": "296", "2006-06-30": "298", "2006-03-31": "299", "2005-12-31": "307", "2005-09-30": "297", "2005-06-30": "306", "2005-03-31": "318"}}, "total-assets": {"Service Annual Total Assets (Millions of US $)": {"2019": "$13,677", "2018": "$12,693", "2017": "$12,865", "2016": "$12,038", "2015": "$11,676", "2014": "$11,924", "2013": "$12,834", "2012": "$9,684", "2011": "$9,328", "2010": "$9,191", "2009": "$8,891", "2008": "$8,111", "2007": "$8,932", "2006": "$9,729", "2005": "$7,545"}, "Service Quarterly Total Assets (Millions of US $)": {"2020-09-30": "$13,787", "2020-06-30": "$13,488", "2020-03-31": "$12,715", "2019-12-31": "$13,677", "2019-09-30": "$13,316", "2019-06-30": "$13,360", "2019-03-31": "$13,079", "2018-12-31": "$12,693", "2018-09-30": "$13,070", "2018-06-30": "$12,860", "2018-03-31": "$12,429", "2017-12-31": "$12,865", "2017-09-30": "$12,625", "2017-06-30": "$12,388", "2017-03-31": "$12,259", "2016-12-31": "$12,038", "2016-09-30": "$12,051", "2016-06-30": "$11,875", "2016-03-31": "$11,756", "2015-12-31": "$11,676", "2015-09-30": "$11,653", "2015-06-30": "$11,925", "2015-03-31": "$11,958", "2014-12-31": "$11,924", "2014-09-30": "$12,330", "2014-06-30": "$12,857", "2014-03-31": "$12,906", "2013-12-31": "$12,834", "2013-09-30": "$10,389", "2013-06-30": "$9,855", "2013-03-31": "$9,882", "2012-12-31": "$9,684", "2012-09-30": "$9,634", "2012-06-30": "$9,425", "2012-03-31": "$9,475", "2011-12-31": "$9,328", "2011-09-30": "$9,171", "2011-06-30": "$9,513", "2011-03-31": "$9,320", "2010-12-31": "$9,191", "2010-09-30": "$8,950", "2010-06-30": "$8,806", "2010-03-31": "$9,067", "2009-12-31": "$8,891", "2009-09-30": "$8,563", "2009-06-30": "$8,235", "2009-03-31": "$8,143", "2008-12-31": "$8,111", "2008-09-30": "$8,757", "2008-06-30": "$8,808", "2008-03-31": "$8,748", "2007-12-31": "$8,932", "2007-09-30": "$9,409", "2007-06-30": "$9,741", "2007-03-31": "$9,750", "2006-12-31": "$9,729", "2006-09-30": "$7,644", "2006-06-30": "$7,671", "2006-03-31": "$7,695", "2005-12-31": "$7,545", "2005-09-30": "$7,702", "2005-06-30": "$7,742", "2005-03-31": "$7,784"}}, "cash-on-hand": {"Service Annual Cash on Hand (Millions of US $)": {"2019": "$186", "2018": "$199", "2017": "$330", "2016": "$195", "2015": "$135", "2014": "$177", "2013": "$142", "2012": "$93", "2011": "$129", "2010": "$171", "2009": "$180", "2008": "$128", "2007": "$169", "2006": "$40", "2005": "$447"}, "Service Quarterly Cash on Hand (Millions of US $)": {"2020-09-30": "$220", "2020-06-30": "$222", "2020-03-31": "$176", "2019-12-31": "$186", "2019-09-30": "$195", "2019-06-30": "$244", "2019-03-31": "$154", "2018-12-31": "$199", "2018-09-30": "$158", "2018-06-30": "$164", "2018-03-31": "$220", "2017-12-31": "$330", "2017-09-30": "$268", "2017-06-30": "$225", "2017-03-31": "$238", "2016-12-31": "$195", "2016-09-30": "$178", "2016-06-30": "$172", "2016-03-31": "$214", "2015-12-31": "$135", "2015-09-30": "$142", "2015-06-30": "$199", "2015-03-31": "$217", "2014-12-31": "$177", "2014-09-30": "$266", "2014-06-30": "$141", "2014-03-31": "$149", "2013-12-31": "$142", "2013-09-30": "$183", "2013-06-30": "$221", "2013-03-31": "$189", "2012-12-31": "$93", "2012-09-30": "$152", "2012-06-30": "$105", "2012-03-31": "$114", "2011-12-31": "$129", "2011-09-30": "$127", "2011-06-30": "$133", "2011-03-31": "$210", "2010-12-31": "$171", "2010-09-30": "$136", "2010-06-30": "$152", "2010-03-31": "$180", "2009-12-31": "$180", "2009-09-30": "$233", "2009-06-30": "$170", "2009-03-31": "$216", "2008-12-31": "$128", "2008-09-30": "$172", "2008-06-30": "$105", "2008-03-31": "$132", "2007-12-31": "$169", "2007-09-30": "$288", "2007-06-30": "$223", "2007-03-31": "$78", "2006-12-31": "$40", "2006-09-30": "$637", "2006-06-30": "$529", "2006-03-31": "$490", "2005-12-31": "$447", "2005-09-30": "$492", "2005-06-30": "$320", "2005-03-31": "$320"}}, "long-term-debt": {"Service Annual Long Term Debt (Millions of US $)": {"2019": "$3,514", "2018": "$3,532", "2017": "$3,135", "2016": "$3,197", "2015": "$3,038", "2014": "$2,964", "2013": "$3,126", "2012": "$1,917", "2011": "$1,861", "2010": "$1,832", "2009": "$1,841", "2008": "$1,821", "2007": "$1,820", "2006": "$1,913", "2005": "$1,186"}, "Service Quarterly Long Term Debt (Millions of US $)": {"2020-09-30": "$3,585", "2020-06-30": "$3,574", "2020-03-31": "$3,536", "2019-12-31": "$3,514", "2019-09-30": "$3,467", "2019-06-30": "$3,465", "2019-03-31": "$3,409", "2018-12-31": "$3,532", "2018-09-30": "$3,542", "2018-06-30": "$3,494", "2018-03-31": "$3,317", "2017-12-31": "$3,135", "2017-09-30": "$3,293", "2017-06-30": "$3,291", "2017-03-31": "$3,225", "2016-12-31": "$3,197", "2016-09-30": "$3,182", "2016-06-30": "$3,113", "2016-03-31": "$3,076", "2015-12-31": "$3,038", "2015-09-30": "$3,046", "2015-06-30": "$2,770", "2015-03-31": "$2,963", "2014-12-31": "$2,964", "2014-09-30": "$2,959", "2014-06-30": "$3,050", "2014-03-31": "$3,134", "2013-12-31": "$3,126", "2013-09-30": "$2,257", "2013-06-30": "$1,920", "2013-03-31": "$1,913", "2012-12-31": "$1,917", "2012-09-30": "$1,883", "2012-06-30": "$1,869", "2012-03-31": "$1,859", "2011-12-31": "$1,861", "2011-09-30": "$1,864", "2011-06-30": "$1,812", "2011-03-31": "$1,830", "2010-12-31": "$1,832", "2010-09-30": "$1,799", "2010-06-30": "$1,836", "2010-03-31": "$1,858", "2009-12-31": "$1,841", "2009-09-30": "$1,718", "2009-06-30": "$1,727", "2009-03-31": "$1,789", "2008-12-31": "$1,821", "2008-09-30": "$1,836", "2008-06-30": "$1,829", "2008-03-31": "$1,840", "2007-12-31": "$1,820", "2007-09-30": "$1,780", "2007-06-30": "$1,837", "2007-03-31": "$1,769", "2006-12-31": "$1,913", "2006-09-30": "$1,265", "2006-06-30": "$1,265", "2006-03-31": "$1,272", "2005-12-31": "$1,186", "2005-09-30": "$1,173", "2005-06-30": "$1,173", "2005-03-31": "$1,172"}}, "total-liabilities": {"Service Annual Total Liabilities (Millions of US $)": {"2019": "$11,854", "2018": "$11,051", "2017": "$11,455", "2016": "$10,943", "2015": "$10,487", "2014": "$10,546", "2013": "$11,353", "2012": "$8,321", "2011": "$7,916", "2010": "$7,711", "2009": "$7,408", "2008": "$6,818", "2007": "$7,440", "2006": "$8,135", "2005": "$5,963"}, "Service Quarterly Total Liabilities (Millions of US $)": {"2020-09-30": "$12,044", "2020-06-30": "$11,734", "2020-03-31": "$10,964", "2019-12-31": "$11,854", "2019-09-30": "$11,541", "2019-06-30": "$11,616", "2019-03-31": "$11,379", "2018-12-31": "$11,051", "2018-09-30": "$11,581", "2018-06-30": "$11,384", "2018-03-31": "$10,917", "2017-12-31": "$11,455", "2017-09-30": "$11,386", "2017-06-30": "$11,183", "2017-03-31": "$11,075", "2016-12-31": "$10,943", "2016-09-30": "$10,962", "2016-06-30": "$10,708", "2016-03-31": "$10,566", "2015-12-31": "$10,487", "2015-09-30": "$10,466", "2015-06-30": "$10,591", "2015-03-31": "$10,617", "2014-12-31": "$10,546", "2014-09-30": "$10,964", "2014-06-30": "$11,432", "2014-03-31": "$11,466", "2013-12-31": "$11,353", "2013-09-30": "$8,949", "2013-06-30": "$8,437", "2013-03-31": "$8,483", "2012-12-31": "$8,321", "2012-09-30": "$8,238", "2012-06-30": "$8,049", "2012-03-31": "$8,090", "2011-12-31": "$7,916", "2011-09-30": "$7,751", "2011-06-30": "$8,006", "2011-03-31": "$7,826", "2010-12-31": "$7,711", "2010-09-30": "$7,480", "2010-06-30": "$7,322", "2010-03-31": "$7,546", "2009-12-31": "$7,408", "2009-09-30": "$7,144", "2009-06-30": "$6,875", "2009-03-31": "$6,829", "2008-12-31": "$6,818", "2008-09-30": "$7,305", "2008-06-30": "$7,352", "2008-03-31": "$7,282", "2007-12-31": "$7,440", "2007-09-30": "$7,832", "2007-06-30": "$8,134", "2007-03-31": "$8,096", "2006-12-31": "$8,135", "2006-09-30": "$6,037", "2006-06-30": "$6,062", "2006-03-31": "$6,086", "2005-12-31": "$5,963", "2005-09-30": "$6,102", "2005-06-30": "$6,169", "2005-03-31": "$6,119"}}, "total-share-holder-equity": {"Service Annual Share Holder Equity (Millions of US $)": {"2019": "$1,823", "2018": "$1,642", "2017": "$1,409", "2016": "$1,095", "2015": "$1,189", "2014": "$1,377", "2013": "$1,480", "2012": "$1,363", "2011": "$1,412", "2010": "$1,480", "2009": "$1,483", "2008": "$1,293", "2007": "$1,492", "2006": "$1,595", "2005": "$1,582"}, "Service Quarterly Share Holder Equity (Millions of US $)": {"2020-09-30": "$1,743", "2020-06-30": "$1,754", "2020-03-31": "$1,751", "2019-12-31": "$1,823", "2019-09-30": "$1,776", "2019-06-30": "$1,744", "2019-03-31": "$1,700", "2018-12-31": "$1,642", "2018-09-30": "$1,489", "2018-06-30": "$1,476", "2018-03-31": "$1,512", "2017-12-31": "$1,409", "2017-09-30": "$1,239", "2017-06-30": "$1,205", "2017-03-31": "$1,184", "2016-12-31": "$1,095", "2016-09-30": "$1,090", "2016-06-30": "$1,168", "2016-03-31": "$1,190", "2015-12-31": "$1,189", "2015-09-30": "$1,188", "2015-06-30": "$1,334", "2015-03-31": "$1,342", "2014-12-31": "$1,377", "2014-09-30": "$1,366", "2014-06-30": "$1,426", "2014-03-31": "$1,439", "2013-12-31": "$1,480", "2013-09-30": "$1,441", "2013-06-30": "$1,418", "2013-03-31": "$1,399", "2012-12-31": "$1,363", "2012-09-30": "$1,396", "2012-06-30": "$1,376", "2012-03-31": "$1,385", "2011-12-31": "$1,412", "2011-09-30": "$1,420", "2011-06-30": "$1,508", "2011-03-31": "$1,495", "2010-12-31": "$1,480", "2010-09-30": "$1,471", "2010-06-30": "$1,484", "2010-03-31": "$1,520", "2009-12-31": "$1,483", "2009-09-30": "$1,419", "2009-06-30": "$1,360", "2009-03-31": "$1,315", "2008-12-31": "$1,293", "2008-09-30": "$1,451", "2008-06-30": "$1,456", "2008-03-31": "$1,466", "2007-12-31": "$1,492", "2007-09-30": "$1,576", "2007-06-30": "$1,607", "2007-03-31": "$1,654", "2006-12-31": "$1,595", "2006-09-30": "$1,607", "2006-06-30": "$1,609", "2006-03-31": "$1,608", "2005-12-31": "$1,582", "2005-09-30": "$1,600", "2005-06-30": "$1,573", "2005-03-31": "$1,665"}}, "profit-margins": {"current": "13.62%"}, "gross margin": {"2020-09-30": "25.94%", "2020-06-30": "23.93%", "2020-03-31": "23.11%", "2019-12-31": "23.55%", "2019-09-30": "23.52%", "2019-06-30": "23.64%", "2019-03-31": "23.67%", "2018-12-31": "23.82%", "2018-09-30": "23.95%", "2018-06-30": "23.80%", "2018-03-31": "23.85%", "2017-12-31": "23.36%", "2017-09-30": "23.36%", "2017-06-30": "23.14%", "2017-03-31": "22.59%", "2016-12-31": "22.34%", "2016-09-30": "21.91%", "2016-06-30": "21.99%", "2016-03-31": "22.10%", "2015-12-31": "22.58%", "2015-09-30": "23.01%", "2015-06-30": "23.18%", "2015-03-31": "22.90%", "2014-12-31": "22.55%", "2014-09-30": "21.50%", "2014-06-30": "21.19%", "2014-03-31": "21.04%", "2013-12-31": "21.57%", "2013-09-30": "21.85%", "2013-06-30": "22.30%", "2013-03-31": "22.63%", "2012-12-31": "21.76%", "2012-09-30": "21.33%", "2012-06-30": "20.81%", "2012-03-31": "20.43%", "2011-12-31": "20.54%", "2011-09-30": "20.56%", "2011-06-30": "20.74%", "2011-03-31": "20.68%", "2010-12-31": "20.50%", "2010-09-30": "20.55%", "2010-06-30": "20.80%", "2010-03-31": "20.88%", "2009-12-31": "20.50%", "2009-09-30": "19.42%", "2009-06-30": "18.32%", "2009-03-31": "18.25%", "2008-12-31": "19.49%", "2008-09-30": "20.22%", "2008-06-30": "20.95%", "2008-03-31": "20.62%", "2007-12-31": "20.44%", "2007-09-30": "20.49%", "2007-06-30": "20.42%", "2007-03-31": "20.86%", "2006-12-31": "19.86%", "2006-09-30": "18.78%", "2006-06-30": "17.89%", "2006-03-31": "17.24%", "2005-12-31": "17.66%"}, "operating margin": {"2020-09-30": "23.53%", "2020-06-30": "21.71%", "2020-03-31": "20.77%", "2019-12-31": "20.64%", "2019-09-30": "18.71%", "2019-06-30": "18.75%", "2019-03-31": "19.22%", "2018-12-31": "19.78%", "2018-09-30": "19.99%", "2018-06-30": "19.56%", "2018-03-31": "19.13%", "2017-12-31": "18.45%", "2017-09-30": "18.57%", "2017-06-30": "18.79%", "2017-03-31": "17.29%", "2016-12-31": "16.93%", "2016-09-30": "16.35%", "2016-06-30": "16.76%", "2016-03-31": "17.88%", "2015-12-31": "18.46%", "2015-09-30": "20.47%", "2015-06-30": "20.78%", "2015-03-31": "21.40%", "2014-12-31": "20.28%", "2014-09-30": "16.52%", "2014-06-30": "15.29%", "2014-03-31": "13.89%", "2013-12-31": "15.22%", "2013-09-30": "16.07%", "2013-06-30": "16.73%", "2013-03-31": "17.37%", "2012-12-31": "16.60%", "2012-09-30": "17.06%", "2012-06-30": "16.40%", "2012-03-31": "15.68%", "2011-12-31": "15.67%", "2011-09-30": "15.60%", "2011-06-30": "15.44%", "2011-03-31": "16.30%", "2010-12-31": "16.16%", "2010-09-30": "15.85%", "2010-06-30": "16.60%", "2010-03-31": "15.62%", "2009-12-31": "15.77%", "2009-09-30": "14.42%", "2009-06-30": "12.88%", "2009-03-31": "13.33%", "2008-12-31": "13.55%", "2008-09-30": "14.52%", "2008-06-30": "15.53%", "2008-03-31": "15.42%", "2007-12-31": "15.14%", "2007-09-30": "14.10%", "2007-06-30": "12.43%", "2007-03-31": "12.10%", "2006-12-31": "11.19%", "2006-09-30": "11.56%", "2006-06-30": "10.99%", "2006-03-31": "10.70%", "2005-12-31": "11.25%"}, "ebitda margin": {"2020-09-30": "31.25%", "2020-06-30": "29.45%", "2020-03-31": "28.46%", "2019-12-31": "28.47%", "2019-09-30": "26.52%", "2019-06-30": "26.69%", "2019-03-31": "27.24%", "2018-12-31": "27.74%", "2018-09-30": "28.10%", "2018-06-30": "27.73%", "2018-03-31": "27.32%", "2017-12-31": "26.69%", "2017-09-30": "26.92%", "2017-06-30": "27.07%", "2017-03-31": "25.56%", "2016-12-31": "25.21%", "2016-09-30": "24.68%", "2016-06-30": "25.08%", "2016-03-31": "26.12%", "2015-12-31": "26.63%", "2015-09-30": "28.44%", "2015-06-30": "28.80%", "2015-03-31": "29.47%", "2014-12-31": "28.50%", "2014-09-30": "25.04%", "2014-06-30": "23.75%", "2014-03-31": "22.29%", "2013-12-31": "23.37%", "2013-09-30": "23.88%", "2013-06-30": "24.56%", "2013-03-31": "25.28%", "2012-12-31": "24.71%", "2012-09-30": "25.17%", "2012-06-30": "24.53%", "2012-03-31": "23.80%", "2011-12-31": "23.87%", "2011-09-30": "23.69%", "2011-06-30": "23.62%", "2011-03-31": "24.52%", "2010-12-31": "24.34%", "2010-09-30": "24.31%", "2010-06-30": "24.92%", "2010-03-31": "23.92%", "2009-12-31": "24.10%", "2009-09-30": "22.66%", "2009-06-30": "21.14%", "2009-03-31": "21.64%", "2008-12-31": "21.67%", "2008-09-30": "22.48%", "2008-06-30": "23.50%", "2008-03-31": "23.42%", "2007-12-31": "23.28%", "2007-09-30": "22.32%", "2007-06-30": "20.91%", "2007-03-31": "20.44%", "2006-12-31": "19.35%", "2006-09-30": "20.48%", "2006-06-30": "18.89%", "2006-03-31": "17.88%", "2005-12-31": "17.77%"}, "pre tax profit margin": {"2020-09-30": "17.92%", "2020-06-30": "15.91%", "2020-03-31": "14.52%", "2019-12-31": "14.36%", "2019-09-30": "12.34%", "2019-06-30": "12.71%", "2019-03-31": "13.49%", "2018-12-31": "13.82%", "2018-09-30": "14.11%", "2018-06-30": "13.72%", "2018-03-31": "13.28%", "2017-12-31": "12.99%", "2017-09-30": "13.17%", "2017-06-30": "13.47%", "2017-03-31": "11.31%", "2016-12-31": "10.79%", "2016-09-30": "10.10%", "2016-06-30": "10.09%", "2016-03-31": "11.79%", "2015-12-31": "12.40%", "2015-09-30": "14.47%", "2015-06-30": "15.05%", "2015-03-31": "14.59%", "2014-12-31": "13.46%", "2014-09-30": "9.53%", "2014-06-30": "8.24%", "2014-03-31": "8.13%", "2013-12-31": "9.61%", "2013-09-30": "9.65%", "2013-06-30": "10.48%", "2013-03-31": "10.93%", "2012-12-31": "10.19%", "2012-09-30": "11.49%", "2012-06-30": "10.68%", "2012-03-31": "9.96%", "2011-12-31": "9.75%", "2011-09-30": "9.78%", "2011-06-30": "9.29%", "2011-03-31": "10.36%", "2010-12-31": "10.00%", "2010-09-30": "9.39%", "2010-06-30": "10.54%", "2010-03-31": "9.45%", "2009-12-31": "9.74%", "2009-09-30": "8.53%", "2009-06-30": "6.80%", "2009-03-31": "7.26%", "2008-12-31": "7.56%", "2008-09-30": "17.10%", "2008-06-30": "18.13%", "2008-03-31": "17.56%", "2007-12-31": "16.94%", "2007-09-30": "6.85%", "2007-06-30": "5.60%", "2007-03-31": "5.94%", "2006-12-31": "5.59%", "2006-09-30": "6.98%", "2006-06-30": "5.91%", "2006-03-31": "4.68%", "2005-12-31": "5.07%"}, "net profit margin": {"2020-09-30": "13.62%", "2020-06-30": "12.52%", "2020-03-31": "11.50%", "2019-12-31": "11.42%", "2019-09-30": "12.96%", "2019-06-30": "12.86%", "2019-03-31": "13.90%", "2018-12-31": "14.01%", "2018-09-30": "15.74%", "2018-06-30": "15.57%", "2018-03-31": "14.56%", "2017-12-31": "17.64%", "2017-09-30": "11.81%", "2017-06-30": "11.59%", "2017-03-31": "9.97%", "2016-12-31": "5.84%", "2016-09-30": "6.12%", "2016-06-30": "6.10%", "2016-03-31": "7.33%", "2015-12-31": "7.81%", "2015-09-30": "8.30%", "2015-06-30": "7.33%", "2015-03-31": "6.44%", "2014-12-31": "5.78%", "2014-09-30": "3.97%", "2014-06-30": "4.45%", "2014-03-31": "4.96%", "2013-12-31": "5.80%", "2013-09-30": "5.86%", "2013-06-30": "6.49%", "2013-03-31": "6.69%", "2012-12-31": "6.41%", "2012-09-30": "7.22%", "2012-06-30": "6.99%", "2012-03-31": "6.58%", "2011-12-31": "6.26%", "2011-09-30": "5.91%", "2011-06-30": "5.31%", "2011-03-31": "5.98%", "2010-12-31": "5.75%", "2010-09-30": "5.76%", "2010-06-30": "6.43%", "2010-03-31": "5.74%", "2009-12-31": "5.99%", "2009-09-30": "4.86%", "2009-06-30": "4.03%", "2009-03-31": "4.35%", "2008-12-31": "4.55%", "2008-09-30": "11.53%", "2008-06-30": "12.00%", "2008-03-31": "11.20%", "2007-12-31": "10.85%", "2007-09-30": "3.74%", "2007-06-30": "2.78%", "2007-03-31": "3.49%", "2006-12-31": "3.20%", "2006-09-30": "4.58%", "2006-06-30": "3.80%", "2006-03-31": "3.16%", "2005-12-31": "-7.46%"}, "pe ratio": {"current": "21.86", "2021-02-05": "20.58", "2020-09-30": "16.47", "2020-06-30": "17.44", "2020-03-31": "19.19", "2019-12-31": "22.71", "2019-09-30": "20.88", "2019-06-30": "20.44", "2019-03-31": "16.31", "2018-12-31": "16.28", "2018-09-30": "16.12", "2018-06-30": "13.40", "2018-03-31": "15.19", "2017-12-31": "12.44", "2017-09-30": "17.18", "2017-06-30": "17.03", "2017-03-31": "18.44", "2016-12-31": "29.47", "2016-09-30": "26.81", "2016-06-30": "27.48", "2016-03-31": "21.03", "2015-12-31": "20.90", "2015-09-30": "20.58", "2015-06-30": "25.44", "2015-03-31": "25.62", "2014-12-31": "25.25", "2014-09-30": "37.20", "2014-06-30": "33.67", "2014-03-31": "30.00", "2013-12-31": "23.99", "2013-09-30": "24.54", "2013-06-30": "21.44", "2013-03-31": "19.55", "2012-12-31": "17.23", "2012-09-30": "14.94", "2012-06-30": "14.40", "2012-03-31": "14.20", "2011-12-31": "14.66", "2011-09-30": "13.65", "2011-06-30": "19.76", "2011-03-31": "16.93", "2010-12-31": "13.56", "2010-09-30": "14.67", "2010-06-30": "11.59", "2010-03-31": "16.49", "2009-12-31": "14.03", "2009-09-30": "14.70", "2009-06-30": "13.48", "2009-03-31": "7.79", "2008-12-31": "10.42", "2008-09-30": "7.05", "2008-06-30": "7.94", "2008-03-31": "8.76", "2007-12-31": "12.51", "2007-09-30": "36.02", "2007-06-30": "52.46", "2007-03-31": "40.11", "2006-12-31": "44.17"}, "price sales": {"2021-02-05": "2.81", "2020-09-30": "2.25", "2020-06-30": "2.18", "2020-03-31": "2.21", "2019-12-31": "2.60", "2019-09-30": "2.72", "2019-06-30": "2.64", "2019-03-31": "2.27", "2018-12-31": "2.28", "2018-09-30": "2.52", "2018-06-30": "2.08", "2018-03-31": "2.22", "2017-12-31": "2.20", "2017-09-30": "2.04", "2017-06-30": "1.99", "2017-03-31": "1.85", "2016-12-31": "1.72", "2016-09-30": "1.64", "2016-06-30": "1.68", "2016-03-31": "1.54", "2015-12-31": "1.64", "2015-09-30": "1.71", "2015-06-30": "1.87", "2015-03-31": "1.67", "2014-12-31": "1.47", "2014-09-30": "1.42", "2014-06-30": "1.45", "2014-03-31": "1.45", "2013-12-31": "1.36", "2013-09-30": "1.42", "2013-06-30": "1.39", "2013-03-31": "1.30", "2012-12-31": "1.10", "2012-09-30": "1.10", "2012-06-30": "1.03", "2012-03-31": "0.97", "2011-12-31": "0.94", "2011-09-30": "0.82", "2011-06-30": "1.07", "2011-03-31": "1.03", "2010-12-31": "0.80", "2010-09-30": "0.84", "2010-06-30": "0.74", "2010-03-31": "0.93", "2009-12-31": "0.83", "2009-09-30": "0.71", "2009-06-30": "0.55", "2009-03-31": "0.35", "2008-12-31": "0.48", "2008-09-30": "0.81", "2008-06-30": "0.96", "2008-03-31": "1.01", "2007-12-31": "1.42", "2007-09-30": "1.36", "2007-06-30": "1.44", "2007-03-31": "1.43", "2006-12-31": "1.35"}, "price book": {"current": "5.20", "2021-02-05": "5.24", "2020-09-30": "4.20", "2020-06-30": "3.89", "2020-03-31": "3.95", "2019-12-31": "4.49", "2019-09-30": "4.81", "2019-06-30": "4.77", "2019-03-31": "4.18", "2018-12-31": "4.30", "2018-09-30": "5.26", "2018-06-30": "4.21", "2018-03-31": "4.38", "2017-12-31": "4.69", "2017-09-30": "4.95", "2017-06-30": "4.90", "2017-03-31": "4.60", "2016-12-31": "4.59", "2016-09-30": "4.31", "2016-06-30": "4.15", "2016-03-31": "3.70", "2015-12-31": "3.92", "2015-09-30": "4.10", "2015-06-30": "4.04", "2015-03-31": "3.56", "2014-12-31": "3.04", "2014-09-30": "2.91", "2014-06-30": "2.74", "2014-03-31": "2.63", "2013-12-31": "2.31", "2013-09-30": "2.42", "2013-06-30": "2.37", "2013-03-31": "2.22", "2012-12-31": "1.87", "2012-09-30": "1.79", "2012-06-30": "1.66", "2012-03-31": "1.51", "2011-12-31": "1.44", "2011-09-30": "1.25", "2011-06-30": "1.55", "2011-03-31": "1.49", "2010-12-31": "1.13", "2010-09-30": "1.20", "2010-06-30": "1.03", "2010-03-31": "1.27", "2009-12-31": "1.15", "2009-09-30": "1.02", "2009-06-30": "0.82", "2009-03-31": "0.54", "2008-12-31": "0.76", "2008-09-30": "1.18", "2008-06-30": "1.37", "2008-03-31": "1.42", "2007-12-31": "1.94", "2007-09-30": "1.79", "2007-06-30": "1.79", "2007-03-31": "1.64", "2006-12-31": "1.46", "2006-09-30": "1.32", "2006-06-30": "1.14", "2006-03-31": "1.10"}, "price fcf": {"2021-02-05": "", "2020-09-30": "$3.19", "2020-06-30": "$3.15", "2020-03-31": "$2.49", "2019-12-31": "$2.51", "2019-09-30": "$2.12", "2019-06-30": "$1.91", "2019-03-31": "$2.08", "2018-12-31": "$2.23", "2018-09-30": "$2.19", "2018-06-30": "$2.06", "2018-03-31": "$1.88", "2017-12-31": "$1.78", "2017-09-30": "$1.64", "2017-06-30": "$1.63", "2017-03-31": "$1.55", "2016-12-31": "$1.51", "2016-09-30": "$1.29", "2016-06-30": "$1.24", "2016-03-31": "$1.52", "2015-12-31": "$1.57", "2015-09-30": "$1.49", "2015-06-30": "$1.34", "2015-03-31": "$1.11", "2014-12-31": "$0.81", "2014-09-30": "$0.87", "2014-06-30": "$0.97", "2014-03-31": "$1.13", "2013-12-31": "$1.26", "2013-09-30": "$1.39", "2013-06-30": "$1.49", "2013-03-31": "$1.43", "2012-12-31": "$1.16", "2012-09-30": "$1.18", "2012-06-30": "$1.13", "2012-03-31": "$1.12", "2011-12-31": "$1.14", "2011-09-30": "$1.09", "2011-06-30": "$0.94", "2011-03-31": "$1.01", "2010-12-31": "$1.02", "2010-09-30": "$0.98", "2010-06-30": "$1.04", "2010-03-31": "$1.02", "2009-12-31": "$1.14", "2009-09-30": "$1.23", "2009-06-30": "$1.24", "2009-03-31": "$1.16", "2008-12-31": "$0.75", "2008-09-30": "$0.42", "2008-06-30": "$0.44", "2008-03-31": "$0.41", "2007-12-31": "$0.68", "2007-09-30": "$0.82", "2007-06-30": "$0.82", "2007-03-31": "$0.90", "2006-12-31": "$0.76"}, "net worth": {"value": "$9.06B"}, "current ratio": {"current": "0.59", "2020-09-30": "0.59", "2020-06-30": "0.63", "2020-03-31": "0.61", "2019-12-31": "0.67", "2019-09-30": "0.63", "2019-06-30": "0.64", "2019-03-31": "0.48", "2018-12-31": "0.60", "2018-09-30": "0.54", "2018-06-30": "0.56", "2018-03-31": "0.59", "2017-12-31": "0.58", "2017-09-30": "0.70", "2017-06-30": "0.68", "2017-03-31": "0.64", "2016-12-31": "0.66", "2016-09-30": "0.64", "2016-06-30": "0.66", "2016-03-31": "0.68", "2015-12-31": "0.59", "2015-09-30": "0.59", "2015-06-30": "0.50", "2015-03-31": "0.70", "2014-12-31": "0.72", "2014-09-30": "0.80", "2014-06-30": "0.63", "2014-03-31": "0.64", "2013-12-31": "0.56", "2013-09-30": "0.83", "2013-06-30": "1.02", "2013-03-31": "0.88", "2012-12-31": "0.69", "2012-09-30": "0.82", "2012-06-30": "0.76", "2012-03-31": "0.77", "2011-12-31": "0.85", "2011-09-30": "0.82", "2011-06-30": "0.93", "2011-03-31": "1.10", "2010-12-31": "1.02", "2010-09-30": "1.00", "2010-06-30": "1.04", "2010-03-31": "1.04", "2009-12-31": "1.03", "2009-09-30": "1.33", "2009-06-30": "1.21", "2009-03-31": "1.18", "2008-12-31": "1.09", "2008-09-30": "1.23", "2008-06-30": "0.96", "2008-03-31": "0.98", "2007-12-31": "0.99", "2007-09-30": "0.87", "2007-06-30": "0.94", "2007-03-31": "0.60", "2006-12-31": "0.58", "2006-09-30": "2.63", "2006-06-30": "2.77", "2006-03-31": "2.47", "2005-12-31": "2.25", "2005-09-30": "2.18", "2005-06-30": "1.78", "2005-03-31": "1.79"}, "quick ratio": {"2020-09-30": "0.55", "2020-06-30": "0.59", "2020-03-31": "0.57", "2019-12-31": "0.63", "2019-09-30": "0.58", "2019-06-30": "0.60", "2019-03-31": "0.44", "2018-12-31": "0.55", "2018-09-30": "0.50", "2018-06-30": "0.51", "2018-03-31": "0.55", "2017-12-31": "0.55", "2017-09-30": "0.65", "2017-06-30": "0.63", "2017-03-31": "0.59", "2016-12-31": "0.61", "2016-09-30": "0.59", "2016-06-30": "0.61", "2016-03-31": "0.63", "2015-12-31": "0.53", "2015-09-30": "0.53", "2015-06-30": "0.46", "2015-03-31": "0.65", "2014-12-31": "0.67", "2014-09-30": "0.74", "2014-06-30": "0.57", "2014-03-31": "0.58", "2013-12-31": "0.51", "2013-09-30": "0.77", "2013-06-30": "0.96", "2013-03-31": "0.82", "2012-12-31": "0.63", "2012-09-30": "0.76", "2012-06-30": "0.69", "2012-03-31": "0.70", "2011-12-31": "0.79", "2011-09-30": "0.75", "2011-06-30": "0.85", "2011-03-31": "1.00", "2010-12-31": "0.95", "2010-09-30": "0.91", "2010-06-30": "0.94", "2010-03-31": "0.95", "2009-12-31": "0.94", "2009-09-30": "1.24", "2009-06-30": "1.12", "2009-03-31": "1.09", "2008-12-31": "0.99", "2008-09-30": "1.15", "2008-06-30": "0.86", "2008-03-31": "0.89", "2007-12-31": "0.90", "2007-09-30": "0.80", "2007-06-30": "0.85", "2007-03-31": "0.51", "2006-12-31": "0.49", "2006-09-30": "2.47", "2006-06-30": "2.51", "2006-03-31": "2.22", "2005-12-31": "2.13", "2005-09-30": "1.98", "2005-06-30": "1.51", "2005-03-31": "1.50"}, "debt equity ratio": {"current": "2.06", "2020-09-30": "6.91", "2020-06-30": "6.69", "2020-03-31": "6.26", "2019-12-31": "6.50", "2019-09-30": "6.50", "2019-06-30": "6.66", "2019-03-31": "6.69", "2018-12-31": "6.73", "2018-09-30": "7.78", "2018-06-30": "7.71", "2018-03-31": "7.22", "2017-12-31": "8.13", "2017-09-30": "9.19", "2017-06-30": "9.28", "2017-03-31": "9.36", "2016-12-31": "9.99", "2016-09-30": "10.06", "2016-06-30": "9.17", "2016-03-31": "8.88", "2015-12-31": "8.82", "2015-09-30": "8.81", "2015-06-30": "7.94", "2015-03-31": "7.91", "2014-12-31": "7.66", "2014-09-30": "8.03", "2014-06-30": "8.02", "2014-03-31": "7.97", "2013-12-31": "7.67", "2013-09-30": "6.21", "2013-06-30": "5.95", "2013-03-31": "6.06", "2012-12-31": "6.11", "2012-09-30": "5.90", "2012-06-30": "5.85", "2012-03-31": "5.84", "2011-12-31": "5.61", "2011-09-30": "5.46", "2011-06-30": "5.31", "2011-03-31": "5.24", "2010-12-31": "5.21", "2010-09-30": "5.09", "2010-06-30": "4.93", "2010-03-31": "4.96", "2009-12-31": "5.00", "2009-09-30": "5.04", "2009-06-30": "5.05", "2009-03-31": "5.20", "2008-12-31": "5.27", "2008-09-30": "5.03", "2008-06-30": "5.05", "2008-03-31": "4.97", "2007-12-31": "4.99", "2007-09-30": "4.97", "2007-06-30": "5.06", "2007-03-31": "4.90", "2006-12-31": "5.10", "2006-09-30": "3.76", "2006-06-30": "3.77", "2006-03-31": "3.78", "2005-12-31": "3.77", "2005-09-30": "3.81", "2005-06-30": "3.92", "2005-03-31": "3.68"}, "return on equity": {"2020-09-30": "26.13%", "2020-06-30": "22.86%", "2020-03-31": "20.98%", "2019-12-31": "20.96%", "2019-09-30": "24.19%", "2019-06-30": "25.13%", "2019-03-31": "28.16%", "2018-12-31": "29.22%", "2018-09-30": "34.05%", "2018-06-30": "34.63%", "2018-03-31": "33.77%", "2017-12-31": "43.36%", "2017-09-30": "30.91%", "2017-06-30": "31.22%", "2017-03-31": "26.89%", "2016-12-31": "15.58%", "2016-09-30": "15.79%", "2016-06-30": "15.37%", "2016-03-31": "17.87%", "2015-12-31": "18.44%", "2015-09-30": "19.00%", "2015-06-30": "16.24%", "2015-03-31": "14.01%", "2014-12-31": "12.34%", "2014-09-30": "7.98%", "2014-06-30": "8.50%", "2014-03-31": "9.07%", "2013-12-31": "10.32%", "2013-09-30": "10.46%", "2013-06-30": "11.55%", "2013-03-31": "11.85%", "2012-12-31": "11.16%", "2012-09-30": "12.28%", "2012-06-30": "11.80%", "2012-03-31": "10.76%", "2011-12-31": "9.94%", "2011-09-30": "9.22%", "2011-06-30": "8.06%", "2011-03-31": "9.04%", "2010-12-31": "8.46%", "2010-09-30": "8.32%", "2010-06-30": "9.21%", "2010-03-31": "8.23%", "2009-12-31": "8.82%", "2009-09-30": "7.35%", "2009-06-30": "6.13%", "2009-03-31": "6.60%", "2008-12-31": "6.92%", "2008-09-30": "17.39%", "2008-06-30": "17.90%", "2008-03-31": "16.41%", "2007-12-31": "15.67%", "2007-09-30": "5.10%", "2007-06-30": "3.53%", "2007-03-31": "4.15%", "2006-12-31": "3.49%", "2006-09-30": "4.87%", "2006-06-30": "4.06%", "2006-03-31": "3.39%", "2005-12-31": "-7.98%"}, "return on assets": {"2020-09-30": "3.44%", "2020-06-30": "3.05%", "2020-03-31": "2.80%", "2019-12-31": "2.76%", "2019-09-30": "3.17%", "2019-06-30": "3.16%", "2019-03-31": "3.44%", "2018-12-31": "3.50%", "2018-09-30": "3.91%", "2018-06-30": "3.84%", "2018-03-31": "3.60%", "2017-12-31": "4.36%", "2017-09-30": "2.96%", "2017-06-30": "2.93%", "2017-03-31": "2.53%", "2016-12-31": "1.48%", "2016-09-30": "1.55%", "2016-06-30": "1.55%", "2016-03-31": "1.86%", "2015-12-31": "1.97%", "2015-09-30": "2.10%", "2015-06-30": "1.83%", "2015-03-31": "1.57%", "2014-12-31": "1.38%", "2014-09-30": "0.90%", "2014-06-30": "1.00%", "2014-03-31": "1.14%", "2013-12-31": "1.38%", "2013-09-30": "1.48%", "2013-06-30": "1.65%", "2013-03-31": "1.70%", "2012-12-31": "1.61%", "2012-09-30": "1.81%", "2012-06-30": "1.76%", "2012-03-31": "1.64%", "2011-12-31": "1.55%", "2011-09-30": "1.46%", "2011-06-30": "1.30%", "2011-03-31": "1.48%", "2010-12-31": "1.40%", "2010-09-30": "1.39%", "2010-06-30": "1.54%", "2010-03-31": "1.37%", "2009-12-31": "1.45%", "2009-09-30": "1.20%", "2009-06-30": "1.00%", "2009-03-31": "1.08%", "2008-12-31": "1.14%", "2008-09-30": "2.89%", "2008-06-30": "2.99%", "2008-03-31": "2.74%", "2007-12-31": "2.62%", "2007-09-30": "0.85%", "2007-06-30": "0.62%", "2007-03-31": "0.77%", "2006-12-31": "0.68%", "2006-09-30": "1.02%", "2006-06-30": "0.85%", "2006-03-31": "0.70%", "2005-12-31": "-1.66%"}, "return on investments": {"2020-09-30": "15.00%", "2020-06-30": "13.29%", "2020-03-31": "12.75%", "2019-12-31": "12.77%", "2019-09-30": "11.56%", "2019-06-30": "11.73%", "2019-03-31": "12.11%", "2018-12-31": "12.62%", "2018-09-30": "13.13%", "2018-06-30": "12.99%", "2018-03-31": "12.93%", "2017-12-31": "12.70%", "2017-09-30": "12.95%", "2017-06-30": "13.26%", "2017-03-31": "12.27%", "2016-12-31": "11.99%", "2016-09-30": "11.48%", "2016-06-30": "11.76%", "2016-03-31": "12.69%", "2015-12-31": "13.07%", "2015-09-30": "14.46%", "2015-06-30": "14.62%", "2015-03-31": "14.70%", "2014-12-31": "13.71%", "2014-09-30": "10.57%", "2014-06-30": "9.75%", "2014-03-31": "9.05%", "2013-12-31": "10.38%", "2013-09-30": "11.83%", "2013-06-30": "12.57%", "2013-03-31": "12.99%", "2012-12-31": "12.23%", "2012-09-30": "12.39%", "2012-06-30": "11.86%", "2012-03-31": "11.19%", "2011-12-31": "11.00%", "2011-09-30": "10.85%", "2011-06-30": "10.55%", "2011-03-31": "11.04%", "2010-12-31": "10.66%", "2010-09-30": "10.26%", "2010-06-30": "10.67%", "2010-03-31": "10.03%", "2009-12-31": "10.25%", "2009-09-30": "9.45%", "2009-06-30": "8.42%", "2009-03-31": "8.73%", "2008-12-31": "8.99%", "2008-09-30": "9.73%", "2008-06-30": "10.47%", "2008-03-31": "10.34%", "2007-12-31": "10.23%", "2007-09-30": "9.00%", "2007-06-30": "7.70%", "2007-03-31": "7.32%", "2006-12-31": "6.46%", "2006-09-30": "6.92%", "2006-06-30": "6.66%", "2006-03-31": "6.56%", "2005-12-31": "6.94%"}, "return on tangible equity": {"2020-09-30": "-477.52%", "2020-06-30": "-490.63%", "2020-03-31": "-462.11%", "2019-12-31": "-397.84%", "2019-09-30": "-300.72%", "2019-06-30": "-194.81%", "2019-03-31": "-158.43%", "2018-12-31": "-140.90%", "2018-09-30": "-138.78%", "2018-06-30": "-118.45%", "2018-03-31": "-96.74%", "2017-12-31": "-99.82%", "2017-09-30": "-58.52%", "2017-06-30": "-54.13%", "2017-03-31": "-45.66%", "2016-12-31": "-26.62%", "2016-09-30": "-28.56%", "2016-06-30": "-29.56%", "2016-03-31": "-37.97%", "2015-12-31": "-43.01%", "2015-09-30": "-49.97%", "2015-06-30": "-45.98%", "2015-03-31": "-40.46%", "2014-12-31": "-35.00%", "2014-09-30": "-24.14%", "2014-06-30": "-38.05%", "2014-03-31": "-67.35%", "2013-12-31": "-270.32%", "2013-09-30": "554.72%", "2013-06-30": "882.19%", "2013-03-31": "1261.54%", "2012-12-31": "1044.07%", "2012-09-30": "526.15%", "2012-06-30": "360.66%", "2012-03-31": "212.41%", "2011-12-31": "130.63%", "2011-09-30": "96.28%", "2011-06-30": "72.29%", "2011-03-31": "72.93%", "2010-12-31": "65.71%", "2010-09-30": "56.62%", "2010-06-30": "58.06%", "2010-03-31": "51.46%", "2009-12-31": "57.61%", "2009-09-30": "57.64%", "2009-06-30": "48.90%", "2009-03-31": "50.56%", "2008-12-31": "47.92%", "2008-09-30": "102.20%", "2008-06-30": "100.09%", "2008-03-31": "84.78%", "2007-12-31": "75.67%", "2007-09-30": "24.33%", "2007-06-30": "14.59%", "2007-03-31": "15.70%", "2006-12-31": "12.23%", "2006-09-30": "15.93%", "2006-06-30": "13.72%", "2006-03-31": "11.82%", "2005-12-31": "-27.78%"}, "dividend yield history": {"last payout": "$0.84", "last yield": "1.60%"}}