{"ticker": "SHW", "price": {"title": "Sherwin-Williams Historical Annual Stock Price Data", "value": 716.58, "historical": {"2021": {"Average Stock Price": "721.7788", "Year Open": "723.4700", "Year High": "739.1600", "Year Low": "691.8000", "Year Close": "716.5800", "Annual % Change": "-2.49%"}, "2020": {"Average Stock Price": "613.0642", "Year Open": "571.8500", "Year High": "747.6300", "Year Low": "396.7000", "Year Close": "734.9100", "Annual % Change": "25.94%"}, "2019": {"Average Stock Price": "488.0383", "Year Open": "392.2300", "Year High": "593.4500", "Year Low": "380.3900", "Year Close": "583.5400", "Annual % Change": "48.31%"}, "2018": {"Average Stock Price": "411.4256", "Year Open": "413.7000", "Year High": "477.9800", "Year Low": "365.2400", "Year Close": "393.4600", "Annual % Change": "-4.04%"}, "2017": {"Average Stock Price": "344.1641", "Year Open": "274.5400", "Year High": "414.3400", "Year Low": "274.5400", "Year Close": "410.0400", "Annual % Change": "52.58%"}, "2016": {"Average Stock Price": "277.9421", "Year Open": "254.7500", "Year High": "312.1000", "Year Low": "239.3500", "Year Close": "268.7400", "Annual % Change": "3.52%"}, "2015": {"Average Stock Price": "271.5212", "Year Open": "262.4400", "Year High": "292.4400", "Year Low": "218.9400", "Year Close": "259.6000", "Annual % Change": "-1.31%"}, "2014": {"Average Stock Price": "211.0085", "Year Open": "182.4100", "Year High": "264.9300", "Year Low": "175.6000", "Year Close": "263.0400", "Annual % Change": "43.35%"}, "2013": {"Average Stock Price": "176.3471", "Year Open": "156.6800", "Year High": "195.0700", "Year Low": "154.3400", "Year Close": "183.5000", "Annual % Change": "19.30%"}, "2012": {"Average Stock Price": "128.1574", "Year Open": "91.0000", "Year High": "158.5900", "Year Low": "91.0000", "Year Close": "153.8200", "Annual % Change": "72.31%"}, "2011": {"Average Stock Price": "81.8932", "Year Open": "84.7500", "Year High": "90.0800", "Year Low": "69.5700", "Year Close": "89.2700", "Annual % Change": "6.59%"}, "2010": {"Average Stock Price": "71.5153", "Year Open": "61.6700", "Year High": "84.5000", "Year Low": "58.0000", "Year Close": "83.7500", "Annual % Change": "35.85%"}, "2009": {"Average Stock Price": "55.9542", "Year Open": "59.9900", "Year High": "63.7500", "Year Low": "42.9800", "Year Close": "61.6500", "Annual % Change": "3.18%"}, "2008": {"Average Stock Price": "54.7869", "Year Open": "56.5500", "Year High": "63.3600", "Year Low": "45.0600", "Year Close": "59.7500", "Annual % Change": "2.95%"}, "2007": {"Average Stock Price": "65.6795", "Year Open": "63.3700", "Year High": "72.9900", "Year Low": "57.6500", "Year Close": "58.0400", "Annual % Change": "-8.71%"}, "2006": {"Average Stock Price": "52.2523", "Year Open": "45.1900", "Year High": "64.6100", "Year Low": "41.2900", "Year Close": "63.5800", "Annual % Change": "39.98%"}, "2005": {"Average Stock Price": "44.6640", "Year Open": "44.1200", "Year High": "48.6300", "Year Low": "40.7500", "Year Close": "45.4200", "Annual % Change": "1.77%"}, "2004": {"Average Stock Price": "39.5200", "Year Open": "34.6600", "Year High": "45.4800", "Year Low": "33.0600", "Year Close": "44.6300", "Annual % Change": "28.47%"}, "2003": {"Average Stock Price": "29.1878", "Year Open": "29.0200", "Year High": "34.7400", "Year Low": "24.8200", "Year Close": "34.7400", "Annual % Change": "22.97%"}, "2002": {"Average Stock Price": "27.9790", "Year Open": "27.0900", "Year High": "33.0000", "Year Low": "22.0600", "Year Close": "28.2500", "Annual % Change": "2.73%"}, "2001": {"Average Stock Price": "23.9249", "Year Open": "24.9400", "Year High": "28.0200", "Year Low": "20.3100", "Year Close": "27.5000", "Annual % Change": "4.52%"}, "2000": {"Average Stock Price": "22.0633", "Year Open": "20.1300", "Year High": "27.0000", "Year Low": "17.4400", "Year Close": "26.3100", "Annual % Change": "25.29%"}, "1999": {"Average Stock Price": "25.6544", "Year Open": "29.6900", "Year High": "32.4400", "Year Low": "19.0000", "Year Close": "21.0000", "Annual % Change": "-28.52%"}, "1998": {"Average Stock Price": "29.8265", "Year Open": "27.8800", "Year High": "37.5000", "Year Low": "20.0600", "Year Close": "29.3800", "Annual % Change": "5.87%"}, "1997": {"Average Stock Price": "29.0759", "Year Open": "27.6900", "Year High": "32.6300", "Year Low": "24.8800", "Year Close": "27.7500", "Annual % Change": "-0.89%"}, "1996": {"Average Stock Price": "23.2149", "Year Open": "20.3100", "Year High": "28.6250", "Year Low": "19.5000", "Year Close": "28.0000", "Annual % Change": "37.42%"}, "1995": {"Average Stock Price": "17.9086", "Year Open": "16.3150", "Year High": "20.7500", "Year Low": "16.1250", "Year Close": "20.3750", "Annual % Change": "23.00%"}, "1994": {"Average Stock Price": "16.1165", "Year Open": "17.6900", "Year High": "17.6900", "Year Low": "14.7500", "Year Close": "16.5650", "Annual % Change": "-7.33%"}, "1993": {"Average Stock Price": "16.4842", "Year Open": "15.5000", "Year High": "18.4400", "Year Low": "15.0650", "Year Close": "17.8750", "Annual % Change": "16.72%"}, "1992": {"Average Stock Price": "14.2786", "Year Open": "12.8750", "Year High": "16.3150", "Year Low": "12.8750", "Year Close": "15.3150", "Annual % Change": "14.50%"}, "1991": {"Average Stock Price": "11.5843", "Year Open": "9.0625", "Year High": "13.8150", "Year Low": "8.8125", "Year Close": "13.3750", "Annual % Change": "43.12%"}, "1990": {"Average Stock Price": "8.8540", "Year Open": "8.6250", "Year High": "10.3450", "Year Low": "7.6550", "Year Close": "9.3450", "Annual % Change": "8.73%"}, "1989": {"Average Stock Price": "7.5810", "Year Open": "6.2800", "Year High": "8.8750", "Year Low": "6.2800", "Year Close": "8.5950", "Annual % Change": "35.46%"}, "1988": {"Average Stock Price": "6.8706", "Year Open": "6.6550", "Year High": "7.7200", "Year Low": "6.1250", "Year Close": "6.3450", "Annual % Change": "4.10%"}, "1987": {"Average Stock Price": "7.9779", "Year Open": "7.1875", "Year High": "9.5000", "Year Low": "5.1875", "Year Close": "6.0950", "Annual % Change": "-11.73%"}, "1986": {"Average Stock Price": "6.7048", "Year Open": "5.4063", "Year High": "8.0000", "Year Low": "5.3750", "Year Close": "6.9050", "Annual % Change": "24.84%"}}}, "market cap": {"value": "$65.08B"}, "income statement": {"Revenue": {"2020-12-31": "18361.70000", "2019-12-31": "17900.80000", "2018-12-31": "17534.50000", "2017-12-31": "14983.80000", "2016-12-31": "11855.60000", "2015-12-31": "11339.30000", "2014-12-31": "11129.53000", "2013-12-31": "10185.53000", "2012-12-31": "9534.46200", "2011-12-31": "8765.69900", "2010-12-31": "7776.42400", "2009-12-31": "7094.24900", "2008-12-31": "7979.72700", "2007-12-31": "8005.29200", "2006-12-31": "7809.75900", "2005-12-31": "7190.66100"}, "Cost Of Goods Sold": {"2020-12-31": "9679.10000", "2019-12-31": "9864.70000", "2018-12-31": "10115.90000", "2017-12-31": "8265.00000", "2016-12-31": "5934.34400", "2015-12-31": "5779.69100", "2014-12-31": "5965.04900", "2013-12-31": "5568.96600", "2012-12-31": "5328.23600", "2011-12-31": "5021.13700", "2010-12-31": "4295.34600", "2009-12-31": "3831.08000", "2008-12-31": "4480.92700", "2007-12-31": "4406.36500", "2006-12-31": "4395.11900", "2005-12-31": "4110.29600"}, "Gross Profit": {"2020-12-31": "8682.60000", "2019-12-31": "8036.10100", "2018-12-31": "7418.60000", "2017-12-31": "6718.80000", "2016-12-31": "5921.25700", "2015-12-31": "5559.61300", "2014-12-31": "5164.48400", "2013-12-31": "4616.56600", "2012-12-31": "4206.22600", "2011-12-31": "3744.56200", "2010-12-31": "3481.07800", "2009-12-31": "3263.16900", "2008-12-31": "3498.80000", "2007-12-31": "3598.92700", "2006-12-31": "3414.64000", "2005-12-31": "3080.36500"}, "Research And Development Expenses": {"2020-12-31": "", "2019-12-31": "", "2018-12-31": "", "2017-12-31": "", "2016-12-31": "", "2015-12-31": "", "2014-12-31": "", "2013-12-31": "", "2012-12-31": "", "2011-12-31": "", "2010-12-31": "", "2009-12-31": "", "2008-12-31": "", "2007-12-31": "", "2006-12-31": "", "2005-12-31": ""}, "SG&A Expenses": {"2020-12-31": "5505.60000", "2019-12-31": "5314.00000", "2018-12-31": "5222.90000", "2017-12-31": "4818.50000", "2016-12-31": "4152.62800", "2015-12-31": "3915.93600", "2014-12-31": "3860.44800", "2013-12-31": "3470.20000", "2012-12-31": "3264.89600", "2011-12-31": "2963.54500", "2010-12-31": "2731.92500", "2009-12-31": "2568.39500", "2008-12-31": "2662.89900", "2007-12-31": "2614.65100", "2006-12-31": "2534.99000", "2005-12-31": "2355.14200"}, "Other Operating Income Or Expenses": {"2020-12-31": "", "2019-12-31": "", "2018-12-31": "", "2017-12-31": "", "2016-12-31": "", "2015-12-31": "", "2014-12-31": "", "2013-12-31": "", "2012-12-31": "", "2011-12-31": "", "2010-12-31": "", "2009-12-31": "", "2008-12-31": "", "2007-12-31": "", "2006-12-31": "", "2005-12-31": ""}, "Operating Expenses": {"2020-12-31": "15498.10000", "2019-12-31": "15491.50000", "2018-12-31": "15656.90000", "2017-12-31": "13290.30000", "2016-12-31": "10112.38000", "2015-12-31": "9723.86300", "2014-12-31": "9825.49700", "2013-12-31": "9039.16600", "2012-12-31": "8593.13200", "2011-12-31": "7984.68200", "2010-12-31": "7027.27100", "2009-12-31": "6399.47500", "2008-12-31": "7143.82600", "2007-12-31": "7021.01700", "2006-12-31": "6930.10900", "2005-12-31": "6465.43800"}, "Operating Income": {"2020-12-31": "2863.60000", "2019-12-31": "2409.30100", "2018-12-31": "1877.60000", "2017-12-31": "1693.50000", "2016-12-31": "1743.22600", "2015-12-31": "1615.44000", "2014-12-31": "1304.03600", "2013-12-31": "1146.36600", "2012-12-31": "941.33010", "2011-12-31": "781.01710", "2010-12-31": "749.15230", "2009-12-31": "694.77390", "2008-12-31": "835.90090", "2007-12-31": "984.27540", "2006-12-31": "879.64940", "2005-12-31": "725.22310"}, "Total Non-Operating Income/Expense": {"2020-12-31": "-344.40000", "2019-12-31": "-427.50000", "2018-12-31": "-517.90000", "2017-12-31": "-224.20000", "2016-12-31": "-147.99300", "2015-12-31": "-66.47400", "2014-12-31": "-45.81000", "2013-12-31": "-60.40800", "2012-12-31": "-34.02100", "2011-12-31": "-39.46900", "2010-12-31": "-71.36900", "2009-12-31": "-71.95700", "2008-12-31": "-121.42600", "2007-12-31": "-71.33300", "2006-12-31": "-45.33800", "2005-12-31": "-69.00800"}, "Pre-Tax Income": {"2020-12-31": "2519.20000", "2019-12-31": "1981.80000", "2018-12-31": "1359.70000", "2017-12-31": "1469.30000", "2016-12-31": "1595.23300", "2015-12-31": "1548.96600", "2014-12-31": "1258.22600", "2013-12-31": "1085.95800", "2012-12-31": "907.30900", "2011-12-31": "741.54800", "2010-12-31": "677.78400", "2009-12-31": "622.81700", "2008-12-31": "714.47500", "2007-12-31": "912.94300", "2006-12-31": "834.31200", "2005-12-31": "656.21500"}, "Income Taxes": {"2020-12-31": "488.80000", "2019-12-31": "440.50000", "2018-12-31": "251.00000", "2017-12-31": "-300.20000", "2016-12-31": "462.53000", "2015-12-31": "495.11700", "2014-12-31": "392.33900", "2013-12-31": "333.39700", "2012-12-31": "276.27500", "2011-12-31": "299.68800", "2010-12-31": "215.29900", "2009-12-31": "186.96900", "2008-12-31": "237.59900", "2007-12-31": "297.36500", "2006-12-31": "258.25400", "2005-12-31": "191.60100"}, "Income After Taxes": {"2020-12-31": "2030.40000", "2019-12-31": "1541.30000", "2018-12-31": "1108.70000", "2017-12-31": "1769.50000", "2016-12-31": "1132.70300", "2015-12-31": "1053.84900", "2014-12-31": "865.88700", "2013-12-31": "752.56100", "2012-12-31": "631.03410", "2011-12-31": "441.86000", "2010-12-31": "462.48500", "2009-12-31": "435.84800", "2008-12-31": "476.87600", "2007-12-31": "615.57800", "2006-12-31": "576.05800", "2005-12-31": "464.61400"}, "Other Income": {"2020-12-31": "", "2019-12-31": "", "2018-12-31": "", "2017-12-31": "", "2016-12-31": "", "2015-12-31": "", "2014-12-31": "", "2013-12-31": "", "2012-12-31": "", "2011-12-31": "", "2010-12-31": "", "2009-12-31": "", "2008-12-31": "", "2007-12-31": "", "2006-12-31": "", "2005-12-31": ""}, "Income From Continuous Operations": {"2020-12-31": "2030.40000", "2019-12-31": "1541.30000", "2018-12-31": "1108.70000", "2017-12-31": "1769.50000", "2016-12-31": "1132.70300", "2015-12-31": "1053.84900", "2014-12-31": "865.88700", "2013-12-31": "752.56100", "2012-12-31": "631.03410", "2011-12-31": "441.86000", "2010-12-31": "462.48500", "2009-12-31": "435.84800", "2008-12-31": "476.87600", "2007-12-31": "615.57800", "2006-12-31": "576.05800", "2005-12-31": "463.25800"}, "Income From Discontinued Operations": {"2020-12-31": "", "2019-12-31": "", "2018-12-31": "", "2017-12-31": "-41.60000", "2016-12-31": "", "2015-12-31": "", "2014-12-31": "", "2013-12-31": "", "2012-12-31": "", "2011-12-31": "", "2010-12-31": "", "2009-12-31": "", "2008-12-31": "", "2007-12-31": "", "2006-12-31": "", "2005-12-31": ""}, "Net Income": {"2020-12-31": "2030.40000", "2019-12-31": "1541.30000", "2018-12-31": "1108.70000", "2017-12-31": "1727.90000", "2016-12-31": "1132.70300", "2015-12-31": "1053.84900", "2014-12-31": "865.88700", "2013-12-31": "747.96500", "2012-12-31": "625.92000", "2011-12-31": "437.03500", "2010-12-31": "457.66800", "2009-12-31": "431.34400", "2008-12-31": "472.14800", "2007-12-31": "615.57800", "2006-12-31": "576.05800", "2005-12-31": "463.25800"}, "EBITDA": {"2020-12-31": "2863.60000", "2019-12-31": "3115.50100", "2018-12-31": "2486.00000", "2017-12-31": "2309.40000", "2016-12-31": "2015.15100", "2015-12-31": "1817.09600", "2014-12-31": "1506.20500", "2013-12-31": "1334.16000", "2012-12-31": "1124.61800", "2011-12-31": "961.92110", "2010-12-31": "928.94730", "2009-12-31": "879.82190", "2008-12-31": "1001.41200", "2007-12-31": "1163.87700", "2006-12-31": "1026.94900", "2005-12-31": "890.74010"}, "EBIT": {"2020-12-31": "2863.60000", "2019-12-31": "2409.30100", "2018-12-31": "1877.60000", "2017-12-31": "1693.50000", "2016-12-31": "1743.22600", "2015-12-31": "1615.44000", "2014-12-31": "1304.03600", "2013-12-31": "1146.36600", "2012-12-31": "941.33010", "2011-12-31": "781.01710", "2010-12-31": "749.15230", "2009-12-31": "694.77390", "2008-12-31": "835.90090", "2007-12-31": "984.27540", "2006-12-31": "879.64940", "2005-12-31": "725.22310"}, "Basic Shares Outstanding": {"2020-12-31": "90.42600", "2019-12-31": "91.80400", "2018-12-31": "92.99200", "2017-12-31": "92.90900", "2016-12-31": "91.83900", "2015-12-31": "92.19700", "2014-12-31": "96.19000", "2013-12-31": "100.89800", "2012-12-31": "101.71500", "2011-12-31": "103.47100", "2010-12-31": "107.02200", "2009-12-31": "113.51400", "2008-12-31": "116.83500", "2007-12-31": "127.22200", "2006-12-31": "133.57900", "2005-12-31": "136.81700"}, "Shares Outstanding": {"2020-12-31": "91.94300", "2019-12-31": "93.44700", "2018-12-31": "94.98800", "2017-12-31": "94.92700", "2016-12-31": "94.48800", "2015-12-31": "94.54400", "2014-12-31": "98.74100", "2013-12-31": "103.04900", "2012-12-31": "103.93000", "2011-12-31": "105.67200", "2010-12-31": "108.78600", "2009-12-31": "114.45700", "2008-12-31": "118.17800", "2007-12-31": "130.92500", "2006-12-31": "137.34200", "2005-12-31": "141.07900"}, "Basic EPS": {"2020-12-31": "22.45000", "2019-12-31": "16.79000", "2018-12-31": "11.92000", "2017-12-31": "18.60000", "2016-12-31": "12.33000", "2015-12-31": "11.43000", "2014-12-31": "9.00000", "2013-12-31": "7.41000", "2012-12-31": "6.15000", "2011-12-31": "4.22000", "2010-12-31": "4.28000", "2009-12-31": "3.80000", "2008-12-31": "4.04000", "2007-12-31": "4.84000", "2006-12-31": "4.31000", "2005-12-31": "3.39000"}, "EPS - Earnings Per Share": {"2020-12-31": "22.08000", "2019-12-31": "16.49000", "2018-12-31": "11.67000", "2017-12-31": "18.20000", "2016-12-31": "11.99000", "2015-12-31": "11.15000", "2014-12-31": "8.77000", "2013-12-31": "7.26000", "2012-12-31": "6.02000", "2011-12-31": "4.14000", "2010-12-31": "4.21000", "2009-12-31": "3.78000", "2008-12-31": "4.00000", "2007-12-31": "4.70000", "2006-12-31": "4.19000", "2005-12-31": "3.28000"}}, "income statement, quarterly": {"Revenue": {"2020-12-31": "4488.80000", "2020-09-30": "5122.20000", "2020-06-30": "4604.00000", "2020-03-31": "4146.70000", "2019-12-31": "4114.40100", "2019-09-30": "4867.70000", "2019-06-30": "4877.80000", "2019-03-31": "4040.90000", "2018-12-31": "4064.22700", "2018-09-30": "4731.47000", "2018-06-30": "4773.79600", "2018-03-31": "3965.00600", "2017-12-31": "3979.57500", "2017-09-30": "4507.02000", "2017-06-30": "3735.81700", "2017-03-31": "2761.38700", "2016-12-31": "2782.59100", "2016-09-30": "3279.46200", "2016-06-30": "3219.52500", "2016-03-31": "2574.02400", "2015-12-31": "2604.59600", "2015-09-30": "3152.28500", "2015-06-30": "3132.13900", "2015-03-31": "2450.28400", "2014-12-31": "2569.41200", "2014-09-30": "3150.57000", "2014-06-30": "3042.99500", "2014-03-31": "2366.55600", "2013-12-31": "2457.05900", "2013-09-30": "2847.41700", "2013-06-30": "2713.88900", "2013-03-31": "2167.16800", "2012-12-31": "2221.87000", "2012-09-30": "2603.22600", "2012-06-30": "2573.02200", "2012-03-31": "2136.34400", "2011-12-31": "2070.44200", "2011-09-30": "2484.92000", "2011-06-30": "2354.75100", "2011-03-31": "1855.58600", "2010-12-31": "1895.61900", "2010-09-30": "2172.25900", "2010-06-30": "2143.06400", "2010-03-31": "1565.48200", "2009-12-31": "1598.83600", "2009-09-30": "1996.90900", "2009-06-30": "1947.82700", "2009-03-31": "1550.67700", "2008-12-31": "1699.84200", "2008-09-30": "2268.65800", "2008-06-30": "2229.54500", "2008-03-31": "1781.68200", "2007-12-31": "1853.88400", "2007-09-30": "2197.04200", "2007-06-30": "2198.18800", "2007-03-31": "1756.17800", "2006-12-31": "1794.55000", "2006-09-30": "2116.71100", "2006-06-30": "2129.97000", "2006-03-31": "1768.52800", "2005-12-31": "1710.03000", "2005-09-30": "1976.72800", "2005-06-30": "1965.35800", "2005-03-31": "1538.54500"}, "Cost Of Goods Sold": {"2020-12-31": "2360.10000", "2020-09-30": "2666.90000", "2020-06-30": "2395.10000", "2020-03-31": "2257.00000", "2019-12-31": "2220.40000", "2019-09-30": "2642.10000", "2019-06-30": "2696.40000", "2019-03-31": "2305.80000", "2018-12-31": "2381.50800", "2018-09-30": "2721.06600", "2018-06-30": "2735.16800", "2018-03-31": "2278.15900", "2017-12-31": "2240.27300", "2017-09-30": "2605.19300", "2017-06-30": "2001.20000", "2017-03-31": "1418.33400", "2016-12-31": "1395.40400", "2016-09-30": "1643.03700", "2016-06-30": "1583.62400", "2016-03-31": "1312.27900", "2015-12-31": "1281.97000", "2015-09-30": "1577.73300", "2015-06-30": "1602.15300", "2015-03-31": "1317.83500", "2014-12-31": "1351.43700", "2014-09-30": "1679.61500", "2014-06-30": "1633.34200", "2014-03-31": "1300.65500", "2013-12-31": "1332.88000", "2013-09-30": "1551.45900", "2013-06-30": "1480.31000", "2013-03-31": "1204.31700", "2012-12-31": "1226.36200", "2012-09-30": "1452.94400", "2012-06-30": "1422.42500", "2012-03-31": "1226.50500", "2011-12-31": "1184.34200", "2011-09-30": "1446.62100", "2011-06-30": "1331.99600", "2011-03-31": "1058.17800", "2010-12-31": "1049.98700", "2010-09-30": "1200.67400", "2010-06-30": "1171.17100", "2010-03-31": "873.51400", "2009-12-31": "840.59810", "2009-09-30": "1067.92600", "2009-06-30": "1052.48500", "2009-03-31": "870.07100", "2008-12-31": "914.94180", "2008-09-30": "1308.16900", "2008-06-30": "1256.64200", "2008-03-31": "1001.17400", "2007-12-31": "1021.28100", "2007-09-30": "1208.65400", "2007-06-30": "1211.61800", "2007-03-31": "964.81200", "2006-12-31": "1023.68700", "2006-09-30": "1180.93300", "2006-06-30": "1193.38200", "2006-03-31": "997.11700", "2005-12-31": "968.35000", "2005-09-30": "1136.98300", "2005-06-30": "1127.19200", "2005-03-31": "877.77100"}, "Gross Profit": {"2020-12-31": "2128.70000", "2020-09-30": "2455.30000", "2020-06-30": "2208.90000", "2020-03-31": "1889.70000", "2019-12-31": "1894.00100", "2019-09-30": "2225.60000", "2019-06-30": "2181.40000", "2019-03-31": "1735.10000", "2018-12-31": "1682.72000", "2018-09-30": "2010.40400", "2018-06-30": "2038.62800", "2018-03-31": "1686.84700", "2017-12-31": "1739.30300", "2017-09-30": "1901.82700", "2017-06-30": "1734.61700", "2017-03-31": "1343.05300", "2016-12-31": "1387.18700", "2016-09-30": "1636.42500", "2016-06-30": "1635.90100", "2016-03-31": "1261.74500", "2015-12-31": "1322.62600", "2015-09-30": "1574.55200", "2015-06-30": "1529.98600", "2015-03-31": "1132.44900", "2014-12-31": "1217.97500", "2014-09-30": "1470.95500", "2014-06-30": "1409.65300", "2014-03-31": "1065.90100", "2013-12-31": "1124.17900", "2013-09-30": "1295.95800", "2013-06-30": "1233.57900", "2013-03-31": "962.85100", "2012-12-31": "995.50790", "2012-09-30": "1150.28200", "2012-06-30": "1150.59700", "2012-03-31": "909.83900", "2011-12-31": "886.10030", "2011-09-30": "1038.29900", "2011-06-30": "1022.75500", "2011-03-31": "797.40810", "2010-12-31": "845.63170", "2010-09-30": "971.58510", "2010-06-30": "971.89290", "2010-03-31": "691.96810", "2009-12-31": "758.23760", "2009-09-30": "928.98300", "2009-06-30": "895.34200", "2009-03-31": "680.60600", "2008-12-31": "784.90060", "2008-09-30": "960.48900", "2008-06-30": "972.90300", "2008-03-31": "780.50800", "2007-12-31": "832.60290", "2007-09-30": "988.38790", "2007-06-30": "986.56990", "2007-03-31": "791.36600", "2006-12-31": "770.86290", "2006-09-30": "935.77800", "2006-06-30": "936.58800", "2006-03-31": "771.41090", "2005-12-31": "741.68020", "2005-09-30": "839.74500", "2005-06-30": "838.16600", "2005-03-31": "660.77400"}, "Research And Development Expenses": {"2020-12-31": "", "2020-09-30": "", "2020-06-30": "", "2020-03-31": "", "2019-12-31": "", "2019-09-30": "", "2019-06-30": "", "2019-03-31": "", "2018-12-31": "", "2018-09-30": "", "2018-06-30": "", "2018-03-31": "", "2017-12-31": "", "2017-09-30": "", "2017-06-30": "", "2017-03-31": "", "2016-12-31": "", "2016-09-30": "", "2016-06-30": "", "2016-03-31": "", "2015-12-31": "", "2015-09-30": "", "2015-06-30": "", "2015-03-31": "", "2014-12-31": "", "2014-09-30": "", "2014-06-30": "", "2014-03-31": "", "2013-12-31": "", "2013-09-30": "", "2013-06-30": "", "2013-03-31": "", "2012-12-31": "", "2012-09-30": "", "2012-06-30": "", "2012-03-31": "", "2011-12-31": "", "2011-09-30": "", "2011-06-30": "", "2011-03-31": "", "2010-12-31": "", "2010-09-30": "", "2010-06-30": "", "2010-03-31": "", "2009-12-31": "", "2009-09-30": "", "2009-06-30": "", "2009-03-31": "", "2008-12-31": "", "2008-09-30": "", "2008-06-30": "", "2008-03-31": "", "2007-12-31": "", "2007-09-30": "", "2007-06-30": "", "2007-03-31": "", "2006-12-31": "", "2006-09-30": "", "2006-06-30": "", "2006-03-31": "", "2005-12-31": "", "2005-09-30": "", "2005-06-30": "", "2005-03-31": ""}, "SG&A Expenses": {"2020-12-31": "1486.80000", "2020-09-30": "1417.30000", "2020-06-30": "1290.20000", "2020-03-31": "1311.30000", "2019-12-31": "1374.80000", "2019-09-30": "1357.20000", "2019-06-30": "1338.50000", "2019-03-31": "1243.50000", "2018-12-31": "1385.91300", "2018-09-30": "1284.59200", "2018-06-30": "1334.84000", "2018-03-31": "1217.55500", "2017-12-31": "1340.13800", "2017-09-30": "1311.51100", "2017-06-30": "1155.55400", "2017-03-31": "1011.29700", "2016-12-31": "1030.59600", "2016-09-30": "1050.89400", "2016-06-30": "1051.22900", "2016-03-31": "1019.90900", "2015-12-31": "976.47500", "2015-09-30": "1002.74200", "2015-06-30": "1009.19500", "2015-03-31": "927.52400", "2014-12-31": "1010.74000", "2014-09-30": "996.23900", "2014-06-30": "969.95300", "2014-03-31": "883.51600", "2013-12-31": "959.44100", "2013-09-30": "890.52400", "2013-06-30": "837.60900", "2013-03-31": "782.62600", "2012-12-31": "887.97810", "2012-09-30": "800.90900", "2012-06-30": "813.29300", "2012-03-31": "762.71600", "2011-12-31": "754.61400", "2011-09-30": "761.77900", "2011-06-30": "754.85700", "2011-03-31": "692.29500", "2010-12-31": "717.94900", "2010-09-30": "702.85500", "2010-06-30": "696.34000", "2010-03-31": "614.78100", "2009-12-31": "631.97500", "2009-09-30": "661.11500", "2009-06-30": "656.05200", "2009-03-31": "619.25310", "2008-12-31": "652.93110", "2008-09-30": "679.88200", "2008-06-30": "678.26400", "2008-03-31": "651.82200", "2007-12-31": "649.37020", "2007-09-30": "673.61800", "2007-06-30": "674.68800", "2007-03-31": "616.97500", "2006-12-31": "632.14500", "2006-09-30": "648.43200", "2006-06-30": "654.06300", "2006-03-31": "600.35000", "2005-12-31": "617.96500", "2005-09-30": "602.51700", "2005-06-30": "593.06300", "2005-03-31": "541.59700"}, "Other Operating Income Or Expenses": {"2020-12-31": "", "2020-09-30": "", "2020-06-30": "", "2020-03-31": "", "2019-12-31": "", "2019-09-30": "", "2019-06-30": "", "2019-03-31": "", "2018-12-31": "", "2018-09-30": "", "2018-06-30": "", "2018-03-31": "", "2017-12-31": "", "2017-09-30": "", "2017-06-30": "", "2017-03-31": "", "2016-12-31": "", "2016-09-30": "", "2016-06-30": "", "2016-03-31": "", "2015-12-31": "", "2015-09-30": "", "2015-06-30": "", "2015-03-31": "", "2014-12-31": "", "2014-09-30": "", "2014-06-30": "", "2014-03-31": "", "2013-12-31": "", "2013-09-30": "", "2013-06-30": "", "2013-03-31": "", "2012-12-31": "", "2012-09-30": "", "2012-06-30": "", "2012-03-31": "", "2011-12-31": "", "2011-09-30": "", "2011-06-30": "", "2011-03-31": "", "2010-12-31": "", "2010-09-30": "", "2010-06-30": "", "2010-03-31": "", "2009-12-31": "", "2009-09-30": "", "2009-06-30": "", "2009-03-31": "", "2008-12-31": "", "2008-09-30": "", "2008-06-30": "", "2008-03-31": "", "2007-12-31": "", "2007-09-30": "", "2007-06-30": "", "2007-03-31": "", "2006-12-31": "", "2006-09-30": "", "2006-06-30": "", "2006-03-31": "", "2005-12-31": "", "2005-09-30": "", "2005-06-30": "", "2005-03-31": ""}, "Operating Expenses": {"2020-12-31": "3926.10000", "2020-09-30": "4162.90000", "2020-06-30": "3762.70000", "2020-03-31": "3646.40000", "2019-12-31": "3673.60000", "2019-09-30": "4076.80000", "2019-06-30": "4113.00000", "2019-03-31": "3628.10000", "2018-12-31": "3846.50200", "2018-09-30": "4085.73500", "2018-06-30": "4143.90100", "2018-03-31": "3580.76300", "2017-12-31": "3668.41200", "2017-09-30": "4000.41500", "2017-06-30": "3185.67200", "2017-03-31": "2435.80100", "2016-12-31": "2437.63700", "2016-09-30": "2702.11400", "2016-06-30": "2640.43700", "2016-03-31": "2332.18800", "2015-12-31": "2286.68100", "2015-09-30": "2580.47500", "2015-06-30": "2611.34800", "2015-03-31": "2245.35900", "2014-12-31": "2362.17700", "2014-09-30": "2675.85400", "2014-06-30": "2603.29500", "2014-03-31": "2184.17100", "2013-12-31": "2292.32100", "2013-09-30": "2441.98300", "2013-06-30": "2317.91900", "2013-03-31": "1986.94300", "2012-12-31": "2114.34000", "2012-09-30": "2253.85300", "2012-06-30": "2235.71800", "2012-03-31": "1989.22100", "2011-12-31": "1938.95600", "2011-09-30": "2208.40000", "2011-06-30": "2086.85300", "2011-03-31": "1750.47300", "2010-12-31": "1767.93700", "2010-09-30": "1903.52900", "2010-06-30": "1867.51100", "2010-03-31": "1488.29500", "2009-12-31": "1472.57300", "2009-09-30": "1729.04100", "2009-06-30": "1708.53700", "2009-03-31": "1489.32400", "2008-12-31": "1567.87300", "2008-09-30": "1988.05100", "2008-06-30": "1934.90600", "2008-03-31": "1652.99600", "2007-12-31": "1670.65100", "2007-09-30": "1882.27200", "2007-06-30": "1886.30600", "2007-03-31": "1581.78700", "2006-12-31": "1655.83200", "2006-09-30": "1829.36500", "2006-06-30": "1847.44500", "2006-03-31": "1597.46700", "2005-12-31": "1586.31500", "2005-09-30": "1739.50000", "2005-06-30": "1720.25500", "2005-03-31": "1419.36800"}, "Operating Income": {"2020-12-31": "562.69970", "2020-09-30": "959.30030", "2020-06-30": "841.29980", "2020-03-31": "500.30030", "2019-12-31": "440.80080", "2019-09-30": "790.90010", "2019-06-30": "764.79980", "2019-03-31": "412.79980", "2018-12-31": "217.72510", "2018-09-30": "645.73540", "2018-06-30": "629.89500", "2018-03-31": "384.24320", "2017-12-31": "311.16360", "2017-09-30": "506.60500", "2017-06-30": "550.14500", "2017-03-31": "325.58590", "2016-12-31": "344.95410", "2016-09-30": "577.34790", "2016-06-30": "579.08790", "2016-03-31": "241.83590", "2015-12-31": "317.91480", "2015-09-30": "571.80980", "2015-06-30": "520.79100", "2015-03-31": "204.92500", "2014-12-31": "207.23460", "2014-09-30": "474.71610", "2014-06-30": "439.70020", "2014-03-31": "182.38500", "2013-12-31": "164.73750", "2013-09-30": "405.43410", "2013-06-30": "395.97000", "2013-03-31": "180.22490", "2012-12-31": "107.53030", "2012-09-30": "349.37300", "2012-06-30": "337.30400", "2012-03-31": "147.12300", "2011-12-31": "131.48610", "2011-09-30": "276.52000", "2011-06-30": "267.89790", "2011-03-31": "105.11320", "2010-12-31": "127.68230", "2010-09-30": "268.73010", "2010-06-30": "275.55300", "2010-03-31": "77.18710", "2009-12-31": "126.26270", "2009-09-30": "267.86800", "2009-06-30": "239.29000", "2009-03-31": "61.35300", "2008-12-31": "131.96900", "2008-09-30": "280.60690", "2008-06-30": "294.63890", "2008-03-31": "128.68600", "2007-12-31": "183.23250", "2007-09-30": "314.77000", "2007-06-30": "311.88200", "2007-03-31": "174.39100", "2006-12-31": "138.71770", "2006-09-30": "287.34590", "2006-06-30": "282.52500", "2006-03-31": "171.06090", "2005-12-31": "123.71500", "2005-09-30": "237.22800", "2005-06-30": "245.10300", "2005-03-31": "119.17710"}, "Total Non-Operating Income/Expense": {"2020-12-31": "-58.80000", "2020-09-30": "-83.70000", "2020-06-30": "-93.90000", "2020-03-31": "-108.00000", "2019-12-31": "-143.40000", "2019-09-30": "-81.10000", "2019-06-30": "-89.10000", "2019-03-31": "-113.90000", "2018-12-31": "-115.65200", "2018-09-30": "-229.78200", "2018-06-30": "-91.80900", "2018-03-31": "-80.65700", "2017-12-31": "-85.19400", "2017-09-30": "-78.88300", "2017-06-30": "-41.14200", "2017-03-31": "-18.98100", "2016-12-31": "-40.92000", "2016-09-30": "-41.72800", "2016-06-30": "-39.87400", "2016-03-31": "-25.47100", "2015-12-31": "-20.69300", "2015-09-30": "-21.08800", "2015-06-30": "-13.00900", "2015-03-31": "-11.68400", "2014-12-31": "-18.36400", "2014-09-30": "-0.66800", "2014-06-30": "-10.47000", "2014-03-31": "-16.30800", "2013-12-31": "-15.50900", "2013-09-30": "-17.97200", "2013-06-30": "-15.08600", "2013-03-31": "-11.84100", "2012-12-31": "-13.33700", "2012-09-30": "-6.37500", "2012-06-30": "-9.50100", "2012-03-31": "-4.80800", "2011-12-31": "-1.94300", "2011-09-30": "-16.24400", "2011-06-30": "-10.88200", "2011-03-31": "-10.40000", "2010-12-31": "-23.98400", "2010-09-30": "-13.35100", "2010-06-30": "-16.30500", "2010-03-31": "-17.72900", "2009-12-31": "-45.11000", "2009-09-30": "-9.22000", "2009-06-30": "-7.16700", "2009-03-31": "-10.46000", "2008-12-31": "-52.83700", "2008-09-30": "-14.46500", "2008-06-30": "-38.46700", "2008-03-31": "-15.65700", "2007-12-31": "-31.27000", "2007-09-30": "-20.45300", "2007-06-30": "-8.73700", "2007-03-31": "-10.87300", "2006-12-31": "-12.13300", "2006-09-30": "-10.65500", "2006-06-30": "-13.40000", "2006-03-31": "-9.15000", "2005-12-31": "-13.70500", "2005-09-30": "-18.23400", "2005-06-30": "-25.53500", "2005-03-31": "-11.53400"}, "Pre-Tax Income": {"2020-12-31": "503.90000", "2020-09-30": "875.60000", "2020-06-30": "747.40000", "2020-03-31": "392.30000", "2019-12-31": "297.40000", "2019-09-30": "709.80000", "2019-06-30": "675.70000", "2019-03-31": "298.90000", "2018-12-31": "102.07500", "2018-09-30": "415.95300", "2018-06-30": "538.08600", "2018-03-31": "303.58600", "2017-12-31": "225.97010", "2017-09-30": "427.72200", "2017-06-30": "509.00300", "2017-03-31": "306.60500", "2016-12-31": "304.03410", "2016-09-30": "535.62000", "2016-06-30": "539.21400", "2016-03-31": "216.36500", "2015-12-31": "297.22090", "2015-09-30": "550.72200", "2015-06-30": "507.78200", "2015-03-31": "193.24100", "2014-12-31": "188.87100", "2014-09-30": "474.04800", "2014-06-30": "429.23000", "2014-03-31": "166.07700", "2013-12-31": "149.22800", "2013-09-30": "387.46200", "2013-06-30": "380.88400", "2013-03-31": "168.38400", "2012-12-31": "94.19300", "2012-09-30": "342.99800", "2012-06-30": "327.80300", "2012-03-31": "142.31500", "2011-12-31": "129.54300", "2011-09-30": "260.27600", "2011-06-30": "257.01600", "2011-03-31": "94.71300", "2010-12-31": "103.69900", "2010-09-30": "255.37900", "2010-06-30": "259.24800", "2010-03-31": "59.45800", "2009-12-31": "81.15300", "2009-09-30": "258.64800", "2009-06-30": "232.12300", "2009-03-31": "50.89300", "2008-12-31": "79.13200", "2008-09-30": "266.14200", "2008-06-30": "256.17200", "2008-03-31": "113.02900", "2007-12-31": "151.96300", "2007-09-30": "294.31700", "2007-06-30": "303.14500", "2007-03-31": "163.51800", "2006-12-31": "126.58500", "2006-09-30": "276.69100", "2006-06-30": "269.12500", "2006-03-31": "161.91100", "2005-12-31": "110.01000", "2005-09-30": "218.99400", "2005-06-30": "219.56800", "2005-03-31": "107.64300"}, "Income Taxes": {"2020-12-31": "96.90000", "2020-09-30": "169.80000", "2020-06-30": "151.50000", "2020-03-31": "70.60000", "2019-12-31": "48.80000", "2019-09-30": "133.30000", "2019-06-30": "204.70000", "2019-03-31": "53.70000", "2018-12-31": "1.13300", "2018-09-30": "61.92600", "2018-06-30": "134.48200", "2018-03-31": "53.45900", "2017-12-31": "-627.12100", "2017-09-30": "111.11600", "2017-06-30": "148.35200", "2017-03-31": "67.45300", "2016-12-31": "101.00400", "2016-09-30": "148.88700", "2016-06-30": "161.15000", "2016-03-31": "51.48900", "2015-12-31": "99.20400", "2015-09-30": "176.23100", "2015-06-30": "157.84500", "2015-03-31": "61.83700", "2014-12-31": "56.12800", "2014-09-30": "147.80800", "2014-06-30": "137.78300", "2014-03-31": "50.62000", "2013-12-31": "33.10500", "2013-09-30": "124.49600", "2013-06-30": "123.59700", "2013-03-31": "52.19900", "2012-12-31": "26.14100", "2012-09-30": "108.04500", "2012-06-30": "99.99000", "2012-03-31": "42.09900", "2011-12-31": "114.99100", "2011-09-30": "80.39900", "2011-06-30": "77.90100", "2011-03-31": "26.39700", "2010-12-31": "30.78100", "2010-09-30": "80.12100", "2010-06-30": "77.54200", "2010-03-31": "26.85500", "2009-12-31": "15.81500", "2009-09-30": "83.44000", "2009-06-30": "74.10000", "2009-03-31": "13.61400", "2008-12-31": "28.96600", "2008-09-30": "89.06100", "2008-06-30": "84.48900", "2008-03-31": "35.08300", "2007-12-31": "51.14300", "2007-09-30": "93.96800", "2007-06-30": "100.53800", "2007-03-31": "51.71600", "2006-12-31": "27.90200", "2006-09-30": "97.57900", "2006-06-30": "84.53300", "2006-03-31": "48.24000", "2005-12-31": "34.87500", "2005-09-30": "66.97000", "2005-06-30": "65.64700", "2005-03-31": "24.10900"}, "Income After Taxes": {"2020-12-31": "407.00000", "2020-09-30": "705.80000", "2020-06-30": "595.90000", "2020-03-31": "321.70000", "2019-12-31": "248.60010", "2019-09-30": "576.50000", "2019-06-30": "471.00000", "2019-03-31": "245.20000", "2018-12-31": "100.94200", "2018-09-30": "354.02700", "2018-06-30": "403.60400", "2018-03-31": "250.12700", "2017-12-31": "853.09110", "2017-09-30": "316.60600", "2017-06-30": "360.65100", "2017-03-31": "239.15200", "2016-12-31": "203.03000", "2016-09-30": "386.73300", "2016-06-30": "378.06400", "2016-03-31": "164.87600", "2015-12-31": "198.01690", "2015-09-30": "374.49100", "2015-06-30": "349.93700", "2015-03-31": "131.40400", "2014-12-31": "132.74300", "2014-09-30": "326.24000", "2014-06-30": "291.44700", "2014-03-31": "115.45700", "2013-12-31": "116.12300", "2013-09-30": "262.96600", "2013-06-30": "257.28700", "2013-03-31": "116.18500", "2012-12-31": "68.05200", "2012-09-30": "234.95300", "2012-06-30": "227.81300", "2012-03-31": "100.21600", "2011-12-31": "14.55200", "2011-09-30": "179.87700", "2011-06-30": "179.11500", "2011-03-31": "68.31600", "2010-12-31": "72.91800", "2010-09-30": "175.25800", "2010-06-30": "181.70600", "2010-03-31": "32.60300", "2009-12-31": "65.33800", "2009-09-30": "175.20800", "2009-06-30": "158.02300", "2009-03-31": "37.27900", "2008-12-31": "50.16600", "2008-09-30": "177.08100", "2008-06-30": "171.68300", "2008-03-31": "77.94600", "2007-12-31": "100.82000", "2007-09-30": "200.34900", "2007-06-30": "202.60700", "2007-03-31": "111.80200", "2006-12-31": "98.68300", "2006-09-30": "179.11200", "2006-06-30": "184.59200", "2006-03-31": "113.67100", "2005-12-31": "75.13500", "2005-09-30": "152.02400", "2005-06-30": "153.92100", "2005-03-31": "83.53400"}, "Other Income": {"2020-12-31": "", "2020-09-30": "", "2020-06-30": "", "2020-03-31": "", "2019-12-31": "", "2019-09-30": "", "2019-06-30": "", "2019-03-31": "", "2018-12-31": "", "2018-09-30": "", "2018-06-30": "", "2018-03-31": "", "2017-12-31": "", "2017-09-30": "", "2017-06-30": "", "2017-03-31": "", "2016-12-31": "", "2016-09-30": "", "2016-06-30": "", "2016-03-31": "", "2015-12-31": "", "2015-09-30": "", "2015-06-30": "", "2015-03-31": "", "2014-12-31": "", "2014-09-30": "", "2014-06-30": "", "2014-03-31": "", "2013-12-31": "", "2013-09-30": "", "2013-06-30": "", "2013-03-31": "", "2012-12-31": "", "2012-09-30": "", "2012-06-30": "", "2012-03-31": "", "2011-12-31": "", "2011-09-30": "", "2011-06-30": "", "2011-03-31": "", "2010-12-31": "", "2010-09-30": "", "2010-06-30": "", "2010-03-31": "", "2009-12-31": "", "2009-09-30": "", "2009-06-30": "", "2009-03-31": "", "2008-12-31": "", "2008-09-30": "", "2008-06-30": "", "2008-03-31": "", "2007-12-31": "", "2007-09-30": "", "2007-06-30": "", "2007-03-31": "", "2006-12-31": "", "2006-09-30": "", "2006-06-30": "", "2006-03-31": "", "2005-12-31": "", "2005-09-30": "", "2005-06-30": "", "2005-03-31": ""}, "Income From Continuous Operations": {"2020-12-31": "407.00000", "2020-09-30": "705.80000", "2020-06-30": "595.90000", "2020-03-31": "321.70000", "2019-12-31": "248.60010", "2019-09-30": "576.50000", "2019-06-30": "471.00000", "2019-03-31": "245.20000", "2018-12-31": "100.94200", "2018-09-30": "354.02700", "2018-06-30": "403.60400", "2018-03-31": "250.12700", "2017-12-31": "853.09110", "2017-09-30": "316.60600", "2017-06-30": "360.65100", "2017-03-31": "239.15200", "2016-12-31": "203.03000", "2016-09-30": "386.73300", "2016-06-30": "378.06400", "2016-03-31": "164.87600", "2015-12-31": "198.01700", "2015-09-30": "374.49100", "2015-06-30": "349.93700", "2015-03-31": "131.40400", "2014-12-31": "132.74300", "2014-09-30": "326.24000", "2014-06-30": "291.44700", "2014-03-31": "115.45700", "2013-12-31": "116.12300", "2013-09-30": "262.96600", "2013-06-30": "257.28700", "2013-03-31": "116.18500", "2012-12-31": "68.05200", "2012-09-30": "234.95300", "2012-06-30": "227.81300", "2012-03-31": "100.21600", "2011-12-31": "14.55200", "2011-09-30": "179.87700", "2011-06-30": "179.11500", "2011-03-31": "68.31600", "2010-12-31": "72.91800", "2010-09-30": "175.25800", "2010-06-30": "181.70600", "2010-03-31": "32.60300", "2009-12-31": "65.33800", "2009-09-30": "175.20800", "2009-06-30": "158.02300", "2009-03-31": "37.27900", "2008-12-31": "50.16600", "2008-09-30": "177.08100", "2008-06-30": "171.68300", "2008-03-31": "77.94600", "2007-12-31": "100.82000", "2007-09-30": "200.34900", "2007-06-30": "202.60700", "2007-03-31": "111.80200", "2006-12-31": "98.68300", "2006-09-30": "179.11200", "2006-06-30": "184.59200", "2006-03-31": "113.67100", "2005-12-31": "75.13500", "2005-09-30": "151.60800", "2005-06-30": "153.22100", "2005-03-31": "83.29400"}, "Income From Discontinued Operations": {"2020-12-31": "", "2020-09-30": "", "2020-06-30": "", "2020-03-31": "", "2019-12-31": "", "2019-09-30": "", "2019-06-30": "", "2019-03-31": "", "2018-12-31": "", "2018-09-30": "", "2018-06-30": "", "2018-03-31": "", "2017-12-31": "-0.06000", "2017-09-30": "", "2017-06-30": "-41.54000", "2017-03-31": "", "2016-12-31": "", "2016-09-30": "", "2016-06-30": "", "2016-03-31": "", "2015-12-31": "", "2015-09-30": "", "2015-06-30": "", "2015-03-31": "", "2014-12-31": "", "2014-09-30": "", "2014-06-30": "", "2014-03-31": "", "2013-12-31": "", "2013-09-30": "", "2013-06-30": "", "2013-03-31": "", "2012-12-31": "", "2012-09-30": "", "2012-06-30": "", "2012-03-31": "", "2011-12-31": "", "2011-09-30": "", "2011-06-30": "", "2011-03-31": "", "2010-12-31": "", "2010-09-30": "", "2010-06-30": "", "2010-03-31": "", "2009-12-31": "", "2009-09-30": "", "2009-06-30": "", "2009-03-31": "", "2008-12-31": "", "2008-09-30": "", "2008-06-30": "", "2008-03-31": "", "2007-12-31": "", "2007-09-30": "", "2007-06-30": "", "2007-03-31": "", "2006-12-31": "", "2006-09-30": "", "2006-06-30": "", "2006-03-31": "", "2005-12-31": "", "2005-09-30": "", "2005-06-30": "", "2005-03-31": ""}, "Net Income": {"2020-12-31": "407.00000", "2020-09-30": "705.80000", "2020-06-30": "595.90000", "2020-03-31": "321.70000", "2019-12-31": "248.60010", "2019-09-30": "576.50000", "2019-06-30": "471.00000", "2019-03-31": "245.20000", "2018-12-31": "100.94200", "2018-09-30": "354.02700", "2018-06-30": "403.60400", "2018-03-31": "250.12700", "2017-12-31": "853.03110", "2017-09-30": "316.60600", "2017-06-30": "319.11100", "2017-03-31": "239.15200", "2016-12-31": "203.03000", "2016-09-30": "386.73300", "2016-06-30": "378.06400", "2016-03-31": "164.87600", "2015-12-31": "198.01700", "2015-09-30": "374.49100", "2015-06-30": "349.93700", "2015-03-31": "131.40400", "2014-12-31": "136.98000", "2014-09-30": "324.24800", "2014-06-30": "289.72500", "2014-03-31": "114.93400", "2013-12-31": "115.50500", "2013-09-30": "261.26600", "2013-06-30": "255.64800", "2013-03-31": "115.54600", "2012-12-31": "67.59300", "2012-09-30": "232.98800", "2012-06-30": "225.90500", "2012-03-31": "99.43400", "2011-12-31": "14.53800", "2011-09-30": "177.77500", "2011-06-30": "177.07600", "2011-03-31": "67.64600", "2010-12-31": "72.21700", "2010-09-30": "173.32800", "2010-06-30": "179.72300", "2010-03-31": "32.40000", "2009-12-31": "64.37900", "2009-09-30": "173.33100", "2009-06-30": "156.35500", "2009-03-31": "37.27900", "2008-12-31": "45.43800", "2008-09-30": "177.08100", "2008-06-30": "171.68300", "2008-03-31": "77.94600", "2007-12-31": "100.82000", "2007-09-30": "200.34900", "2007-06-30": "202.60700", "2007-03-31": "111.80200", "2006-12-31": "98.68300", "2006-09-30": "179.11200", "2006-06-30": "184.59200", "2006-03-31": "113.67100", "2005-12-31": "75.13500", "2005-09-30": "151.60800", "2005-06-30": "153.22100", "2005-03-31": "83.29400"}, "EBITDA": {"2020-12-31": "", "2020-09-30": "1107.10000", "2020-06-30": "986.69980", "2020-03-31": "646.80030", "2019-12-31": "710.30080", "2019-09-30": "936.70020", "2019-06-30": "909.99980", "2019-03-31": "558.49980", "2018-12-31": "366.08010", "2018-09-30": "797.19230", "2018-06-30": "779.09400", "2018-03-31": "543.63220", "2017-12-31": "526.05660", "2017-09-30": "738.34100", "2017-06-30": "667.66700", "2017-03-31": "377.33490", "2016-12-31": "424.19410", "2016-09-30": "646.25190", "2016-06-30": "647.53590", "2016-03-31": "297.16890", "2015-12-31": "370.01880", "2015-09-30": "620.89480", "2015-06-30": "570.77000", "2015-03-31": "255.41310", "2014-12-31": "261.03160", "2014-09-30": "524.42910", "2014-06-30": "489.39920", "2014-03-31": "231.34500", "2013-12-31": "213.36560", "2013-09-30": "452.17210", "2013-06-30": "441.84200", "2013-03-31": "226.78090", "2012-12-31": "157.38330", "2012-09-30": "394.33800", "2012-06-30": "381.29100", "2012-03-31": "191.60600", "2011-12-31": "176.32010", "2011-09-30": "324.65600", "2011-06-30": "312.10600", "2011-03-31": "148.83920", "2010-12-31": "185.03020", "2010-09-30": "311.76510", "2010-06-30": "315.11500", "2010-03-31": "117.03710", "2009-12-31": "182.88070", "2009-09-30": "310.90200", "2009-06-30": "282.57500", "2009-03-31": "103.46400", "2008-12-31": "149.35100", "2008-09-30": "323.00190", "2008-06-30": "359.23990", "2008-03-31": "169.81900", "2007-12-31": "244.55950", "2007-09-30": "356.18600", "2007-06-30": "351.05100", "2007-03-31": "212.08100", "2006-12-31": "178.42270", "2006-09-30": "323.84300", "2006-06-30": "318.30700", "2006-03-31": "206.37690", "2005-12-31": "182.27900", "2005-09-30": "273.12100", "2005-06-30": "280.53300", "2005-03-31": "154.80710"}, "EBIT": {"2020-12-31": "562.69970", "2020-09-30": "959.30030", "2020-06-30": "841.29980", "2020-03-31": "500.30030", "2019-12-31": "440.80100", "2019-09-30": "790.90010", "2019-06-30": "764.79980", "2019-03-31": "412.79980", "2018-12-31": "217.72610", "2018-09-30": "645.73540", "2018-06-30": "629.89500", "2018-03-31": "384.24320", "2017-12-31": "311.16410", "2017-09-30": "506.60500", "2017-06-30": "550.14500", "2017-03-31": "325.58590", "2016-12-31": "344.95390", "2016-09-30": "577.34790", "2016-06-30": "579.08790", "2016-03-31": "241.83590", "2015-12-31": "317.91460", "2015-09-30": "571.80980", "2015-06-30": "520.79100", "2015-03-31": "204.92500", "2014-12-31": "207.23490", "2014-09-30": "474.71610", "2014-06-30": "439.70020", "2014-03-31": "182.38500", "2013-12-31": "164.73730", "2013-09-30": "405.43410", "2013-06-30": "395.97000", "2013-03-31": "180.22490", "2012-12-31": "107.53000", "2012-09-30": "349.37300", "2012-06-30": "337.30400", "2012-03-31": "147.12300", "2011-12-31": "131.48600", "2011-09-30": "276.52000", "2011-06-30": "267.89790", "2011-03-31": "105.11320", "2010-12-31": "127.68210", "2010-09-30": "268.73010", "2010-06-30": "275.55300", "2010-03-31": "77.18710", "2009-12-31": "126.26280", "2009-09-30": "267.86800", "2009-06-30": "239.29000", "2009-03-31": "61.35300", "2008-12-31": "131.96900", "2008-09-30": "280.60690", "2008-06-30": "294.63890", "2008-03-31": "128.68600", "2007-12-31": "183.23240", "2007-09-30": "314.77000", "2007-06-30": "311.88200", "2007-03-31": "174.39100", "2006-12-31": "138.71750", "2006-09-30": "287.34590", "2006-06-30": "282.52500", "2006-03-31": "171.06090", "2005-12-31": "123.71500", "2005-09-30": "237.22800", "2005-06-30": "245.10300", "2005-03-31": "119.17710"}, "Basic Shares Outstanding": {"2020-12-31": "89.62000", "2020-09-30": "90.53730", "2020-06-30": "90.47000", "2020-03-31": "91.07600", "2019-12-31": "91.80400", "2019-09-30": "91.82360", "2019-06-30": "91.77500", "2019-03-31": "91.95300", "2018-12-31": "92.99200", "2018-09-30": "93.10000", "2018-06-30": "92.92600", "2018-03-31": "93.34000", "2017-12-31": "92.90900", "2017-09-30": "92.98800", "2017-06-30": "92.84120", "2017-03-31": "92.55060", "2016-12-31": "91.83900", "2016-09-30": "91.99300", "2016-06-30": "91.78900", "2016-03-31": "91.47600", "2015-12-31": "92.19700", "2015-09-30": "92.19600", "2015-06-30": "92.26000", "2015-03-31": "92.74000", "2014-12-31": "96.19000", "2014-09-30": "94.80000", "2014-06-30": "96.60000", "2014-03-31": "98.83300", "2013-12-31": "100.89800", "2013-09-30": "100.46000", "2013-06-30": "101.66600", "2013-03-31": "101.96100", "2012-12-31": "101.71500", "2012-09-30": "101.52600", "2012-06-30": "101.44700", "2012-03-31": "102.07000", "2011-12-31": "103.47100", "2011-09-30": "102.15100", "2011-06-30": "104.67600", "2011-03-31": "104.99100", "2010-12-31": "107.02200", "2010-09-30": "106.45400", "2010-06-30": "107.68600", "2010-03-31": "107.96000", "2009-12-31": "113.51400", "2009-09-30": "113.44700", "2009-06-30": "115.19700", "2009-03-31": "115.94700", "2008-12-31": "116.83500", "2008-09-30": "115.82800", "2008-06-30": "116.22000", "2008-03-31": "119.49800", "2007-12-31": "127.22200", "2007-09-30": "125.95900", "2007-06-30": "129.64800", "2007-03-31": "131.05500", "2006-12-31": "133.57900", "2006-09-30": "133.62200", "2006-06-30": "134.43700", "2006-03-31": "134.53100", "2005-12-31": "136.81700", "2005-09-30": "136.91100", "2005-06-30": "137.26300", "2005-03-31": "138.68100"}, "Shares Outstanding": {"2020-12-31": "91.26800", "2020-09-30": "92.11020", "2020-06-30": "91.95300", "2020-03-31": "92.86000", "2019-12-31": "93.44700", "2019-09-30": "93.60430", "2019-06-30": "93.56200", "2019-03-31": "93.66900", "2018-12-31": "94.98800", "2018-09-30": "95.13500", "2018-06-30": "94.88400", "2018-03-31": "95.54600", "2017-12-31": "94.92700", "2017-09-30": "95.20800", "2017-06-30": "94.96860", "2017-03-31": "94.54190", "2016-12-31": "94.48800", "2016-09-30": "94.77200", "2016-06-30": "94.67000", "2016-03-31": "94.11400", "2015-12-31": "94.54400", "2015-09-30": "94.43300", "2015-06-30": "94.59200", "2015-03-31": "95.27900", "2014-12-31": "98.74100", "2014-09-30": "96.71400", "2014-06-30": "98.54200", "2014-03-31": "100.85900", "2013-12-31": "103.04900", "2013-09-30": "102.62300", "2013-06-30": "103.89700", "2013-03-31": "104.25600", "2012-12-31": "103.93000", "2012-09-30": "104.01900", "2012-06-30": "104.00300", "2012-03-31": "104.45800", "2011-12-31": "105.67200", "2011-09-30": "104.12300", "2011-06-30": "106.87600", "2011-03-31": "107.36300", "2010-12-31": "108.78600", "2010-09-30": "108.39800", "2010-06-30": "109.83300", "2010-03-31": "109.49400", "2009-12-31": "114.45700", "2009-09-30": "114.69900", "2009-06-30": "116.29800", "2009-03-31": "118.03000", "2008-12-31": "118.17800", "2008-09-30": "118.18300", "2008-06-30": "118.68500", "2008-03-31": "122.09700", "2007-12-31": "130.92500", "2007-09-30": "129.59300", "2007-06-30": "133.28700", "2007-03-31": "134.98600", "2006-12-31": "137.34200", "2006-09-30": "137.37500", "2006-06-30": "138.44200", "2006-03-31": "138.39800", "2005-12-31": "141.07900", "2005-09-30": "141.22700", "2005-06-30": "141.49000", "2005-03-31": "143.36400"}, "Basic EPS": {"2020-12-31": "4.54000", "2020-09-30": "7.80000", "2020-06-30": "6.59000", "2020-03-31": "3.53000", "2019-12-31": "2.71000", "2019-09-30": "6.28000", "2019-06-30": "5.13000", "2019-03-31": "2.67000", "2018-12-31": "1.10000", "2018-09-30": "3.80000", "2018-06-30": "4.34000", "2018-03-31": "2.68000", "2017-12-31": "9.18000", "2017-09-30": "3.40000", "2017-06-30": "3.44000", "2017-03-31": "2.58000", "2016-12-31": "2.21000", "2016-09-30": "4.20000", "2016-06-30": "4.12000", "2016-03-31": "1.80000", "2015-12-31": "2.16000", "2015-09-30": "4.06000", "2015-06-30": "3.79000", "2015-03-31": "1.42000", "2014-12-31": "1.42000", "2014-09-30": "3.42000", "2014-06-30": "3.00000", "2014-03-31": "1.16000", "2013-12-31": "1.17000", "2013-09-30": "2.60000", "2013-06-30": "2.51000", "2013-03-31": "1.13000", "2012-12-31": "0.66000", "2012-09-30": "2.29000", "2012-06-30": "2.23000", "2012-03-31": "0.97000", "2011-12-31": "0.15000", "2011-09-30": "1.74000", "2011-06-30": "1.69000", "2011-03-31": "0.64000", "2010-12-31": "0.68000", "2010-09-30": "1.63000", "2010-06-30": "1.67000", "2010-03-31": "0.30000", "2009-12-31": "0.59000", "2009-09-30": "1.53000", "2009-06-30": "1.36000", "2009-03-31": "0.32000", "2008-12-31": "0.38000", "2008-09-30": "1.53000", "2008-06-30": "1.48000", "2008-03-31": "0.65000", "2007-12-31": "0.84000", "2007-09-30": "1.59000", "2007-06-30": "1.56000", "2007-03-31": "0.85000", "2006-12-31": "0.76000", "2006-09-30": "1.34000", "2006-06-30": "1.37000", "2006-03-31": "0.84000", "2005-12-31": "0.56000", "2005-09-30": "1.11000", "2005-06-30": "1.12000", "2005-03-31": "0.60000"}, "EPS - Earnings Per Share": {"2020-12-31": "4.46000", "2020-09-30": "7.66000", "2020-06-30": "6.48000", "2020-03-31": "3.46000", "2019-12-31": "2.68000", "2019-09-30": "6.16000", "2019-06-30": "5.03000", "2019-03-31": "2.62000", "2018-12-31": "1.08000", "2018-09-30": "3.72000", "2018-06-30": "4.25000", "2018-03-31": "2.62000", "2017-12-31": "8.98000", "2017-09-30": "3.33000", "2017-06-30": "3.36000", "2017-03-31": "2.53000", "2016-12-31": "2.17000", "2016-09-30": "4.08000", "2016-06-30": "3.99000", "2016-03-31": "1.75000", "2015-12-31": "2.10000", "2015-09-30": "3.97000", "2015-06-30": "3.70000", "2015-03-31": "1.38000", "2014-12-31": "1.34000", "2014-09-30": "3.35000", "2014-06-30": "2.94000", "2014-03-31": "1.14000", "2013-12-31": "1.14000", "2013-09-30": "2.55000", "2013-06-30": "2.46000", "2013-03-31": "1.11000", "2012-12-31": "0.66000", "2012-09-30": "2.24000", "2012-06-30": "2.17000", "2012-03-31": "0.95000", "2011-12-31": "0.14000", "2011-09-30": "1.71000", "2011-06-30": "1.66000", "2011-03-31": "0.63000", "2010-12-31": "0.67000", "2010-09-30": "1.60000", "2010-06-30": "1.64000", "2010-03-31": "0.30000", "2009-12-31": "0.60000", "2009-09-30": "1.51000", "2009-06-30": "1.35000", "2009-03-31": "0.32000", "2008-12-31": "0.41000", "2008-09-30": "1.50000", "2008-06-30": "1.45000", "2008-03-31": "0.64000", "2007-12-31": "0.80000", "2007-09-30": "1.55000", "2007-06-30": "1.52000", "2007-03-31": "0.83000", "2006-12-31": "0.74000", "2006-09-30": "1.30000", "2006-06-30": "1.33000", "2006-03-31": "0.82000", "2005-12-31": "0.55000", "2005-09-30": "1.07000", "2005-06-30": "1.08000", "2005-03-31": "0.58000"}}, "balance sheet": {"Cash On Hand": {"2020-12-31": "226.60000", "2019-12-31": "161.80000", "2018-12-31": "155.50000", "2017-12-31": "204.20000", "2016-12-31": "889.79300", "2015-12-31": "205.74400", "2014-12-31": "40.73200", "2013-12-31": "744.88900", "2012-12-31": "862.59000", "2011-12-31": "32.69600", "2010-12-31": "58.58500", "2009-12-31": "69.32900", "2008-12-31": "26.21200", "2007-12-31": "27.32500", "2006-12-31": "490.37000", "2005-12-31": "36.04100"}, "Receivables": {"2020-12-31": "2078.10000", "2019-12-31": "2088.90000", "2018-12-31": "2018.80000", "2017-12-31": "2104.60000", "2016-12-31": "1230.98700", "2015-12-31": "1114.27500", "2014-12-31": "1130.56500", "2013-12-31": "1097.75100", "2012-12-31": "1032.50800", "2011-12-31": "989.87300", "2010-12-31": "916.66100", "2009-12-31": "696.05500", "2008-12-31": "769.98500", "2007-12-31": "870.67500", "2006-12-31": "864.97200", "2005-12-31": "809.27700"}, "Inventory": {"2020-12-31": "1804.10000", "2019-12-31": "1889.60000", "2018-12-31": "1815.30000", "2017-12-31": "1742.50000", "2016-12-31": "1068.32600", "2015-12-31": "1018.53000", "2014-12-31": "1033.52700", "2013-12-31": "970.81500", "2012-12-31": "920.32400", "2011-12-31": "926.80900", "2010-12-31": "917.70100", "2009-12-31": "738.48800", "2008-12-31": "864.20000", "2007-12-31": "887.46500", "2006-12-31": "825.17900", "2005-12-31": "808.54400"}, "Pre-Paid Expenses": {"2020-12-31": "", "2019-12-31": "", "2018-12-31": "", "2017-12-31": "", "2016-12-31": "", "2015-12-31": "", "2014-12-31": "", "2013-12-31": "", "2012-12-31": "", "2011-12-31": "", "2010-12-31": "", "2009-12-31": "", "2008-12-31": "", "2007-12-31": "", "2006-12-31": "", "2005-12-31": ""}, "Other Current Assets": {"2020-12-31": "482.60000", "2019-12-31": "491.40000", "2018-12-31": "354.90000", "2017-12-31": "355.70000", "2016-12-31": "381.03000", "2015-12-31": "230.74800", "2014-12-31": "251.65500", "2013-12-31": "240.76600", "2012-12-31": "207.08600", "2011-12-31": "163.00800", "2010-12-31": "193.42700", "2009-12-31": "144.87100", "2008-12-31": "151.24000", "2007-12-31": "179.51500", "2006-12-31": "149.65900", "2005-12-31": "132.78400"}, "Total Current Assets": {"2020-12-31": "4591.40000", "2019-12-31": "4631.70000", "2018-12-31": "4344.50000", "2017-12-31": "4407.00000", "2016-12-31": "3627.29800", "2015-12-31": "2657.18000", "2014-12-31": "2565.56600", "2013-12-31": "3158.71700", "2012-12-31": "3149.23800", "2011-12-31": "2261.59300", "2010-12-31": "2213.72200", "2009-12-31": "1770.01900", "2008-12-31": "1909.20500", "2007-12-31": "2069.58000", "2006-12-31": "2450.28100", "2005-12-31": "1894.38500"}, "Property, Plant, And Equipment": {"2020-12-31": "1834.50000", "2019-12-31": "1835.20000", "2018-12-31": "1776.80000", "2017-12-31": "1877.10000", "2016-12-31": "1095.88800", "2015-12-31": "1041.86200", "2014-12-31": "1021.03000", "2013-12-31": "1021.38300", "2012-12-31": "965.89600", "2011-12-31": "956.53000", "2010-12-31": "952.11800", "2009-12-31": "818.68500", "2008-12-31": "860.12500", "2007-12-31": "899.37200", "2006-12-31": "828.78100", "2005-12-31": "745.14800"}, "Long-Term Investments": {"2020-12-31": "", "2019-12-31": "", "2018-12-31": "", "2017-12-31": "", "2016-12-31": "", "2015-12-31": "", "2014-12-31": "", "2013-12-31": "", "2012-12-31": "", "2011-12-31": "", "2010-12-31": "", "2009-12-31": "", "2008-12-31": "", "2007-12-31": "", "2006-12-31": "", "2005-12-31": ""}, "Goodwill And Intangible Assets": {"2020-12-31": "11520.30000", "2019-12-31": "11739.30000", "2018-12-31": "12158.30000", "2017-12-31": "12816.70000", "2016-12-31": "1381.90200", "2015-12-31": "1398.70400", "2014-12-31": "1447.47300", "2013-12-31": "1491.98600", "2012-12-31": "1503.55800", "2011-12-31": "1413.88100", "2010-12-31": "1422.96200", "2009-12-31": "1294.23800", "2008-12-31": "1306.67500", "2007-12-31": "1347.75700", "2006-12-31": "1202.38600", "2005-12-31": "1178.31700"}, "Other Long-Term Assets": {"2020-12-31": "641.20000", "2019-12-31": "561.40000", "2018-12-31": "584.00000", "2017-12-31": "502.00000", "2016-12-31": "421.90400", "2015-12-31": "436.30900", "2014-12-31": "415.12000", "2013-12-31": "407.97500", "2012-12-31": "366.13400", "2011-12-31": "368.89800", "2010-12-31": "332.10000", "2009-12-31": "195.61200", "2008-12-31": "124.11700", "2007-12-31": "138.07800", "2006-12-31": "125.97100", "2005-12-31": "142.03700"}, "Total Long-Term Assets": {"2020-12-31": "15810.20000", "2019-12-31": "15864.50000", "2018-12-31": "14789.80000", "2017-12-31": "15492.50000", "2016-12-31": "3125.22300", "2015-12-31": "3121.75700", "2014-12-31": "3133.76700", "2013-12-31": "3223.79000", "2012-12-31": "3085.49900", "2011-12-31": "2967.65900", "2010-12-31": "2955.51300", "2009-12-31": "2553.83600", "2008-12-31": "2506.55400", "2007-12-31": "2785.76000", "2006-12-31": "2544.80600", "2005-12-31": "2474.81000"}, "Total Assets": {"2020-12-31": "20401.60000", "2019-12-31": "20496.20000", "2018-12-31": "19134.30000", "2017-12-31": "19899.50000", "2016-12-31": "6752.52100", "2015-12-31": "5778.93700", "2014-12-31": "5699.33300", "2013-12-31": "6382.50700", "2012-12-31": "6234.73700", "2011-12-31": "5229.25200", "2010-12-31": "5169.23500", "2009-12-31": "4323.85500", "2008-12-31": "4415.75900", "2007-12-31": "4855.34000", "2006-12-31": "4995.08700", "2005-12-31": "4369.19500"}, "Total Current Liabilities": {"2020-12-31": "4594.40000", "2019-12-31": "4521.90000", "2018-12-31": "4297.70000", "2017-12-31": "3987.20000", "2016-12-31": "2829.17900", "2015-12-31": "2141.85900", "2014-12-31": "2680.66600", "2013-12-31": "2528.55700", "2012-12-31": "1876.43600", "2011-12-31": "2162.66100", "2010-12-31": "2063.94000", "2009-12-31": "1393.66800", "2008-12-31": "1936.73600", "2007-12-31": "2141.38500", "2006-12-31": "2074.81500", "2005-12-31": "1554.37100"}, "Long Term Debt": {"2020-12-31": "8266.90000", "2019-12-31": "8050.70000", "2018-12-31": "8708.10000", "2017-12-31": "9885.70000", "2016-12-31": "1211.32600", "2015-12-31": "1907.27800", "2014-12-31": "1115.99600", "2013-12-31": "1122.37300", "2012-12-31": "1632.16500", "2011-12-31": "639.23100", "2010-12-31": "648.32600", "2009-12-31": "782.67000", "2008-12-31": "303.72700", "2007-12-31": "293.45400", "2006-12-31": "291.87600", "2005-12-31": "486.99600"}, "Other Non-Current Liabilities": {"2020-12-31": "1373.70000", "2019-12-31": "1196.70000", "2018-12-31": "1009.30000", "2017-12-31": "684.40000", "2016-12-31": "509.34500", "2015-12-31": "474.65800", "2014-12-31": "628.30900", "2013-12-31": "688.16800", "2012-12-31": "614.10900", "2011-12-31": "612.91300", "2010-12-31": "551.63300", "2009-12-31": "372.78300", "2008-12-31": "321.04500", "2007-12-31": "372.05400", "2006-12-31": "334.62800", "2005-12-31": "370.69000"}, "Total Long Term Liabilities": {"2020-12-31": "12196.40000", "2019-12-31": "11851.00000", "2018-12-31": "11105.90000", "2017-12-31": "12264.40000", "2016-12-31": "2044.90100", "2015-12-31": "2769.16800", "2014-12-31": "2022.19700", "2013-12-31": "2079.41500", "2012-12-31": "2566.49700", "2011-12-31": "1549.67200", "2010-12-31": "1495.85500", "2009-12-31": "1439.23700", "2008-12-31": "873.37500", "2007-12-31": "928.22800", "2006-12-31": "927.91200", "2005-12-31": "1084.21200"}, "Total Liabilities": {"2020-12-31": "16790.80000", "2019-12-31": "16372.90000", "2018-12-31": "15403.60000", "2017-12-31": "16251.60000", "2016-12-31": "4874.08000", "2015-12-31": "4911.02700", "2014-12-31": "4702.86300", "2013-12-31": "4607.97200", "2012-12-31": "4442.93300", "2011-12-31": "3712.33300", "2010-12-31": "3559.79500", "2009-12-31": "2832.90500", "2008-12-31": "2810.11100", "2007-12-31": "3069.61300", "2006-12-31": "3002.72700", "2005-12-31": "2638.58300"}, "Common Stock Net": {"2020-12-31": "", "2019-12-31": "119.40000", "2018-12-31": "118.40000", "2017-12-31": "117.60000", "2016-12-31": "116.56300", "2015-12-31": "115.76100", "2014-12-31": "114.52500", "2013-12-31": "112.90200", "2012-12-31": "111.62300", "2011-12-31": "107.45400", "2010-12-31": "231.34600", "2009-12-31": "228.64700", "2008-12-31": "227.14700", "2007-12-31": "225.57700", "2006-12-31": "222.98500", "2005-12-31": "218.93500"}, "Retained Earnings (Accumulated Deficit)": {"2020-12-31": "", "2019-12-31": "7366.90000", "2018-12-31": "6246.50000", "2017-12-31": "5458.40000", "2016-12-31": "4049.49700", "2015-12-31": "3228.87600", "2014-12-31": "2424.67400", "2013-12-31": "1774.05000", "2012-12-31": "1226.46700", "2011-12-31": "756.37200", "2010-12-31": "4824.48900", "2009-12-31": "4518.42800", "2008-12-31": "4245.14100", "2007-12-31": "3935.48500", "2006-12-31": "3485.56400", "2005-12-31": "3044.86300"}, "Comprehensive Income": {"2020-12-31": "", "2019-12-31": "-679.50000", "2018-12-31": "-629.90000", "2017-12-31": "-384.90000", "2016-12-31": "-540.35100", "2015-12-31": "-587.09500", "2014-12-31": "-471.95800", "2013-12-31": "-321.04400", "2012-12-31": "-370.38900", "2011-12-31": "-367.87800", "2010-12-31": "-278.32100", "2009-12-31": "-317.45500", "2008-12-31": "-410.61800", "2007-12-31": "-198.60300", "2006-12-31": "-262.46400", "2005-12-31": "-213.54000"}, "Other Share Holders Equity": {"2020-12-31": "", "2019-12-31": "", "2018-12-31": "", "2017-12-31": "", "2016-12-31": "", "2015-12-31": "", "2014-12-31": "", "2013-12-31": "", "2012-12-31": "", "2011-12-31": "", "2010-12-31": "", "2009-12-31": "", "2008-12-31": "", "2007-12-31": "", "2006-12-31": "", "2005-12-31": ""}, "Share Holder Equity": {"2020-12-31": "3610.80000", "2019-12-31": "4123.30000", "2018-12-31": "3730.70000", "2017-12-31": "3647.90000", "2016-12-31": "1878.44100", "2015-12-31": "867.91000", "2014-12-31": "996.47000", "2013-12-31": "1774.53500", "2012-12-31": "1791.80400", "2011-12-31": "1516.91900", "2010-12-31": "1609.44000", "2009-12-31": "1490.95000", "2008-12-31": "1605.64800", "2007-12-31": "1785.72700", "2006-12-31": "1992.36000", "2005-12-31": "1730.61200"}, "Total Liabilities And Share Holders Equity": {"2020-12-31": "20401.60000", "2019-12-31": "20496.20000", "2018-12-31": "19134.30000", "2017-12-31": "19899.50000", "2016-12-31": "6752.52100", "2015-12-31": "5778.93700", "2014-12-31": "5699.33300", "2013-12-31": "6382.50700", "2012-12-31": "6234.73700", "2011-12-31": "5229.25200", "2010-12-31": "5169.23500", "2009-12-31": "4323.85500", "2008-12-31": "4415.75900", "2007-12-31": "4855.34000", "2006-12-31": "4995.08700", "2005-12-31": "4369.19500"}}, "balance sheet, quarterly": {"Cash On Hand": {"2020-12-31": "226.60000", "2020-09-30": "619.90000", "2020-06-30": "188.10000", "2020-03-31": "238.50000", "2019-12-31": "161.80000", "2019-09-30": "189.60000", "2019-06-30": "145.60000", "2019-03-31": "94.40000", "2018-12-31": "155.50000", "2018-09-30": "181.51100", "2018-06-30": "154.97300", "2018-03-31": "158.61300", "2017-12-31": "204.20000", "2017-09-30": "207.93700", "2017-06-30": "210.04900", "2017-03-31": "1017.80800", "2016-12-31": "889.79300", "2016-09-30": "702.56900", "2016-06-30": "402.65600", "2016-03-31": "70.54800", "2015-12-31": "205.74400", "2015-09-30": "91.02900", "2015-06-30": "75.06800", "2015-03-31": "64.01300", "2014-12-31": "40.73200", "2014-09-30": "261.34600", "2014-06-30": "267.19800", "2014-03-31": "366.46500", "2013-12-31": "744.88900", "2013-09-30": "1035.71300", "2013-06-30": "741.08400", "2013-03-31": "613.93000", "2012-12-31": "862.59000", "2012-09-30": "55.18100", "2012-06-30": "46.61600", "2012-03-31": "25.49300", "2011-12-31": "32.69600", "2011-09-30": "46.02600", "2011-06-30": "71.56300", "2011-03-31": "53.94700", "2010-12-31": "58.58500", "2010-09-30": "64.94800", "2010-06-30": "48.40100", "2010-03-31": "91.17300", "2009-12-31": "69.32900", "2009-09-30": "32.77000", "2009-06-30": "49.25900", "2009-03-31": "42.24500", "2008-12-31": "26.21200", "2008-09-30": "40.92700", "2008-06-30": "45.57400", "2008-03-31": "20.12500", "2007-12-31": "27.32500", "2007-09-30": "21.23300", "2007-06-30": "57.54200", "2007-03-31": "299.83900", "2006-12-31": "490.37000", "2006-09-30": "400.36000", "2006-06-30": "248.64400", "2006-03-31": "494.25200", "2005-12-31": "36.04100", "2005-09-30": "29.83600", "2005-06-30": "12.52000", "2005-03-31": "7.49600"}, "Receivables": {"2020-12-31": "2078.10000", "2020-09-30": "2454.50000", "2020-06-30": "2472.50000", "2020-03-31": "2291.50000", "2019-12-31": "2088.90000", "2019-09-30": "2479.00000", "2019-06-30": "2659.10000", "2019-03-31": "2339.60000", "2018-12-31": "2018.80000", "2018-09-30": "2584.28000", "2018-06-30": "2625.06600", "2018-03-31": "2326.41100", "2017-12-31": "2104.60000", "2017-09-30": "2426.22200", "2017-06-30": "2377.87400", "2017-03-31": "1356.85100", "2016-12-31": "1230.98700", "2016-09-30": "1458.07300", "2016-06-30": "1473.07800", "2016-03-31": "1290.74900", "2015-12-31": "1114.27500", "2015-09-30": "1413.94600", "2015-06-30": "1454.04500", "2015-03-31": "1234.61200", "2014-12-31": "1130.56500", "2014-09-30": "1408.96700", "2014-06-30": "1402.80300", "2014-03-31": "1174.11600", "2013-12-31": "1097.75100", "2013-09-30": "1348.60700", "2013-06-30": "1299.67900", "2013-03-31": "1130.94000", "2012-12-31": "1032.50800", "2012-09-30": "1263.07900", "2012-06-30": "1237.83200", "2012-03-31": "1135.17400", "2011-12-31": "989.87300", "2011-09-30": "1173.58100", "2011-06-30": "1183.82500", "2011-03-31": "1012.15000", "2010-12-31": "916.66100", "2010-09-30": "1069.89000", "2010-06-30": "986.32700", "2010-03-31": "797.81600", "2009-12-31": "696.05500", "2009-09-30": "901.19900", "2009-06-30": "908.66000", "2009-03-31": "785.64000", "2008-12-31": "769.98500", "2008-09-30": "1072.96400", "2008-06-30": "1092.30600", "2008-03-31": "931.44800", "2007-12-31": "870.67500", "2007-09-30": "1097.34200", "2007-06-30": "1093.34500", "2007-03-31": "922.20200", "2006-12-31": "864.97200", "2006-09-30": "1015.13900", "2006-06-30": "1040.64700", "2006-03-31": "909.15500", "2005-12-31": "809.27700", "2005-09-30": "956.10900", "2005-06-30": "982.96800", "2005-03-31": "838.87900"}, "Inventory": {"2020-12-31": "1804.10000", "2020-09-30": "1672.80000", "2020-06-30": "1788.60000", "2020-03-31": "1954.80000", "2019-12-31": "1889.60000", "2019-09-30": "1825.00000", "2019-06-30": "1894.90000", "2019-03-31": "1993.40000", "2018-12-31": "1815.30000", "2018-09-30": "1802.41800", "2018-06-30": "1815.74100", "2018-03-31": "1942.72000", "2017-12-31": "1742.50000", "2017-09-30": "1704.21300", "2017-06-30": "1854.93700", "2017-03-31": "1247.68800", "2016-12-31": "1068.32600", "2016-09-30": "1112.51200", "2016-06-30": "1152.23200", "2016-03-31": "1147.36100", "2015-12-31": "1018.53000", "2015-09-30": "1052.83000", "2015-06-30": "1131.97600", "2015-03-31": "1161.25000", "2014-12-31": "1033.52700", "2014-09-30": "1046.64200", "2014-06-30": "1091.18200", "2014-03-31": "1096.78300", "2013-12-31": "970.81500", "2013-09-30": "1017.61800", "2013-06-30": "984.84400", "2013-03-31": "1013.66600", "2012-12-31": "920.32400", "2012-09-30": "963.69500", "2012-06-30": "1031.47800", "2012-03-31": "1017.19500", "2011-12-31": "926.80900", "2011-09-30": "966.75600", "2011-06-30": "1067.01100", "2011-03-31": "1064.10300", "2010-12-31": "917.70100", "2010-09-30": "858.98800", "2010-06-30": "793.82800", "2010-03-31": "787.31600", "2009-12-31": "738.48800", "2009-09-30": "726.49300", "2009-06-30": "769.99200", "2009-03-31": "838.81600", "2008-12-31": "864.20000", "2008-09-30": "863.45900", "2008-06-30": "920.63800", "2008-03-31": "953.46500", "2007-12-31": "887.46500", "2007-09-30": "886.34200", "2007-06-30": "898.04900", "2007-03-31": "880.17500", "2006-12-31": "825.17900", "2006-09-30": "855.40100", "2006-06-30": "864.87200", "2006-03-31": "902.22500", "2005-12-31": "808.54400", "2005-09-30": "821.63700", "2005-06-30": "864.24400", "2005-03-31": "875.15000"}, "Pre-Paid Expenses": {"2020-12-31": "", "2020-09-30": "", "2020-06-30": "", "2020-03-31": "", "2019-12-31": "", "2019-09-30": "", "2019-06-30": "", "2019-03-31": "", "2018-12-31": "", "2018-09-30": "", "2018-06-30": "", "2018-03-31": "", "2017-12-31": "", "2017-09-30": "", "2017-06-30": "", "2017-03-31": "", "2016-12-31": "", "2016-09-30": "", "2016-06-30": "", "2016-03-31": "", "2015-12-31": "", "2015-09-30": "", "2015-06-30": "", "2015-03-31": "", "2014-12-31": "", "2014-09-30": "", "2014-06-30": "", "2014-03-31": "", "2013-12-31": "", "2013-09-30": "", "2013-06-30": "", "2013-03-31": "", "2012-12-31": "", "2012-09-30": "", "2012-06-30": "", "2012-03-31": "", "2011-12-31": "", "2011-09-30": "", "2011-06-30": "", "2011-03-31": "", "2010-12-31": "", "2010-09-30": "", "2010-06-30": "", "2010-03-31": "", "2009-12-31": "", "2009-09-30": "", "2009-06-30": "", "2009-03-31": "", "2008-12-31": "", "2008-09-30": "", "2008-06-30": "", "2008-03-31": "", "2007-12-31": "", "2007-09-30": "", "2007-06-30": "", "2007-03-31": "", "2006-12-31": "", "2006-09-30": "", "2006-06-30": "", "2006-03-31": "", "2005-12-31": "", "2005-09-30": "", "2005-06-30": "", "2005-03-31": ""}, "Other Current Assets": {"2020-12-31": "482.60000", "2020-09-30": "428.40000", "2020-06-30": "434.00000", "2020-03-31": "443.20000", "2019-12-31": "491.40000", "2019-09-30": "414.10000", "2019-06-30": "390.40000", "2019-03-31": "387.80000", "2018-12-31": "354.90000", "2018-09-30": "410.91300", "2018-06-30": "382.51500", "2018-03-31": "400.24900", "2017-12-31": "355.70000", "2017-09-30": "345.53200", "2017-06-30": "411.14100", "2017-03-31": "254.31700", "2016-12-31": "381.03000", "2016-09-30": "286.52700", "2016-06-30": "300.56900", "2016-03-31": "282.40500", "2015-12-31": "230.74800", "2015-09-30": "257.69400", "2015-06-30": "234.92300", "2015-03-31": "196.83200", "2014-12-31": "251.65500", "2014-09-30": "260.96500", "2014-06-30": "244.20200", "2014-03-31": "227.64100", "2013-12-31": "240.76600", "2013-09-30": "240.47100", "2013-06-30": "187.09600", "2013-03-31": "196.00300", "2012-12-31": "207.08600", "2012-09-30": "178.35000", "2012-06-30": "159.39100", "2012-03-31": "150.47800", "2011-12-31": "163.00800", "2011-09-30": "195.94000", "2011-06-30": "187.29100", "2011-03-31": "208.16000", "2010-12-31": "193.42700", "2010-09-30": "209.83800", "2010-06-30": "190.41800", "2010-03-31": "152.95100", "2009-12-31": "144.87100", "2009-09-30": "162.86300", "2009-06-30": "151.01200", "2009-03-31": "143.31200", "2008-12-31": "151.24000", "2008-09-30": "195.81600", "2008-06-30": "203.97300", "2008-03-31": "184.90000", "2007-12-31": "179.51500", "2007-09-30": "191.94500", "2007-06-30": "168.69100", "2007-03-31": "162.60200", "2006-12-31": "149.65900", "2006-09-30": "163.95800", "2006-06-30": "153.09200", "2006-03-31": "142.04000", "2005-12-31": "132.78400", "2005-09-30": "150.56400", "2005-06-30": "141.11900", "2005-03-31": "152.73400"}, "Total Current Assets": {"2020-12-31": "4591.40000", "2020-09-30": "5175.60000", "2020-06-30": "4883.20000", "2020-03-31": "4928.00000", "2019-12-31": "4631.70000", "2019-09-30": "4907.70000", "2019-06-30": "5090.00000", "2019-03-31": "4815.20000", "2018-12-31": "4344.50000", "2018-09-30": "4979.12200", "2018-06-30": "4978.29500", "2018-03-31": "4827.99300", "2017-12-31": "4407.00000", "2017-09-30": "4683.90400", "2017-06-30": "4854.00100", "2017-03-31": "3876.66400", "2016-12-31": "3627.29800", "2016-09-30": "3708.23100", "2016-06-30": "3483.94200", "2016-03-31": "2888.62500", "2015-12-31": "2657.18000", "2015-09-30": "2922.56200", "2015-06-30": "3003.91400", "2015-03-31": "2764.57600", "2014-12-31": "2565.56600", "2014-09-30": "3079.73500", "2014-06-30": "3108.11800", "2014-03-31": "2967.47800", "2013-12-31": "3158.71700", "2013-09-30": "3770.71500", "2013-06-30": "3342.43500", "2013-03-31": "3086.75200", "2012-12-31": "3149.23800", "2012-09-30": "2609.39500", "2012-06-30": "2624.00200", "2012-03-31": "2477.12600", "2011-12-31": "2261.59300", "2011-09-30": "2509.39300", "2011-06-30": "2638.18200", "2011-03-31": "2466.40000", "2010-12-31": "2213.72200", "2010-09-30": "2325.10200", "2010-06-30": "2139.92200", "2010-03-31": "1950.39800", "2009-12-31": "1770.01900", "2009-09-30": "1922.71400", "2009-06-30": "1977.77100", "2009-03-31": "1907.68900", "2008-12-31": "1909.20500", "2008-09-30": "2276.89100", "2008-06-30": "2367.62900", "2008-03-31": "2194.64200", "2007-12-31": "2069.58000", "2007-09-30": "2320.31400", "2007-06-30": "2340.27400", "2007-03-31": "2386.87100", "2006-12-31": "2450.28100", "2006-09-30": "2545.06200", "2006-06-30": "2417.05400", "2006-03-31": "2555.42900", "2005-12-31": "1894.38500", "2005-09-30": "2048.41500", "2005-06-30": "2090.26000", "2005-03-31": "1962.82100"}, "Property, Plant, And Equipment": {"2020-12-31": "1834.50000", "2020-09-30": "1780.00000", "2020-06-30": "1798.60000", "2020-03-31": "1829.50000", "2019-12-31": "1835.20000", "2019-09-30": "1798.30000", "2019-06-30": "1773.60000", "2019-03-31": "1763.00000", "2018-12-31": "1776.80000", "2018-09-30": "1766.35400", "2018-06-30": "1776.37800", "2018-03-31": "1840.00500", "2017-12-31": "1877.10000", "2017-09-30": "1895.54900", "2017-06-30": "1889.91700", "2017-03-31": "1063.09500", "2016-12-31": "1095.88800", "2016-09-30": "1083.92200", "2016-06-30": "1072.25700", "2016-03-31": "1057.02500", "2015-12-31": "1041.86200", "2015-09-30": "1015.16700", "2015-06-30": "1005.31900", "2015-03-31": "998.43200", "2014-12-31": "1021.03000", "2014-09-30": "1013.28500", "2014-06-30": "1006.29600", "2014-03-31": "1004.39400", "2013-12-31": "1021.38300", "2013-09-30": "1010.92800", "2013-06-30": "952.19100", "2013-03-31": "954.91700", "2012-12-31": "965.89600", "2012-09-30": "943.60100", "2012-06-30": "938.39500", "2012-03-31": "950.78200", "2011-12-31": "956.53000", "2011-09-30": "939.48600", "2011-06-30": "958.30600", "2011-03-31": "946.41900", "2010-12-31": "952.11800", "2010-09-30": "912.88000", "2010-06-30": "827.51300", "2010-03-31": "807.72200", "2009-12-31": "818.68500", "2009-09-30": "832.61300", "2009-06-30": "842.30300", "2009-03-31": "848.46900", "2008-12-31": "860.12500", "2008-09-30": "884.91700", "2008-06-30": "904.81900", "2008-03-31": "907.77700", "2007-12-31": "899.37200", "2007-09-30": "880.74400", "2007-06-30": "878.24000", "2007-03-31": "839.42200", "2006-12-31": "828.78100", "2006-09-30": "796.79700", "2006-06-30": "778.62000", "2006-03-31": "755.78100", "2005-12-31": "745.14800", "2005-09-30": "737.77100", "2005-06-30": "733.69100", "2005-03-31": "721.99500"}, "Long-Term Investments": {"2020-12-31": "", "2020-09-30": "", "2020-06-30": "", "2020-03-31": "", "2019-12-31": "", "2019-09-30": "", "2019-06-30": "", "2019-03-31": "", "2018-12-31": "", "2018-09-30": "", "2018-06-30": "", "2018-03-31": "", "2017-12-31": "", "2017-09-30": "", "2017-06-30": "", "2017-03-31": "", "2016-12-31": "", "2016-09-30": "", "2016-06-30": "", "2016-03-31": "", "2015-12-31": "", "2015-09-30": "", "2015-06-30": "", "2015-03-31": "", "2014-12-31": "", "2014-09-30": "", "2014-06-30": "", "2014-03-31": "", "2013-12-31": "", "2013-09-30": "", "2013-06-30": "", "2013-03-31": "", "2012-12-31": "", "2012-09-30": "", "2012-06-30": "", "2012-03-31": "", "2011-12-31": "", "2011-09-30": "", "2011-06-30": "", "2011-03-31": "", "2010-12-31": "", "2010-09-30": "", "2010-06-30": "", "2010-03-31": "", "2009-12-31": "", "2009-09-30": "", "2009-06-30": "", "2009-03-31": "", "2008-12-31": "", "2008-09-30": "", "2008-06-30": "", "2008-03-31": "", "2007-12-31": "", "2007-09-30": "", "2007-06-30": "", "2007-03-31": "", "2006-12-31": "", "2006-09-30": "", "2006-06-30": "", "2006-03-31": "", "2005-12-31": "", "2005-09-30": "", "2005-06-30": "", "2005-03-31": ""}, "Goodwill And Intangible Assets": {"2020-12-31": "11520.30000", "2020-09-30": "11504.30000", "2020-06-30": "11510.50000", "2020-03-31": "11544.10000", "2019-12-31": "11739.30000", "2019-09-30": "11848.00000", "2019-06-30": "12005.50000", "2019-03-31": "12083.50000", "2018-12-31": "12158.30000", "2018-09-30": "12253.18000", "2018-06-30": "12457.72000", "2018-03-31": "12776.28000", "2017-12-31": "12816.70000", "2017-09-30": "13386.55000", "2017-06-30": "13180.65000", "2017-03-31": "1382.71700", "2016-12-31": "1381.90200", "2016-09-30": "1399.89700", "2016-06-30": "1391.77000", "2016-03-31": "1397.62100", "2015-12-31": "1398.70400", "2015-09-30": "1411.83900", "2015-06-30": "1425.60200", "2015-03-31": "1427.04000", "2014-12-31": "1447.47300", "2014-09-30": "1462.29800", "2014-06-30": "1481.63900", "2014-03-31": "1487.05300", "2013-12-31": "1491.98600", "2013-09-30": "1482.66400", "2013-06-30": "1483.45000", "2013-03-31": "1495.59900", "2012-12-31": "1503.55800", "2012-09-30": "1439.85000", "2012-06-30": "1437.18700", "2012-03-31": "1416.64000", "2011-12-31": "1413.88100", "2011-09-30": "1423.13000", "2011-06-30": "1433.47200", "2011-03-31": "1434.40800", "2010-12-31": "1422.96200", "2010-09-30": "1424.89100", "2010-06-30": "1288.37800", "2010-03-31": "1288.28800", "2009-12-31": "1294.23800", "2009-09-30": "1309.44500", "2009-06-30": "1311.70700", "2009-03-31": "1308.69800", "2008-12-31": "1306.67500", "2008-09-30": "1340.15600", "2008-06-30": "1329.99400", "2008-03-31": "1354.48000", "2007-12-31": "1347.75700", "2007-09-30": "1352.26700", "2007-06-30": "1302.37100", "2007-03-31": "1198.35000", "2006-12-31": "1202.38600", "2006-09-30": "1167.52700", "2006-06-30": "1171.28600", "2006-03-31": "1172.77700", "2005-12-31": "1178.31700", "2005-09-30": "1203.95000", "2005-06-30": "1212.88400", "2005-03-31": "1219.06400"}, "Other Long-Term Assets": {"2020-12-31": "641.20000", "2020-09-30": "611.20000", "2020-06-30": "605.60000", "2020-03-31": "585.29990", "2019-12-31": "604.40000", "2019-09-30": "651.30000", "2019-06-30": "649.50000", "2019-03-31": "636.49990", "2018-12-31": "584.00000", "2018-09-30": "617.14700", "2018-06-30": "581.76100", "2018-03-31": "566.04600", "2017-12-31": "502.00000", "2017-09-30": "589.31900", "2017-06-30": "568.13800", "2017-03-31": "442.21500", "2016-12-31": "421.90400", "2016-09-30": "479.67000", "2016-06-30": "471.61800", "2016-03-31": "449.00300", "2015-12-31": "436.30900", "2015-09-30": "487.22200", "2015-06-30": "442.05600", "2015-03-31": "412.33500", "2014-12-31": "415.12000", "2014-09-30": "457.48000", "2014-06-30": "440.36500", "2014-03-31": "427.23300", "2013-12-31": "407.97500", "2013-09-30": "405.05200", "2013-06-30": "379.43900", "2013-03-31": "378.56000", "2012-12-31": "366.13400", "2012-09-30": "397.40800", "2012-06-30": "394.20000", "2012-03-31": "381.60000", "2011-12-31": "368.89800", "2011-09-30": "353.83700", "2011-06-30": "350.69200", "2011-03-31": "345.47900", "2010-12-31": "332.10000", "2010-09-30": "267.13100", "2010-06-30": "235.51400", "2010-03-31": "215.59300", "2009-12-31": "195.61200", "2009-09-30": "169.15300", "2009-06-30": "154.68100", "2009-03-31": "132.68400", "2008-12-31": "124.11700", "2008-09-30": "154.65500", "2008-06-30": "154.46300", "2008-03-31": "148.80600", "2007-12-31": "138.07800", "2007-09-30": "155.37500", "2007-06-30": "136.08300", "2007-03-31": "127.69300", "2006-12-31": "125.97100", "2006-09-30": "159.00700", "2006-06-30": "153.26200", "2006-03-31": "146.19200", "2005-12-31": "142.03700", "2005-09-30": "150.56100", "2005-06-30": "146.03000", "2005-03-31": "144.29200"}, "Total Long-Term Assets": {"2020-12-31": "15810.20000", "2020-09-30": "15634.10000", "2020-06-30": "15611.30000", "2020-03-31": "15642.30000", "2019-12-31": "15864.50000", "2019-09-30": "15956.60000", "2019-06-30": "16096.10000", "2019-03-31": "16146.40000", "2018-12-31": "14789.80000", "2018-09-30": "14942.66000", "2018-06-30": "15117.53000", "2018-03-31": "15480.78000", "2017-12-31": "15492.50000", "2017-09-30": "16095.75000", "2017-06-30": "15863.40000", "2017-03-31": "3112.23900", "2016-12-31": "3125.22300", "2016-09-30": "3209.54000", "2016-06-30": "3181.73500", "2016-03-31": "3149.68400", "2015-12-31": "3121.75700", "2015-09-30": "3166.41600", "2015-06-30": "3124.66100", "2015-03-31": "3088.27000", "2014-12-31": "3133.76700", "2014-09-30": "3237.27000", "2014-06-30": "3232.88200", "2014-03-31": "3221.74700", "2013-12-31": "3223.79000", "2013-09-30": "3150.87300", "2013-06-30": "3066.06900", "2013-03-31": "3079.46800", "2012-12-31": "3085.49900", "2012-09-30": "3015.87000", "2012-06-30": "3002.37300", "2012-03-31": "2979.79300", "2011-12-31": "2967.65900", "2011-09-30": "2980.74600", "2011-06-30": "2995.58700", "2011-03-31": "2977.25300", "2010-12-31": "2955.51300", "2010-09-30": "2855.58100", "2010-06-30": "2600.36400", "2010-03-31": "2558.74800", "2009-12-31": "2553.83600", "2009-09-30": "2526.73600", "2009-06-30": "2524.33900", "2009-03-31": "2504.66700", "2008-12-31": "2506.55400", "2008-09-30": "2792.26500", "2008-06-30": "2798.14800", "2008-03-31": "2816.19500", "2007-12-31": "2785.76000", "2007-09-30": "2787.57100", "2007-06-30": "2712.60600", "2007-03-31": "2557.12700", "2006-12-31": "2544.80600", "2006-09-30": "2540.74700", "2006-06-30": "2518.17300", "2006-03-31": "2487.26800", "2005-12-31": "2474.81000", "2005-09-30": "2527.02700", "2005-06-30": "2523.96800", "2005-03-31": "2517.88100"}, "Total Assets": {"2020-12-31": "20401.60000", "2020-09-30": "20809.70000", "2020-06-30": "20494.50000", "2020-03-31": "20570.30000", "2019-12-31": "20496.20000", "2019-09-30": "20864.30000", "2019-06-30": "21186.10000", "2019-03-31": "20961.60000", "2018-12-31": "19134.30000", "2018-09-30": "19921.79000", "2018-06-30": "20095.82000", "2018-03-31": "20308.78000", "2017-12-31": "19899.50000", "2017-09-30": "20779.66000", "2017-06-30": "20717.40000", "2017-03-31": "6988.90300", "2016-12-31": "6752.52100", "2016-09-30": "6917.77100", "2016-06-30": "6665.67700", "2016-03-31": "6038.30900", "2015-12-31": "5778.93700", "2015-09-30": "6088.97800", "2015-06-30": "6128.57500", "2015-03-31": "5852.84600", "2014-12-31": "5699.33300", "2014-09-30": "6317.00500", "2014-06-30": "6341.00000", "2014-03-31": "6189.22500", "2013-12-31": "6382.50700", "2013-09-30": "6921.58800", "2013-06-30": "6408.50400", "2013-03-31": "6166.22000", "2012-12-31": "6234.73700", "2012-09-30": "5625.26500", "2012-06-30": "5626.37500", "2012-03-31": "5456.91900", "2011-12-31": "5229.25200", "2011-09-30": "5490.13900", "2011-06-30": "5633.76900", "2011-03-31": "5443.65300", "2010-12-31": "5169.23500", "2010-09-30": "5180.68300", "2010-06-30": "4740.28600", "2010-03-31": "4509.14600", "2009-12-31": "4323.85500", "2009-09-30": "4449.45000", "2009-06-30": "4502.11000", "2009-03-31": "4412.35600", "2008-12-31": "4415.75900", "2008-09-30": "5069.15600", "2008-06-30": "5165.77700", "2008-03-31": "5010.83700", "2007-12-31": "4855.34000", "2007-09-30": "5107.88500", "2007-06-30": "5052.88000", "2007-03-31": "4943.99800", "2006-12-31": "4995.08700", "2006-09-30": "5085.80900", "2006-06-30": "4935.22700", "2006-03-31": "5042.69700", "2005-12-31": "4369.19500", "2005-09-30": "4575.44200", "2005-06-30": "4614.22800", "2005-03-31": "4480.70200"}, "Total Current Liabilities": {"2020-12-31": "4594.40000", "2020-09-30": "4358.30000", "2020-06-30": "4459.60000", "2020-03-31": "5220.20000", "2019-12-31": "4521.90000", "2019-09-30": "4865.80000", "2019-06-30": "6342.60000", "2019-03-31": "5000.60000", "2018-12-31": "4297.70000", "2018-09-30": "4842.06500", "2018-06-30": "4190.08700", "2018-03-31": "4327.15200", "2017-12-31": "3987.20000", "2017-09-30": "4371.66100", "2017-06-30": "4151.91300", "2017-03-31": "2939.00200", "2016-12-31": "2829.17900", "2016-09-30": "2515.80700", "2016-06-30": "2625.21300", "2016-03-31": "2262.56100", "2015-12-31": "2141.85900", "2015-09-30": "2294.19600", "2015-06-30": "3357.23900", "2015-03-31": "3379.04500", "2014-12-31": "2680.66600", "2014-09-30": "2868.38200", "2014-06-30": "2725.28400", "2014-03-31": "2452.64400", "2013-12-31": "2528.55700", "2013-09-30": "2406.27300", "2013-06-30": "1967.50500", "2013-03-31": "1782.60600", "2012-12-31": "1876.43600", "2012-09-30": "2292.02400", "2012-06-30": "2531.80300", "2012-03-31": "2395.21200", "2011-12-31": "2162.66100", "2011-09-30": "2354.72900", "2011-06-30": "2389.81200", "2011-03-31": "2327.16200", "2010-12-31": "2063.94000", "2010-09-30": "2125.10100", "2010-06-30": "1833.54100", "2010-03-31": "1557.74200", "2009-12-31": "1393.66800", "2009-09-30": "1886.11600", "2009-06-30": "1903.73000", "2009-03-31": "1962.15200", "2008-12-31": "1936.73600", "2008-09-30": "2410.85900", "2008-06-30": "2570.11000", "2008-03-31": "2463.94700", "2007-12-31": "2141.38500", "2007-09-30": "2294.02700", "2007-06-30": "2098.92600", "2007-03-31": "2106.98900", "2006-12-31": "2074.81500", "2006-09-30": "2112.11200", "2006-06-30": "2059.08800", "2006-03-31": "2299.49000", "2005-12-31": "1554.37100", "2005-09-30": "1707.32000", "2005-06-30": "1775.23200", "2005-03-31": "1778.64100"}, "Long Term Debt": {"2020-12-31": "8266.90000", "2020-09-30": "8266.90000", "2020-06-30": "8289.40000", "2020-03-31": "8289.20000", "2019-12-31": "8050.70000", "2019-09-30": "8043.00000", "2019-06-30": "7209.50000", "2019-03-31": "8702.60000", "2018-12-31": "8708.10000", "2018-09-30": "8710.83100", "2018-06-30": "9722.91800", "2018-03-31": "9891.01700", "2017-12-31": "9885.70000", "2017-09-30": "10083.83000", "2017-06-30": "10751.28000", "2017-03-31": "1211.51200", "2016-12-31": "1211.32600", "2016-09-30": "1909.71300", "2016-06-30": "1909.21700", "2016-03-31": "1908.77400", "2015-12-31": "1907.27800", "2015-09-30": "1907.10600", "2015-06-30": "1116.66700", "2015-03-31": "1116.33700", "2014-12-31": "1115.99600", "2014-09-30": "1122.69900", "2014-06-30": "1122.42000", "2014-03-31": "1122.39600", "2013-12-31": "1122.37300", "2013-09-30": "1631.98800", "2013-06-30": "1631.95100", "2013-03-31": "1632.19800", "2012-12-31": "1632.16500", "2012-09-30": "635.34800", "2012-06-30": "635.58900", "2012-03-31": "637.88400", "2011-12-31": "639.23100", "2011-09-30": "641.25700", "2011-06-30": "644.25500", "2011-03-31": "650.88100", "2010-12-31": "648.32600", "2010-09-30": "705.47200", "2010-06-30": "699.81500", "2010-03-31": "783.08200", "2009-12-31": "782.67000", "2009-09-30": "289.42100", "2009-06-30": "291.02500", "2009-03-31": "297.75400", "2008-12-31": "303.72700", "2008-09-30": "297.39100", "2008-06-30": "294.47900", "2008-03-31": "293.49900", "2007-12-31": "293.45400", "2007-09-30": "293.97100", "2007-06-30": "292.05900", "2007-03-31": "291.63400", "2006-12-31": "291.87600", "2006-09-30": "298.75500", "2006-06-30": "300.95000", "2006-03-31": "302.57500", "2005-12-31": "486.99600", "2005-09-30": "487.31300", "2005-06-30": "487.59800", "2005-03-31": "487.94300"}, "Other Non-Current Liabilities": {"2020-12-31": "1373.70000", "2020-09-30": "1336.90000", "2020-06-30": "1269.20000", "2020-03-31": "1185.80000", "2019-12-31": "1196.70000", "2019-09-30": "1222.50000", "2019-06-30": "1149.70000", "2019-03-31": "1039.40000", "2018-12-31": "1009.30000", "2018-09-30": "803.94200", "2018-06-30": "837.47200", "2018-03-31": "689.07500", "2017-12-31": "684.40000", "2017-09-30": "709.57100", "2017-06-30": "702.15900", "2017-03-31": "505.58100", "2016-12-31": "509.34500", "2016-09-30": "508.68400", "2016-06-30": "501.35900", "2016-03-31": "615.98300", "2015-12-31": "474.65800", "2015-09-30": "630.98100", "2015-06-30": "617.67700", "2015-03-31": "609.52100", "2014-12-31": "628.30900", "2014-09-30": "700.28200", "2014-06-30": "696.24200", "2014-03-31": "690.66100", "2013-12-31": "688.16800", "2013-09-30": "693.45700", "2013-06-30": "621.29900", "2013-03-31": "618.24000", "2012-12-31": "614.10900", "2012-09-30": "619.04500", "2012-06-30": "620.93200", "2012-03-31": "617.05900", "2011-12-31": "612.91300", "2011-09-30": "547.02600", "2011-06-30": "556.11200", "2011-03-31": "561.37900", "2010-12-31": "551.63300", "2010-09-30": "421.87000", "2010-06-30": "391.04400", "2010-03-31": "388.94800", "2009-12-31": "372.78300", "2009-09-30": "320.26600", "2009-06-30": "323.26700", "2009-03-31": "321.10700", "2008-12-31": "321.04500", "2008-09-30": "357.40200", "2008-06-30": "371.33200", "2008-03-31": "370.35200", "2007-12-31": "372.05400", "2007-09-30": "369.38100", "2007-06-30": "342.38800", "2007-03-31": "328.40200", "2006-12-31": "334.62800", "2006-09-30": "381.89000", "2006-06-30": "375.82800", "2006-03-31": "369.31100", "2005-12-31": "370.69000", "2005-09-30": "401.57700", "2005-06-30": "411.65000", "2005-03-31": "393.16800"}, "Total Long Term Liabilities": {"2020-12-31": "12196.40000", "2020-09-30": "12244.10000", "2020-06-30": "12165.00000", "2020-03-31": "12061.00000", "2019-12-31": "11851.00000", "2019-09-30": "11975.60000", "2019-06-30": "11096.00000", "2019-03-31": "12500.90000", "2018-12-31": "11105.90000", "2018-09-30": "11149.20000", "2018-06-30": "12202.96000", "2018-03-31": "12335.89000", "2017-12-31": "12264.40000", "2017-09-30": "13667.01000", "2017-06-30": "14174.22000", "2017-03-31": "1984.55100", "2016-12-31": "2044.90100", "2016-09-30": "2804.18100", "2016-06-30": "2793.83500", "2016-03-31": "2774.92500", "2015-12-31": "2769.16800", "2015-09-30": "2818.61700", "2015-06-30": "2013.99400", "2015-03-31": "2004.62900", "2014-12-31": "2022.19700", "2014-09-30": "2096.68700", "2014-06-30": "2090.75700", "2014-03-31": "2083.54200", "2013-12-31": "2079.41500", "2013-09-30": "2645.66400", "2013-06-30": "2573.46900", "2013-03-31": "2570.65900", "2012-12-31": "2566.49700", "2012-09-30": "1553.83100", "2012-06-30": "1555.31900", "2012-03-31": "1553.11000", "2011-12-31": "1549.67200", "2011-09-30": "1485.48300", "2011-06-30": "1497.14500", "2011-03-31": "1508.59900", "2010-12-31": "1495.85500", "2010-09-30": "1412.44600", "2010-06-30": "1375.51900", "2010-03-31": "1456.25800", "2009-12-31": "1439.23700", "2009-09-30": "860.48200", "2009-06-30": "864.38200", "2009-03-31": "868.24500", "2008-12-31": "873.37500", "2008-09-30": "920.01100", "2008-06-30": "930.13810", "2008-03-31": "927.27800", "2007-12-31": "928.22800", "2007-09-30": "969.06200", "2007-06-30": "938.72100", "2007-03-31": "922.87100", "2006-12-31": "927.91200", "2006-09-30": "911.53500", "2006-06-30": "906.24300", "2006-03-31": "899.91910", "2005-12-31": "1084.21200", "2005-09-30": "1115.05300", "2005-06-30": "1128.63900", "2005-03-31": "1108.39500"}, "Total Liabilities": {"2020-12-31": "16790.80000", "2020-09-30": "16602.40000", "2020-06-30": "16624.60000", "2020-03-31": "17281.20000", "2019-12-31": "16372.90000", "2019-09-30": "16841.40000", "2019-06-30": "17438.60000", "2019-03-31": "17501.50000", "2018-12-31": "15403.60000", "2018-09-30": "15991.26000", "2018-06-30": "16393.05000", "2018-03-31": "16663.04000", "2017-12-31": "16251.60000", "2017-09-30": "18038.67000", "2017-06-30": "18326.14000", "2017-03-31": "4923.55300", "2016-12-31": "4874.08000", "2016-09-30": "5319.98800", "2016-06-30": "5419.04800", "2016-03-31": "5037.48600", "2015-12-31": "4911.02700", "2015-09-30": "5112.81300", "2015-06-30": "5371.23300", "2015-03-31": "5383.67400", "2014-12-31": "4702.86300", "2014-09-30": "4965.06900", "2014-06-30": "4816.04100", "2014-03-31": "4536.18600", "2013-12-31": "4607.97200", "2013-09-30": "5051.93700", "2013-06-30": "4540.97400", "2013-03-31": "4353.26500", "2012-12-31": "4442.93300", "2012-09-30": "3845.85500", "2012-06-30": "4087.12200", "2012-03-31": "3948.32200", "2011-12-31": "3712.33300", "2011-09-30": "3840.21200", "2011-06-30": "3886.95700", "2011-03-31": "3835.76100", "2010-12-31": "3559.79500", "2010-09-30": "3537.54700", "2010-06-30": "3209.06000", "2010-03-31": "3014.00000", "2009-12-31": "2832.90500", "2009-09-30": "2746.59800", "2009-06-30": "2768.11200", "2009-03-31": "2830.39700", "2008-12-31": "2810.11100", "2008-09-30": "3330.87000", "2008-06-30": "3500.24800", "2008-03-31": "3391.22500", "2007-12-31": "3069.61300", "2007-09-30": "3263.08900", "2007-06-30": "3037.64700", "2007-03-31": "3029.86000", "2006-12-31": "3002.72700", "2006-09-30": "3023.64700", "2006-06-30": "2965.33100", "2006-03-31": "3199.40900", "2005-12-31": "2638.58300", "2005-09-30": "2822.37300", "2005-06-30": "2903.87100", "2005-03-31": "2887.03600"}, "Common Stock Net": {"2020-12-31": "", "2020-09-30": "120.40000", "2020-06-30": "120.00000", "2020-03-31": "119.70000", "2019-12-31": "119.40000", "2019-09-30": "119.20000", "2019-06-30": "118.90000", "2019-03-31": "118.70000", "2018-12-31": "118.40000", "2018-09-30": "118.28200", "2018-06-30": "117.96400", "2018-03-31": "117.87500", "2017-12-31": "117.60000", "2017-09-30": "117.18900", "2017-06-30": "117.07100", "2017-03-31": "116.77500", "2016-12-31": "116.56300", "2016-09-30": "116.45700", "2016-06-30": "116.25900", "2016-03-31": "116.04300", "2015-12-31": "115.76100", "2015-09-30": "115.61300", "2015-06-30": "115.39400", "2015-03-31": "115.11800", "2014-12-31": "114.52500", "2014-09-30": "114.21100", "2014-06-30": "114.00100", "2014-03-31": "113.83900", "2013-12-31": "112.90200", "2013-09-30": "112.60400", "2013-06-30": "112.45400", "2013-03-31": "112.13500", "2012-12-31": "111.62300", "2012-09-30": "110.65800", "2012-06-30": "109.68200", "2012-03-31": "108.82300", "2011-12-31": "107.45400", "2011-09-30": "106.90100", "2011-06-30": "106.77900", "2011-03-31": "106.46400", "2010-12-31": "231.34600", "2010-09-30": "230.73100", "2010-06-30": "230.46100", "2010-03-31": "229.45300", "2009-12-31": "228.64700", "2009-09-30": "228.42100", "2009-06-30": "227.96400", "2009-03-31": "227.79300", "2008-12-31": "227.14700", "2008-09-30": "226.76100", "2008-06-30": "226.52600", "2008-03-31": "226.05400", "2007-12-31": "225.57700", "2007-09-30": "225.37700", "2007-06-30": "225.02600", "2007-03-31": "224.79500", "2006-12-31": "222.98500", "2006-09-30": "221.59000", "2006-06-30": "220.82400", "2006-03-31": "220.53900", "2005-12-31": "218.93500", "2005-09-30": "218.64700", "2005-06-30": "218.23600", "2005-03-31": "217.41700"}, "Retained Earnings (Accumulated Deficit)": {"2020-12-31": "", "2020-09-30": "8619.50000", "2020-06-30": "8036.00000", "2020-03-31": "7562.70000", "2019-12-31": "7366.90000", "2019-09-30": "7224.30000", "2019-06-30": "6753.00000", "2019-03-31": "6386.90000", "2018-12-31": "6246.50000", "2018-09-30": "6226.44300", "2018-06-30": "5953.31300", "2018-03-31": "5630.32300", "2017-12-31": "5458.40000", "2017-09-30": "4685.31300", "2017-06-30": "4448.78800", "2017-03-31": "4209.19800", "2016-12-31": "4049.49700", "2016-09-30": "3924.68600", "2016-06-30": "3616.09500", "2016-03-31": "3316.01800", "2015-12-31": "3228.87600", "2015-09-30": "3093.26500", "2015-06-30": "2780.76400", "2015-03-31": "2493.46900", "2014-12-31": "2424.67400", "2014-09-30": "2345.01600", "2014-06-30": "2072.11800", "2014-03-31": "1834.41700", "2013-12-31": "1774.05000", "2013-09-30": "1708.55300", "2013-06-30": "1496.63900", "2013-03-31": "1290.90700", "2012-12-31": "1226.46700", "2012-09-30": "1198.57300", "2012-06-30": "1003.69300", "2012-03-31": "816.05300", "2011-12-31": "756.37200", "2011-09-30": "779.50900", "2011-06-30": "637.43400", "2011-03-31": "497.38100", "2010-12-31": "4824.48900", "2010-09-30": "4790.30900", "2010-06-30": "4653.95400", "2010-03-31": "4511.66300", "2009-12-31": "4518.42800", "2009-09-30": "4492.04200", "2009-06-30": "4358.16900", "2009-03-31": "4241.58600", "2008-12-31": "4245.14100", "2008-09-30": "4235.92500", "2008-06-30": "4099.83100", "2008-03-31": "3969.28400", "2007-12-31": "3935.48500", "2007-09-30": "3873.83000", "2007-06-30": "3713.66700", "2007-03-31": "3552.50300", "2006-12-31": "3485.56400", "2006-09-30": "3420.22900", "2006-06-30": "3275.01700", "2006-03-31": "3124.48300", "2005-12-31": "3044.86300", "2005-09-30": "2997.60200", "2005-06-30": "2874.49600", "2005-03-31": "2749.58800"}, "Comprehensive Income": {"2020-12-31": "", "2020-09-30": "-792.30000", "2020-06-30": "-867.20000", "2020-03-31": "-901.10000", "2019-12-31": "-679.50000", "2019-09-30": "-767.10000", "2019-06-30": "-630.80000", "2019-03-31": "-632.20000", "2018-12-31": "-629.90000", "2018-09-30": "-610.59600", "2018-06-30": "-542.44900", "2018-03-31": "-335.65500", "2017-12-31": "-384.90000", "2017-09-30": "-452.30100", "2017-06-30": "-519.23600", "2017-03-31": "-549.41300", "2016-12-31": "-540.35100", "2016-09-30": "-658.22100", "2016-06-30": "-662.08900", "2016-03-31": "-568.08500", "2015-12-31": "-587.09500", "2015-09-30": "-569.41700", "2015-06-30": "-516.66200", "2015-03-31": "-528.30500", "2014-12-31": "-471.95800", "2014-09-30": "-371.78600", "2014-06-30": "-315.51600", "2014-03-31": "-329.24700", "2013-12-31": "-321.04400", "2013-09-30": "-389.06900", "2013-06-30": "-412.99000", "2013-03-31": "-368.98600", "2012-12-31": "-370.38900", "2012-09-30": "-357.35000", "2012-06-30": "-349.28800", "2012-03-31": "-336.32000", "2011-12-31": "-367.87800", "2011-09-30": "-317.85900", "2011-06-30": "-245.15600", "2011-03-31": "-257.54800", "2010-12-31": "-278.32100", "2010-09-30": "-292.16400", "2010-06-30": "-323.98300", "2010-03-31": "-306.98400", "2009-12-31": "-317.45500", "2009-09-30": "-334.15000", "2009-06-30": "-368.06600", "2009-03-31": "-414.81400", "2008-12-31": "-410.61800", "2008-09-30": "-221.48100", "2008-06-30": "-182.87900", "2008-03-31": "-189.42500", "2007-12-31": "-198.60300", "2007-09-30": "-228.67600", "2007-06-30": "-246.52900", "2007-03-31": "-255.62900", "2006-12-31": "-262.46400", "2006-09-30": "-205.50800", "2006-06-30": "-206.83900", "2006-03-31": "-208.64500", "2005-12-31": "-213.54000", "2005-09-30": "-190.05100", "2005-06-30": "-201.15700", "2005-03-31": "-214.99600"}, "Other Share Holders Equity": {"2020-12-31": "", "2020-09-30": "", "2020-06-30": "", "2020-03-31": "", "2019-12-31": "", "2019-09-30": "", "2019-06-30": "", "2019-03-31": "", "2018-12-31": "", "2018-09-30": "", "2018-06-30": "", "2018-03-31": "", "2017-12-31": "", "2017-09-30": "", "2017-06-30": "", "2017-03-31": "", "2016-12-31": "", "2016-09-30": "", "2016-06-30": "", "2016-03-31": "", "2015-12-31": "", "2015-09-30": "", "2015-06-30": "", "2015-03-31": "", "2014-12-31": "", "2014-09-30": "", "2014-06-30": "", "2014-03-31": "", "2013-12-31": "", "2013-09-30": "", "2013-06-30": "", "2013-03-31": "", "2012-12-31": "", "2012-09-30": "", "2012-06-30": "", "2012-03-31": "", "2011-12-31": "", "2011-09-30": "", "2011-06-30": "", "2011-03-31": "", "2010-12-31": "", "2010-09-30": "", "2010-06-30": "", "2010-03-31": "", "2009-12-31": "", "2009-09-30": "", "2009-06-30": "", "2009-03-31": "", "2008-12-31": "", "2008-09-30": "", "2008-06-30": "", "2008-03-31": "", "2007-12-31": "", "2007-09-30": "", "2007-06-30": "", "2007-03-31": "", "2006-12-31": "", "2006-09-30": "", "2006-06-30": "", "2006-03-31": "", "2005-12-31": "", "2005-09-30": "", "2005-06-30": "", "2005-03-31": ""}, "Share Holder Equity": {"2020-12-31": "3610.80000", "2020-09-30": "4207.30000", "2020-06-30": "3869.90000", "2020-03-31": "3289.10000", "2019-12-31": "4123.30000", "2019-09-30": "4022.90000", "2019-06-30": "3747.50000", "2019-03-31": "3460.10000", "2018-12-31": "3730.70000", "2018-09-30": "3930.52500", "2018-06-30": "3702.77400", "2018-03-31": "3645.73100", "2017-12-31": "3647.90000", "2017-09-30": "2740.98900", "2017-06-30": "2391.26000", "2017-03-31": "2065.35000", "2016-12-31": "1878.44100", "2016-09-30": "1597.78300", "2016-06-30": "1246.62900", "2016-03-31": "1000.82300", "2015-12-31": "867.91000", "2015-09-30": "976.16500", "2015-06-30": "757.34200", "2015-03-31": "469.17200", "2014-12-31": "996.47000", "2014-09-30": "1351.93600", "2014-06-30": "1524.95900", "2014-03-31": "1653.03900", "2013-12-31": "1774.53500", "2013-09-30": "1869.65100", "2013-06-30": "1867.53000", "2013-03-31": "1812.95500", "2012-12-31": "1791.80400", "2012-09-30": "1779.41000", "2012-06-30": "1539.25300", "2012-03-31": "1508.59700", "2011-12-31": "1516.91900", "2011-09-30": "1649.92700", "2011-06-30": "1746.81200", "2011-03-31": "1607.89200", "2010-12-31": "1609.44000", "2010-09-30": "1643.13600", "2010-06-30": "1531.22600", "2010-03-31": "1495.14600", "2009-12-31": "1490.95000", "2009-09-30": "1702.85200", "2009-06-30": "1733.99800", "2009-03-31": "1581.95900", "2008-12-31": "1605.64800", "2008-09-30": "1738.28600", "2008-06-30": "1665.52900", "2008-03-31": "1619.61200", "2007-12-31": "1785.72700", "2007-09-30": "1844.79600", "2007-06-30": "2015.23300", "2007-03-31": "1914.13800", "2006-12-31": "1992.36000", "2006-09-30": "2062.16200", "2006-06-30": "1969.89600", "2006-03-31": "1843.28800", "2005-12-31": "1730.61200", "2005-09-30": "1753.06900", "2005-06-30": "1710.35700", "2005-03-31": "1593.66600"}, "Total Liabilities And Share Holders Equity": {"2020-12-31": "20401.60000", "2020-09-30": "20809.70000", "2020-06-30": "20494.50000", "2020-03-31": "20570.30000", "2019-12-31": "20496.20000", "2019-09-30": "20864.30000", "2019-06-30": "21186.10000", "2019-03-31": "20961.60000", "2018-12-31": "19134.30000", "2018-09-30": "19921.79000", "2018-06-30": "20095.82000", "2018-03-31": "20308.78000", "2017-12-31": "19899.50000", "2017-09-30": "20779.66000", "2017-06-30": "20717.40000", "2017-03-31": "6988.90300", "2016-12-31": "6752.52100", "2016-09-30": "6917.77100", "2016-06-30": "6665.67700", "2016-03-31": "6038.30900", "2015-12-31": "5778.93700", "2015-09-30": "6088.97800", "2015-06-30": "6128.57500", "2015-03-31": "5852.84600", "2014-12-31": "5699.33300", "2014-09-30": "6317.00500", "2014-06-30": "6341.00000", "2014-03-31": "6189.22500", "2013-12-31": "6382.50700", "2013-09-30": "6921.58800", "2013-06-30": "6408.50400", "2013-03-31": "6166.22000", "2012-12-31": "6234.73700", "2012-09-30": "5625.26500", "2012-06-30": "5626.37500", "2012-03-31": "5456.91900", "2011-12-31": "5229.25200", "2011-09-30": "5490.13900", "2011-06-30": "5633.76900", "2011-03-31": "5443.65300", "2010-12-31": "5169.23500", "2010-09-30": "5180.68300", "2010-06-30": "4740.28600", "2010-03-31": "4509.14600", "2009-12-31": "4323.85500", "2009-09-30": "4449.45000", "2009-06-30": "4502.11000", "2009-03-31": "4412.35600", "2008-12-31": "4415.75900", "2008-09-30": "5069.15600", "2008-06-30": "5165.77700", "2008-03-31": "5010.83700", "2007-12-31": "4855.34000", "2007-09-30": "5107.88500", "2007-06-30": "5052.88000", "2007-03-31": "4943.99800", "2006-12-31": "4995.08700", "2006-09-30": "5085.80900", "2006-06-30": "4935.22700", "2006-03-31": "5042.69700", "2005-12-31": "4369.19500", "2005-09-30": "4575.44200", "2005-06-30": "4614.22800", "2005-03-31": "4480.70200"}}, "cash flow statement": {"Net Income/Loss": {"2020-12-31": "0.00000", "2019-12-31": "1541.30000", "2018-12-31": "1108.70000", "2017-12-31": "1727.90000", "2016-12-31": "1132.70300", "2015-12-31": "1053.84900", "2014-12-31": "865.88700", "2013-12-31": "752.56100", "2012-12-31": "631.03400", "2011-12-31": "441.86000", "2010-12-31": "462.48500", "2009-12-31": "435.84800", "2008-12-31": "476.87600", "2007-12-31": "615.57800", "2006-12-31": "576.05800", "2005-12-31": "463.25800"}, "Total Depreciation And Amortization - Cash Flow": {"2020-12-31": "", "2019-12-31": "706.20000", "2018-12-31": "608.40000", "2017-12-31": "615.90000", "2016-12-31": "271.92500", "2015-12-31": "201.65600", "2014-12-31": "202.16900", "2013-12-31": "187.79400", "2012-12-31": "183.28800", "2011-12-31": "180.90400", "2010-12-31": "179.79500", "2009-12-31": "185.04800", "2008-12-31": "165.51100", "2007-12-31": "179.60200", "2006-12-31": "147.30000", "2005-12-31": "165.51700"}, "Other Non-Cash Items": {"2020-12-31": "", "2019-12-31": "408.30000", "2018-12-31": "140.70000", "2017-12-31": "-458.40000", "2016-12-31": "12.68000", "2015-12-31": "100.64300", "2014-12-31": "77.18900", "2013-12-31": "93.60000", "2012-12-31": "40.89300", "2011-12-31": "47.22900", "2010-12-31": "36.77800", "2009-12-31": "52.74600", "2008-12-31": "145.99600", "2007-12-31": "87.43900", "2006-12-31": "44.29000", "2005-12-31": "40.39100"}, "Total Non-Cash Items": {"2020-12-31": "", "2019-12-31": "1114.50000", "2018-12-31": "749.10000", "2017-12-31": "157.50000", "2016-12-31": "284.60500", "2015-12-31": "302.29900", "2014-12-31": "279.35800", "2013-12-31": "281.39400", "2012-12-31": "224.18100", "2011-12-31": "228.13300", "2010-12-31": "216.57300", "2009-12-31": "237.79400", "2008-12-31": "311.50700", "2007-12-31": "267.04100", "2006-12-31": "191.59000", "2005-12-31": "205.90800"}, "Change In Accounts Receivable": {"2020-12-31": "", "2019-12-31": "-73.20000", "2018-12-31": "18.40000", "2017-12-31": "-49.90000", "2016-12-31": "-113.85500", "2015-12-31": "-56.87300", "2014-12-31": "-80.25200", "2013-12-31": "-41.47300", "2012-12-31": "-33.57800", "2011-12-31": "-93.69700", "2010-12-31": "-111.11300", "2009-12-31": "108.19000", "2008-12-31": "68.49400", "2007-12-31": "58.78300", "2006-12-31": "-41.89300", "2005-12-31": "-81.63100"}, "Change In Inventories": {"2020-12-31": "", "2019-12-31": "-75.50000", "2018-12-31": "-119.50000", "2017-12-31": "-90.00000", "2016-12-31": "-52.57700", "2015-12-31": "-40.73300", "2014-12-31": "-101.11200", "2013-12-31": "25.03100", "2012-12-31": "19.92900", "2011-12-31": "-19.22200", "2010-12-31": "-82.06000", "2009-12-31": "145.86700", "2008-12-31": "-2.47200", "2007-12-31": "5.11700", "2006-12-31": "-7.54600", "2005-12-31": "-33.46400"}, "Change In Accounts Payable": {"2020-12-31": "", "2019-12-31": "36.20000", "2018-12-31": "113.80000", "2017-12-31": "166.70000", "2016-12-31": "-118.89300", "2015-12-31": "160.11100", "2014-12-31": "78.60300", "2013-12-31": "34.68500", "2012-12-31": "-51.12400", "2011-12-31": "64.05300", "2010-12-31": "155.11600", "2009-12-31": "-82.60700", "2008-12-31": "16.34900", "2007-12-31": "-68.88900", "2006-12-31": "53.36900", "2005-12-31": "67.28000"}, "Change In Assets/Liabilities": {"2020-12-31": "", "2019-12-31": "-281.70000", "2018-12-31": "9.90000", "2017-12-31": "64.10000", "2016-12-31": "108.53100", "2015-12-31": "57.54400", "2014-12-31": "42.61800", "2013-12-31": "106.29800", "2012-12-31": "87.52700", "2011-12-31": "105.58200", "2010-12-31": "-20.87600", "2009-12-31": "26.54000", "2008-12-31": "47.86800", "2007-12-31": "16.99100", "2006-12-31": "44.96100", "2005-12-31": "64.78700"}, "Total Change In Assets/Liabilities": {"2020-12-31": "", "2019-12-31": "-446.90000", "2018-12-31": "186.30000", "2017-12-31": "65.80000", "2016-12-31": "-119.66400", "2015-12-31": "130.75700", "2014-12-31": "-54.04400", "2013-12-31": "93.53400", "2012-12-31": "63.22000", "2011-12-31": "61.04100", "2010-12-31": "12.92600", "2009-12-31": "185.98000", "2008-12-31": "103.97000", "2007-12-31": "-15.99300", "2006-12-31": "37.27700", "2005-12-31": "44.98700"}, "Cash Flow From Operating Activities": {"2020-12-31": "", "2019-12-31": "2321.30000", "2018-12-31": "1943.70000", "2017-12-31": "1884.00000", "2016-12-31": "1308.57200", "2015-12-31": "1447.46300", "2014-12-31": "1081.52800", "2013-12-31": "1083.76600", "2012-12-31": "887.88600", "2011-12-31": "735.81200", "2010-12-31": "706.59000", "2009-12-31": "859.18600", "2008-12-31": "876.23300", "2007-12-31": "874.54500", "2006-12-31": "815.84100", "2005-12-31": "716.70200"}, "Net Change In Property, Plant, And Equipment": {"2020-12-31": "", "2019-12-31": "-328.90000", "2018-12-31": "-251.00000", "2017-12-31": "-222.80000", "2016-12-31": "-239.02600", "2015-12-31": "-234.34000", "2014-12-31": "-200.54500", "2013-12-31": "-166.68000", "2012-12-31": "-157.11200", "2011-12-31": "-153.80100", "2010-12-31": "-125.16200", "2009-12-31": "-91.32800", "2008-12-31": "-117.20300", "2007-12-31": "-165.87000", "2006-12-31": "-209.93900", "2005-12-31": "-143.07200"}, "Net Change In Intangible Assets": {"2020-12-31": "", "2019-12-31": "", "2018-12-31": "", "2017-12-31": "", "2016-12-31": "", "2015-12-31": "", "2014-12-31": "", "2013-12-31": "", "2012-12-31": "", "2011-12-31": "", "2010-12-31": "", "2009-12-31": "", "2008-12-31": "", "2007-12-31": "", "2006-12-31": "", "2005-12-31": ""}, "Net Acquisitions/Divestitures": {"2020-12-31": "", "2019-12-31": "-77.30000", "2018-12-31": "", "2017-12-31": "-8810.30000", "2016-12-31": "", "2015-12-31": "", "2014-12-31": "", "2013-12-31": "-79.94000", "2012-12-31": "-99.24200", "2011-12-31": "-44.43600", "2010-12-31": "-298.16100", "2009-12-31": "-15.44000", "2008-12-31": "-68.68800", "2007-12-31": "-282.41600", "2006-12-31": "-51.17600", "2005-12-31": "-23.28500"}, "Net Change In Short-term Investments": {"2020-12-31": "", "2019-12-31": "", "2018-12-31": "", "2017-12-31": "", "2016-12-31": "", "2015-12-31": "", "2014-12-31": "", "2013-12-31": "", "2012-12-31": "", "2011-12-31": "", "2010-12-31": "", "2009-12-31": "", "2008-12-31": "", "2007-12-31": "21.20000", "2006-12-31": "-21.20000", "2005-12-31": ""}, "Net Change In Long-Term Investments": {"2020-12-31": "", "2019-12-31": "", "2018-12-31": "", "2017-12-31": "", "2016-12-31": "", "2015-12-31": "", "2014-12-31": "", "2013-12-31": "", "2012-12-31": "", "2011-12-31": "", "2010-12-31": "", "2009-12-31": "", "2008-12-31": "", "2007-12-31": "", "2006-12-31": "", "2005-12-31": ""}, "Net Change In Investments - Total": {"2020-12-31": "", "2019-12-31": "", "2018-12-31": "", "2017-12-31": "", "2016-12-31": "", "2015-12-31": "", "2014-12-31": "", "2013-12-31": "", "2012-12-31": "", "2011-12-31": "", "2010-12-31": "", "2009-12-31": "", "2008-12-31": "", "2007-12-31": "21.20000", "2006-12-31": "-21.20000", "2005-12-31": ""}, "Investing Activities - Other": {"2020-12-31": "", "2019-12-31": "-56.40000", "2018-12-31": "-0.60000", "2017-12-31": "-14.30000", "2016-12-31": "-64.74800", "2015-12-31": "-54.29300", "2014-12-31": "-109.50500", "2013-12-31": "-91.69400", "2012-12-31": "-86.10100", "2011-12-31": "-79.53200", "2010-12-31": "-66.62600", "2009-12-31": "-23.63100", "2008-12-31": "-50.93700", "2007-12-31": "-29.53000", "2006-12-31": "-37.43700", "2005-12-31": "-33.39000"}, "Cash Flow From Investing Activities": {"2020-12-31": "", "2019-12-31": "-462.60000", "2018-12-31": "-251.60000", "2017-12-31": "-9047.40000", "2016-12-31": "-303.77400", "2015-12-31": "-288.63300", "2014-12-31": "-310.05000", "2013-12-31": "-338.31400", "2012-12-31": "-342.45500", "2011-12-31": "-277.76900", "2010-12-31": "-489.94900", "2009-12-31": "-130.39900", "2008-12-31": "-236.82800", "2007-12-31": "-456.61600", "2006-12-31": "-319.75200", "2005-12-31": "-199.74700"}, "Net Long-Term Debt": {"2020-12-31": "", "2019-12-31": "-556.60000", "2018-12-31": "-857.80000", "2017-12-31": "6373.00000", "2016-12-31": "-65.73000", "2015-12-31": "797.51400", "2014-12-31": "-499.18700", "2013-12-31": "-10.45900", "2012-12-31": "985.69700", "2011-12-31": "-9.10400", "2010-12-31": "-144.62400", "2009-12-31": "471.64200", "2008-12-31": "13.38500", "2007-12-31": "-198.66700", "2006-12-31": "6.64000", "2005-12-31": "-1.97200"}, "Net Current Debt": {"2020-12-31": "", "2019-12-31": "-122.80000", "2018-12-31": "-300.90000", "2017-12-31": "356.30000", "2016-12-31": "-0.89900", "2015-12-31": "-630.22600", "2014-12-31": "591.42300", "2013-12-31": "31.63400", "2012-12-31": "-284.83900", "2011-12-31": "-43.34600", "2010-12-31": "357.83500", "2009-12-31": "-494.98900", "2008-12-31": "-136.79300", "2007-12-31": "270.67600", "2006-12-31": "244.87900", "2005-12-31": "-112.42000"}, "Debt Issuance/Retirement Net - Total": {"2020-12-31": "", "2019-12-31": "-679.40000", "2018-12-31": "-1158.70000", "2017-12-31": "6729.30000", "2016-12-31": "-66.62900", "2015-12-31": "167.28800", "2014-12-31": "92.23600", "2013-12-31": "21.17500", "2012-12-31": "700.85800", "2011-12-31": "-52.45000", "2010-12-31": "213.21100", "2009-12-31": "-23.34700", "2008-12-31": "-123.40800", "2007-12-31": "72.00900", "2006-12-31": "251.51900", "2005-12-31": "-114.39200"}, "Net Common Equity Issued/Repurchased": {"2020-12-31": "", "2019-12-31": "-624.20000", "2018-12-31": "-522.60000", "2017-12-31": "143.60000", "2016-12-31": "86.83100", "2015-12-31": "-945.30100", "2014-12-31": "-1388.59400", "2013-12-31": "-699.51000", "2012-12-31": "-336.64000", "2011-12-31": "-297.83600", "2010-12-31": "-273.46800", "2009-12-31": "-493.76700", "2008-12-31": "-355.22700", "2007-12-31": "-791.85800", "2006-12-31": "-212.47900", "2005-12-31": "-298.11600"}, "Net Total Equity Issued/Repurchased": {"2020-12-31": "", "2019-12-31": "-624.20000", "2018-12-31": "-522.60000", "2017-12-31": "143.60000", "2016-12-31": "86.83100", "2015-12-31": "-945.30100", "2014-12-31": "-1388.59400", "2013-12-31": "-699.51000", "2012-12-31": "-336.64000", "2011-12-31": "-297.83600", "2010-12-31": "-273.46800", "2009-12-31": "-493.76700", "2008-12-31": "-355.22700", "2007-12-31": "-791.85800", "2006-12-31": "-212.47900", "2005-12-31": "-298.11600"}, "Total Common And Preferred Stock Dividends Paid": {"2020-12-31": "", "2019-12-31": "-420.80000", "2018-12-31": "-322.90000", "2017-12-31": "-319.00000", "2016-12-31": "-312.08200", "2015-12-31": "-249.64700", "2014-12-31": "-215.26300", "2013-12-31": "-204.97800", "2012-12-31": "-160.93900", "2011-12-31": "-153.51200", "2010-12-31": "-156.42400", "2009-12-31": "-162.56100", "2008-12-31": "-165.11100", "2007-12-31": "-162.30100", "2006-12-31": "-135.35700", "2005-12-31": "-113.58800"}, "Financial Activities - Other": {"2020-12-31": "", "2019-12-31": "-122.00000", "2018-12-31": "257.50000", "2017-12-31": "-39.80000", "2016-12-31": "-15.47300", "2015-12-31": "47.30700", "2014-12-31": "44.54600", "2013-12-31": "30.00500", "2012-12-31": "83.29900", "2011-12-31": "28.58900", "2010-12-31": "-6.88700", "2009-12-31": "-3.15500", "2008-12-31": "5.83600", "2007-12-31": "15.53300", "2006-12-31": "32.66800", "2005-12-31": "-3.91000"}, "Cash Flow From Financial Activities": {"2020-12-31": "", "2019-12-31": "-1846.40000", "2018-12-31": "-1746.70000", "2017-12-31": "6514.10000", "2016-12-31": "-307.35300", "2015-12-31": "-980.35300", "2014-12-31": "-1467.07500", "2013-12-31": "-853.30800", "2012-12-31": "286.57800", "2011-12-31": "-475.20900", "2010-12-31": "-223.56800", "2009-12-31": "-682.83000", "2008-12-31": "-637.91000", "2007-12-31": "-866.61700", "2006-12-31": "-63.64900", "2005-12-31": "-530.00600"}, "Net Cash Flow": {"2020-12-31": "", "2019-12-31": "6.30000", "2018-12-31": "-48.70000", "2017-12-31": "-685.60000", "2016-12-31": "684.04900", "2015-12-31": "165.01200", "2014-12-31": "-704.15700", "2013-12-31": "-117.70100", "2012-12-31": "829.89400", "2011-12-31": "-25.88900", "2010-12-31": "-10.74400", "2009-12-31": "43.11700", "2008-12-31": "-1.11300", "2007-12-31": "-441.84500", "2006-12-31": "433.12900", "2005-12-31": "-9.89100"}, "Stock-Based Compensation": {"2020-12-31": "", "2019-12-31": "101.70000", "2018-12-31": "82.60000", "2017-12-31": "90.30000", "2016-12-31": "72.10900", "2015-12-31": "72.34200", "2014-12-31": "64.73500", "2013-12-31": "58.00400", "2012-12-31": "54.34800", "2011-12-31": "48.17600", "2010-12-31": "42.27600", "2009-12-31": "23.27100", "2008-12-31": "41.11400", "2007-12-31": "35.35500", "2006-12-31": "29.48800", "2005-12-31": "8.72400"}, "Common Stock Dividends Paid": {"2020-12-31": "", "2019-12-31": "-420.80000", "2018-12-31": "-322.90000", "2017-12-31": "-319.00000", "2016-12-31": "-312.08200", "2015-12-31": "-249.64700", "2014-12-31": "-215.26300", "2013-12-31": "-204.97800", "2012-12-31": "-160.93900", "2011-12-31": "-153.51200", "2010-12-31": "-156.42400", "2009-12-31": "-162.56100", "2008-12-31": "-165.11100", "2007-12-31": "-162.30100", "2006-12-31": "-135.35700", "2005-12-31": "-113.58800"}}, "cash flow statement, quarterly": {"Net Income/Loss": {"2020-12-31": -1623.4, "2020-09-30": 705.8, "2020-06-30": 595.9, "2020-03-31": "321.70000", "2019-12-31": 248.6, "2019-09-30": 576.5, "2019-06-30": 471, "2019-03-31": "245.20000", "2018-12-31": 100.942, "2018-09-30": 354.027, "2018-06-30": 403.604, "2018-03-31": "250.12700", "2017-12-31": 853.031, "2017-09-30": 316.606, "2017-06-30": 319.111, "2017-03-31": "239.15200", "2016-12-31": 203.03, "2016-09-30": 386.733, "2016-06-30": 378.064, "2016-03-31": "164.87600", "2015-12-31": 198.017, "2015-09-30": 374.491, "2015-06-30": 349.937, "2015-03-31": "131.40400", "2014-12-31": 132.743, "2014-09-30": 326.24, "2014-06-30": 291.447, "2014-03-31": "115.45700", "2013-12-31": 116.123, "2013-09-30": 262.966, "2013-06-30": 257.287, "2013-03-31": "116.18500", "2012-12-31": 68.052, "2012-09-30": 234.953, "2012-06-30": 227.813, "2012-03-31": "100.21600", "2011-12-31": 14.552, "2011-09-30": 179.877, "2011-06-30": 179.115, "2011-03-31": "68.31600", "2010-12-31": 72.918, "2010-09-30": 175.258, "2010-06-30": 181.706, "2010-03-31": "32.60300", "2009-12-31": 65.338, "2009-09-30": 175.208, "2009-06-30": 158.023, "2009-03-31": "37.27900", "2008-12-31": 50.166, "2008-09-30": 177.081, "2008-06-30": 171.683, "2008-03-31": "77.94600", "2007-12-31": 100.82, "2007-09-30": 200.349, "2007-06-30": 202.607, "2007-03-31": "111.80200", "2006-12-31": 98.683, "2006-09-30": 179.112, "2006-06-30": 184.592, "2006-03-31": "113.67100", "2005-12-31": 75.135, "2005-09-30": 151.608, "2005-06-30": 153.221, "2005-03-31": "83.29400"}, "Total Depreciation And Amortization - Cash Flow": {"2020-12-31": -439.7, "2020-09-30": 147.8, "2020-06-30": 145.4, "2020-03-31": "146.50000", "2019-12-31": 269.5, "2019-09-30": 145.8, "2019-06-30": 145.2, "2019-03-31": "145.70000", "2018-12-31": 148.355, "2018-09-30": 151.457, "2018-06-30": 149.199, "2018-03-31": "159.38900", "2017-12-31": 214.893, "2017-09-30": 231.736, "2017-06-30": 117.522, "2017-03-31": "51.74900", "2016-12-31": 79.24, "2016-09-30": 68.904, "2016-06-30": 68.448, "2016-03-31": "55.33300", "2015-12-31": 52.104, "2015-09-30": 49.085, "2015-06-30": 49.979, "2015-03-31": "50.48800", "2014-12-31": 53.797, "2014-09-30": 49.713, "2014-06-30": 49.699, "2014-03-31": "48.96000", "2013-12-31": 48.628, "2013-09-30": 46.738, "2013-06-30": 45.872, "2013-03-31": "46.55600", "2012-12-31": 49.853, "2012-09-30": 44.965, "2012-06-30": 43.987, "2012-03-31": "44.48300", "2011-12-31": 44.834, "2011-09-30": 48.136, "2011-06-30": 44.208, "2011-03-31": "43.72600", "2010-12-31": 57.348, "2010-09-30": 43.035, "2010-06-30": 39.562, "2010-03-31": "39.85000", "2009-12-31": 56.618, "2009-09-30": 43.034, "2009-06-30": 43.285, "2009-03-31": "42.11100", "2008-12-31": 17.382, "2008-09-30": 42.395, "2008-06-30": 64.601, "2008-03-31": "41.13300", "2007-12-31": 61.327, "2007-09-30": 41.416, "2007-06-30": 39.169, "2007-03-31": "37.69000", "2006-12-31": 39.705, "2006-09-30": 36.497, "2006-06-30": 35.782, "2006-03-31": "35.31600", "2005-12-31": 58.564, "2005-09-30": 35.893, "2005-06-30": 35.43, "2005-03-31": "35.63000"}, "Other Non-Cash Items": {"2020-12-31": -374.8, "2020-09-30": 118.9, "2020-06-30": 115, "2020-03-31": "140.90000", "2019-12-31": 52, "2019-09-30": 121, "2019-06-30": 92.9, "2019-03-31": "142.40000", "2018-12-31": 75.329, "2018-09-30": -17.153, "2018-06-30": 70.706, "2018-03-31": "11.81800", "2017-12-31": -577.381, "2017-09-30": 38.495, "2017-06-30": 59.003, "2017-03-31": "21.48300", "2016-12-31": -56.846, "2016-09-30": 16.543, "2016-06-30": 18.975, "2016-03-31": "34.00800", "2015-12-31": 35.237, "2015-09-30": 26.828, "2015-06-30": 21.742, "2015-03-31": "16.83600", "2014-12-31": 22.417, "2014-09-30": 21.151, "2014-06-30": 17.4, "2014-03-31": "16.22100", "2013-12-31": 55.675, "2013-09-30": 14.684, "2013-06-30": 14.848, "2013-03-31": "8.39300", "2012-12-31": 3.786, "2012-09-30": 16.704, "2012-06-30": 10.935, "2012-03-31": "9.46800", "2011-12-31": 17.934, "2011-09-30": 6.457, "2011-06-30": 8.408, "2011-03-31": "14.43000", "2010-12-31": 23.101, "2010-09-30": 7.77, "2010-06-30": 5.359, "2010-03-31": "0.54800", "2009-12-31": 7.066, "2009-09-30": 17.97, "2009-06-30": 12.748, "2009-03-31": "14.96200", "2008-12-31": 139.779, "2008-09-30": 0.241, "2008-06-30": 2.183, "2008-03-31": "3.79300", "2007-12-31": 53.216, "2007-09-30": 18.437, "2007-06-30": 12.993, "2007-03-31": "2.79300", "2006-12-31": 20.477, "2006-09-30": 3.931, "2006-06-30": 15.556, "2006-03-31": "4.32600", "2005-12-31": 32.602, "2005-09-30": -3.565, "2005-06-30": 12.312, "2005-03-31": "-0.95800"}, "Total Non-Cash Items": {"2020-12-31": -814.5, "2020-09-30": 266.7, "2020-06-30": 260.4, "2020-03-31": "287.40000", "2019-12-31": 321.5, "2019-09-30": 266.8, "2019-06-30": 238.1, "2019-03-31": "288.10000", "2018-12-31": 223.684, "2018-09-30": 134.304, "2018-06-30": 219.905, "2018-03-31": "171.20700", "2017-12-31": -362.488, "2017-09-30": 270.231, "2017-06-30": 176.525, "2017-03-31": "73.23200", "2016-12-31": 22.394, "2016-09-30": 85.447, "2016-06-30": 87.423, "2016-03-31": "89.34100", "2015-12-31": 87.341, "2015-09-30": 75.913, "2015-06-30": 71.721, "2015-03-31": "67.32400", "2014-12-31": 76.214, "2014-09-30": 70.864, "2014-06-30": 67.099, "2014-03-31": "65.18100", "2013-12-31": 104.303, "2013-09-30": 61.422, "2013-06-30": 60.72, "2013-03-31": "54.94900", "2012-12-31": 53.639, "2012-09-30": 61.669, "2012-06-30": 54.922, "2012-03-31": "53.95100", "2011-12-31": 62.768, "2011-09-30": 54.593, "2011-06-30": 52.616, "2011-03-31": "58.15600", "2010-12-31": 80.449, "2010-09-30": 50.805, "2010-06-30": 44.921, "2010-03-31": "40.39800", "2009-12-31": 63.684, "2009-09-30": 61.004, "2009-06-30": 56.033, "2009-03-31": "57.07300", "2008-12-31": 157.161, "2008-09-30": 42.636, "2008-06-30": 66.784, "2008-03-31": "44.92600", "2007-12-31": 114.543, "2007-09-30": 59.853, "2007-06-30": 52.162, "2007-03-31": "40.48300", "2006-12-31": 60.182, "2006-09-30": 40.428, "2006-06-30": 51.338, "2006-03-31": "39.64200", "2005-12-31": 91.166, "2005-09-30": 32.328, "2005-06-30": 47.742, "2005-03-31": "34.67200"}, "Change In Accounts Receivable": {"2020-12-31": 0, "2020-09-30": 0, "2020-06-30": 0, "2020-03-31": "", "2019-12-31": -73.2, "2019-09-30": 0, "2019-06-30": 0, "2019-03-31": "", "2018-12-31": 18.4, "2018-09-30": 0, "2018-06-30": 0, "2018-03-31": "", "2017-12-31": -49.9, "2017-09-30": 0, "2017-06-30": 0, "2017-03-31": "", "2016-12-31": -113.855, "2016-09-30": 0, "2016-06-30": 0, "2016-03-31": "", "2015-12-31": -56.873, "2015-09-30": 0, "2015-06-30": 0, "2015-03-31": "", "2014-12-31": -80.252, "2014-09-30": 0, "2014-06-30": 0, "2014-03-31": "", "2013-12-31": -41.473, "2013-09-30": 0, "2013-06-30": 0, "2013-03-31": "", "2012-12-31": -33.578, "2012-09-30": 0, "2012-06-30": 0, "2012-03-31": "", "2011-12-31": -93.697, "2011-09-30": 0, "2011-06-30": 0, "2011-03-31": "", "2010-12-31": -111.113, "2010-09-30": 0, "2010-06-30": 0, "2010-03-31": "", "2009-12-31": 108.19, "2009-09-30": 0, "2009-06-30": 0, "2009-03-31": "", "2008-12-31": 68.494, "2008-09-30": 0, "2008-06-30": 0, "2008-03-31": "", "2007-12-31": 58.783, "2007-09-30": 0, "2007-06-30": 0, "2007-03-31": "", "2006-12-31": -41.893, "2006-09-30": 0, "2006-06-30": 0, "2006-03-31": "", "2005-12-31": -81.631, "2005-09-30": 0, "2005-06-30": 0, "2005-03-31": ""}, "Change In Inventories": {"2020-12-31": 0, "2020-09-30": 0, "2020-06-30": 0, "2020-03-31": "", "2019-12-31": -75.5, "2019-09-30": 0, "2019-06-30": 0, "2019-03-31": "", "2018-12-31": -119.5, "2018-09-30": 0, "2018-06-30": 0, "2018-03-31": "", "2017-12-31": -90, "2017-09-30": 0, "2017-06-30": 0, "2017-03-31": "", "2016-12-31": -52.577, "2016-09-30": 0, "2016-06-30": 0, "2016-03-31": "", "2015-12-31": -40.733, "2015-09-30": 0, "2015-06-30": 0, "2015-03-31": "", "2014-12-31": -101.112, "2014-09-30": 0, "2014-06-30": 0, "2014-03-31": "", "2013-12-31": 25.031, "2013-09-30": 0, "2013-06-30": 0, "2013-03-31": "", "2012-12-31": 19.929, "2012-09-30": 0, "2012-06-30": 0, "2012-03-31": "", "2011-12-31": -19.222, "2011-09-30": 0, "2011-06-30": 0, "2011-03-31": "", "2010-12-31": -82.06, "2010-09-30": 0, "2010-06-30": 0, "2010-03-31": "", "2009-12-31": 145.867, "2009-09-30": 0, "2009-06-30": 0, "2009-03-31": "", "2008-12-31": -2.472, "2008-09-30": 0, "2008-06-30": 0, "2008-03-31": "", "2007-12-31": 5.117, "2007-09-30": 0, "2007-06-30": 0, "2007-03-31": "", "2006-12-31": -7.546, "2006-09-30": 0, "2006-06-30": 0, "2006-03-31": "", "2005-12-31": -33.464, "2005-09-30": 0, "2005-06-30": 0, "2005-03-31": ""}, "Change In Accounts Payable": {"2020-12-31": 0, "2020-09-30": 0, "2020-06-30": 0, "2020-03-31": "", "2019-12-31": 36.2, "2019-09-30": 0, "2019-06-30": 0, "2019-03-31": "", "2018-12-31": 113.8, "2018-09-30": 0, "2018-06-30": 0, "2018-03-31": "", "2017-12-31": 166.7, "2017-09-30": 0, "2017-06-30": 0, "2017-03-31": "", "2016-12-31": -118.893, "2016-09-30": 0, "2016-06-30": 0, "2016-03-31": "", "2015-12-31": 160.111, "2015-09-30": 0, "2015-06-30": 0, "2015-03-31": "", "2014-12-31": 78.603, "2014-09-30": 0, "2014-06-30": 0, "2014-03-31": "", "2013-12-31": 34.685, "2013-09-30": 0, "2013-06-30": 0, "2013-03-31": "", "2012-12-31": -51.124, "2012-09-30": 0, "2012-06-30": 0, "2012-03-31": "", "2011-12-31": 64.053, "2011-09-30": 0, "2011-06-30": 0, "2011-03-31": "", "2010-12-31": 155.116, "2010-09-30": 0, "2010-06-30": 0, "2010-03-31": "", "2009-12-31": -82.607, "2009-09-30": 0, "2009-06-30": 0, "2009-03-31": "", "2008-12-31": 16.349, "2008-09-30": 0, "2008-06-30": 0, "2008-03-31": "", "2007-12-31": -68.889, "2007-09-30": 0, "2007-06-30": 0, "2007-03-31": "", "2006-12-31": 53.369, "2006-09-30": 0, "2006-06-30": 0, "2006-03-31": "", "2005-12-31": 67.28, "2005-09-30": 0, "2005-06-30": 0, "2005-03-31": ""}, "Change In Assets/Liabilities": {"2020-12-31": -41.6, "2020-09-30": 429.8, "2020-06-30": 167.1, "2020-03-31": "-555.30000", "2019-12-31": 250.2, "2019-09-30": -38.8, "2019-06-30": 83.6, "2019-03-31": "-576.70000", "2018-12-31": 130.826, "2018-09-30": 334.826, "2018-06-30": -75.152, "2018-03-31": "-380.60000", "2017-12-31": 200.218, "2017-09-30": 110.799, "2017-06-30": -203.716, "2017-03-31": "-43.20100", "2016-12-31": 342.329, "2016-09-30": -25.02, "2016-06-30": 107.351, "2016-03-31": "-316.12900", "2015-12-31": 227.114, "2015-09-30": 73.889, "2015-06-30": 6.552, "2015-03-31": "-250.01100", "2014-12-31": 98.81, "2014-09-30": 154.512, "2014-06-30": 42.105, "2014-03-31": "-252.80900", "2013-12-31": 146.218, "2013-09-30": 148.563, "2013-06-30": 78.947, "2013-03-31": "-267.43000", "2012-12-31": 248.811, "2012-09-30": 74, "2012-06-30": 70.404, "2012-03-31": "-305.68800", "2011-12-31": 254.034, "2011-09-30": 96.726, "2011-06-30": 32.05, "2011-03-31": "-277.22800", "2010-12-31": 37.831, "2010-09-30": 19.463, "2010-06-30": 116.819, "2010-03-31": "-194.98900", "2009-12-31": -55.774, "2009-09-30": 128.473, "2009-06-30": 164.463, "2009-03-31": "-210.62200", "2008-12-31": 31.991, "2008-09-30": 113.987, "2008-06-30": 87.914, "2008-03-31": "-186.02400", "2007-12-31": 111.702, "2007-09-30": 38.303, "2007-06-30": 107.325, "2007-03-31": "-240.33900", "2006-12-31": 112.893, "2006-09-30": 92.569, "2006-06-30": 72.184, "2006-03-31": "-232.68500", "2005-12-31": 211.424, "2005-09-30": 73.382, "2005-06-30": -2.83, "2005-03-31": "-217.18900"}, "Total Change In Assets/Liabilities": {"2020-12-31": -41.6, "2020-09-30": 429.8, "2020-06-30": 167.1, "2020-03-31": "-555.30000", "2019-12-31": 85, "2019-09-30": -38.8, "2019-06-30": 83.6, "2019-03-31": "-576.70000", "2018-12-31": 307.226, "2018-09-30": 334.826, "2018-06-30": -75.152, "2018-03-31": "-380.60000", "2017-12-31": 201.918, "2017-09-30": 110.799, "2017-06-30": -203.716, "2017-03-31": "-43.20100", "2016-12-31": 114.134, "2016-09-30": -25.02, "2016-06-30": 107.351, "2016-03-31": "-316.12900", "2015-12-31": 300.327, "2015-09-30": 73.889, "2015-06-30": 6.552, "2015-03-31": "-250.01100", "2014-12-31": 2.148, "2014-09-30": 154.512, "2014-06-30": 42.105, "2014-03-31": "-252.80900", "2013-12-31": 133.454, "2013-09-30": 148.563, "2013-06-30": 78.947, "2013-03-31": "-267.43000", "2012-12-31": 224.504, "2012-09-30": 74, "2012-06-30": 70.404, "2012-03-31": "-305.68800", "2011-12-31": 209.493, "2011-09-30": 96.726, "2011-06-30": 32.05, "2011-03-31": "-277.22800", "2010-12-31": 71.633, "2010-09-30": 19.463, "2010-06-30": 116.819, "2010-03-31": "-194.98900", "2009-12-31": 103.666, "2009-09-30": 128.473, "2009-06-30": 164.463, "2009-03-31": "-210.62200", "2008-12-31": 88.093, "2008-09-30": 113.987, "2008-06-30": 87.914, "2008-03-31": "-186.02400", "2007-12-31": 78.718, "2007-09-30": 38.303, "2007-06-30": 107.325, "2007-03-31": "-240.33900", "2006-12-31": 105.209, "2006-09-30": 92.569, "2006-06-30": 72.184, "2006-03-31": "-232.68500", "2005-12-31": 191.624, "2005-09-30": 73.382, "2005-06-30": -2.83, "2005-03-31": "-217.18900"}, "Cash Flow From Operating Activities": {"2020-12-31": -2563.8, "2020-09-30": 1489.2, "2020-06-30": 1019.7, "2020-03-31": "54.90000", "2019-12-31": 659.9, "2019-09-30": 903.4, "2019-06-30": 794, "2019-03-31": "-36.00000", "2018-12-31": 512.485, "2018-09-30": 852.119, "2018-06-30": 538.347, "2018-03-31": "40.74900", "2017-12-31": 625.168, "2017-09-30": 672.699, "2017-06-30": 354.317, "2017-03-31": "231.81600", "2016-12-31": 342.038, "2016-09-30": 456.551, "2016-06-30": 572.042, "2016-03-31": "-62.05900", "2015-12-31": 544.959, "2015-09-30": 553.484, "2015-06-30": 404.088, "2015-03-31": "-55.06800", "2014-12-31": 200.218, "2014-09-30": 549.73, "2014-06-30": 414.699, "2014-03-31": "-83.11900", "2013-12-31": 305.855, "2013-09-30": 475.836, "2013-06-30": 393.206, "2013-03-31": "-91.13100", "2012-12-31": 318.621, "2012-09-30": 367.153, "2012-06-30": 356.951, "2012-03-31": "-154.83900", "2011-12-31": 289.849, "2011-09-30": 337.797, "2011-06-30": 261.332, "2011-03-31": "-153.16600", "2010-12-31": 228.98, "2010-09-30": 241.154, "2010-06-30": 352.274, "2010-03-31": "-115.81800", "2009-12-31": 243.545, "2009-09-30": 349.217, "2009-06-30": 378.692, "2009-03-31": "-112.26800", "2008-12-31": 283.648, "2008-09-30": 329.785, "2008-06-30": 323.33, "2008-03-31": "-60.53000", "2007-12-31": 310.79, "2007-09-30": 293.065, "2007-06-30": 358.852, "2007-03-31": "-88.16200", "2006-12-31": 278.975, "2006-09-30": 303.848, "2006-06-30": 312.394, "2006-03-31": "-79.37600", "2005-12-31": 353.332, "2005-09-30": 264.522, "2005-06-30": 197.606, "2005-03-31": "-98.75800"}, "Net Change In Property, Plant, And Equipment": {"2020-12-31": 193.8, "2020-09-30": -51.5, "2020-06-30": -35.7, "2020-03-31": "-106.60000", "2019-12-31": -104.1, "2019-09-30": -96.9, "2019-06-30": -76.5, "2019-03-31": "-51.40000", "2018-12-31": -84.816, "2018-09-30": -64.358, "2018-06-30": -59.573, "2018-03-31": "-42.25300", "2017-12-31": -79.394, "2017-09-30": -59.771, "2017-06-30": -42.156, "2017-03-31": "-41.47900", "2016-12-31": -65.925, "2016-09-30": -59.02, "2016-06-30": -62.082, "2016-03-31": "-51.99900", "2015-12-31": -76.35, "2015-09-30": -70.448, "2015-06-30": -44.639, "2015-03-31": "-42.90300", "2014-12-31": -64.642, "2014-09-30": -69.033, "2014-06-30": -37.506, "2014-03-31": "-29.36400", "2013-12-31": -58.18, "2013-09-30": -36.374, "2013-06-30": -40.894, "2013-03-31": "-31.23200", "2012-12-31": -54.123, "2012-09-30": -33.017, "2012-06-30": -37.189, "2012-03-31": "-32.78300", "2011-12-31": -56.918, "2011-09-30": -27.954, "2011-06-30": -41.978, "2011-03-31": "-26.95100", "2010-12-31": -49.046, "2010-09-30": -28.663, "2010-06-30": -22.03, "2010-03-31": "-25.42300", "2009-12-31": -27.772, "2009-09-30": -22.66, "2009-06-30": -18.46, "2009-03-31": "-22.43600", "2008-12-31": -25.404, "2008-09-30": -20.914, "2008-06-30": -31.061, "2008-03-31": "-39.82400", "2007-12-31": -48.664, "2007-09-30": -33.875, "2007-06-30": -44.844, "2007-03-31": "-38.48700", "2006-12-31": -65.571, "2006-09-30": -49.937, "2006-06-30": -52.968, "2006-03-31": "-41.46300", "2005-12-31": -40.049, "2005-09-30": -33.53, "2005-06-30": -39.231, "2005-03-31": "-30.26200"}, "Net Change In Intangible Assets": {"2020-12-31": 0, "2020-09-30": 0, "2020-06-30": 0, "2020-03-31": "", "2019-12-31": 0, "2019-09-30": 0, "2019-06-30": 0, "2019-03-31": "", "2018-12-31": 0, "2018-09-30": 0, "2018-06-30": 0, "2018-03-31": "", "2017-12-31": 0, "2017-09-30": 0, "2017-06-30": 0, "2017-03-31": "", "2016-12-31": 0, "2016-09-30": 0, "2016-06-30": 0, "2016-03-31": "", "2015-12-31": 0, "2015-09-30": 0, "2015-06-30": 0, "2015-03-31": "", "2014-12-31": 0, "2014-09-30": 0, "2014-06-30": 0, "2014-03-31": "", "2013-12-31": 0, "2013-09-30": 0, "2013-06-30": 0, "2013-03-31": "", "2012-12-31": 0, "2012-09-30": 0, "2012-06-30": 0, "2012-03-31": "", "2011-12-31": 0, "2011-09-30": 0, "2011-06-30": 0, "2011-03-31": "", "2010-12-31": 0, "2010-09-30": 0, "2010-06-30": 0, "2010-03-31": "", "2009-12-31": 0, "2009-09-30": 0, "2009-06-30": 0, "2009-03-31": "", "2008-12-31": 0, "2008-09-30": 0, "2008-06-30": 0, "2008-03-31": "", "2007-12-31": 0, "2007-09-30": 0, "2007-06-30": 0, "2007-03-31": "", "2006-12-31": 0, "2006-09-30": 0, "2006-06-30": 0, "2006-03-31": "", "2005-12-31": 0, "2005-09-30": 0, "2005-06-30": 0, "2005-03-31": ""}, "Net Acquisitions/Divestitures": {"2020-12-31": 0, "2020-09-30": 0, "2020-06-30": 0, "2020-03-31": "", "2019-12-31": -4.7, "2019-09-30": -72.6, "2019-06-30": 0, "2019-03-31": "", "2018-12-31": 0, "2018-09-30": 0, "2018-06-30": 0, "2018-03-31": "", "2017-12-31": 0.014, "2017-09-30": -4.032, "2017-06-30": -8806.282, "2017-03-31": "", "2016-12-31": 0, "2016-09-30": 0, "2016-06-30": 0, "2016-03-31": "", "2015-12-31": 0, "2015-09-30": 0, "2015-06-30": 0, "2015-03-31": "", "2014-12-31": 0, "2014-09-30": 0, "2014-06-30": 0, "2014-03-31": "", "2013-12-31": 12.84, "2013-09-30": -87.78, "2013-06-30": -5, "2013-03-31": "", "2012-12-31": -52.349, "2012-09-30": -2.9, "2012-06-30": -43.993, "2012-03-31": "", "2011-12-31": -14.589, "2011-09-30": -27.235, "2011-06-30": -2.612, "2011-03-31": "", "2010-12-31": -33.821, "2010-09-30": -215.279, "2010-06-30": -49.061, "2010-03-31": "", "2009-12-31": -1.347, "2009-09-30": -0.035, "2009-06-30": -1.04, "2009-03-31": "-13.01800", "2008-12-31": -20.223, "2008-09-30": -33.788, "2008-06-30": 0.696, "2008-03-31": "-15.37300", "2007-12-31": -34.231, "2007-09-30": -98.869, "2007-06-30": -149.316, "2007-03-31": "", "2006-12-31": -51.176, "2006-09-30": 0, "2006-06-30": 0, "2006-03-31": "", "2005-12-31": -0.018, "2005-09-30": 3.188, "2005-06-30": -1.825, "2005-03-31": "-24.63000"}, "Net Change In Short-term Investments": {"2020-12-31": 0, "2020-09-30": 0, "2020-06-30": 0, "2020-03-31": "", "2019-12-31": 0, "2019-09-30": 0, "2019-06-30": 0, "2019-03-31": "", "2018-12-31": 0, "2018-09-30": 0, "2018-06-30": 0, "2018-03-31": "", "2017-12-31": 0, "2017-09-30": 0, "2017-06-30": 0, "2017-03-31": "", "2016-12-31": 0, "2016-09-30": 0, "2016-06-30": 0, "2016-03-31": "", "2015-12-31": 0, "2015-09-30": 0, "2015-06-30": 0, "2015-03-31": "", "2014-12-31": 0, "2014-09-30": 0, "2014-06-30": 0, "2014-03-31": "", "2013-12-31": 0, "2013-09-30": 0, "2013-06-30": 0, "2013-03-31": "", "2012-12-31": 0, "2012-09-30": 0, "2012-06-30": 0, "2012-03-31": "", "2011-12-31": 0, "2011-09-30": 0, "2011-06-30": 0, "2011-03-31": "", "2010-12-31": 0, "2010-09-30": 0, "2010-06-30": 0, "2010-03-31": "", "2009-12-31": 0, "2009-09-30": 0, "2009-06-30": 0, "2009-03-31": "", "2008-12-31": 0, "2008-09-30": 0, "2008-06-30": 0, "2008-03-31": "", "2007-12-31": 0, "2007-09-30": 0, "2007-06-30": 0, "2007-03-31": "21.20000", "2006-12-31": -21.2, "2006-09-30": 0, "2006-06-30": 0, "2006-03-31": "", "2005-12-31": 0, "2005-09-30": 0, "2005-06-30": 0, "2005-03-31": ""}, "Net Change In Long-Term Investments": {"2020-12-31": 0, "2020-09-30": 0, "2020-06-30": 0, "2020-03-31": "", "2019-12-31": 0, "2019-09-30": 0, "2019-06-30": 0, "2019-03-31": "", "2018-12-31": 0, "2018-09-30": 0, "2018-06-30": 0, "2018-03-31": "", "2017-12-31": 0, "2017-09-30": 0, "2017-06-30": 0, "2017-03-31": "", "2016-12-31": 0, "2016-09-30": 0, "2016-06-30": 0, "2016-03-31": "", "2015-12-31": 0, "2015-09-30": 0, "2015-06-30": 0, "2015-03-31": "", "2014-12-31": 0, "2014-09-30": 0, "2014-06-30": 0, "2014-03-31": "", "2013-12-31": 0, "2013-09-30": 0, "2013-06-30": 0, "2013-03-31": "", "2012-12-31": 0, "2012-09-30": 0, "2012-06-30": 0, "2012-03-31": "", "2011-12-31": 0, "2011-09-30": 0, "2011-06-30": 0, "2011-03-31": "", "2010-12-31": 0, "2010-09-30": 0, "2010-06-30": 0, "2010-03-31": "", "2009-12-31": 0, "2009-09-30": 0, "2009-06-30": 0, "2009-03-31": "", "2008-12-31": 0, "2008-09-30": 0, "2008-06-30": 0, "2008-03-31": "", "2007-12-31": 0, "2007-09-30": 0, "2007-06-30": 0, "2007-03-31": "", "2006-12-31": 0, "2006-09-30": 0, "2006-06-30": 0, "2006-03-31": "", "2005-12-31": 0, "2005-09-30": 0, "2005-06-30": 0, "2005-03-31": ""}, "Net Change In Investments - Total": {"2020-12-31": 0, "2020-09-30": 0, "2020-06-30": 0, "2020-03-31": "", "2019-12-31": 0, "2019-09-30": 0, "2019-06-30": 0, "2019-03-31": "", "2018-12-31": 0, "2018-09-30": 0, "2018-06-30": 0, "2018-03-31": "", "2017-12-31": 0, "2017-09-30": 0, "2017-06-30": 0, "2017-03-31": "", "2016-12-31": 0, "2016-09-30": 0, "2016-06-30": 0, "2016-03-31": "", "2015-12-31": 0, "2015-09-30": 0, "2015-06-30": 0, "2015-03-31": "", "2014-12-31": 0, "2014-09-30": 0, "2014-06-30": 0, "2014-03-31": "", "2013-12-31": 0, "2013-09-30": 0, "2013-06-30": 0, "2013-03-31": "", "2012-12-31": 0, "2012-09-30": 0, "2012-06-30": 0, "2012-03-31": "", "2011-12-31": 0, "2011-09-30": 0, "2011-06-30": 0, "2011-03-31": "", "2010-12-31": 0, "2010-09-30": 0, "2010-06-30": 0, "2010-03-31": "", "2009-12-31": 0, "2009-09-30": 0, "2009-06-30": 0, "2009-03-31": "", "2008-12-31": 0, "2008-09-30": 0, "2008-06-30": 0, "2008-03-31": "", "2007-12-31": 0, "2007-09-30": 0, "2007-06-30": 0, "2007-03-31": "21.20000", "2006-12-31": -21.2, "2006-09-30": 0, "2006-06-30": 0, "2006-03-31": "", "2005-12-31": 0, "2005-09-30": 0, "2005-06-30": 0, "2005-03-31": ""}, "Investing Activities - Other": {"2020-12-31": -17.2, "2020-09-30": 21.7, "2020-06-30": -13.2, "2020-03-31": "8.70000", "2019-12-31": -65.3, "2019-09-30": 58.2, "2019-06-30": -28.5, "2019-03-31": "-20.80000", "2018-12-31": -51.506, "2018-09-30": 56.063, "2018-06-30": -6.859, "2018-03-31": "1.70200", "2017-12-31": -57.327, "2017-09-30": 17.34, "2017-06-30": 14.119, "2017-03-31": "11.56800", "2016-12-31": -1.15, "2016-09-30": -28.687, "2016-06-30": -25.373, "2016-03-31": "-9.53800", "2015-12-31": -50.506, "2015-09-30": -10.322, "2015-06-30": -0.086, "2015-03-31": "6.62100", "2014-12-31": -79.865, "2014-09-30": -12.525, "2014-06-30": -1.41, "2014-03-31": "-15.70500", "2013-12-31": -39.12, "2013-09-30": -2.306, "2013-06-30": -33.491, "2013-03-31": "-16.77700", "2012-12-31": -60.944, "2012-09-30": -48.984, "2012-06-30": 17.085, "2012-03-31": "6.74200", "2011-12-31": -25.322, "2011-09-30": -40.36, "2011-06-30": -11.801, "2011-03-31": "-2.04900", "2010-12-31": -0.034, "2010-09-30": -8.656, "2010-06-30": -40.821, "2010-03-31": "-17.11500", "2009-12-31": 4.915, "2009-09-30": 8.368, "2009-06-30": -21.766, "2009-03-31": "-15.14800", "2008-12-31": -35.572, "2008-09-30": 4.321, "2008-06-30": -15.033, "2008-03-31": "-4.65300", "2007-12-31": -4.364, "2007-09-30": -10.323, "2007-06-30": 4.917, "2007-03-31": "-19.76000", "2006-12-31": -20.008, "2006-09-30": -0.769, "2006-06-30": -8.994, "2006-03-31": "-7.66600", "2005-12-31": -22.778, "2005-09-30": 2.893, "2005-06-30": -4.975, "2005-03-31": "-8.53000"}, "Cash Flow From Investing Activities": {"2020-12-31": 176.6, "2020-09-30": -29.8, "2020-06-30": -48.9, "2020-03-31": "-97.90000", "2019-12-31": -174.1, "2019-09-30": -111.3, "2019-06-30": -105, "2019-03-31": "-72.20000", "2018-12-31": -136.322, "2018-09-30": -8.295, "2018-06-30": -66.432, "2018-03-31": "-40.55100", "2017-12-31": -136.707, "2017-09-30": -46.463, "2017-06-30": -8834.319, "2017-03-31": "-29.91100", "2016-12-31": -67.075, "2016-09-30": -87.707, "2016-06-30": -87.455, "2016-03-31": "-61.53700", "2015-12-31": -126.856, "2015-09-30": -80.77, "2015-06-30": -44.725, "2015-03-31": "-36.28200", "2014-12-31": -144.507, "2014-09-30": -81.558, "2014-06-30": -38.916, "2014-03-31": "-45.06900", "2013-12-31": -84.46, "2013-09-30": -126.46, "2013-06-30": -79.385, "2013-03-31": "-48.00900", "2012-12-31": -167.416, "2012-09-30": -84.901, "2012-06-30": -64.097, "2012-03-31": "-26.04100", "2011-12-31": -96.829, "2011-09-30": -95.549, "2011-06-30": -56.391, "2011-03-31": "-29.00000", "2010-12-31": -82.901, "2010-09-30": -252.598, "2010-06-30": -111.912, "2010-03-31": "-42.53800", "2009-12-31": -24.204, "2009-09-30": -14.327, "2009-06-30": -41.266, "2009-03-31": "-50.60200", "2008-12-31": -81.199, "2008-09-30": -50.381, "2008-06-30": -45.398, "2008-03-31": "-59.85000", "2007-12-31": -87.259, "2007-09-30": -143.067, "2007-06-30": -189.243, "2007-03-31": "-37.04700", "2006-12-31": -157.955, "2006-09-30": -50.706, "2006-06-30": -61.962, "2006-03-31": "-49.12900", "2005-12-31": -62.845, "2005-09-30": -27.449, "2005-06-30": -46.031, "2005-03-31": "-63.42200"}, "Net Long-Term Debt": {"2020-12-31": 215.7, "2020-09-30": 0, "2020-06-30": -433.5, "2020-03-31": "217.80000", "2019-12-31": -0.7001, "2019-09-30": -194.9999, "2019-06-30": -360.9, "2019-03-31": "", "2018-12-31": -0.688, "2018-09-30": -705.205, "2018-06-30": -150.986, "2018-03-31": "-0.92100", "2017-12-31": -896.655, "2017-09-30": -669.09, "2017-06-30": 7938.823, "2017-03-31": "-0.07800", "2016-12-31": -3.647, "2016-09-30": -0.566, "2016-06-30": -19.667, "2016-03-31": "-41.85000", "2015-12-31": 0.054, "2015-09-30": 797.46, "2015-06-30": 0.096, "2015-03-31": "-0.09600", "2014-12-31": -498.897, "2014-09-30": 0.462, "2014-06-30": -0.072, "2014-03-31": "-0.68000", "2013-12-31": -9.319, "2013-09-30": -0.191, "2013-06-30": -0.679, "2013-03-31": "-0.27000", "2012-12-31": 996.532, "2012-09-30": -0.517, "2012-06-30": -7.986, "2012-03-31": "-2.33200", "2011-12-31": -4.347, "2011-09-30": -1.952, "2011-06-30": -5.218, "2011-03-31": "2.41300", "2010-12-31": -53.844, "2010-09-30": 19.318, "2010-06-30": -110.98, "2010-03-31": "0.88200", "2009-12-31": 493.89, "2009-09-30": -2.667, "2009-06-30": -12.957, "2009-03-31": "-6.62400", "2008-12-31": 12.707, "2008-09-30": 3.52, "2008-06-30": -2.729, "2008-03-31": "-0.11300", "2007-12-31": 2.482, "2007-09-30": 1.63, "2007-06-30": -4.956, "2007-03-31": "-197.82300", "2006-12-31": -3.312, "2006-09-30": -2.472, "2006-06-30": -0.355, "2006-03-31": "12.77900", "2005-12-31": -0.467, "2005-09-30": -0.288, "2005-06-30": -0.203, "2005-03-31": "-1.01400"}, "Net Current Debt": {"2020-12-31": 204.5, "2020-09-30": -559.5, "2020-06-30": -494.7, "2020-03-31": "849.70000", "2019-12-31": -231.8, "2019-09-30": -371.7, "2019-06-30": -15.5, "2019-03-31": "496.20000", "2018-12-31": -324.289, "2018-09-30": -0.596, "2018-06-30": -264.881, "2018-03-31": "288.86600", "2017-12-31": 470.242, "2017-09-30": 114.843, "2017-06-30": -229.111, "2017-03-31": "0.32600", "2016-12-31": -7.446, "2016-09-30": -8.771, "2016-06-30": -70.452, "2016-03-31": "85.77000", "2015-12-31": 4.089, "2015-09-30": -1118.951, "2015-06-30": -247.097, "2015-03-31": "731.73300", "2014-12-31": 627.37, "2014-09-30": -4.022, "2014-06-30": -22.993, "2014-03-31": "-8.93200", "2013-12-31": -196.607, "2013-09-30": 245.648, "2013-06-30": -18.075, "2013-03-31": "0.66800", "2012-12-31": -269.609, "2012-09-30": -275.423, "2012-06-30": -68.634, "2012-03-31": "328.82700", "2011-12-31": -171.672, "2011-09-30": -40.139, "2011-06-30": -111.99, "2011-03-31": "280.45500", "2010-12-31": 33.174, "2010-09-30": 143.936, "2010-06-30": -42.169, "2010-03-31": "222.89400", "2009-12-31": -388.212, "2009-09-30": -89.097, "2009-06-30": -267.267, "2009-03-31": "249.58700", "2008-12-31": -196.959, "2008-09-30": -213.089, "2008-06-30": -107.342, "2008-03-31": "380.59700", "2007-12-31": -2.48, "2007-09-30": 200.117, "2007-06-30": -283.617, "2007-03-31": "356.65600", "2006-12-31": 94.756, "2006-09-30": -4.429, "2006-06-30": -422.736, "2006-03-31": "577.28800", "2005-12-31": -158.947, "2005-09-30": -117.869, "2005-06-30": -94.916, "2005-03-31": "259.31200"}, "Debt Issuance/Retirement Net - Total": {"2020-12-31": 420.2, "2020-09-30": -559.5, "2020-06-30": -928.2, "2020-03-31": "1067.50000", "2019-12-31": -232.5001, "2019-09-30": -566.6999, "2019-06-30": -376.4, "2019-03-31": "496.20000", "2018-12-31": -324.977, "2018-09-30": -705.801, "2018-06-30": -415.867, "2018-03-31": "287.94500", "2017-12-31": -426.413, "2017-09-30": -554.247, "2017-06-30": 7709.712, "2017-03-31": "0.24800", "2016-12-31": -11.093, "2016-09-30": -9.337, "2016-06-30": -90.119, "2016-03-31": "43.92000", "2015-12-31": 4.143, "2015-09-30": -321.491, "2015-06-30": -247.001, "2015-03-31": "731.63700", "2014-12-31": 128.473, "2014-09-30": -3.56, "2014-06-30": -23.065, "2014-03-31": "-9.61200", "2013-12-31": -205.926, "2013-09-30": 245.457, "2013-06-30": -18.754, "2013-03-31": "0.39800", "2012-12-31": 726.923, "2012-09-30": -275.94, "2012-06-30": -76.62, "2012-03-31": "326.49500", "2011-12-31": -176.019, "2011-09-30": -42.091, "2011-06-30": -117.208, "2011-03-31": "282.86800", "2010-12-31": -20.67, "2010-09-30": 163.254, "2010-06-30": -153.149, "2010-03-31": "223.77600", "2009-12-31": 105.678, "2009-09-30": -91.764, "2009-06-30": -280.224, "2009-03-31": "242.96300", "2008-12-31": -184.252, "2008-09-30": -209.569, "2008-06-30": -110.071, "2008-03-31": "380.48400", "2007-12-31": 0.002, "2007-09-30": 201.747, "2007-06-30": -288.573, "2007-03-31": "158.83300", "2006-12-31": 91.444, "2006-09-30": -6.901, "2006-06-30": -423.091, "2006-03-31": "590.06700", "2005-12-31": -159.414, "2005-09-30": -118.157, "2005-06-30": -95.119, "2005-03-31": "258.29800"}, "Net Common Equity Issued/Repurchased": {"2020-12-31": 1101.6, "2020-09-30": -346.3, "2020-06-30": 47.6, "2020-03-31": "-802.90000", "2019-12-31": -157.6, "2019-09-30": -81.6, "2019-06-30": -104.8, "2019-03-31": "-280.20000", "2018-12-31": -228.551, "2018-09-30": 6.687, "2018-06-30": -81.183, "2018-03-31": "-219.55300", "2017-12-31": 49.809, "2017-09-30": 14.634, "2017-06-30": 37.395, "2017-03-31": "41.76200", "2016-12-31": 20.494, "2016-09-30": 22.629, "2016-06-30": 23.991, "2016-03-31": "19.71700", "2015-12-31": -253.234, "2015-09-30": -70.038, "2015-06-30": -44.612, "2015-03-31": "-577.41700", "2014-12-31": -367.716, "2014-09-30": -414.828, "2014-06-30": -398.316, "2014-03-31": "-207.73400", "2013-12-31": -256.461, "2013-09-30": -251.149, "2013-06-30": -131.196, "2013-03-31": "-60.70400", "2012-12-31": -66.003, "2012-09-30": 3.804, "2012-06-30": -160.532, "2012-03-31": "-113.90900", "2011-12-31": -10.597, "2011-09-30": -192.688, "2011-06-30": -27.18, "2011-03-31": "-67.37100", "2010-12-31": -92.292, "2010-09-30": -68.159, "2010-06-30": -106.992, "2010-03-31": "-6.02500", "2009-12-31": -244.874, "2009-09-30": -211.863, "2009-06-30": -21.627, "2009-03-31": "-15.40300", "2008-12-31": -1.03, "2008-09-30": -34.155, "2008-06-30": -105.614, "2008-03-31": "-214.42800", "2007-12-31": -176.023, "2007-09-30": -360.132, "2007-06-30": -70.092, "2007-03-31": "-185.61100", "2006-12-31": -124.235, "2006-09-30": -67.333, "2006-06-30": -33.482, "2006-03-31": "12.57100", "2005-12-31": -80.813, "2005-09-30": -92.761, "2005-06-30": -20.147, "2005-03-31": "-104.39500"}, "Net Total Equity Issued/Repurchased": {"2020-12-31": 1101.6, "2020-09-30": -346.3, "2020-06-30": 47.6, "2020-03-31": "-802.90000", "2019-12-31": -157.6, "2019-09-30": -81.6, "2019-06-30": -104.8, "2019-03-31": "-280.20000", "2018-12-31": -228.551, "2018-09-30": 6.687, "2018-06-30": -81.183, "2018-03-31": "-219.55300", "2017-12-31": 49.809, "2017-09-30": 14.634, "2017-06-30": 37.395, "2017-03-31": "41.76200", "2016-12-31": 20.494, "2016-09-30": 22.629, "2016-06-30": 23.991, "2016-03-31": "19.71700", "2015-12-31": -253.234, "2015-09-30": -70.038, "2015-06-30": -44.612, "2015-03-31": "-577.41700", "2014-12-31": -367.716, "2014-09-30": -414.828, "2014-06-30": -398.316, "2014-03-31": "-207.73400", "2013-12-31": -256.461, "2013-09-30": -251.149, "2013-06-30": -131.196, "2013-03-31": "-60.70400", "2012-12-31": -66.003, "2012-09-30": 3.804, "2012-06-30": -160.532, "2012-03-31": "-113.90900", "2011-12-31": -10.597, "2011-09-30": -192.688, "2011-06-30": -27.18, "2011-03-31": "-67.37100", "2010-12-31": -92.292, "2010-09-30": -68.159, "2010-06-30": -106.992, "2010-03-31": "-6.02500", "2009-12-31": -244.874, "2009-09-30": -211.863, "2009-06-30": -21.627, "2009-03-31": "-15.40300", "2008-12-31": -1.03, "2008-09-30": -34.155, "2008-06-30": -105.614, "2008-03-31": "-214.42800", "2007-12-31": -176.023, "2007-09-30": -360.132, "2007-06-30": -70.092, "2007-03-31": "-185.61100", "2006-12-31": -124.235, "2006-09-30": -67.333, "2006-06-30": -33.482, "2006-03-31": "12.57100", "2005-12-31": -80.813, "2005-09-30": -92.761, "2005-06-30": -20.147, "2005-03-31": "-104.39500"}, "Total Common And Preferred Stock Dividends Paid": {"2020-12-31": 367.8, "2020-09-30": -122.2, "2020-06-30": -122.7, "2020-03-31": "-122.90000", "2019-12-31": -105.9, "2019-09-30": -105.1, "2019-06-30": -105, "2019-03-31": "-104.80000", "2018-12-31": -80.361, "2018-09-30": -80.898, "2018-06-30": -80.613, "2018-03-31": "-81.02800", "2017-12-31": -79.984, "2017-09-30": -80.082, "2017-06-30": -79.484, "2017-03-31": "-79.45000", "2016-12-31": -78.219, "2016-09-30": -78.142, "2016-06-30": -77.987, "2016-03-31": "-77.73400", "2015-12-31": -62.405, "2015-09-30": -61.991, "2015-06-30": -62.642, "2015-03-31": "-62.60900", "2014-12-31": -53.085, "2014-09-30": -53.342, "2014-06-30": -53.746, "2014-03-31": "-55.09000", "2013-12-31": -50.626, "2013-09-30": -51.052, "2013-06-30": -51.555, "2013-03-31": "-51.74500", "2012-12-31": -40.345, "2012-09-30": -40.156, "2012-06-30": -40.075, "2012-03-31": "-40.36300", "2011-12-31": -37.861, "2011-09-30": -37.802, "2011-06-30": -38.845, "2011-03-31": "-39.00400", "2010-12-31": -38.738, "2010-09-30": -38.903, "2010-06-30": -39.415, "2010-03-31": "-39.36800", "2009-12-31": -37.927, "2009-09-30": -41.444, "2009-06-30": -41.547, "2009-03-31": "-41.64300", "2008-12-31": -40.949, "2008-09-30": -40.987, "2008-06-30": -41.137, "2008-03-31": "-42.03800", "2007-12-31": -39.164, "2007-09-30": -40.186, "2007-06-30": -41.444, "2007-03-31": "-41.50700", "2006-12-31": -33.348, "2006-09-30": -33.902, "2006-06-30": -34.057, "2006-03-31": "-34.05000", "2005-12-31": -27.874, "2005-09-30": -28.502, "2005-06-30": -28.314, "2005-03-31": "-28.89800"}, "Financial Activities - Other": {"2020-12-31": 26.6, "2020-09-30": -2.1, "2020-06-30": 1.5, "2020-03-31": "-26.00000", "2019-12-31": -8.7, "2019-09-30": -3.7, "2019-06-30": -49.8, "2019-03-31": "-59.80000", "2018-12-31": 212.675, "2018-09-30": -28.761, "2018-06-30": 88.399, "2018-03-31": "-14.81300", "2017-12-31": -19.366, "2017-09-30": 5.986, "2017-06-30": -3.718, "2017-03-31": "-22.70200", "2016-12-31": -2.829, "2016-09-30": 0.001, "2016-06-30": -3.062, "2016-03-31": "-9.58300", "2015-12-31": 2.533, "2015-09-30": 6.326, "2015-06-30": 18.924, "2015-03-31": "19.52400", "2014-12-31": 11.746, "2014-09-30": 10.901, "2014-06-30": 3.769, "2014-03-31": "18.13000", "2013-12-31": 7.229, "2013-09-30": 5.977, "2013-06-30": 12.153, "2013-03-31": "4.64600", "2012-12-31": 35.629, "2012-09-30": 38.604, "2012-06-30": 5.494, "2012-03-31": "3.57200", "2011-12-31": 18.763, "2011-09-30": 1.669, "2011-06-30": 3.306, "2011-03-31": "4.85100", "2010-12-31": 5.074, "2010-09-30": -19.099, "2010-06-30": 9.975, "2010-03-31": "-2.83700", "2009-12-31": -5.783, "2009-09-30": 4.04, "2009-06-30": 1.456, "2009-03-31": "-2.86800", "2008-12-31": 3.653, "2008-09-30": 0.677, "2008-06-30": 5.359, "2008-03-31": "-3.85300", "2007-12-31": -7.019, "2007-09-30": 3.727, "2007-06-30": -7.073, "2007-03-31": "25.89800", "2006-12-31": 13.779, "2006-09-30": 6.876, "2006-06-30": 1.62, "2006-03-31": "10.39300", "2005-12-31": -19.164, "2005-09-30": 19.172, "2005-06-30": -3.45, "2005-03-31": "-0.46800"}, "Cash Flow From Financial Activities": {"2020-12-31": 1916.2, "2020-09-30": -1030.1, "2020-06-30": -1001.8, "2020-03-31": "115.70000", "2019-12-31": -504.7, "2019-09-30": -757.1, "2019-06-30": -636, "2019-03-31": "51.40000", "2018-12-31": -421.214, "2018-09-30": -808.773, "2018-06-30": -489.264, "2018-03-31": "-27.44900", "2017-12-31": -475.954, "2017-09-30": -613.709, "2017-06-30": 7663.905, "2017-03-31": "-60.14200", "2016-12-31": -71.647, "2016-09-30": -64.849, "2016-06-30": -147.177, "2016-03-31": "-23.68000", "2015-12-31": -308.963, "2015-09-30": -447.194, "2015-06-30": -335.331, "2015-03-31": "111.13500", "2014-12-31": -280.582, "2014-09-30": -460.829, "2014-06-30": -471.358, "2014-03-31": "-254.30600", "2013-12-31": -505.784, "2013-09-30": -50.767, "2013-06-30": -189.352, "2013-03-31": "-107.40500", "2012-12-31": 656.204, "2012-09-30": -273.688, "2012-06-30": -271.733, "2012-03-31": "175.79500", "2011-12-31": -205.714, "2011-09-30": -270.912, "2011-06-30": -179.927, "2011-03-31": "181.34400", "2010-12-31": -146.626, "2010-09-30": 37.093, "2010-06-30": -289.581, "2010-03-31": "175.54600", "2009-12-31": -182.906, "2009-09-30": -341.031, "2009-06-30": -341.942, "2009-03-31": "183.04900", "2008-12-31": -222.578, "2008-09-30": -284.034, "2008-06-30": -251.463, "2008-03-31": "120.16500", "2007-12-31": -222.204, "2007-09-30": -194.844, "2007-06-30": -407.182, "2007-03-31": "-42.38700", "2006-12-31": -52.36, "2006-09-30": -101.26, "2006-06-30": -489.01, "2006-03-31": "578.98100", "2005-12-31": -287.265, "2005-09-30": -220.248, "2005-06-30": -147.03, "2005-03-31": "124.53700"}, "Net Cash Flow": {"2020-12-31": -458.1, "2020-09-30": 431.8, "2020-06-30": -50.4, "2020-03-31": "76.70000", "2019-12-31": -27.8, "2019-09-30": 44, "2019-06-30": 51.2, "2019-03-31": "-61.10000", "2018-12-31": -25.998, "2018-09-30": 26.538, "2018-06-30": -3.64, "2018-03-31": "-45.60000", "2017-12-31": -3.744, "2017-09-30": -2.112, "2017-06-30": -807.759, "2017-03-31": "128.01500", "2016-12-31": 187.224, "2016-09-30": 299.913, "2016-06-30": 332.108, "2016-03-31": "-135.19600", "2015-12-31": 114.715, "2015-09-30": 15.961, "2015-06-30": 11.055, "2015-03-31": "23.28100", "2014-12-31": -220.614, "2014-09-30": -5.852, "2014-06-30": -99.267, "2014-03-31": "-378.42400", "2013-12-31": -290.824, "2013-09-30": 294.629, "2013-06-30": 127.154, "2013-03-31": "-248.66000", "2012-12-31": 807.409, "2012-09-30": 8.565, "2012-06-30": 21.123, "2012-03-31": "-7.20300", "2011-12-31": -13.33, "2011-09-30": -25.537, "2011-06-30": 17.616, "2011-03-31": "-4.63800", "2010-12-31": -6.363, "2010-09-30": 16.547, "2010-06-30": -42.772, "2010-03-31": "21.84400", "2009-12-31": 36.559, "2009-09-30": -16.489, "2009-06-30": 7.014, "2009-03-31": "16.03300", "2008-12-31": -14.715, "2008-09-30": -4.647, "2008-06-30": 25.449, "2008-03-31": "-7.20000", "2007-12-31": 6.092, "2007-09-30": -36.309, "2007-06-30": -242.297, "2007-03-31": "-169.33100", "2006-12-31": 68.81, "2006-09-30": 151.716, "2006-06-30": -245.608, "2006-03-31": "458.21100", "2005-12-31": 6.205, "2005-09-30": 17.316, "2005-06-30": 5.024, "2005-03-31": "-38.43600"}, "Stock-Based Compensation": {"2020-12-31": -72.9, "2020-09-30": 26.5, "2020-06-30": 26.3, "2020-03-31": "20.10000", "2019-12-31": 30.8, "2019-09-30": 23.2, "2019-06-30": 24.6, "2019-03-31": "23.10000", "2018-12-31": 29.468, "2018-09-30": 16.356, "2018-06-30": 22.165, "2018-03-31": "14.61100", "2017-12-31": 31.154, "2017-09-30": 23.28, "2017-06-30": 18.545, "2017-03-31": "17.32100", "2016-12-31": 23.994, "2016-09-30": 16.167, "2016-06-30": 16.183, "2016-03-31": "15.76500", "2015-12-31": 24.504, "2015-09-30": 15.26, "2015-06-30": 14.499, "2015-03-31": "18.07900", "2014-12-31": 20.922, "2014-09-30": 14.25, "2014-06-30": 13.705, "2014-03-31": "15.85800", "2013-12-31": 22.056, "2013-09-30": 11.971, "2013-06-30": 12.071, "2013-03-31": "11.90600", "2012-12-31": 21.304, "2012-09-30": 11.099, "2012-06-30": 11.177, "2012-03-31": "10.76800", "2011-12-31": 16.401, "2011-09-30": 10.342, "2011-06-30": 10.34, "2011-03-31": "11.09300", "2010-12-31": 13.778, "2010-09-30": 9.009, "2010-06-30": 8.977, "2010-03-31": "10.51200", "2009-12-31": 3.12, "2009-09-30": 8.904, "2009-06-30": 8.895, "2009-03-31": "2.35200", "2008-12-31": 14.05, "2008-09-30": 8.761, "2008-06-30": 9.098, "2008-03-31": "9.20500", "2007-12-31": 11.43, "2007-09-30": 8.114, "2007-06-30": 7.995, "2007-03-31": "7.81600", "2006-12-31": 11.745, "2006-09-30": 6.326, "2006-06-30": 6.271, "2006-03-31": "5.14600", "2005-12-31": 3.139, "2005-09-30": 1.603, "2005-06-30": 1.522, "2005-03-31": "2.46000"}, "Common Stock Dividends Paid": {"2020-12-31": 367.8, "2020-09-30": -122.2, "2020-06-30": -122.7, "2020-03-31": "-122.90000", "2019-12-31": -105.9, "2019-09-30": -105.1, "2019-06-30": -105, "2019-03-31": "-104.80000", "2018-12-31": -80.361, "2018-09-30": -80.898, "2018-06-30": -80.613, "2018-03-31": "-81.02800", "2017-12-31": -79.984, "2017-09-30": -80.082, "2017-06-30": -79.484, "2017-03-31": "-79.45000", "2016-12-31": -78.219, "2016-09-30": -78.142, "2016-06-30": -77.987, "2016-03-31": "-77.73400", "2015-12-31": -62.405, "2015-09-30": -61.991, "2015-06-30": -62.642, "2015-03-31": "-62.60900", "2014-12-31": -53.085, "2014-09-30": -53.342, "2014-06-30": -53.746, "2014-03-31": "-55.09000", "2013-12-31": -50.626, "2013-09-30": -51.052, "2013-06-30": -51.555, "2013-03-31": "-51.74500", "2012-12-31": -40.345, "2012-09-30": -40.156, "2012-06-30": -40.075, "2012-03-31": "-40.36300", "2011-12-31": -37.861, "2011-09-30": -37.802, "2011-06-30": -38.845, "2011-03-31": "-39.00400", "2010-12-31": -38.738, "2010-09-30": -38.903, "2010-06-30": -39.415, "2010-03-31": "-39.36800", "2009-12-31": -37.927, "2009-09-30": -41.444, "2009-06-30": -41.547, "2009-03-31": "-41.64300", "2008-12-31": -40.949, "2008-09-30": -40.987, "2008-06-30": -41.137, "2008-03-31": "-42.03800", "2007-12-31": -39.164, "2007-09-30": -40.186, "2007-06-30": -41.444, "2007-03-31": "-41.50700", "2006-12-31": -33.348, "2006-09-30": -33.902, "2006-06-30": -34.057, "2006-03-31": "-34.05000", "2005-12-31": -27.874, "2005-09-30": -28.502, "2005-06-30": -28.314, "2005-03-31": "-28.89800"}}, "financial ratios": {"Current Ratio": {"2019-12-31": "1.02430", "2018-12-31": "1.01090", "2017-12-31": "1.10530", "2016-12-31": "1.28210", "2015-12-31": "1.24060", "2014-12-31": "0.95710", "2013-12-31": "1.24920", "2012-12-31": "1.67830", "2011-12-31": "1.04570", "2010-12-31": "1.07260", "2009-12-31": "1.27000", "2008-12-31": "0.98580", "2007-12-31": "0.96650", "2006-12-31": "1.18100", "2005-12-31": "1.21870"}, "Long-term Debt / Capital": {"2019-12-31": "0.66130", "2018-12-31": "0.70010", "2017-12-31": "0.73050", "2016-12-31": "0.39200", "2015-12-31": "0.68730", "2014-12-31": "0.52830", "2013-12-31": "0.38740", "2012-12-31": "0.47670", "2011-12-31": "0.29650", "2010-12-31": "0.28720", "2009-12-31": "0.34420", "2008-12-31": "0.15910", "2007-12-31": "0.14110", "2006-12-31": "0.12780", "2005-12-31": "0.21960"}, "Debt/Equity Ratio": {"2019-12-31": "2.10640", "2018-12-31": "2.50450", "2017-12-31": "2.88400", "2016-12-31": "1.03940", "2015-12-31": "2.24670", "2014-12-31": "1.80510", "2013-12-31": "0.97030", "2012-12-31": "0.95150", "2011-12-31": "0.65490", "2010-12-31": "0.64920", "2009-12-31": "0.54840", "2008-12-31": "0.51930", "2007-12-31": "0.54060", "2006-12-31": "0.43890", "2005-12-31": "0.35890"}, "Gross Margin": {"2019-12-31": "44.89240", "2018-12-31": "42.30860", "2017-12-31": "44.84040", "2016-12-31": "49.94480", "2015-12-31": "49.02960", "2014-12-31": "46.40340", "2013-12-31": "45.32470", "2012-12-31": "44.11600", "2011-12-31": "42.71840", "2010-12-31": "44.76450", "2009-12-31": "45.99740", "2008-12-31": "43.84610", "2007-12-31": "44.95690", "2006-12-31": "43.72270", "2005-12-31": "42.83840"}, "Operating Margin": {"2019-12-31": "13.45920", "2018-12-31": "10.70800", "2017-12-31": "11.30220", "2016-12-31": "14.70380", "2015-12-31": "14.24640", "2014-12-31": "11.71690", "2013-12-31": "11.25490", "2012-12-31": "9.87290", "2011-12-31": "8.90990", "2010-12-31": "9.63360", "2009-12-31": "9.79350", "2008-12-31": "10.47530", "2007-12-31": "12.29530", "2006-12-31": "11.26350", "2005-12-31": "10.08560"}, "EBIT Margin": {"2019-12-31": "13.45920", "2018-12-31": "10.70800", "2017-12-31": "11.30220", "2016-12-31": "14.70380", "2015-12-31": "14.24640", "2014-12-31": "11.71690", "2013-12-31": "11.25490", "2012-12-31": "9.87290", "2011-12-31": "8.90990", "2010-12-31": "9.63360", "2009-12-31": "9.79350", "2008-12-31": "10.47530", "2007-12-31": "12.29530", "2006-12-31": "11.26350", "2005-12-31": "10.08560"}, "EBITDA Margin": {"2019-12-31": "17.40430", "2018-12-31": "14.17780", "2017-12-31": "15.41270", "2016-12-31": "16.99750", "2015-12-31": "16.02480", "2014-12-31": "13.53340", "2013-12-31": "13.09860", "2012-12-31": "11.79530", "2011-12-31": "10.97370", "2010-12-31": "11.94570", "2009-12-31": "12.40190", "2008-12-31": "12.54950", "2007-12-31": "14.53890", "2006-12-31": "13.14960", "2005-12-31": "12.38750"}, "Pre-Tax Profit Margin": {"2019-12-31": "11.07100", "2018-12-31": "7.75440", "2017-12-31": "9.80590", "2016-12-31": "13.45550", "2015-12-31": "13.66020", "2014-12-31": "11.30530", "2013-12-31": "10.66180", "2012-12-31": "9.51610", "2011-12-31": "8.45970", "2010-12-31": "8.71590", "2009-12-31": "8.77920", "2008-12-31": "8.95360", "2007-12-31": "11.40420", "2006-12-31": "10.68290", "2005-12-31": "9.12590"}, "Net Profit Margin": {"2019-12-31": "8.61020", "2018-12-31": "6.32300", "2017-12-31": "11.53180", "2016-12-31": "9.55420", "2015-12-31": "9.29380", "2014-12-31": "7.78010", "2013-12-31": "7.34340", "2012-12-31": "6.56480", "2011-12-31": "4.98570", "2010-12-31": "5.88530", "2009-12-31": "6.08020", "2008-12-31": "5.91680", "2007-12-31": "7.68960", "2006-12-31": "7.37610", "2005-12-31": "6.44250"}, "Asset Turnover": {"2019-12-31": "0.87340", "2018-12-31": "0.91640", "2017-12-31": "0.75300", "2016-12-31": "1.75570", "2015-12-31": "1.96220", "2014-12-31": "1.95280", "2013-12-31": "1.59590", "2012-12-31": "1.52920", "2011-12-31": "1.67630", "2010-12-31": "1.50440", "2009-12-31": "1.64070", "2008-12-31": "1.80710", "2007-12-31": "1.64880", "2006-12-31": "1.56350", "2005-12-31": "1.64580"}, "Inventory Turnover Ratio": {"2019-12-31": "5.22050", "2018-12-31": "5.57260", "2017-12-31": "4.74320", "2016-12-31": "5.55480", "2015-12-31": "5.67450", "2014-12-31": "5.77150", "2013-12-31": "5.73640", "2012-12-31": "5.78950", "2011-12-31": "5.41770", "2010-12-31": "4.68060", "2009-12-31": "5.18770", "2008-12-31": "5.18510", "2007-12-31": "4.96510", "2006-12-31": "5.32630", "2005-12-31": "5.08360"}, "Receiveable Turnover": {"2019-12-31": "8.56950", "2018-12-31": "8.68560", "2017-12-31": "7.11950", "2016-12-31": "9.63100", "2015-12-31": "10.17640", "2014-12-31": "9.84420", "2013-12-31": "9.27850", "2012-12-31": "9.23430", "2011-12-31": "8.85540", "2010-12-31": "8.48340", "2009-12-31": "10.19210", "2008-12-31": "10.36350", "2007-12-31": "9.19440", "2006-12-31": "9.02890", "2005-12-31": "8.88530"}, "Days Sales In Receivables": {"2019-12-31": "42.59300", "2018-12-31": "42.02360", "2017-12-31": "51.26730", "2016-12-31": "37.89860", "2015-12-31": "35.86730", "2014-12-31": "37.07760", "2013-12-31": "39.33810", "2012-12-31": "39.52670", "2011-12-31": "41.21790", "2010-12-31": "43.02510", "2009-12-31": "35.81210", "2008-12-31": "35.21980", "2007-12-31": "39.69830", "2006-12-31": "40.42570", "2005-12-31": "41.07910"}, "ROE - Return On Equity": {"2019-12-31": "37.38030", "2018-12-31": "29.71830", "2017-12-31": "48.50740", "2016-12-31": "60.30020", "2015-12-31": "121.42380", "2014-12-31": "86.89540", "2013-12-31": "43.39710", "2012-12-31": "37.32340", "2011-12-31": "32.57000", "2010-12-31": "33.20810", "2009-12-31": "34.20570", "2008-12-31": "34.33490", "2007-12-31": "42.13420", "2006-12-31": "36.94710", "2005-12-31": "27.31620"}, "Return On Tangible Equity": {"2019-12-31": "-20.23770", "2018-12-31": "-13.15560", "2017-12-31": "-19.29920", "2016-12-31": "228.11970", "2015-12-31": "-198.54210", "2014-12-31": "-191.99150", "2013-12-31": "266.34750", "2012-12-31": "218.92230", "2011-12-31": "428.83270", "2010-12-31": "248.01060", "2009-12-31": "221.56670", "2008-12-31": "159.50490", "2007-12-31": "140.55260", "2006-12-31": "72.92110", "2005-12-31": "83.87880"}, "ROA - Return On Assets": {"2019-12-31": "7.51990", "2018-12-31": "5.79430", "2017-12-31": "8.89220", "2016-12-31": "16.77450", "2015-12-31": "18.23600", "2014-12-31": "15.19280", "2013-12-31": "11.79100", "2012-12-31": "10.12130", "2011-12-31": "8.44980", "2010-12-31": "8.94690", "2009-12-31": "10.08010", "2008-12-31": "10.79940", "2007-12-31": "12.67840", "2006-12-31": "11.53250", "2005-12-31": "10.60280"}, "ROI - Return On Investment": {"2019-12-31": "12.66060", "2018-12-31": "8.91320", "2017-12-31": "13.07490", "2016-12-31": "36.65980", "2015-12-31": "37.97400", "2014-12-31": "40.98940", "2013-12-31": "25.97810", "2012-12-31": "18.42990", "2011-12-31": "20.49300", "2010-12-31": "20.48420", "2009-12-31": "19.16980", "2008-12-31": "24.97550", "2007-12-31": "29.60680", "2006-12-31": "25.21890", "2005-12-31": "20.89000"}, "Book Value Per Share": {"2019-12-31": "44.74800", "2018-12-31": "40.06470", "2017-12-31": "38.85540", "2016-12-31": "20.19550", "2015-12-31": "9.40850", "2014-12-31": "10.52190", "2013-12-31": "17.72250", "2012-12-31": "17.35070", "2011-12-31": "14.60630", "2010-12-31": "15.03850", "2009-12-31": "13.62380", "2008-12-31": "13.71940", "2007-12-31": "14.54010", "2006-12-31": "14.69670", "2005-12-31": "12.80620"}, "Operating Cash Flow Per Share": {"2019-12-31": 4.3782, "2018-12-31": 0.6158, "2017-12-31": 5.9977, "2016-12-31": -1.4608, "2015-12-31": 4.3567, "2014-12-31": 0.4362, "2013-12-31": 1.9739, "2012-12-31": 1.5799, "2011-12-31": 0.468, "2010-12-31": -1.0114, "2009-12-31": 0.0921, "2008-12-31": 0.7348, "2007-12-31": 0.7395, "2006-12-31": 0.8601, "2005-12-31": 5.0801}, "Free Cash Flow Per Share": {"2019-12-31": 3.5011, "2018-12-31": 0.3203, "2017-12-31": 6.1804, "2016-12-31": -1.5119, "2015-12-31": 3.9091, "2014-12-31": 0.0227, "2013-12-31": 1.8681, "2012-12-31": 1.5237, "2011-12-31": 0.163, "2010-12-31": -1.364, "2009-12-31": 0.2859, "2008-12-31": 1.01, "2007-12-31": 1.0012, "2006-12-31": 0.3456, "2005-12-31": 4.066}}, "financial ratios, quarterly": {"Current Ratio": {"2020-09-30": "1.18750", "2020-06-30": "1.09500", "2020-03-31": "0.94400", "2019-12-31": "1.02430", "2019-09-30": "1.00860", "2019-06-30": "0.80250", "2019-03-31": "0.96290", "2018-12-31": "1.01090", "2018-09-30": "1.02830", "2018-06-30": "1.18810", "2018-03-31": "1.11570", "2017-12-31": "1.10530", "2017-09-30": "1.07140", "2017-06-30": "1.16910", "2017-03-31": "1.31900", "2016-12-31": "1.28210", "2016-09-30": "1.47400", "2016-06-30": "1.32710", "2016-03-31": "1.27670", "2015-12-31": "1.24060", "2015-09-30": "1.27390", "2015-06-30": "0.89480", "2015-03-31": "0.81820", "2014-12-31": "0.95710", "2014-09-30": "1.07370", "2014-06-30": "1.14050", "2014-03-31": "1.20990", "2013-12-31": "1.24920", "2013-09-30": "1.56700", "2013-06-30": "1.69880", "2013-03-31": "1.73160", "2012-12-31": "1.67830", "2012-09-30": "1.13850", "2012-06-30": "1.03640", "2012-03-31": "1.03420", "2011-12-31": "1.04570", "2011-09-30": "1.06570", "2011-06-30": "1.10390", "2011-03-31": "1.05980", "2010-12-31": "1.07260", "2010-09-30": "1.09410", "2010-06-30": "1.16710", "2010-03-31": "1.25210", "2009-12-31": "1.27000", "2009-09-30": "1.01940", "2009-06-30": "1.03890", "2009-03-31": "0.97220", "2008-12-31": "0.98580", "2008-09-30": "0.94440", "2008-06-30": "0.92120", "2008-03-31": "0.89070", "2007-12-31": "0.96650", "2007-09-30": "1.01150", "2007-06-30": "1.11500", "2007-03-31": "1.13280", "2006-12-31": "1.18100", "2006-09-30": "1.20500", "2006-06-30": "1.17380", "2006-03-31": "1.11130", "2005-12-31": "1.21870", "2005-09-30": "1.19980", "2005-06-30": "1.17750", "2005-03-31": "1.10360"}, "Long-term Debt / Capital": {"2020-09-30": "0.66270", "2020-06-30": "0.68170", "2020-03-31": "0.71590", "2019-12-31": "0.66130", "2019-09-30": "0.66660", "2019-06-30": "0.65800", "2019-03-31": "0.71550", "2018-12-31": "0.70010", "2018-09-30": "0.68910", "2018-06-30": "0.72420", "2018-03-31": "0.73070", "2017-12-31": "0.73050", "2017-09-30": "0.78630", "2017-06-30": "0.81810", "2017-03-31": "0.36970", "2016-12-31": "0.39200", "2016-09-30": "0.54450", "2016-06-30": "0.60500", "2016-03-31": "0.65600", "2015-12-31": "0.68730", "2015-09-30": "0.66140", "2015-06-30": "0.59590", "2015-03-31": "0.70410", "2014-12-31": "0.52830", "2014-09-30": "0.45370", "2014-06-30": "0.42400", "2014-03-31": "0.40440", "2013-12-31": "0.38740", "2013-09-30": "0.46610", "2013-06-30": "0.46630", "2013-03-31": "0.47380", "2012-12-31": "0.47670", "2012-09-30": "0.26310", "2012-06-30": "0.29220", "2012-03-31": "0.29720", "2011-12-31": "0.29650", "2011-09-30": "0.27990", "2011-06-30": "0.26940", "2011-03-31": "0.28820", "2010-12-31": "0.28720", "2010-09-30": "0.30040", "2010-06-30": "0.31370", "2010-03-31": "0.34370", "2009-12-31": "0.34420", "2009-09-30": "0.14530", "2009-06-30": "0.14370", "2009-03-31": "0.15840", "2008-12-31": "0.15910", "2008-09-30": "0.14610", "2008-06-30": "0.15020", "2008-03-31": "0.15340", "2007-12-31": "0.14110", "2007-09-30": "0.13740", "2007-06-30": "0.12660", "2007-03-31": "0.13220", "2006-12-31": "0.12780", "2006-09-30": "0.12650", "2006-06-30": "0.13250", "2006-03-31": "0.14100", "2005-12-31": "0.21960", "2005-09-30": "0.21750", "2005-06-30": "0.22180", "2005-03-31": "0.23440"}, "Debt/Equity Ratio": {"2020-09-30": "1.97070", "2020-06-30": "2.28680", "2020-03-31": "2.97050", "2019-12-31": "2.10640", "2019-09-30": "2.21440", "2019-06-30": "2.52330", "2019-03-31": "2.84130", "2018-12-31": "2.50450", "2018-09-30": "2.46060", "2018-06-30": "2.80190", "2018-03-31": "2.96570", "2017-12-31": "2.88400", "2017-09-30": "3.99470", "2017-06-30": "4.81100", "2017-03-31": "0.94620", "2016-12-31": "1.03940", "2016-09-30": "1.22780", "2016-06-30": "1.58070", "2016-03-31": "2.03800", "2015-12-31": "2.24670", "2015-09-30": "1.99460", "2015-06-30": "3.00940", "2015-03-31": "5.38150", "2014-12-31": "1.80510", "2014-09-30": "1.24310", "2014-06-30": "1.10780", "2014-03-31": "1.03570", "2013-12-31": "0.97030", "2013-09-30": "1.03210", "2013-06-30": "0.90240", "2013-03-31": "0.93980", "2012-12-31": "0.95150", "2012-09-30": "0.54480", "2012-06-30": "0.80870", "2012-03-31": "0.87620", "2011-12-31": "0.65490", "2011-09-30": "0.70840", "2011-06-30": "0.70120", "2011-03-31": "0.83290", "2010-12-31": "0.64920", "2010-09-30": "0.64900", "2010-06-30": "0.59340", "2010-03-31": "0.69610", "2009-12-31": "0.54840", "2009-09-30": "0.41750", "2009-06-30": "0.46180", "2009-03-31": "0.68140", "2008-12-31": "0.51930", "2008-09-30": "0.59070", "2008-06-30": "0.74420", "2008-03-31": "0.83240", "2007-12-31": "0.54060", "2007-09-30": "0.52080", "2007-06-30": "0.37580", "2007-03-31": "0.54030", "2006-12-31": "0.43890", "2006-09-30": "0.37980", "2006-06-30": "0.40050", "2006-03-31": "0.65710", "2005-12-31": "0.35890", "2005-09-30": "0.44520", "2005-06-30": "0.52700", "2005-03-31": "0.62530"}, "Gross Margin": {"2020-09-30": "47.93450", "2020-06-30": "47.97780", "2020-03-31": "45.57120", "2019-12-31": "46.03340", "2019-09-30": "45.72180", "2019-06-30": "44.72100", "2019-03-31": "42.93850", "2018-12-31": "41.40320", "2018-09-30": "42.49010", "2018-06-30": "42.70460", "2018-03-31": "42.54340", "2017-12-31": "43.70570", "2017-09-30": "42.19700", "2017-06-30": "46.43210", "2017-03-31": "48.63690", "2016-12-31": "49.85240", "2016-09-30": "49.89920", "2016-06-30": "50.81190", "2016-03-31": "49.01840", "2015-12-31": "50.78050", "2015-09-30": "49.94950", "2015-06-30": "48.84800", "2015-03-31": "46.21710", "2014-12-31": "47.40290", "2014-09-30": "46.68850", "2014-06-30": "46.32450", "2014-03-31": "45.04020", "2013-12-31": "45.75300", "2013-09-30": "45.51350", "2013-06-30": "45.45430", "2013-03-31": "44.42900", "2012-12-31": "44.80500", "2012-09-30": "44.18680", "2012-06-30": "44.71770", "2012-03-31": "42.58860", "2011-12-31": "42.79760", "2011-09-30": "41.78400", "2011-06-30": "43.43370", "2011-03-31": "42.97340", "2010-12-31": "44.60980", "2010-09-30": "44.72690", "2010-06-30": "45.35060", "2010-03-31": "44.20160", "2009-12-31": "47.42440", "2009-09-30": "46.52110", "2009-06-30": "45.96620", "2009-03-31": "43.89090", "2008-12-31": "46.17490", "2008-09-30": "42.33730", "2008-06-30": "43.63680", "2008-03-31": "43.80740", "2007-12-31": "44.91130", "2007-09-30": "44.98720", "2007-06-30": "44.88110", "2007-03-31": "45.06180", "2006-12-31": "42.95580", "2006-09-30": "44.20910", "2006-06-30": "43.97190", "2006-03-31": "43.61880", "2005-12-31": "43.37230", "2005-09-30": "42.48160", "2005-06-30": "42.64700", "2005-03-31": "42.94800"}, "Operating Margin": {"2020-09-30": "18.72830", "2020-06-30": "18.27320", "2020-03-31": "12.06500", "2019-12-31": "10.71360", "2019-09-30": "16.24790", "2019-06-30": "15.67920", "2019-03-31": "10.21550", "2018-12-31": "5.35710", "2018-09-30": "13.64770", "2018-06-30": "13.19490", "2018-03-31": "9.69090", "2017-12-31": "7.81900", "2017-09-30": "11.24040", "2017-06-30": "14.72620", "2017-03-31": "11.79070", "2016-12-31": "12.39690", "2016-09-30": "17.60500", "2016-06-30": "17.98680", "2016-03-31": "9.39520", "2015-12-31": "12.20590", "2015-09-30": "18.13950", "2015-06-30": "16.62730", "2015-03-31": "8.36330", "2014-12-31": "8.06550", "2014-09-30": "15.06760", "2014-06-30": "14.44960", "2014-03-31": "7.70680", "2013-12-31": "6.70470", "2013-09-30": "14.23870", "2013-06-30": "14.59050", "2013-03-31": "8.31610", "2012-12-31": "4.83960", "2012-09-30": "13.42080", "2012-06-30": "13.10930", "2012-03-31": "6.88670", "2011-12-31": "6.35060", "2011-09-30": "11.12790", "2011-06-30": "11.37690", "2011-03-31": "5.66470", "2010-12-31": "6.73570", "2010-09-30": "12.37100", "2010-06-30": "12.85790", "2010-03-31": "4.93060", "2009-12-31": "7.89720", "2009-09-30": "13.41410", "2009-06-30": "12.28500", "2009-03-31": "3.95650", "2008-12-31": "7.76360", "2008-09-30": "12.36890", "2008-06-30": "13.21520", "2008-03-31": "7.22270", "2007-12-31": "9.88370", "2007-09-30": "14.32700", "2007-06-30": "14.18810", "2007-03-31": "9.93010", "2006-12-31": "7.72990", "2006-09-30": "13.57510", "2006-06-30": "13.26430", "2006-03-31": "9.67250", "2005-12-31": "7.23470", "2005-09-30": "12.00110", "2005-06-30": "12.47120", "2005-03-31": "7.74610"}, "EBIT Margin": {"2020-09-30": "18.72830", "2020-06-30": "18.27320", "2020-03-31": "12.06500", "2019-12-31": "10.71360", "2019-09-30": "16.24790", "2019-06-30": "15.67920", "2019-03-31": "10.21550", "2018-12-31": "5.35710", "2018-09-30": "13.64770", "2018-06-30": "13.19490", "2018-03-31": "9.69090", "2017-12-31": "7.81900", "2017-09-30": "11.24040", "2017-06-30": "14.72620", "2017-03-31": "11.79070", "2016-12-31": "12.39690", "2016-09-30": "17.60500", "2016-06-30": "17.98680", "2016-03-31": "9.39520", "2015-12-31": "12.20590", "2015-09-30": "18.13950", "2015-06-30": "16.62730", "2015-03-31": "8.36330", "2014-12-31": "8.06550", "2014-09-30": "15.06760", "2014-06-30": "14.44960", "2014-03-31": "7.70680", "2013-12-31": "6.70470", "2013-09-30": "14.23870", "2013-06-30": "14.59050", "2013-03-31": "8.31610", "2012-12-31": "4.83960", "2012-09-30": "13.42080", "2012-06-30": "13.10930", "2012-03-31": "6.88670", "2011-12-31": "6.35060", "2011-09-30": "11.12790", "2011-06-30": "11.37690", "2011-03-31": "5.66470", "2010-12-31": "6.73560", "2010-09-30": "12.37100", "2010-06-30": "12.85790", "2010-03-31": "4.93060", "2009-12-31": "7.89720", "2009-09-30": "13.41410", "2009-06-30": "12.28500", "2009-03-31": "3.95650", "2008-12-31": "7.76360", "2008-09-30": "12.36890", "2008-06-30": "13.21520", "2008-03-31": "7.22270", "2007-12-31": "9.88370", "2007-09-30": "14.32700", "2007-06-30": "14.18810", "2007-03-31": "9.93010", "2006-12-31": "7.72990", "2006-09-30": "13.57510", "2006-06-30": "13.26430", "2006-03-31": "9.67250", "2005-12-31": "7.23470", "2005-09-30": "12.00110", "2005-06-30": "12.47120", "2005-03-31": "7.74610"}, "EBITDA Margin": {"2020-09-30": "", "2020-06-30": "", "2020-03-31": "", "2019-12-31": "", "2019-09-30": "", "2019-06-30": "", "2019-03-31": "", "2018-12-31": "", "2018-09-30": "", "2018-06-30": "", "2018-03-31": "", "2017-12-31": "", "2017-09-30": "", "2017-06-30": "", "2017-03-31": "", "2016-12-31": "", "2016-09-30": "", "2016-06-30": "", "2016-03-31": "", "2015-12-31": "", "2015-09-30": "", "2015-06-30": "", "2015-03-31": "", "2014-12-31": "", "2014-09-30": "", "2014-06-30": "", "2014-03-31": "", "2013-12-31": "", "2013-09-30": "", "2013-06-30": "", "2013-03-31": "", "2012-12-31": "", "2012-09-30": "", "2012-06-30": "", "2012-03-31": "", "2011-12-31": "", "2011-09-30": "", "2011-06-30": "", "2011-03-31": "", "2010-12-31": "", "2010-09-30": "", "2010-06-30": "", "2010-03-31": "", "2009-12-31": "", "2009-09-30": "", "2009-06-30": "", "2009-03-31": "", "2008-12-31": "", "2008-09-30": "", "2008-06-30": "", "2008-03-31": "", "2007-12-31": "", "2007-09-30": "", "2007-06-30": "", "2007-03-31": "", "2006-12-31": "", "2006-09-30": "", "2006-06-30": "", "2006-03-31": "", "2005-12-31": "", "2005-09-30": "", "2005-06-30": "", "2005-03-31": ""}, "Pre-Tax Profit Margin": {"2020-09-30": "17.09420", "2020-06-30": "16.23370", "2020-03-31": "9.46050", "2019-12-31": "7.22830", "2019-09-30": "14.58180", "2019-06-30": "13.85260", "2019-03-31": "7.39690", "2018-12-31": "2.51150", "2018-09-30": "8.79120", "2018-06-30": "11.27170", "2018-03-31": "7.65660", "2017-12-31": "5.67820", "2017-09-30": "9.49010", "2017-06-30": "13.62500", "2017-03-31": "11.10330", "2016-12-31": "10.92630", "2016-09-30": "16.33260", "2016-06-30": "16.74830", "2016-03-31": "8.40570", "2015-12-31": "11.41140", "2015-09-30": "17.47060", "2015-06-30": "16.21200", "2015-03-31": "7.88650", "2014-12-31": "7.35070", "2014-09-30": "15.04640", "2014-06-30": "14.10550", "2014-03-31": "7.01770", "2013-12-31": "6.07340", "2013-09-30": "13.60750", "2013-06-30": "14.03460", "2013-03-31": "7.76980", "2012-12-31": "4.23940", "2012-09-30": "13.17590", "2012-06-30": "12.74000", "2012-03-31": "6.66160", "2011-12-31": "6.25680", "2011-09-30": "10.47420", "2011-06-30": "10.91480", "2011-03-31": "5.10420", "2010-12-31": "5.47050", "2010-09-30": "11.75640", "2010-06-30": "12.09710", "2010-03-31": "3.79810", "2009-12-31": "5.07580", "2009-09-30": "12.95240", "2009-06-30": "11.91700", "2009-03-31": "3.28200", "2008-12-31": "4.65530", "2008-09-30": "11.73130", "2008-06-30": "11.48990", "2008-03-31": "6.34390", "2007-12-31": "8.19700", "2007-09-30": "13.39610", "2007-06-30": "13.79070", "2007-03-31": "9.31100", "2006-12-31": "7.05390", "2006-09-30": "13.07170", "2006-06-30": "12.63520", "2006-03-31": "9.15510", "2005-12-31": "6.43320", "2005-09-30": "11.07860", "2005-06-30": "11.17190", "2005-03-31": "6.99640"}, "Net Profit Margin": {"2020-09-30": "13.77920", "2020-06-30": "12.94310", "2020-03-31": "7.75800", "2019-12-31": "6.04220", "2019-09-30": "11.84340", "2019-06-30": "9.65600", "2019-03-31": "6.06800", "2018-12-31": "2.48370", "2018-09-30": "7.48240", "2018-06-30": "8.45460", "2018-03-31": "6.30840", "2017-12-31": "21.43520", "2017-09-30": "7.02470", "2017-06-30": "8.54190", "2017-03-31": "8.66060", "2016-12-31": "7.29640", "2016-09-30": "11.79260", "2016-06-30": "11.74290", "2016-03-31": "6.40540", "2015-12-31": "7.60260", "2015-09-30": "11.88000", "2015-06-30": "11.17250", "2015-03-31": "5.36280", "2014-12-31": "5.33120", "2014-09-30": "10.29170", "2014-06-30": "9.52100", "2014-03-31": "4.85660", "2013-12-31": "4.70090", "2013-09-30": "9.17550", "2013-06-30": "9.42000", "2013-03-31": "5.33170", "2012-12-31": "3.04220", "2012-09-30": "8.95000", "2012-06-30": "8.77980", "2012-03-31": "4.65440", "2011-12-31": "0.70220", "2011-09-30": "7.15420", "2011-06-30": "7.51990", "2011-03-31": "3.64550", "2010-12-31": "3.80970", "2010-09-30": "7.97920", "2010-06-30": "8.38630", "2010-03-31": "2.06970", "2009-12-31": "4.02660", "2009-09-30": "8.68000", "2009-06-30": "8.02720", "2009-03-31": "2.40400", "2008-12-31": "2.67310", "2008-09-30": "7.80550", "2008-06-30": "7.70040", "2008-03-31": "4.37490", "2007-12-31": "5.43830", "2007-09-30": "9.11900", "2007-06-30": "9.21700", "2007-03-31": "6.36620", "2006-12-31": "5.49900", "2006-09-30": "8.46180", "2006-06-30": "8.66640", "2006-03-31": "6.42740", "2005-12-31": "4.39380", "2005-09-30": "7.66960", "2005-06-30": "7.79610", "2005-03-31": "5.41380"}, "Asset Turnover": {"2020-09-30": "0.24610", "2020-06-30": "0.22460", "2020-03-31": "0.20160", "2019-12-31": "0.20070", "2019-09-30": "0.23330", "2019-06-30": "0.23020", "2019-03-31": "0.19280", "2018-12-31": "0.21240", "2018-09-30": "0.23750", "2018-06-30": "0.23760", "2018-03-31": "0.19520", "2017-12-31": "0.20000", "2017-09-30": "0.21690", "2017-06-30": "0.18030", "2017-03-31": "0.39510", "2016-12-31": "0.41210", "2016-09-30": "0.47410", "2016-06-30": "0.48300", "2016-03-31": "0.42630", "2015-12-31": "0.45070", "2015-09-30": "0.51770", "2015-06-30": "0.51110", "2015-03-31": "0.41860", "2014-12-31": "0.45080", "2014-09-30": "0.49870", "2014-06-30": "0.47990", "2014-03-31": "0.38240", "2013-12-31": "0.38500", "2013-09-30": "0.41140", "2013-06-30": "0.42350", "2013-03-31": "0.35150", "2012-12-31": "0.35640", "2012-09-30": "0.46280", "2012-06-30": "0.45730", "2012-03-31": "0.39150", "2011-12-31": "0.39590", "2011-09-30": "0.45260", "2011-06-30": "0.41800", "2011-03-31": "0.34090", "2010-12-31": "0.36670", "2010-09-30": "0.41930", "2010-06-30": "0.45210", "2010-03-31": "0.34720", "2009-12-31": "0.36980", "2009-09-30": "0.44880", "2009-06-30": "0.43260", "2009-03-31": "0.35140", "2008-12-31": "0.38490", "2008-09-30": "0.44750", "2008-06-30": "0.43160", "2008-03-31": "0.35560", "2007-12-31": "0.38180", "2007-09-30": "0.43010", "2007-06-30": "0.43500", "2007-03-31": "0.35520", "2006-12-31": "0.35930", "2006-09-30": "0.41620", "2006-06-30": "0.43160", "2006-03-31": "0.35070", "2005-12-31": "0.39140", "2005-09-30": "0.43200", "2005-06-30": "0.42590", "2005-03-31": "0.34340"}, "Inventory Turnover Ratio": {"2020-09-30": "1.59430", "2020-06-30": "1.33910", "2020-03-31": "1.15460", "2019-12-31": "1.17510", "2019-09-30": "1.44770", "2019-06-30": "1.42300", "2019-03-31": "1.15670", "2018-12-31": "1.31190", "2018-09-30": "1.50970", "2018-06-30": "1.50640", "2018-03-31": "1.17270", "2017-12-31": "1.28570", "2017-09-30": "1.52870", "2017-06-30": "1.07890", "2017-03-31": "1.13680", "2016-12-31": "1.30620", "2016-09-30": "1.47690", "2016-06-30": "1.37440", "2016-03-31": "1.14370", "2015-12-31": "1.25860", "2015-09-30": "1.49860", "2015-06-30": "1.41540", "2015-03-31": "1.13480", "2014-12-31": "1.30760", "2014-09-30": "1.60480", "2014-06-30": "1.49690", "2014-03-31": "1.18590", "2013-12-31": "1.37290", "2013-09-30": "1.52460", "2013-06-30": "1.50310", "2013-03-31": "1.18810", "2012-12-31": "1.33250", "2012-09-30": "1.50770", "2012-06-30": "1.37900", "2012-03-31": "1.20580", "2011-12-31": "1.27790", "2011-09-30": "1.49640", "2011-06-30": "1.24830", "2011-03-31": "0.99440", "2010-12-31": "1.14420", "2010-09-30": "1.39780", "2010-06-30": "1.47530", "2010-03-31": "1.10950", "2009-12-31": "1.13830", "2009-09-30": "1.47000", "2009-06-30": "1.36690", "2009-03-31": "1.03730", "2008-12-31": "1.05870", "2008-09-30": "1.51500", "2008-06-30": "1.36500", "2008-03-31": "1.05000", "2007-12-31": "1.15080", "2007-09-30": "1.36360", "2007-06-30": "1.34920", "2007-03-31": "1.09620", "2006-12-31": "1.24060", "2006-09-30": "1.38060", "2006-06-30": "1.37980", "2006-03-31": "1.10520", "2005-12-31": "1.19760", "2005-09-30": "1.38380", "2005-06-30": "1.30430", "2005-03-31": "1.00300"}, "Receiveable Turnover": {"2020-09-30": "2.08690", "2020-06-30": "1.86210", "2020-03-31": "1.80960", "2019-12-31": "1.96970", "2019-09-30": "1.96360", "2019-06-30": "1.83440", "2019-03-31": "1.72720", "2018-12-31": "2.01320", "2018-09-30": "1.83090", "2018-06-30": "1.81850", "2018-03-31": "1.70430", "2017-12-31": "1.89090", "2017-09-30": "1.85760", "2017-06-30": "1.57110", "2017-03-31": "2.03510", "2016-12-31": "2.26050", "2016-09-30": "2.24920", "2016-06-30": "2.18560", "2016-03-31": "1.99420", "2015-12-31": "2.33750", "2015-09-30": "2.22940", "2015-06-30": "2.15410", "2015-03-31": "1.98470", "2014-12-31": "2.27270", "2014-09-30": "2.23610", "2014-06-30": "2.16920", "2014-03-31": "2.01560", "2013-12-31": "2.23830", "2013-09-30": "2.11140", "2013-06-30": "2.08810", "2013-03-31": "1.91630", "2012-12-31": "2.15190", "2012-09-30": "2.06100", "2012-06-30": "2.07870", "2012-03-31": "1.88200", "2011-12-31": "2.09160", "2011-09-30": "2.11740", "2011-06-30": "1.98910", "2011-03-31": "1.83330", "2010-12-31": "2.06800", "2010-09-30": "2.03040", "2010-06-30": "2.17280", "2010-03-31": "1.96220", "2009-12-31": "2.29700", "2009-09-30": "2.21580", "2009-06-30": "2.14360", "2009-03-31": "1.97380", "2008-12-31": "2.20760", "2008-09-30": "2.11440", "2008-06-30": "2.04110", "2008-03-31": "1.91280", "2007-12-31": "2.12920", "2007-09-30": "2.00210", "2007-06-30": "2.01050", "2007-03-31": "1.90430", "2006-12-31": "2.07470", "2006-09-30": "2.08510", "2006-06-30": "2.04680", "2006-03-31": "1.94520", "2005-12-31": "2.11300", "2005-09-30": "2.06750", "2005-06-30": "1.99940", "2005-03-31": "1.83400"}, "Days Sales In Receivables": {"2020-09-30": "43.12700", "2020-06-30": "48.33300", "2020-03-31": "49.73470", "2019-12-31": "45.69340", "2019-09-30": "45.83480", "2019-06-30": "49.06290", "2019-03-31": "52.10820", "2018-12-31": "44.70520", "2018-09-30": "49.15710", "2018-06-30": "49.49020", "2018-03-31": "52.80620", "2017-12-31": "47.59650", "2017-09-30": "48.44890", "2017-06-30": "57.28560", "2017-03-31": "44.22290", "2016-12-31": "39.81500", "2016-09-30": "40.01470", "2016-06-30": "41.17910", "2016-03-31": "45.13070", "2015-12-31": "38.50300", "2015-09-30": "40.36920", "2015-06-30": "41.78110", "2015-03-31": "45.34780", "2014-12-31": "39.60080", "2014-09-30": "40.24890", "2014-06-30": "41.48950", "2014-03-31": "44.65160", "2013-12-31": "40.20970", "2013-09-30": "42.62620", "2013-06-30": "43.10090", "2013-03-31": "46.96660", "2012-12-31": "41.82320", "2012-09-30": "43.66780", "2012-06-30": "43.29730", "2012-03-31": "47.82270", "2011-12-31": "43.02880", "2011-09-30": "42.50530", "2011-06-30": "45.24650", "2011-03-31": "49.09150", "2010-12-31": "43.52110", "2010-09-30": "44.32720", "2010-06-30": "41.42170", "2010-03-31": "45.86670", "2009-12-31": "39.18160", "2009-09-30": "40.61670", "2009-06-30": "41.98490", "2009-03-31": "45.59790", "2008-12-31": "40.76770", "2008-09-30": "42.56560", "2008-06-30": "44.09310", "2008-03-31": "47.05120", "2007-12-31": "42.26840", "2007-09-30": "44.95170", "2007-06-30": "44.76460", "2007-03-31": "47.26070", "2006-12-31": "43.38000", "2006-09-30": "43.16250", "2006-06-30": "43.97160", "2006-03-31": "46.26670", "2005-12-31": "42.59280", "2005-09-30": "43.53140", "2005-06-30": "45.01320", "2005-03-31": "49.07180"}, "ROE - Return On Equity": {"2020-09-30": "16.77560", "2020-06-30": "15.39830", "2020-03-31": "9.78080", "2019-12-31": "6.02920", "2019-09-30": "14.33050", "2019-06-30": "12.56840", "2019-03-31": "7.08650", "2018-12-31": "2.70570", "2018-09-30": "9.00710", "2018-06-30": "10.90010", "2018-03-31": "6.86080", "2017-12-31": "23.38580", "2017-09-30": "11.55080", "2017-06-30": "15.08210", "2017-03-31": "11.57930", "2016-12-31": "10.80840", "2016-09-30": "24.20440", "2016-06-30": "30.32690", "2016-03-31": "16.47400", "2015-12-31": "22.81540", "2015-09-30": "38.36350", "2015-06-30": "46.20600", "2015-03-31": "28.00760", "2014-12-31": "13.32130", "2014-09-30": "24.13130", "2014-06-30": "19.18380", "2014-03-31": "7.07700", "2013-12-31": "6.69630", "2013-09-30": "14.49080", "2013-06-30": "14.29780", "2013-03-31": "6.71590", "2012-12-31": "4.02500", "2012-09-30": "14.11900", "2012-06-30": "16.14710", "2012-03-31": "7.34070", "2011-12-31": "1.07260", "2011-09-30": "12.20180", "2011-06-30": "11.53690", "2011-03-31": "4.86610", "2010-12-31": "5.23580", "2010-09-30": "12.28690", "2010-06-30": "13.82350", "2010-03-31": "2.55030", "2009-12-31": "5.12780", "2009-09-30": "11.78980", "2009-06-30": "10.41510", "2009-03-31": "2.73070", "2008-12-31": "3.61190", "2008-09-30": "11.63830", "2008-06-30": "11.85020", "2008-03-31": "5.72050", "2007-12-31": "6.90080", "2007-09-30": "13.42520", "2007-06-30": "12.36750", "2007-03-31": "7.38790", "2006-12-31": "6.32930", "2006-09-30": "11.18420", "2006-06-30": "9.37060", "2006-03-31": "6.17720", "2005-12-31": "4.43040", "2005-09-30": "8.97790", "2005-06-30": "9.49910", "2005-03-31": "5.69820"}, "Return On Tangible Equity": {"2020-09-30": "-9.67250", "2020-06-30": "-7.79910", "2020-03-31": "-3.89700", "2019-12-31": "-3.26420", "2019-09-30": "-7.36730", "2019-06-30": "-5.70360", "2019-03-31": "-2.84340", "2018-12-31": "-1.19780", "2018-09-30": "-4.25380", "2018-06-30": "-4.61000", "2018-03-31": "-2.73950", "2017-12-31": "-9.30430", "2017-09-30": "-2.97410", "2017-06-30": "-3.34260", "2017-03-31": "35.03380", "2016-12-31": "40.88900", "2016-09-30": "195.43200", "2016-06-30": "-260.48030", "2016-03-31": "-41.55170", "2015-12-31": "-37.30580", "2015-09-30": "-85.95670", "2015-06-30": "-52.36540", "2015-03-31": "-13.71840", "2014-12-31": "-29.43290", "2014-09-30": "-295.60910", "2014-06-30": "672.77790", "2014-03-31": "69.55830", "2013-12-31": "41.09840", "2013-09-30": "67.95220", "2013-06-30": "66.98790", "2013-03-31": "36.61030", "2012-12-31": "23.60900", "2012-09-30": "69.19330", "2012-06-30": "223.20180", "2012-03-31": "108.98130", "2011-12-31": "14.12300", "2011-09-30": "79.31190", "2011-06-30": "57.16310", "2011-03-31": "39.37890", "2010-12-31": "39.10280", "2010-09-30": "80.30330", "2010-06-30": "74.82290", "2010-03-31": "15.76110", "2009-12-31": "33.21510", "2009-09-30": "44.53600", "2009-06-30": "37.42040", "2009-03-31": "13.64230", "2008-12-31": "16.77950", "2008-09-30": "44.47820", "2008-06-30": "51.16700", "2008-03-31": "29.39900", "2007-12-31": "23.01990", "2007-09-30": "40.67760", "2007-06-30": "28.42160", "2007-03-31": "15.61940", "2006-12-31": "12.49190", "2006-09-30": "20.02070", "2006-06-30": "23.11420", "2006-03-31": "16.95290", "2005-12-31": "13.60420", "2005-09-30": "27.60930", "2005-06-30": "30.79990", "2005-03-31": "22.23530"}, "ROA - Return On Assets": {"2020-09-30": "3.39170", "2020-06-30": "2.90760", "2020-03-31": "1.56390", "2019-12-31": "1.21290", "2019-09-30": "2.76310", "2019-06-30": "2.22320", "2019-03-31": "1.16980", "2018-12-31": "0.52750", "2018-09-30": "1.77710", "2018-06-30": "2.00840", "2018-03-31": "1.23160", "2017-12-31": "4.28700", "2017-09-30": "1.52360", "2017-06-30": "1.74080", "2017-03-31": "3.42190", "2016-12-31": "3.00670", "2016-09-30": "5.59040", "2016-06-30": "5.67180", "2016-03-31": "2.73050", "2015-12-31": "3.42650", "2015-09-30": "6.15030", "2015-06-30": "5.70990", "2015-03-31": "2.24510", "2014-12-31": "2.32910", "2014-09-30": "5.16450", "2014-06-30": "4.59620", "2014-03-31": "1.86550", "2013-12-31": "1.81940", "2013-09-30": "3.79920", "2013-06-30": "4.01480", "2013-03-31": "1.88420", "2012-12-31": "1.09150", "2012-09-30": "4.17670", "2012-06-30": "4.04900", "2012-03-31": "1.83650", "2011-12-31": "0.27830", "2011-09-30": "3.27640", "2011-06-30": "3.17930", "2011-03-31": "1.25500", "2010-12-31": "1.41060", "2010-09-30": "3.38290", "2010-06-30": "3.83320", "2010-03-31": "0.72300", "2009-12-31": "1.51110", "2009-09-30": "3.93770", "2009-06-30": "3.51000", "2009-03-31": "0.84490", "2008-12-31": "1.13610", "2008-09-30": "3.49330", "2008-06-30": "3.32350", "2008-03-31": "1.55550", "2007-12-31": "2.07650", "2007-09-30": "3.92230", "2007-06-30": "4.00970", "2007-03-31": "2.26140", "2006-12-31": "1.97560", "2006-09-30": "3.52180", "2006-06-30": "3.74030", "2006-03-31": "2.25420", "2005-12-31": "1.71970", "2005-09-30": "3.31350", "2005-06-30": "3.32060", "2005-03-31": "1.85900"}, "ROI - Return On Investment": {"2020-09-30": "5.65810", "2020-06-30": "4.90080", "2020-03-31": "2.77850", "2019-12-31": "2.04210", "2019-09-30": "4.77790", "2019-06-30": "4.29860", "2019-03-31": "2.01600", "2018-12-31": "0.81150", "2018-09-30": "2.80050", "2018-06-30": "3.00620", "2018-03-31": "1.84780", "2017-12-31": "6.30350", "2017-09-30": "2.46870", "2017-06-30": "2.74410", "2017-03-31": "7.29820", "2016-12-31": "6.57100", "2016-09-30": "11.02590", "2016-06-30": "11.97980", "2016-03-31": "5.66660", "2015-12-31": "7.13530", "2015-09-30": "12.98840", "2015-06-30": "18.67320", "2015-03-31": "8.28780", "2014-12-31": "6.28380", "2014-09-30": "13.18340", "2014-06-30": "11.00890", "2014-03-31": "4.16000", "2013-12-31": "4.00850", "2013-09-30": "7.50980", "2013-06-30": "7.35210", "2013-03-31": "3.37240", "2012-12-31": "1.98750", "2012-09-30": "9.72990", "2012-06-30": "10.47490", "2012-03-31": "4.66890", "2011-12-31": "0.67490", "2011-09-30": "7.85080", "2011-06-30": "7.49100", "2011-03-31": "3.02450", "2010-12-31": "3.22970", "2010-09-30": "7.46220", "2010-06-30": "8.14440", "2010-03-31": "1.43110", "2009-12-31": "2.87370", "2009-09-30": "8.79440", "2009-06-30": "7.80350", "2009-03-31": "1.98320", "2008-12-31": "2.62740", "2008-09-30": "8.69890", "2008-06-30": "8.75930", "2008-03-31": "4.07430", "2007-12-31": "4.84900", "2007-09-30": "9.36750", "2007-06-30": "8.78120", "2007-03-31": "5.06860", "2006-12-31": "4.32020", "2006-09-30": "7.58650", "2006-06-30": "8.12880", "2006-03-31": "5.29720", "2005-12-31": "3.38810", "2005-09-30": "6.76710", "2005-06-30": "6.97110", "2005-03-31": "4.00140"}, "Book Value Per Share": {"2020-09-30": "46.33590", "2020-06-30": "42.52640", "2020-03-31": "36.22360", "2019-12-31": "44.76980", "2019-09-30": "43.58500", "2019-06-30": "40.60130", "2019-03-31": "37.48750", "2018-12-31": "40.06470", "2018-09-30": "41.98110", "2018-06-30": "39.65230", "2018-03-31": "38.97260", "2017-12-31": "38.85540", "2017-09-30": "29.31100", "2017-06-30": "25.59960", "2017-03-31": "22.17750", "2016-12-31": "20.19550", "2016-09-30": "17.19750", "2016-06-30": "13.51770", "2016-03-31": "10.82030", "2015-12-31": "9.40850", "2015-09-30": "10.48500", "2015-06-30": "8.12500", "2015-03-31": "5.03480", "2014-12-31": "10.52190", "2014-09-30": "14.08300", "2014-06-30": "15.59450", "2014-03-31": "16.58810", "2013-12-31": "17.72250", "2013-09-30": "18.45060", "2013-06-30": "18.18730", "2013-03-31": "17.57340", "2012-12-31": "17.35070", "2012-09-30": "17.25790", "2012-06-30": "14.99780", "2012-03-31": "14.60730", "2011-12-31": "14.60630", "2011-09-30": "15.90120", "2011-06-30": "16.43610", "2011-03-31": "15.10270", "2010-12-31": "15.03850", "2010-09-30": "15.22340", "2010-06-30": "14.07510", "2010-03-31": "13.62510", "2009-12-31": "13.62380", "2009-09-30": "15.02420", "2009-06-30": "14.85070", "2009-03-31": "13.51040", "2008-12-31": "13.71940", "2008-09-30": "14.86960", "2008-06-30": "14.17940", "2008-03-31": "13.59910", "2007-12-31": "14.54010", "2007-09-30": "14.68610", "2007-06-30": "15.40510", "2007-03-31": "14.51330", "2006-12-31": "14.69670", "2006-09-30": "15.29530", "2006-06-30": "14.50950", "2006-03-31": "13.56730", "2005-12-31": "12.80620", "2005-09-30": "12.80490", "2005-06-30": "12.32000", "2005-03-31": "11.45830"}, "Operating Cash Flow Per Share": {"2020-09-30": 16.1476, "2020-06-30": 11.0952, "2020-03-31": "0.59120", "2019-12-31": 7.0916, "2019-09-30": 9.6476, "2019-06-30": 8.4859, "2019-03-31": "-0.38430", "2018-12-31": 5.4186, "2018-09-30": 8.9408, "2018-06-30": 5.6767, "2018-03-31": "0.42650", "2017-12-31": 6.6249, "2017-09-30": 7.05, "2017-06-30": 3.7199, "2017-03-31": "2.45200", "2016-12-31": 3.6506, "2016-09-30": 4.8115, "2016-06-30": 6.0464, "2016-03-31": "-0.65940", "2015-12-31": 5.7528, "2015-09-30": 5.8674, "2015-06-30": 4.2677, "2015-03-31": "-0.57800", "2014-12-31": 1.8407, "2014-09-30": 5.7476, "2014-06-30": 4.189, "2014-03-31": "-0.82410", "2013-12-31": 2.9367, "2013-09-30": 4.6729, "2013-06-30": 3.7815, "2013-03-31": "-0.87410", "2012-12-31": 3.0704, "2012-09-30": 3.5294, "2012-06-30": 3.4256, "2012-03-31": "-1.48230", "2011-12-31": 2.6802, "2011-09-30": 3.2709, "2011-06-30": 2.4387, "2011-03-31": "-1.42660", "2010-12-31": 2.0891, "2010-09-30": 2.2532, "2010-06-30": 3.2107, "2010-03-31": "-1.05780", "2009-12-31": 2.1392, "2009-09-30": 3.0765, "2009-06-30": 3.2421, "2009-03-31": "-0.95120", "2008-12-31": 2.4004, "2008-09-30": 2.7998, "2008-06-30": 2.7101, "2008-03-31": "-0.49580", "2007-12-31": 2.3295, "2007-09-30": 2.3193, "2007-06-30": 2.684, "2007-03-31": "-0.65310", "2006-12-31": 2.0322, "2006-09-30": 2.2249, "2006-06-30": 2.2566, "2006-03-31": "-0.57350", "2005-12-31": 2.5071, "2005-09-30": 1.8744, "2005-06-30": 1.3875, "2005-03-31": "-0.68890"}, "Free Cash Flow Per Share": {"2020-09-30": 15.5911, "2020-06-30": 10.6957, "2020-03-31": "-0.55680", "2019-12-31": 5.9736, "2019-09-30": 8.613, "2019-06-30": 7.6677, "2019-03-31": "-0.93310", "2018-12-31": 4.5229, "2018-09-30": 8.2672, "2018-06-30": 5.0457, "2018-03-31": "-0.01570", "2017-12-31": 5.7841, "2017-09-30": 6.4245, "2017-06-30": 3.2779, "2017-03-31": "2.01330", "2016-12-31": 2.9474, "2016-09-30": 4.1901, "2016-06-30": 5.3938, "2016-03-31": "-1.21190", "2015-12-31": 4.9473, "2015-09-30": 5.1197, "2015-06-30": 3.7926, "2015-03-31": "-1.02830", "2014-12-31": 1.2149, "2014-09-30": 5.021, "2014-06-30": 3.8016, "2014-03-31": "-1.11530", "2013-12-31": 2.3765, "2013-09-30": 4.3098, "2013-06-30": 3.3869, "2013-03-31": "-1.17370", "2012-12-31": 2.5488, "2012-09-30": 3.2121, "2012-06-30": 3.0666, "2012-03-31": "-1.79610", "2011-12-31": 2.1551, "2011-09-30": 2.9855, "2011-06-30": 2.0447, "2011-03-31": "-1.67760", "2010-12-31": 1.6408, "2010-09-30": 1.9831, "2010-06-30": 3.0107, "2010-03-31": "-1.28990", "2009-12-31": 1.8954, "2009-09-30": 2.8741, "2009-06-30": 3.0805, "2009-03-31": "-1.14130", "2008-12-31": 2.1854, "2008-09-30": 2.6204, "2008-06-30": 2.4389, "2008-03-31": "-0.82190", "2007-12-31": 1.967, "2007-09-30": 2.0401, "2007-06-30": 2.3439, "2007-03-31": "-0.93820", "2006-12-31": 1.5545, "2006-09-30": 1.8561, "2006-06-30": 1.8741, "2006-03-31": "-0.87310", "2005-12-31": 2.2225, "2005-09-30": 1.636, "2005-06-30": 1.1074, "2005-03-31": "-0.89990"}}, "revenue": {"Sherwin-Williams Annual Revenue (Millions of US $)": {"2020": "$18,362", "2019": "$17,901", "2018": "$17,535", "2017": "$14,984", "2016": "$11,856", "2015": "$11,339", "2014": "$11,130", "2013": "$10,186", "2012": "$9,534", "2011": "$8,766", "2010": "$7,776", "2009": "$7,094", "2008": "$7,980", "2007": "$8,005", "2006": "$7,810", "2005": "$7,191"}, "Sherwin-Williams Quarterly Revenue (Millions of US $)": {"2020-12-31": "$4,489", "2020-09-30": "$5,122", "2020-06-30": "$4,604", "2020-03-31": "$4,147", "2019-12-31": "$4,114", "2019-09-30": "$4,868", "2019-06-30": "$4,878", "2019-03-31": "$4,041", "2018-12-31": "$4,064", "2018-09-30": "$4,731", "2018-06-30": "$4,774", "2018-03-31": "$3,965", "2017-12-31": "$3,980", "2017-09-30": "$4,507", "2017-06-30": "$3,736", "2017-03-31": "$2,761", "2016-12-31": "$2,783", "2016-09-30": "$3,279", "2016-06-30": "$3,220", "2016-03-31": "$2,574", "2015-12-31": "$2,605", "2015-09-30": "$3,152", "2015-06-30": "$3,132", "2015-03-31": "$2,450", "2014-12-31": "$2,569", "2014-09-30": "$3,151", "2014-06-30": "$3,043", "2014-03-31": "$2,367", "2013-12-31": "$2,457", "2013-09-30": "$2,847", "2013-06-30": "$2,714", "2013-03-31": "$2,167", "2012-12-31": "$2,222", "2012-09-30": "$2,603", "2012-06-30": "$2,573", "2012-03-31": "$2,136", "2011-12-31": "$2,070", "2011-09-30": "$2,485", "2011-06-30": "$2,355", "2011-03-31": "$1,856", "2010-12-31": "$1,896", "2010-09-30": "$2,172", "2010-06-30": "$2,143", "2010-03-31": "$1,565", "2009-12-31": "$1,599", "2009-09-30": "$1,997", "2009-06-30": "$1,948", "2009-03-31": "$1,551", "2008-12-31": "$1,700", "2008-09-30": "$2,269", "2008-06-30": "$2,230", "2008-03-31": "$1,782", "2007-12-31": "$1,854", "2007-09-30": "$2,197", "2007-06-30": "$2,198", "2007-03-31": "$1,756", "2006-12-31": "$1,795", "2006-09-30": "$2,117", "2006-06-30": "$2,130", "2006-03-31": "$1,769", "2005-12-31": "$1,710", "2005-09-30": "$1,977", "2005-06-30": "$1,965", "2005-03-31": "$1,539"}}, "gross-profit": {"Sherwin-Williams Annual Gross Profit (Millions of US $)": {"2020": "$8,683", "2019": "$8,036", "2018": "$7,419", "2017": "$6,719", "2016": "$5,921", "2015": "$5,560", "2014": "$5,164", "2013": "$4,617", "2012": "$4,206", "2011": "$3,745", "2010": "$3,481", "2009": "$3,263", "2008": "$3,499", "2007": "$3,599", "2006": "$3,415", "2005": "$3,080"}, "Sherwin-Williams Quarterly Gross Profit (Millions of US $)": {"2020-12-31": "$2,129", "2020-09-30": "$2,455", "2020-06-30": "$2,209", "2020-03-31": "$1,890", "2019-12-31": "$1,894", "2019-09-30": "$2,226", "2019-06-30": "$2,181", "2019-03-31": "$1,735", "2018-12-31": "$1,683", "2018-09-30": "$2,010", "2018-06-30": "$2,039", "2018-03-31": "$1,687", "2017-12-31": "$1,739", "2017-09-30": "$1,902", "2017-06-30": "$1,735", "2017-03-31": "$1,343", "2016-12-31": "$1,387", "2016-09-30": "$1,636", "2016-06-30": "$1,636", "2016-03-31": "$1,262", "2015-12-31": "$1,323", "2015-09-30": "$1,575", "2015-06-30": "$1,530", "2015-03-31": "$1,132", "2014-12-31": "$1,218", "2014-09-30": "$1,471", "2014-06-30": "$1,410", "2014-03-31": "$1,066", "2013-12-31": "$1,124", "2013-09-30": "$1,296", "2013-06-30": "$1,234", "2013-03-31": "$963", "2012-12-31": "$996", "2012-09-30": "$1,150", "2012-06-30": "$1,151", "2012-03-31": "$910", "2011-12-31": "$886", "2011-09-30": "$1,038", "2011-06-30": "$1,023", "2011-03-31": "$797", "2010-12-31": "$846", "2010-09-30": "$972", "2010-06-30": "$972", "2010-03-31": "$692", "2009-12-31": "$758", "2009-09-30": "$929", "2009-06-30": "$895", "2009-03-31": "$681", "2008-12-31": "$785", "2008-09-30": "$960", "2008-06-30": "$973", "2008-03-31": "$781", "2007-12-31": "$833", "2007-09-30": "$988", "2007-06-30": "$987", "2007-03-31": "$791", "2006-12-31": "$771", "2006-09-30": "$936", "2006-06-30": "$937", "2006-03-31": "$771", "2005-12-31": "$742", "2005-09-30": "$840", "2005-06-30": "$838", "2005-03-31": "$661"}}, "operating-income": {"Sherwin-Williams Annual Operating Income (Millions of US $)": {"2020": "$2,864", "2019": "$2,409", "2018": "$1,878", "2017": "$1,694", "2016": "$1,743", "2015": "$1,615", "2014": "$1,304", "2013": "$1,146", "2012": "$941", "2011": "$781", "2010": "$749", "2009": "$695", "2008": "$836", "2007": "$984", "2006": "$880", "2005": "$725"}, "Sherwin-Williams Quarterly Operating Income (Millions of US $)": {"2020-12-31": "$563", "2020-09-30": "$959", "2020-06-30": "$841", "2020-03-31": "$500", "2019-12-31": "$441", "2019-09-30": "$791", "2019-06-30": "$765", "2019-03-31": "$413", "2018-12-31": "$218", "2018-09-30": "$646", "2018-06-30": "$630", "2018-03-31": "$384", "2017-12-31": "$311", "2017-09-30": "$507", "2017-06-30": "$550", "2017-03-31": "$326", "2016-12-31": "$345", "2016-09-30": "$577", "2016-06-30": "$579", "2016-03-31": "$242", "2015-12-31": "$318", "2015-09-30": "$572", "2015-06-30": "$521", "2015-03-31": "$205", "2014-12-31": "$207", "2014-09-30": "$475", "2014-06-30": "$440", "2014-03-31": "$182", "2013-12-31": "$165", "2013-09-30": "$405", "2013-06-30": "$396", "2013-03-31": "$180", "2012-12-31": "$108", "2012-09-30": "$349", "2012-06-30": "$337", "2012-03-31": "$147", "2011-12-31": "$131", "2011-09-30": "$277", "2011-06-30": "$268", "2011-03-31": "$105", "2010-12-31": "$128", "2010-09-30": "$269", "2010-06-30": "$276", "2010-03-31": "$77", "2009-12-31": "$126", "2009-09-30": "$268", "2009-06-30": "$239", "2009-03-31": "$61", "2008-12-31": "$132", "2008-09-30": "$281", "2008-06-30": "$295", "2008-03-31": "$129", "2007-12-31": "$183", "2007-09-30": "$315", "2007-06-30": "$312", "2007-03-31": "$174", "2006-12-31": "$139", "2006-09-30": "$287", "2006-06-30": "$283", "2006-03-31": "$171", "2005-12-31": "$124", "2005-09-30": "$237", "2005-06-30": "$245", "2005-03-31": "$119"}}, "ebitda": {"Sherwin-Williams Annual EBITDA (Millions of US $)": {"2019": "$3,116", "2018": "$2,486", "2017": "$2,309", "2016": "$2,015", "2015": "$1,817", "2014": "$1,506", "2013": "$1,334", "2012": "$1,125", "2011": "$962", "2010": "$929", "2009": "$880", "2008": "$1,001", "2007": "$1,164", "2006": "$1,027", "2005": "$891"}, "Sherwin-Williams Quarterly EBITDA (Millions of US $)": {"2020-09-30": "$1,107", "2020-06-30": "$987", "2020-03-31": "$647", "2019-12-31": "$710", "2019-09-30": "$937", "2019-06-30": "$910", "2019-03-31": "$559", "2018-12-31": "$366", "2018-09-30": "$797", "2018-06-30": "$779", "2018-03-31": "$544", "2017-12-31": "$526", "2017-09-30": "$738", "2017-06-30": "$668", "2017-03-31": "$377", "2016-12-31": "$424", "2016-09-30": "$646", "2016-06-30": "$648", "2016-03-31": "$297", "2015-12-31": "$370", "2015-09-30": "$621", "2015-06-30": "$571", "2015-03-31": "$255", "2014-12-31": "$261", "2014-09-30": "$524", "2014-06-30": "$489", "2014-03-31": "$231", "2013-12-31": "$213", "2013-09-30": "$452", "2013-06-30": "$442", "2013-03-31": "$227", "2012-12-31": "$157", "2012-09-30": "$394", "2012-06-30": "$381", "2012-03-31": "$192", "2011-12-31": "$176", "2011-09-30": "$325", "2011-06-30": "$312", "2011-03-31": "$149", "2010-12-31": "$185", "2010-09-30": "$312", "2010-06-30": "$315", "2010-03-31": "$117", "2009-12-31": "$183", "2009-09-30": "$311", "2009-06-30": "$283", "2009-03-31": "$103", "2008-12-31": "$149", "2008-09-30": "$323", "2008-06-30": "$359", "2008-03-31": "$170", "2007-12-31": "$245", "2007-09-30": "$356", "2007-06-30": "$351", "2007-03-31": "$212", "2006-12-31": "$178", "2006-09-30": "$324", "2006-06-30": "$318", "2006-03-31": "$206", "2005-12-31": "$182", "2005-09-30": "$273", "2005-06-30": "$281", "2005-03-31": "$155"}}, "net-income": {"Sherwin-Williams Annual Net Income (Millions of US $)": {"2020": "$2,030", "2019": "$1,541", "2018": "$1,109", "2017": "$1,728", "2016": "$1,133", "2015": "$1,054", "2014": "$866", "2013": "$748", "2012": "$626", "2011": "$437", "2010": "$458", "2009": "$431", "2008": "$472", "2007": "$616", "2006": "$576", "2005": "$463"}, "Sherwin-Williams Quarterly Net Income (Millions of US $)": {"2020-12-31": "$407", "2020-09-30": "$706", "2020-06-30": "$596", "2020-03-31": "$322", "2019-12-31": "$249", "2019-09-30": "$577", "2019-06-30": "$471", "2019-03-31": "$245", "2018-12-31": "$101", "2018-09-30": "$354", "2018-06-30": "$404", "2018-03-31": "$250", "2017-12-31": "$853", "2017-09-30": "$317", "2017-06-30": "$319", "2017-03-31": "$239", "2016-12-31": "$203", "2016-09-30": "$387", "2016-06-30": "$378", "2016-03-31": "$165", "2015-12-31": "$198", "2015-09-30": "$374", "2015-06-30": "$350", "2015-03-31": "$131", "2014-12-31": "$137", "2014-09-30": "$324", "2014-06-30": "$290", "2014-03-31": "$115", "2013-12-31": "$116", "2013-09-30": "$261", "2013-06-30": "$256", "2013-03-31": "$116", "2012-12-31": "$68", "2012-09-30": "$233", "2012-06-30": "$226", "2012-03-31": "$99", "2011-12-31": "$15", "2011-09-30": "$178", "2011-06-30": "$177", "2011-03-31": "$68", "2010-12-31": "$72", "2010-09-30": "$173", "2010-06-30": "$180", "2010-03-31": "$32", "2009-12-31": "$64", "2009-09-30": "$173", "2009-06-30": "$156", "2009-03-31": "$37", "2008-12-31": "$45", "2008-09-30": "$177", "2008-06-30": "$172", "2008-03-31": "$78", "2007-12-31": "$101", "2007-09-30": "$200", "2007-06-30": "$203", "2007-03-31": "$112", "2006-12-31": "$99", "2006-09-30": "$179", "2006-06-30": "$185", "2006-03-31": "$114", "2005-12-31": "$75", "2005-09-30": "$152", "2005-06-30": "$153", "2005-03-31": "$83"}}, "eps-earnings-per-share-diluted": {"Sherwin-Williams Annual EPS": {"2020": "$22.08", "2019": "$16.49", "2018": "$11.67", "2017": "$18.20", "2016": "$11.99", "2015": "$11.15", "2014": "$8.77", "2013": "$7.26", "2012": "$6.02", "2011": "$4.14", "2010": "$4.21", "2009": "$3.78", "2008": "$4.00", "2007": "$4.70", "2006": "$4.19", "2005": "$3.28"}, "Sherwin-Williams Quarterly EPS": {"2020-12-31": "$4.46", "2020-09-30": "$7.66", "2020-06-30": "$6.48", "2020-03-31": "$3.46", "2019-12-31": "$2.68", "2019-09-30": "$6.16", "2019-06-30": "$5.03", "2019-03-31": "$2.62", "2018-12-31": "$1.08", "2018-09-30": "$3.72", "2018-06-30": "$4.25", "2018-03-31": "$2.62", "2017-12-31": "$8.98", "2017-09-30": "$3.33", "2017-06-30": "$3.36", "2017-03-31": "$2.53", "2016-12-31": "$2.17", "2016-09-30": "$4.08", "2016-06-30": "$3.99", "2016-03-31": "$1.75", "2015-12-31": "$2.10", "2015-09-30": "$3.97", "2015-06-30": "$3.70", "2015-03-31": "$1.38", "2014-12-31": "$1.34", "2014-09-30": "$3.35", "2014-06-30": "$2.94", "2014-03-31": "$1.14", "2013-12-31": "$1.14", "2013-09-30": "$2.55", "2013-06-30": "$2.46", "2013-03-31": "$1.11", "2012-12-31": "$0.66", "2012-09-30": "$2.24", "2012-06-30": "$2.17", "2012-03-31": "$0.95", "2011-12-31": "$0.14", "2011-09-30": "$1.71", "2011-06-30": "$1.66", "2011-03-31": "$0.63", "2010-12-31": "$0.67", "2010-09-30": "$1.60", "2010-06-30": "$1.64", "2010-03-31": "$0.30", "2009-12-31": "$0.60", "2009-09-30": "$1.51", "2009-06-30": "$1.35", "2009-03-31": "$0.32", "2008-12-31": "$0.41", "2008-09-30": "$1.50", "2008-06-30": "$1.45", "2008-03-31": "$0.64", "2007-12-31": "$0.80", "2007-09-30": "$1.55", "2007-06-30": "$1.52", "2007-03-31": "$0.83", "2006-12-31": "$0.74", "2006-09-30": "$1.30", "2006-06-30": "$1.33", "2006-03-31": "$0.82", "2005-12-31": "$0.55", "2005-09-30": "$1.07", "2005-06-30": "$1.08", "2005-03-31": "$0.58"}}, "shares-outstanding": {"Sherwin-Williams Annual Shares Outstanding (Millions of Shares)": {"2020": "92", "2019": "93", "2018": "95", "2017": "95", "2016": "94", "2015": "95", "2014": "99", "2013": "103", "2012": "104", "2011": "106", "2010": "109", "2009": "114", "2008": "118", "2007": "131", "2006": "137", "2005": "141"}, "Sherwin-Williams Quarterly Shares Outstanding (Millions of Shares)": {"2020-12-31": "91", "2020-09-30": "92", "2020-06-30": "92", "2020-03-31": "93", "2019-12-31": "93", "2019-09-30": "94", "2019-06-30": "94", "2019-03-31": "94", "2018-12-31": "95", "2018-09-30": "95", "2018-06-30": "95", "2018-03-31": "96", "2017-12-31": "95", "2017-09-30": "95", "2017-06-30": "95", "2017-03-31": "95", "2016-12-31": "94", "2016-09-30": "95", "2016-06-30": "95", "2016-03-31": "94", "2015-12-31": "95", "2015-09-30": "94", "2015-06-30": "95", "2015-03-31": "95", "2014-12-31": "99", "2014-09-30": "97", "2014-06-30": "99", "2014-03-31": "101", "2013-12-31": "103", "2013-09-30": "103", "2013-06-30": "104", "2013-03-31": "104", "2012-12-31": "104", "2012-09-30": "104", "2012-06-30": "104", "2012-03-31": "104", "2011-12-31": "106", "2011-09-30": "104", "2011-06-30": "107", "2011-03-31": "107", "2010-12-31": "109", "2010-09-30": "108", "2010-06-30": "110", "2010-03-31": "109", "2009-12-31": "114", "2009-09-30": "115", "2009-06-30": "116", "2009-03-31": "118", "2008-12-31": "118", "2008-09-30": "118", "2008-06-30": "119", "2008-03-31": "122", "2007-12-31": "131", "2007-09-30": "130", "2007-06-30": "133", "2007-03-31": "135", "2006-12-31": "137", "2006-09-30": "137", "2006-06-30": "138", "2006-03-31": "138", "2005-12-31": "141", "2005-09-30": "141", "2005-06-30": "141", "2005-03-31": "143"}}, "total-assets": {"Sherwin-Williams Annual Total Assets (Millions of US $)": {"2019": "$20,496", "2018": "$19,134", "2017": "$19,900", "2016": "$6,753", "2015": "$5,779", "2014": "$5,699", "2013": "$6,383", "2012": "$6,235", "2011": "$5,229", "2010": "$5,169", "2009": "$4,324", "2008": "$4,416", "2007": "$4,855", "2006": "$4,995", "2005": "$4,369"}, "Sherwin-Williams Quarterly Total Assets (Millions of US $)": {"2020-09-30": "$20,810", "2020-06-30": "$20,495", "2020-03-31": "$20,570", "2019-12-31": "$20,496", "2019-09-30": "$20,864", "2019-06-30": "$21,186", "2019-03-31": "$20,962", "2018-12-31": "$19,134", "2018-09-30": "$19,922", "2018-06-30": "$20,096", "2018-03-31": "$20,309", "2017-12-31": "$19,900", "2017-09-30": "$20,780", "2017-06-30": "$20,717", "2017-03-31": "$6,989", "2016-12-31": "$6,753", "2016-09-30": "$6,918", "2016-06-30": "$6,666", "2016-03-31": "$6,038", "2015-12-31": "$5,779", "2015-09-30": "$6,089", "2015-06-30": "$6,129", "2015-03-31": "$5,853", "2014-12-31": "$5,699", "2014-09-30": "$6,317", "2014-06-30": "$6,341", "2014-03-31": "$6,189", "2013-12-31": "$6,383", "2013-09-30": "$6,922", "2013-06-30": "$6,409", "2013-03-31": "$6,166", "2012-12-31": "$6,235", "2012-09-30": "$5,625", "2012-06-30": "$5,626", "2012-03-31": "$5,457", "2011-12-31": "$5,229", "2011-09-30": "$5,490", "2011-06-30": "$5,634", "2011-03-31": "$5,444", "2010-12-31": "$5,169", "2010-09-30": "$5,181", "2010-06-30": "$4,740", "2010-03-31": "$4,509", "2009-12-31": "$4,324", "2009-09-30": "$4,449", "2009-06-30": "$4,502", "2009-03-31": "$4,412", "2008-12-31": "$4,416", "2008-09-30": "$5,069", "2008-06-30": "$5,166", "2008-03-31": "$5,011", "2007-12-31": "$4,855", "2007-09-30": "$5,108", "2007-06-30": "$5,053", "2007-03-31": "$4,944", "2006-12-31": "$4,995", "2006-09-30": "$5,086", "2006-06-30": "$4,935", "2006-03-31": "$5,043", "2005-12-31": "$4,369", "2005-09-30": "$4,575", "2005-06-30": "$4,614", "2005-03-31": "$4,481"}}, "cash-on-hand": {"Sherwin-Williams Annual Cash on Hand (Millions of US $)": {"2019": "$162", "2018": "$156", "2017": "$204", "2016": "$890", "2015": "$206", "2014": "$41", "2013": "$745", "2012": "$863", "2011": "$33", "2010": "$59", "2009": "$69", "2008": "$26", "2007": "$27", "2006": "$490", "2005": "$36"}, "Sherwin-Williams Quarterly Cash on Hand (Millions of US $)": {"2020-09-30": "$620", "2020-06-30": "$188", "2020-03-31": "$239", "2019-12-31": "$162", "2019-09-30": "$190", "2019-06-30": "$146", "2019-03-31": "$94", "2018-12-31": "$156", "2018-09-30": "$182", "2018-06-30": "$155", "2018-03-31": "$159", "2017-12-31": "$204", "2017-09-30": "$208", "2017-06-30": "$210", "2017-03-31": "$1,018", "2016-12-31": "$890", "2016-09-30": "$703", "2016-06-30": "$403", "2016-03-31": "$71", "2015-12-31": "$206", "2015-09-30": "$91", "2015-06-30": "$75", "2015-03-31": "$64", "2014-12-31": "$41", "2014-09-30": "$261", "2014-06-30": "$267", "2014-03-31": "$366", "2013-12-31": "$745", "2013-09-30": "$1,036", "2013-06-30": "$741", "2013-03-31": "$614", "2012-12-31": "$863", "2012-09-30": "$55", "2012-06-30": "$47", "2012-03-31": "$25", "2011-12-31": "$33", "2011-09-30": "$46", "2011-06-30": "$72", "2011-03-31": "$54", "2010-12-31": "$59", "2010-09-30": "$65", "2010-06-30": "$48", "2010-03-31": "$91", "2009-12-31": "$69", "2009-09-30": "$33", "2009-06-30": "$49", "2009-03-31": "$42", "2008-12-31": "$26", "2008-09-30": "$41", "2008-06-30": "$46", "2008-03-31": "$20", "2007-12-31": "$27", "2007-09-30": "$21", "2007-06-30": "$58", "2007-03-31": "$300", "2006-12-31": "$490", "2006-09-30": "$400", "2006-06-30": "$249", "2006-03-31": "$494", "2005-12-31": "$36", "2005-09-30": "$30", "2005-06-30": "$13", "2005-03-31": "$7"}}, "long-term-debt": {"Sherwin-Williams Annual Long Term Debt (Millions of US $)": {"2019": "$8,051", "2018": "$8,708", "2017": "$9,886", "2016": "$1,211", "2015": "$1,907", "2014": "$1,116", "2013": "$1,122", "2012": "$1,632", "2011": "$639", "2010": "$648", "2009": "$783", "2008": "$304", "2007": "$293", "2006": "$292", "2005": "$487"}, "Sherwin-Williams Quarterly Long Term Debt (Millions of US $)": {"2020-09-30": "$8,267", "2020-06-30": "$8,289", "2020-03-31": "$8,289", "2019-12-31": "$8,051", "2019-09-30": "$8,043", "2019-06-30": "$7,210", "2019-03-31": "$8,703", "2018-12-31": "$8,708", "2018-09-30": "$8,711", "2018-06-30": "$9,723", "2018-03-31": "$9,891", "2017-12-31": "$9,886", "2017-09-30": "$10,084", "2017-06-30": "$10,751", "2017-03-31": "$1,212", "2016-12-31": "$1,211", "2016-09-30": "$1,910", "2016-06-30": "$1,909", "2016-03-31": "$1,909", "2015-12-31": "$1,907", "2015-09-30": "$1,907", "2015-06-30": "$1,117", "2015-03-31": "$1,116", "2014-12-31": "$1,116", "2014-09-30": "$1,123", "2014-06-30": "$1,122", "2014-03-31": "$1,122", "2013-12-31": "$1,122", "2013-09-30": "$1,632", "2013-06-30": "$1,632", "2013-03-31": "$1,632", "2012-12-31": "$1,632", "2012-09-30": "$635", "2012-06-30": "$636", "2012-03-31": "$638", "2011-12-31": "$639", "2011-09-30": "$641", "2011-06-30": "$644", "2011-03-31": "$651", "2010-12-31": "$648", "2010-09-30": "$705", "2010-06-30": "$700", "2010-03-31": "$783", "2009-12-31": "$783", "2009-09-30": "$289", "2009-06-30": "$291", "2009-03-31": "$298", "2008-12-31": "$304", "2008-09-30": "$297", "2008-06-30": "$294", "2008-03-31": "$293", "2007-12-31": "$293", "2007-09-30": "$294", "2007-06-30": "$292", "2007-03-31": "$292", "2006-12-31": "$292", "2006-09-30": "$299", "2006-06-30": "$301", "2006-03-31": "$303", "2005-12-31": "$487", "2005-09-30": "$487", "2005-06-30": "$488", "2005-03-31": "$488"}}, "total-liabilities": {"Sherwin-Williams Annual Total Liabilities (Millions of US $)": {"2019": "$16,373", "2018": "$15,404", "2017": "$16,252", "2016": "$4,874", "2015": "$4,911", "2014": "$4,703", "2013": "$4,608", "2012": "$4,443", "2011": "$3,712", "2010": "$3,560", "2009": "$2,833", "2008": "$2,810", "2007": "$3,070", "2006": "$3,003", "2005": "$2,639"}, "Sherwin-Williams Quarterly Total Liabilities (Millions of US $)": {"2020-09-30": "$16,602", "2020-06-30": "$16,625", "2020-03-31": "$17,281", "2019-12-31": "$16,373", "2019-09-30": "$16,841", "2019-06-30": "$17,439", "2019-03-31": "$17,502", "2018-12-31": "$15,404", "2018-09-30": "$15,991", "2018-06-30": "$16,393", "2018-03-31": "$16,663", "2017-12-31": "$16,252", "2017-09-30": "$18,039", "2017-06-30": "$18,326", "2017-03-31": "$4,924", "2016-12-31": "$4,874", "2016-09-30": "$5,320", "2016-06-30": "$5,419", "2016-03-31": "$5,037", "2015-12-31": "$4,911", "2015-09-30": "$5,113", "2015-06-30": "$5,371", "2015-03-31": "$5,384", "2014-12-31": "$4,703", "2014-09-30": "$4,965", "2014-06-30": "$4,816", "2014-03-31": "$4,536", "2013-12-31": "$4,608", "2013-09-30": "$5,052", "2013-06-30": "$4,541", "2013-03-31": "$4,353", "2012-12-31": "$4,443", "2012-09-30": "$3,846", "2012-06-30": "$4,087", "2012-03-31": "$3,948", "2011-12-31": "$3,712", "2011-09-30": "$3,840", "2011-06-30": "$3,887", "2011-03-31": "$3,836", "2010-12-31": "$3,560", "2010-09-30": "$3,538", "2010-06-30": "$3,209", "2010-03-31": "$3,014", "2009-12-31": "$2,833", "2009-09-30": "$2,747", "2009-06-30": "$2,768", "2009-03-31": "$2,830", "2008-12-31": "$2,810", "2008-09-30": "$3,331", "2008-06-30": "$3,500", "2008-03-31": "$3,391", "2007-12-31": "$3,070", "2007-09-30": "$3,263", "2007-06-30": "$3,038", "2007-03-31": "$3,030", "2006-12-31": "$3,003", "2006-09-30": "$3,024", "2006-06-30": "$2,965", "2006-03-31": "$3,199", "2005-12-31": "$2,639", "2005-09-30": "$2,822", "2005-06-30": "$2,904", "2005-03-31": "$2,887"}}, "total-share-holder-equity": {"Sherwin-Williams Annual Share Holder Equity (Millions of US $)": {"2019": "$4,123", "2018": "$3,731", "2017": "$3,648", "2016": "$1,878", "2015": "$868", "2014": "$996", "2013": "$1,775", "2012": "$1,792", "2011": "$1,517", "2010": "$1,609", "2009": "$1,491", "2008": "$1,606", "2007": "$1,786", "2006": "$1,992", "2005": "$1,731"}, "Sherwin-Williams Quarterly Share Holder Equity (Millions of US $)": {"2020-09-30": "$4,207", "2020-06-30": "$3,870", "2020-03-31": "$3,289", "2019-12-31": "$4,123", "2019-09-30": "$4,023", "2019-06-30": "$3,748", "2019-03-31": "$3,460", "2018-12-31": "$3,731", "2018-09-30": "$3,931", "2018-06-30": "$3,703", "2018-03-31": "$3,646", "2017-12-31": "$3,648", "2017-09-30": "$2,741", "2017-06-30": "$2,391", "2017-03-31": "$2,065", "2016-12-31": "$1,878", "2016-09-30": "$1,598", "2016-06-30": "$1,247", "2016-03-31": "$1,001", "2015-12-31": "$868", "2015-09-30": "$976", "2015-06-30": "$757", "2015-03-31": "$469", "2014-12-31": "$996", "2014-09-30": "$1,352", "2014-06-30": "$1,525", "2014-03-31": "$1,653", "2013-12-31": "$1,775", "2013-09-30": "$1,870", "2013-06-30": "$1,868", "2013-03-31": "$1,813", "2012-12-31": "$1,792", "2012-09-30": "$1,779", "2012-06-30": "$1,539", "2012-03-31": "$1,509", "2011-12-31": "$1,517", "2011-09-30": "$1,650", "2011-06-30": "$1,747", "2011-03-31": "$1,608", "2010-12-31": "$1,609", "2010-09-30": "$1,643", "2010-06-30": "$1,531", "2010-03-31": "$1,495", "2009-12-31": "$1,491", "2009-09-30": "$1,703", "2009-06-30": "$1,734", "2009-03-31": "$1,582", "2008-12-31": "$1,606", "2008-09-30": "$1,738", "2008-06-30": "$1,666", "2008-03-31": "$1,620", "2007-12-31": "$1,786", "2007-09-30": "$1,845", "2007-06-30": "$2,015", "2007-03-31": "$1,914", "2006-12-31": "$1,992", "2006-09-30": "$2,062", "2006-06-30": "$1,970", "2006-03-31": "$1,843", "2005-12-31": "$1,731", "2005-09-30": "$1,753", "2005-06-30": "$1,710", "2005-03-31": "$1,594"}}, "profit-margins": {"current": "11.06%"}, "gross margin": {"2020-12-31": "47.29%", "2020-09-30": "46.97%", "2020-06-30": "46.35%", "2020-03-31": "45.49%", "2019-12-31": "44.89%", "2019-09-30": "43.84%", "2019-06-30": "42.95%", "2019-03-31": "42.40%", "2018-12-31": "42.31%", "2018-09-30": "42.84%", "2018-06-30": "42.77%", "2018-03-31": "43.63%", "2017-12-31": "44.84%", "2017-09-30": "46.18%", "2017-06-30": "48.58%", "2017-03-31": "49.84%", "2016-12-31": "49.94%", "2016-09-30": "50.15%", "2016-06-30": "50.18%", "2016-03-31": "49.64%", "2015-12-31": "49.03%", "2015-09-30": "48.26%", "2015-06-30": "47.35%", "2015-03-31": "46.65%", "2014-12-31": "46.41%", "2014-09-30": "46.02%", "2014-06-30": "45.70%", "2014-03-31": "45.45%", "2013-12-31": "45.33%", "2013-09-30": "45.12%", "2013-06-30": "44.75%", "2013-03-31": "44.54%", "2012-12-31": "44.13%", "2012-09-30": "43.67%", "2012-06-30": "43.02%", "2012-03-31": "42.64%", "2011-12-31": "42.71%", "2011-09-30": "43.11%", "2011-06-30": "43.94%", "2011-03-31": "44.47%", "2010-12-31": "44.78%", "2010-09-30": "45.38%", "2010-06-30": "45.88%", "2010-03-31": "46.05%", "2009-12-31": "45.99%", "2009-09-30": "45.72%", "2009-06-30": "44.47%", "2009-03-31": "43.86%", "2008-12-31": "43.84%", "2008-09-30": "43.60%", "2008-06-30": "44.34%", "2008-03-31": "44.69%", "2007-12-31": "44.96%", "2007-09-30": "44.51%", "2007-06-30": "44.30%", "2007-03-31": "44.05%", "2006-12-31": "43.72%", "2006-09-30": "43.83%", "2006-06-30": "43.37%", "2006-03-31": "43.00%", "2005-12-31": "42.85%"}, "operating margin": {"2020-12-31": "15.59%", "2020-09-30": "15.24%", "2020-06-30": "14.51%", "2020-03-31": "13.87%", "2019-12-31": "13.46%", "2019-09-30": "12.25%", "2019-06-30": "11.53%", "2019-03-31": "10.83%", "2018-12-31": "10.71%", "2018-09-30": "11.30%", "2018-06-30": "10.64%", "2018-03-31": "10.82%", "2017-12-31": "11.31%", "2017-09-30": "12.53%", "2017-06-30": "14.32%", "2017-03-31": "15.17%", "2016-12-31": "14.70%", "2016-09-30": "14.69%", "2016-06-30": "14.81%", "2016-03-31": "14.42%", "2015-12-31": "14.25%", "2015-09-30": "13.32%", "2015-06-30": "12.46%", "2015-03-31": "11.83%", "2014-12-31": "11.72%", "2014-09-30": "11.45%", "2014-06-30": "11.13%", "2014-03-31": "11.05%", "2013-12-31": "11.25%", "2013-09-30": "10.94%", "2013-06-30": "10.64%", "2013-03-31": "10.18%", "2012-12-31": "9.87%", "2012-09-30": "10.27%", "2012-06-30": "9.63%", "2012-03-31": "9.10%", "2011-12-31": "8.91%", "2011-09-30": "9.05%", "2011-06-30": "9.30%", "2011-03-31": "9.64%", "2010-12-31": "9.65%", "2010-09-30": "10.00%", "2010-06-30": "10.23%", "2010-03-31": "9.99%", "2009-12-31": "9.78%", "2009-09-30": "9.73%", "2009-06-30": "9.55%", "2009-03-31": "9.92%", "2008-12-31": "10.49%", "2008-09-30": "10.92%", "2008-06-30": "11.43%", "2008-03-31": "11.69%", "2007-12-31": "12.29%", "2007-09-30": "11.83%", "2007-06-30": "11.59%", "2007-03-31": "11.32%", "2006-12-31": "11.27%", "2006-09-30": "11.20%", "2006-06-30": "10.74%", "2006-03-31": "10.47%", "2005-12-31": "10.08%"}, "ebitda margin": {"2020-09-30": "19.19%", "2020-06-30": "18.50%", "2020-03-31": "17.79%", "2019-12-31": "17.40%", "2019-09-30": "15.52%", "2019-06-30": "14.85%", "2019-03-31": "14.20%", "2018-12-31": "14.18%", "2018-09-30": "15.16%", "2018-06-30": "15.02%", "2018-03-31": "15.30%", "2017-12-31": "15.41%", "2017-09-30": "16.01%", "2017-06-30": "16.84%", "2017-03-31": "17.40%", "2016-12-31": "17.00%", "2016-09-30": "16.79%", "2016-06-30": "16.76%", "2016-03-31": "16.22%", "2015-12-31": "16.02%", "2015-09-30": "15.11%", "2015-06-30": "14.25%", "2015-03-31": "13.64%", "2014-12-31": "13.52%", "2014-09-30": "13.22%", "2014-06-30": "12.93%", "2014-03-31": "12.88%", "2013-12-31": "13.10%", "2013-09-30": "12.84%", "2013-06-30": "12.57%", "2013-03-31": "12.12%", "2012-12-31": "11.79%", "2012-09-30": "12.18%", "2012-06-30": "11.59%", "2012-03-31": "11.11%", "2011-12-31": "10.97%", "2011-09-30": "11.30%", "2011-06-30": "11.57%", "2011-03-31": "11.91%", "2010-12-31": "11.95%", "2010-09-30": "12.39%", "2010-06-30": "12.68%", "2010-03-31": "12.58%", "2009-12-31": "12.40%", "2009-09-30": "11.76%", "2009-06-30": "11.49%", "2009-03-31": "12.05%", "2008-12-31": "12.54%", "2008-09-30": "13.48%", "2008-06-30": "14.01%", "2008-03-31": "13.97%", "2007-12-31": "14.54%", "2007-09-30": "13.81%", "2007-06-30": "13.54%", "2007-03-31": "13.23%", "2006-12-31": "13.14%", "2006-09-30": "13.33%", "2006-06-30": "12.91%", "2006-03-31": "12.69%", "2005-12-31": "12.39%"}, "pre tax profit margin": {"2020-12-31": "13.72%", "2020-09-30": "12.85%", "2020-06-30": "12.10%", "2020-03-31": "11.52%", "2019-12-31": "11.07%", "2019-09-30": "10.01%", "2019-06-30": "8.43%", "2019-03-31": "7.69%", "2018-12-31": "7.76%", "2018-09-30": "8.50%", "2018-06-30": "8.68%", "2018-03-31": "9.06%", "2017-12-31": "9.81%", "2017-09-30": "11.23%", "2017-06-30": "13.19%", "2017-03-31": "14.00%", "2016-12-31": "13.45%", "2016-09-30": "13.60%", "2016-06-30": "13.88%", "2016-03-31": "13.71%", "2015-12-31": "13.66%", "2015-09-30": "12.75%", "2015-06-30": "12.07%", "2015-03-31": "11.46%", "2014-12-31": "11.30%", "2014-09-30": "11.05%", "2014-06-30": "10.56%", "2014-03-31": "10.43%", "2013-12-31": "10.65%", "2013-09-30": "10.35%", "2013-06-30": "10.16%", "2013-03-31": "9.75%", "2012-12-31": "9.51%", "2012-09-30": "10.05%", "2012-06-30": "9.28%", "2012-03-31": "8.72%", "2011-12-31": "8.46%", "2011-09-30": "8.33%", "2011-06-30": "8.59%", "2011-03-31": "8.84%", "2010-12-31": "8.71%", "2010-09-30": "8.74%", "2010-06-30": "9.01%", "2010-03-31": "8.88%", "2009-12-31": "8.78%", "2009-09-30": "8.63%", "2009-06-30": "8.41%", "2009-03-31": "8.41%", "2008-12-31": "8.95%", "2008-09-30": "9.67%", "2008-06-30": "10.11%", "2008-03-31": "10.73%", "2007-12-31": "11.41%", "2007-09-30": "11.18%", "2007-06-30": "11.07%", "2007-03-31": "10.73%", "2006-12-31": "10.69%", "2006-09-30": "10.59%", "2006-06-30": "10.02%", "2006-03-31": "9.58%", "2005-12-31": "9.14%"}, "net profit margin": {"2020-12-31": "11.06%", "2020-09-30": "10.41%", "2020-06-30": "9.83%", "2020-03-31": "8.99%", "2019-12-31": "8.61%", "2019-09-30": "7.81%", "2019-06-30": "6.61%", "2019-03-31": "6.27%", "2018-12-31": "6.32%", "2018-09-30": "10.66%", "2018-06-30": "10.59%", "2018-03-31": "10.74%", "2017-12-31": "11.53%", "2017-09-30": "7.82%", "2017-06-30": "9.14%", "2017-03-31": "10.02%", "2016-12-31": "9.56%", "2016-09-30": "9.66%", "2016-06-30": "9.65%", "2016-03-31": "9.48%", "2015-12-31": "9.29%", "2015-09-30": "8.78%", "2015-06-30": "8.33%", "2015-03-31": "7.87%", "2014-12-31": "7.78%", "2014-09-30": "7.67%", "2014-06-30": "7.30%", "2014-03-31": "7.20%", "2013-12-31": "7.35%", "2013-09-30": "7.05%", "2013-06-30": "6.93%", "2013-03-31": "6.72%", "2012-12-31": "6.57%", "2012-09-30": "6.11%", "2012-06-30": "5.59%", "2012-03-31": "5.18%", "2011-12-31": "5.00%", "2011-09-30": "5.76%", "2011-06-30": "5.92%", "2011-03-31": "6.11%", "2010-12-31": "5.88%", "2010-09-30": "6.00%", "2010-06-30": "6.15%", "2010-03-31": "5.98%", "2009-12-31": "6.06%", "2009-09-30": "5.71%", "2009-06-30": "5.56%", "2009-03-31": "5.56%", "2008-12-31": "5.91%", "2008-09-30": "6.49%", "2008-06-30": "6.83%", "2008-03-31": "7.25%", "2007-12-31": "7.70%", "2007-09-30": "7.73%", "2007-06-30": "7.54%", "2007-03-31": "7.37%", "2006-12-31": "7.39%", "2006-09-30": "7.16%", "2006-06-30": "6.93%", "2006-03-31": "6.66%", "2005-12-31": "6.44%"}, "pe ratio": {"current": "29.18", "2021-02-05": "40.71", "2020-12-31": "41.76", "2020-09-30": "34.33", "2020-06-30": "30.68", "2020-03-31": "26.38", "2019-12-31": "35.12", "2019-09-30": "36.56", "2019-06-30": "36.45", "2019-03-31": "36.45", "2018-12-31": "33.21", "2018-09-30": "22.38", "2018-06-30": "20.40", "2018-03-31": "20.51", "2017-12-31": "21.50", "2017-09-30": "30.67", "2017-06-30": "28.13", "2017-03-31": "23.57", "2016-12-31": "22.02", "2016-09-30": "22.66", "2016-06-30": "24.21", "2016-03-31": "24.00", "2015-12-31": "22.19", "2015-09-30": "20.36", "2015-06-30": "26.66", "2015-03-31": "29.82", "2014-12-31": "28.26", "2014-09-30": "24.10", "2014-06-30": "25.05", "2014-03-31": "25.37", "2013-12-31": "23.65", "2013-09-30": "23.48", "2013-06-30": "23.71", "2013-03-31": "23.60", "2012-12-31": "21.96", "2012-09-30": "24.98", "2012-06-30": "24.50", "2012-03-31": "22.34", "2011-12-31": "19.70", "2011-09-30": "14.47", "2011-06-30": "16.65", "2011-03-31": "16.67", "2010-12-31": "17.85", "2010-09-30": "16.28", "2010-06-30": "15.25", "2010-03-31": "16.00", "2009-12-31": "14.42", "2009-09-30": "14.61", "2009-06-30": "13.01", "2009-03-31": "12.16", "2008-12-31": "12.76", "2008-09-30": "11.08", "2008-06-30": "8.75", "2008-03-31": "9.51", "2007-12-31": "10.31", "2007-09-30": "11.80", "2007-06-30": "12.56", "2007-03-31": "12.98", "2006-12-31": "12.47"}, "price sales": {"2021-02-05": "3.59", "2020-12-31": "3.68", "2020-09-30": "3.58", "2020-06-30": "3.02", "2020-03-31": "2.37", "2019-12-31": "3.02", "2019-09-30": "2.86", "2019-06-30": "2.41", "2019-03-31": "2.29", "2018-12-31": "2.10", "2018-09-30": "2.44", "2018-06-30": "2.21", "2018-03-31": "2.25", "2017-12-31": "2.54", "2017-09-30": "2.40", "2017-06-30": "2.57", "2017-03-31": "2.36", "2016-12-31": "2.07", "2016-09-30": "2.16", "2016-06-30": "2.31", "2016-03-31": "2.25", "2015-12-31": "2.07", "2015-09-30": "1.79", "2015-06-30": "2.22", "2015-03-31": "2.34", "2014-12-31": "2.20", "2014-09-30": "1.86", "2014-06-30": "1.84", "2014-03-31": "1.83", "2013-12-31": "1.74", "2013-09-30": "1.77", "2013-06-30": "1.76", "2013-03-31": "1.70", "2012-12-31": "1.55", "2012-09-30": "1.53", "2012-06-30": "1.37", "2012-03-31": "1.16", "2011-12-31": "0.99", "2011-09-30": "0.84", "2011-06-30": "0.99", "2011-03-31": "1.02", "2010-12-31": "1.05", "2010-09-30": "0.99", "2010-06-30": "0.94", "2010-03-31": "0.96", "2009-12-31": "0.88", "2009-09-30": "0.85", "2009-06-30": "0.74", "2009-03-31": "0.68", "2008-12-31": "0.76", "2008-09-30": "0.73", "2008-06-30": "0.60", "2008-03-31": "0.69", "2007-12-31": "0.80", "2007-09-30": "0.92", "2007-06-30": "0.95", "2007-03-31": "0.96", "2006-12-31": "0.92"}, "price book": {"current": "18.02", "2021-02-05": "15.46", "2020-09-30": "15.01", "2020-06-30": "13.54", "2020-03-31": "12.61", "2019-12-31": "12.92", "2019-09-30": "12.48", "2019-06-30": "11.17", "2019-03-31": "11.34", "2018-12-31": "9.67", "2018-09-30": "10.65", "2018-06-30": "10.08", "2018-03-31": "9.84", "2017-12-31": "10.30", "2017-09-30": "11.90", "2017-06-30": "13.32", "2017-03-31": "13.55", "2016-12-31": "12.86", "2016-09-30": "15.49", "2016-06-30": "20.86", "2016-03-31": "25.19", "2015-12-31": "26.34", "2015-09-30": "20.23", "2015-06-30": "32.15", "2015-03-31": "53.55", "2014-12-31": "23.63", "2014-09-30": "14.67", "2014-06-30": "12.48", "2014-03-31": "11.15", "2013-12-31": "9.69", "2013-09-30": "9.21", "2013-06-30": "9.03", "2013-03-31": "8.92", "2012-12-31": "8.20", "2012-09-30": "7.96", "2012-06-30": "8.12", "2012-03-31": "6.82", "2011-12-31": "5.58", "2011-09-30": "4.25", "2011-06-30": "4.62", "2011-03-31": "5.01", "2010-12-31": "5.00", "2010-09-30": "4.41", "2010-06-30": "4.37", "2010-03-31": "4.39", "2009-12-31": "3.98", "2009-09-30": "3.50", "2009-06-30": "3.14", "2009-03-31": "3.32", "2008-12-31": "3.73", "2008-09-30": "3.27", "2008-06-30": "2.74", "2008-03-31": "3.15", "2007-12-31": "3.33", "2007-09-30": "3.72", "2007-06-30": "3.57", "2007-03-31": "3.75", "2006-12-31": "3.55", "2006-09-30": "2.98", "2006-06-30": "2.66", "2006-03-31": "2.95"}, "price fcf": {"2021-02-05": "", "2020-09-30": "$31.70", "2020-06-30": "$24.73", "2020-03-31": "$21.70", "2019-12-31": "$21.32", "2019-09-30": "$19.87", "2019-06-30": "$19.52", "2019-03-31": "$16.90", "2018-12-31": "$17.82", "2018-09-30": "$19.08", "2018-06-30": "$17.24", "2018-03-31": "$15.47", "2017-12-31": "$17.50", "2017-09-30": "$14.66", "2017-06-30": "$12.43", "2017-03-31": "$14.54", "2016-12-31": "$11.32", "2016-09-30": "$13.32", "2016-06-30": "$14.25", "2016-03-31": "$12.65", "2015-12-31": "$12.83", "2015-09-30": "$9.10", "2015-06-30": "$9.00", "2015-03-31": "$9.01", "2014-12-31": "$8.92", "2014-09-30": "$10.08", "2014-06-30": "$9.37", "2014-03-31": "$8.96", "2013-12-31": "$8.90", "2013-09-30": "$9.07", "2013-06-30": "$7.97", "2013-03-31": "$7.65", "2012-12-31": "$7.03", "2012-09-30": "$6.64", "2012-06-30": "$6.41", "2012-03-31": "$5.39", "2011-12-31": "$5.51", "2011-09-30": "$4.99", "2011-06-30": "$3.99", "2011-03-31": "$4.96", "2010-12-31": "$5.34", "2010-09-30": "$5.60", "2010-06-30": "$6.49", "2010-03-31": "$6.56", "2009-12-31": "$6.71", "2009-09-30": "$7.00", "2009-06-30": "$6.75", "2009-03-31": "$6.10", "2008-12-31": "$6.42", "2008-09-30": "$6.20", "2008-06-30": "$5.62", "2008-03-31": "$5.53", "2007-12-31": "$5.41", "2007-09-30": "$5.00", "2007-06-30": "$4.82", "2007-03-31": "$4.35", "2006-12-31": "$4.41"}, "net worth": {"value": "$65.08B"}, "current ratio": {"2020-12-31": "1.00", "2020-09-30": "1.19", "2020-06-30": "1.10", "2020-03-31": "0.94", "2019-12-31": "1.02", "2019-09-30": "1.01", "2019-06-30": "0.80", "2019-03-31": "0.96", "2018-12-31": "1.01", "2018-09-30": "1.03", "2018-06-30": "1.19", "2018-03-31": "1.12", "2017-12-31": "1.11", "2017-09-30": "1.07", "2017-06-30": "1.17", "2017-03-31": "1.32", "2016-12-31": "1.28", "2016-09-30": "1.47", "2016-06-30": "1.33", "2016-03-31": "1.28", "2015-12-31": "1.24", "2015-09-30": "1.27", "2015-06-30": "0.90", "2015-03-31": "0.82", "2014-12-31": "0.96", "2014-09-30": "1.07", "2014-06-30": "1.14", "2014-03-31": "1.21", "2013-12-31": "1.25", "2013-09-30": "1.57", "2013-06-30": "1.70", "2013-03-31": "1.73", "2012-12-31": "1.68", "2012-09-30": "1.14", "2012-06-30": "1.04", "2012-03-31": "1.03", "2011-12-31": "1.05", "2011-09-30": "1.07", "2011-06-30": "1.10", "2011-03-31": "1.06", "2010-12-31": "1.07", "2010-09-30": "1.09", "2010-06-30": "1.17", "2010-03-31": "1.25", "2009-12-31": "1.27", "2009-09-30": "1.02", "2009-06-30": "1.04", "2009-03-31": "0.97", "2008-12-31": "0.99", "2008-09-30": "0.94", "2008-06-30": "0.92", "2008-03-31": "0.89", "2007-12-31": "0.97", "2007-09-30": "1.01", "2007-06-30": "1.12", "2007-03-31": "1.13", "2006-12-31": "1.18", "2006-09-30": "1.21", "2006-06-30": "1.17", "2006-03-31": "1.11", "2005-12-31": "1.22", "2005-09-30": "1.20", "2005-06-30": "1.18", "2005-03-31": "1.10"}, "quick ratio": {"2020-12-31": "0.61", "2020-09-30": "0.80", "2020-06-30": "0.69", "2020-03-31": "0.57", "2019-12-31": "0.61", "2019-09-30": "0.63", "2019-06-30": "0.50", "2019-03-31": "0.56", "2018-12-31": "0.59", "2018-09-30": "0.66", "2018-06-30": "0.76", "2018-03-31": "0.67", "2017-12-31": "0.67", "2017-09-30": "0.68", "2017-06-30": "0.72", "2017-03-31": "0.90", "2016-12-31": "0.90", "2016-09-30": "1.03", "2016-06-30": "0.89", "2016-03-31": "0.77", "2015-12-31": "0.77", "2015-09-30": "0.82", "2015-06-30": "0.56", "2015-03-31": "0.47", "2014-12-31": "0.57", "2014-09-30": "0.71", "2014-06-30": "0.74", "2014-03-31": "0.76", "2013-12-31": "0.87", "2013-09-30": "1.14", "2013-06-30": "1.20", "2013-03-31": "1.16", "2012-12-31": "1.19", "2012-09-30": "0.72", "2012-06-30": "0.63", "2012-03-31": "0.61", "2011-12-31": "0.62", "2011-09-30": "0.66", "2011-06-30": "0.66", "2011-03-31": "0.60", "2010-12-31": "0.63", "2010-09-30": "0.69", "2010-06-30": "0.73", "2010-03-31": "0.75", "2009-12-31": "0.74", "2009-09-30": "0.63", "2009-06-30": "0.63", "2009-03-31": "0.55", "2008-12-31": "0.54", "2008-09-30": "0.59", "2008-06-30": "0.56", "2008-03-31": "0.50", "2007-12-31": "0.55", "2007-09-30": "0.63", "2007-06-30": "0.69", "2007-03-31": "0.72", "2006-12-31": "0.78", "2006-09-30": "0.80", "2006-06-30": "0.75", "2006-03-31": "0.72", "2005-12-31": "0.70", "2005-09-30": "0.72", "2005-06-30": "0.69", "2005-03-31": "0.61"}, "debt equity ratio": {"current": "2.29", "2020-12-31": "4.65", "2020-09-30": "3.95", "2020-06-30": "4.30", "2020-03-31": "5.25", "2019-12-31": "3.97", "2019-09-30": "4.19", "2019-06-30": "4.65", "2019-03-31": "5.06", "2018-12-31": "4.13", "2018-09-30": "4.07", "2018-06-30": "4.43", "2018-03-31": "4.57", "2017-12-31": "4.46", "2017-09-30": "6.58", "2017-06-30": "7.66", "2017-03-31": "2.38", "2016-12-31": "2.60", "2016-09-30": "3.33", "2016-06-30": "4.35", "2016-03-31": "5.03", "2015-12-31": "5.66", "2015-09-30": "5.24", "2015-06-30": "7.09", "2015-03-31": "11.48", "2014-12-31": "4.72", "2014-09-30": "3.67", "2014-06-30": "3.16", "2014-03-31": "2.74", "2013-12-31": "2.60", "2013-09-30": "2.70", "2013-06-30": "2.43", "2013-03-31": "2.40", "2012-12-31": "2.48", "2012-09-30": "2.16", "2012-06-30": "2.66", "2012-03-31": "2.62", "2011-12-31": "2.45", "2011-09-30": "2.33", "2011-06-30": "2.23", "2011-03-31": "2.39", "2010-12-31": "2.21", "2010-09-30": "2.15", "2010-06-30": "2.10", "2010-03-31": "2.02", "2009-12-31": "1.90", "2009-09-30": "1.61", "2009-06-30": "1.60", "2009-03-31": "1.79", "2008-12-31": "1.75", "2008-09-30": "1.92", "2008-06-30": "2.10", "2008-03-31": "2.09", "2007-12-31": "1.72", "2007-09-30": "1.77", "2007-06-30": "1.51", "2007-03-31": "1.58", "2006-12-31": "1.51", "2006-09-30": "1.47", "2006-06-30": "1.51", "2006-03-31": "1.74", "2005-12-31": "1.53", "2005-09-30": "1.61", "2005-06-30": "1.70", "2005-03-31": "1.81"}, "return on equity": {"2020-12-31": "54.24%", "2020-09-30": "48.37%", "2020-06-30": "45.58%", "2020-03-31": "42.65%", "2019-12-31": "40.17%", "2019-09-30": "37.27%", "2019-06-30": "31.50%", "2019-03-31": "29.79%", "2018-12-31": "29.55%", "2018-09-30": "49.87%", "2018-06-30": "53.11%", "2018-03-31": "55.98%", "2017-12-31": "63.73%", "2017-09-30": "47.52%", "2017-06-30": "57.89%", "2017-03-31": "71.13%", "2016-12-31": "79.18%", "2016-09-30": "95.71%", "2016-06-30": "108.99%", "2016-03-31": "120.71%", "2015-12-31": "137.20%", "2015-09-30": "124.08%", "2015-06-30": "105.43%", "2015-03-31": "81.25%", "2014-12-31": "62.69%", "2014-09-30": "53.61%", "2014-06-30": "45.84%", "2014-03-31": "41.75%", "2013-12-31": "40.90%", "2013-09-30": "38.19%", "2013-06-30": "37.12%", "2013-03-31": "37.15%", "2012-12-31": "37.83%", "2012-09-30": "36.13%", "2012-06-30": "33.34%", "2012-03-31": "29.21%", "2011-12-31": "26.86%", "2011-09-30": "29.94%", "2011-06-30": "29.67%", "2011-03-31": "30.86%", "2010-12-31": "29.12%", "2010-09-30": "29.16%", "2010-06-30": "28.87%", "2010-03-31": "26.47%", "2009-12-31": "26.42%", "2009-09-30": "24.82%", "2009-06-30": "24.92%", "2009-03-31": "26.15%", "2008-12-31": "28.48%", "2008-09-30": "31.01%", "2008-06-30": "31.86%", "2008-03-31": "32.04%", "2007-12-31": "32.59%", "2007-09-30": "31.63%", "2007-06-30": "29.71%", "2007-03-31": "28.97%", "2006-12-31": "29.34%", "2006-09-30": "29.08%", "2006-06-30": "28.83%", "2006-03-31": "28.08%", "2005-12-31": "27.28%"}, "return on assets": {"2020-12-31": "9.87%", "2020-09-30": "9.10%", "2020-06-30": "8.46%", "2020-03-31": "7.79%", "2019-12-31": "7.39%", "2019-09-30": "6.79%", "2019-06-30": "5.77%", "2019-03-31": "5.51%", "2018-12-31": "5.58%", "2018-09-30": "9.28%", "2018-06-30": "9.00%", "2018-03-31": "8.51%", "2017-12-31": "10.11%", "2017-09-30": "7.81%", "2017-06-30": "11.10%", "2017-03-31": "17.67%", "2016-12-31": "17.18%", "2016-09-30": "17.76%", "2016-06-30": "18.15%", "2016-03-31": "18.09%", "2015-12-31": "17.66%", "2015-09-30": "16.69%", "2015-06-30": "15.70%", "2015-03-31": "14.57%", "2014-12-31": "14.11%", "2014-09-30": "13.40%", "2014-06-30": "12.11%", "2014-03-31": "11.55%", "2013-12-31": "11.58%", "2013-09-30": "10.90%", "2013-06-30": "11.02%", "2013-03-31": "10.87%", "2012-12-31": "10.91%", "2012-09-30": "10.45%", "2012-06-30": "9.50%", "2012-03-31": "8.60%", "2011-12-31": "8.04%", "2011-09-30": "9.11%", "2011-06-30": "9.15%", "2011-03-31": "9.60%", "2010-12-31": "9.33%", "2010-09-30": "9.58%", "2010-06-30": "9.97%", "2010-03-31": "9.56%", "2009-12-31": "9.72%", "2009-09-30": "9.25%", "2009-06-30": "9.02%", "2009-03-31": "9.04%", "2008-12-31": "9.60%", "2008-09-30": "10.51%", "2008-06-30": "10.94%", "2008-03-31": "11.62%", "2007-12-31": "12.34%", "2007-09-30": "12.22%", "2007-06-30": "11.81%", "2007-03-31": "11.52%", "2006-12-31": "11.51%", "2006-09-30": "11.38%", "2006-06-30": "11.12%", "2006-03-31": "10.62%", "2005-12-31": "10.27%"}, "return on investments": {"2020-12-31": "23.81%", "2020-09-30": "22.66%", "2020-06-30": "21.45%", "2020-03-31": "21.35%", "2019-12-31": "20.35%", "2019-09-30": "18.37%", "2019-06-30": "16.95%", "2019-03-31": "15.05%", "2018-12-31": "14.43%", "2018-09-30": "14.84%", "2018-06-30": "13.74%", "2018-03-31": "13.21%", "2017-12-31": "15.84%", "2017-09-30": "21.38%", "2017-06-30": "31.25%", "2017-03-31": "56.09%", "2016-12-31": "55.06%", "2016-09-30": "55.59%", "2016-06-30": "58.38%", "2016-03-31": "63.32%", "2015-12-31": "70.89%", "2015-09-30": "71.20%", "2015-06-30": "69.99%", "2015-03-31": "60.18%", "2014-12-31": "52.11%", "2014-09-30": "46.77%", "2014-06-30": "40.33%", "2014-03-31": "36.23%", "2013-12-31": "34.36%", "2013-09-30": "31.41%", "2013-06-30": "32.32%", "2013-03-31": "34.00%", "2012-12-31": "37.05%", "2012-09-30": "43.36%", "2012-06-30": "40.69%", "2012-03-31": "36.64%", "2011-12-31": "34.34%", "2011-09-30": "33.83%", "2011-06-30": "33.27%", "2011-03-31": "34.21%", "2010-12-31": "32.91%", "2010-09-30": "32.76%", "2010-06-30": "34.05%", "2010-03-31": "33.14%", "2009-12-31": "33.97%", "2009-09-30": "35.87%", "2009-06-30": "36.33%", "2009-03-31": "39.51%", "2008-12-31": "42.82%", "2008-09-30": "44.47%", "2008-06-30": "45.58%", "2008-03-31": "44.51%", "2007-12-31": "45.08%", "2007-09-30": "42.08%", "2007-06-30": "39.83%", "2007-03-31": "38.72%", "2006-12-31": "38.84%", "2006-09-30": "38.46%", "2006-06-30": "36.73%", "2006-03-31": "35.31%", "2005-12-31": "33.19%"}, "return on tangible equity": {"2020-09-30": "-24.32%", "2020-06-30": "-22.26%", "2020-03-31": "-20.27%", "2019-12-31": "-19.08%", "2019-09-30": "-16.83%", "2019-06-30": "-13.93%", "2019-03-31": "-12.94%", "2018-12-31": "-12.81%", "2018-09-30": "-21.04%", "2018-06-30": "-19.35%", "2018-03-31": "-17.51%", "2017-12-31": "-23.10%", "2017-09-30": "-21.29%", "2017-06-30": "-48.79%", "2017-03-31": "391.57%", "2016-12-31": "2962.09%", "2016-09-30": "-515.66%", "2016-06-30": "-295.56%", "2016-03-31": "-213.98%", "2015-12-31": "-162.44%", "2015-09-30": "-157.90%", "2015-06-30": "-172.29%", "2015-03-31": "-239.02%", "2014-12-31": "-984.09%", "2014-09-30": "884.82%", "2014-06-30": "355.86%", "2014-03-31": "245.25%", "2013-12-31": "218.53%", "2013-09-30": "203.78%", "2013-06-30": "202.56%", "2013-03-31": "245.65%", "2012-12-31": "304.62%", "2012-09-30": "359.81%", "2012-06-30": "395.42%", "2012-03-31": "255.24%", "2011-12-31": "214.71%", "2011-09-30": "220.24%", "2011-06-30": "220.22%", "2011-03-31": "240.49%", "2010-12-31": "214.05%", "2010-09-30": "207.63%", "2010-06-30": "172.69%", "2010-03-31": "139.46%", "2009-12-31": "133.85%", "2009-09-30": "118.53%", "2009-06-30": "119.25%", "2009-03-31": "132.01%", "2008-12-31": "145.45%", "2008-09-30": "146.97%", "2008-06-30": "143.86%", "2008-03-31": "121.95%", "2007-12-31": "104.41%", "2007-09-30": "90.56%", "2007-06-30": "76.17%", "2007-03-31": "71.88%", "2006-12-31": "73.15%", "2006-09-30": "75.83%", "2006-06-30": "81.84%", "2006-03-31": "87.09%", "2005-12-31": "93.87%"}, "dividend yield history": {"last payout": "$5.36", "last yield": "0.75%"}}