{"ticker": "SBNY", "price": {"title": "Signature Bank Historical Annual Stock Price Data", "value": 182.9, "historical": {"2020": {"Average Stock Price": "106.8600", "Year Open": "136.8100", "Year High": "147.5000", "Year Low": "71.9700", "Year Close": "135.2900", "Annual % Change": "-0.97%"}, "2019": {"Average Stock Price": "124.2623", "Year Open": "104.5000", "Year High": "137.2500", "Year Low": "104.5000", "Year Close": "136.6100", "Annual % Change": "32.88%"}, "2018": {"Average Stock Price": "127.8740", "Year Open": "138.0000", "Year High": "159.8300", "Year Low": "100.4300", "Year Close": "102.8100", "Annual % Change": "-25.10%"}, "2017": {"Average Stock Price": "139.8653", "Year Open": "148.8700", "Year High": "163.2500", "Year Low": "118.9200", "Year Close": "137.2600", "Annual % Change": "-8.62%"}, "2016": {"Average Stock Price": "131.5806", "Year Open": "145.2900", "Year High": "156.0100", "Year Low": "114.8200", "Year Close": "150.2000", "Annual % Change": "-2.07%"}, "2015": {"Average Stock Price": "138.9912", "Year Open": "125.2500", "Year High": "160.7300", "Year Low": "114.9800", "Year Close": "153.3700", "Annual % Change": "21.76%"}, "2014": {"Average Stock Price": "119.8305", "Year Open": "106.0300", "Year High": "131.0000", "Year Low": "103.7000", "Year Close": "125.9600", "Annual % Change": "17.26%"}, "2013": {"Average Stock Price": "86.3422", "Year Open": "72.5300", "Year High": "108.3800", "Year Low": "71.2100", "Year Close": "107.4200", "Annual % Change": "50.57%"}, "2012": {"Average Stock Price": "64.0768", "Year Open": "60.8700", "Year High": "72.5900", "Year Low": "57.6500", "Year Close": "71.3400", "Annual % Change": "18.92%"}, "2011": {"Average Stock Price": "54.5348", "Year Open": "51.1300", "Year High": "61.6000", "Year Low": "44.7300", "Year Close": "59.9900", "Annual % Change": "19.84%"}, "2010": {"Average Stock Price": "39.0994", "Year Open": "32.3200", "Year High": "51.1800", "Year Low": "31.4500", "Year Close": "50.0600", "Annual % Change": "56.93%"}, "2009": {"Average Stock Price": "28.1215", "Year Open": "28.1000", "Year High": "32.7700", "Year Low": "19.6500", "Year Close": "31.9000", "Annual % Change": "11.19%"}, "2008": {"Average Stock Price": "28.9749", "Year Open": "33.0900", "Year High": "37.0000", "Year Low": "23.1400", "Year Close": "28.6900", "Annual % Change": "-14.99%"}, "2007": {"Average Stock Price": "33.3851", "Year Open": "30.9800", "Year High": "37.5500", "Year Low": "29.7300", "Year Close": "33.7500", "Annual % Change": "8.94%"}, "2006": {"Average Stock Price": "32.4793", "Year Open": "28.5000", "Year High": "37.4900", "Year Low": "27.8600", "Year Close": "30.9800", "Annual % Change": "10.37%"}, "2005": {"Average Stock Price": "27.4914", "Year Open": "32.0000", "Year High": "32.7500", "Year Low": "23.6500", "Year Close": "28.0700", "Annual % Change": "-13.26%"}, "2004": {"Average Stock Price": "25.8792", "Year Open": "19.4700", "Year High": "32.4800", "Year Low": "19.2400", "Year Close": "32.3600", "Annual % Change": "0.00%"}}}, "market cap": {"value": "$9.8B"}, "income statement": {"Revenue": {"2020-12-31": "2006.89400", "2019-12-31": "1939.62400", "2018-12-31": "1732.19800", "2017-12-31": "1506.21000", "2016-12-31": "1359.90100", "2015-12-31": "1144.05200", "2014-12-31": "959.25500", "2013-12-31": "787.16100", "2012-12-31": "696.79500", "2011-12-31": "622.55400", "2010-12-31": "509.17800", "2009-12-31": "420.76700", "2008-12-31": "351.10900", "2007-12-31": "310.35100", "2006-12-31": "260.98500", "2005-12-31": "176.21400"}, "Cost Of Goods Sold": {"2020-12-31": "412.55400", "2019-12-31": "600.08300", "2018-12-31": "409.93300", "2017-12-31": "232.58300", "2016-12-31": "169.90900", "2015-12-31": "129.84700", "2014-12-31": "123.12200", "2013-12-31": "106.80700", "2012-12-31": "110.75000", "2011-12-31": "120.72900", "2010-12-31": "121.67200", "2009-12-31": "123.74000", "2008-12-31": "128.19300", "2007-12-31": "154.81500", "2006-12-31": "117.60900", "2005-12-31": "58.39400"}, "Gross Profit": {"2020-12-31": "1594.34000", "2019-12-31": "1339.54100", "2018-12-31": "1322.26500", "2017-12-31": "1273.62700", "2016-12-31": "1189.99200", "2015-12-31": "1014.20500", "2014-12-31": "836.13300", "2013-12-31": "680.35400", "2012-12-31": "586.04500", "2011-12-31": "501.82500", "2010-12-31": "387.50600", "2009-12-31": "297.02700", "2008-12-31": "222.91600", "2007-12-31": "155.53600", "2006-12-31": "143.37600", "2005-12-31": "117.82000"}, "Research And Development Expenses": {"2020-12-31": "", "2019-12-31": "", "2018-12-31": "", "2017-12-31": "", "2016-12-31": "", "2015-12-31": "", "2014-12-31": "", "2013-12-31": "", "2012-12-31": "", "2011-12-31": "", "2010-12-31": "", "2009-12-31": "", "2008-12-31": "", "2007-12-31": "", "2006-12-31": "", "2005-12-31": ""}, "SG&A Expenses": {"2020-12-31": "862.14790", "2019-12-31": "551.90500", "2018-12-31": "648.80190", "2017-12-31": "698.36290", "2016-12-31": "532.54500", "2015-12-31": "386.12800", "2014-12-31": "324.35400", "2013-12-31": "288.82000", "2012-12-31": "259.67000", "2011-12-31": "234.60000", "2010-12-31": "211.26800", "2009-12-31": "192.60000", "2008-12-31": "150.70800", "2007-12-31": "111.37800", "2006-12-31": "85.38700", "2005-12-31": "85.06700"}, "Other Operating Income Or Expenses": {"2020-12-31": "", "2019-12-31": "", "2018-12-31": "", "2017-12-31": "", "2016-12-31": "", "2015-12-31": "", "2014-12-31": "", "2013-12-31": "", "2012-12-31": "", "2011-12-31": "", "2010-12-31": "", "2009-12-31": "", "2008-12-31": "", "2007-12-31": "", "2006-12-31": "", "2005-12-31": ""}, "Operating Expenses": {"2020-12-31": "1274.70200", "2019-12-31": "1151.98800", "2018-12-31": "1058.73500", "2017-12-31": "930.94590", "2016-12-31": "702.45400", "2015-12-31": "515.97500", "2014-12-31": "447.47600", "2013-12-31": "395.62700", "2012-12-31": "370.42000", "2011-12-31": "355.32900", "2010-12-31": "332.94000", "2009-12-31": "316.34000", "2008-12-31": "278.90100", "2007-12-31": "266.19300", "2006-12-31": "202.99600", "2005-12-31": "143.46100"}, "Operating Income": {"2020-12-31": "732.19210", "2019-12-31": "787.63600", "2018-12-31": "673.46300", "2017-12-31": "575.26400", "2016-12-31": "657.44700", "2015-12-31": "628.07700", "2014-12-31": "511.77900", "2013-12-31": "391.53400", "2012-12-31": "326.37500", "2011-12-31": "267.22500", "2010-12-31": "176.23800", "2009-12-31": "104.42700", "2008-12-31": "72.20800", "2007-12-31": "44.15800", "2006-12-31": "57.98900", "2005-12-31": "32.75300"}, "Total Non-Operating Income/Expense": {"2020-12-31": "", "2019-12-31": "", "2018-12-31": "", "2017-12-31": "", "2016-12-31": "", "2015-12-31": "", "2014-12-31": "", "2013-12-31": "", "2012-12-31": "", "2011-12-31": "", "2010-12-31": "", "2009-12-31": "", "2008-12-31": "", "2007-12-31": "", "2006-12-31": "", "2005-12-31": ""}, "Pre-Tax Income": {"2020-12-31": "732.19200", "2019-12-31": "787.63600", "2018-12-31": "673.46300", "2017-12-31": "575.26400", "2016-12-31": "657.44700", "2015-12-31": "628.07700", "2014-12-31": "511.77900", "2013-12-31": "391.53400", "2012-12-31": "326.37500", "2011-12-31": "267.22500", "2010-12-31": "176.23800", "2009-12-31": "104.42700", "2008-12-31": "72.20800", "2007-12-31": "44.15800", "2006-12-31": "57.98900", "2005-12-31": "32.75300"}, "Income Taxes": {"2020-12-31": "203.83300", "2019-12-31": "198.71000", "2018-12-31": "168.12100", "2017-12-31": "188.05500", "2016-12-31": "261.12300", "2015-12-31": "255.01200", "2014-12-31": "215.07500", "2013-12-31": "162.79000", "2012-12-31": "140.89200", "2011-12-31": "117.69900", "2010-12-31": "74.18700", "2009-12-31": "41.70100", "2008-12-31": "28.84900", "2007-12-31": "16.87900", "2006-12-31": "24.62900", "2005-12-31": "16.88400"}, "Income After Taxes": {"2020-12-31": "528.35900", "2019-12-31": "588.92600", "2018-12-31": "505.34200", "2017-12-31": "387.20900", "2016-12-31": "396.32400", "2015-12-31": "373.06500", "2014-12-31": "296.70400", "2013-12-31": "228.74400", "2012-12-31": "185.48300", "2011-12-31": "149.52600", "2010-12-31": "102.05100", "2009-12-31": "62.72600", "2008-12-31": "43.35900", "2007-12-31": "27.27900", "2006-12-31": "33.36000", "2005-12-31": "15.86900"}, "Other Income": {"2020-12-31": "", "2019-12-31": "", "2018-12-31": "", "2017-12-31": "", "2016-12-31": "", "2015-12-31": "", "2014-12-31": "", "2013-12-31": "", "2012-12-31": "", "2011-12-31": "", "2010-12-31": "", "2009-12-31": "", "2008-12-31": "", "2007-12-31": "", "2006-12-31": "", "2005-12-31": ""}, "Income From Continuous Operations": {"2020-12-31": "528.35900", "2019-12-31": "588.92600", "2018-12-31": "505.34200", "2017-12-31": "387.20900", "2016-12-31": "396.32400", "2015-12-31": "373.06500", "2014-12-31": "296.70400", "2013-12-31": "228.74400", "2012-12-31": "185.48300", "2011-12-31": "149.52600", "2010-12-31": "102.05100", "2009-12-31": "62.72600", "2008-12-31": "43.35900", "2007-12-31": "27.27900", "2006-12-31": "33.36000", "2005-12-31": "15.86900"}, "Income From Discontinued Operations": {"2020-12-31": "", "2019-12-31": "", "2018-12-31": "", "2017-12-31": "", "2016-12-31": "", "2015-12-31": "", "2014-12-31": "", "2013-12-31": "", "2012-12-31": "", "2011-12-31": "", "2010-12-31": "", "2009-12-31": "", "2008-12-31": "", "2007-12-31": "", "2006-12-31": "", "2005-12-31": ""}, "Net Income": {"2020-12-31": "528.35900", "2019-12-31": "587.01300", "2018-12-31": "504.42800", "2017-12-31": "387.20900", "2016-12-31": "396.32400", "2015-12-31": "373.06500", "2014-12-31": "296.70400", "2013-12-31": "228.74400", "2012-12-31": "185.48300", "2011-12-31": "149.52600", "2010-12-31": "102.05100", "2009-12-31": "50.52300", "2008-12-31": "42.96900", "2007-12-31": "27.27900", "2006-12-31": "33.36000", "2005-12-31": "15.86900"}, "EBITDA": {"2020-12-31": "", "2019-12-31": "", "2018-12-31": "", "2017-12-31": "", "2016-12-31": "", "2015-12-31": "", "2014-12-31": "", "2013-12-31": "", "2012-12-31": "", "2011-12-31": "", "2010-12-31": "", "2009-12-31": "", "2008-12-31": "", "2007-12-31": "", "2006-12-31": "", "2005-12-31": ""}, "EBIT": {"2020-12-31": "", "2019-12-31": "", "2018-12-31": "", "2017-12-31": "", "2016-12-31": "", "2015-12-31": "", "2014-12-31": "", "2013-12-31": "", "2012-12-31": "", "2011-12-31": "", "2010-12-31": "", "2009-12-31": "", "2008-12-31": "", "2007-12-31": "", "2006-12-31": "", "2005-12-31": ""}, "Basic Shares Outstanding": {"2020-12-31": "52.64100", "2019-12-31": "53.77400", "2018-12-31": "54.40600", "2017-12-31": "54.00100", "2016-12-31": "53.40600", "2015-12-31": "50.73900", "2014-12-31": "49.06600", "2013-12-31": "47.26700", "2012-12-31": "46.63300", "2011-12-31": "43.62200", "2010-12-31": "40.92300", "2009-12-31": "38.30600", "2008-12-31": "31.39000", "2007-12-31": "29.67200", "2006-12-31": "29.48000", "2005-12-31": "29.34900"}, "Shares Outstanding": {"2020-12-31": "52.88900", "2019-12-31": "54.01100", "2018-12-31": "54.66600", "2017-12-31": "54.41800", "2016-12-31": "53.81100", "2015-12-31": "51.30200", "2014-12-31": "49.87000", "2013-12-31": "48.02900", "2012-12-31": "47.38600", "2011-12-31": "44.41800", "2010-12-31": "41.55800", "2009-12-31": "38.72700", "2008-12-31": "31.76800", "2007-12-31": "30.09200", "2006-12-31": "29.87300", "2005-12-31": "29.94200"}, "Basic EPS": {"2020-12-31": "10.00000", "2019-12-31": "10.92000", "2018-12-31": "9.27000", "2017-12-31": "7.17000", "2016-12-31": "7.42000", "2015-12-31": "7.35000", "2014-12-31": "6.05000", "2013-12-31": "4.84000", "2012-12-31": "3.98000", "2011-12-31": "3.43000", "2010-12-31": "2.49000", "2009-12-31": "1.32000", "2008-12-31": "1.37000", "2007-12-31": "0.92000", "2006-12-31": "1.13000", "2005-12-31": "0.54000"}, "EPS - Earnings Per Share": {"2020-12-31": "9.96000", "2019-12-31": "10.87000", "2018-12-31": "9.23000", "2017-12-31": "7.12000", "2016-12-31": "7.37000", "2015-12-31": "7.27000", "2014-12-31": "5.95000", "2013-12-31": "4.76000", "2012-12-31": "3.91000", "2011-12-31": "3.37000", "2010-12-31": "2.46000", "2009-12-31": "1.30000", "2008-12-31": "1.35000", "2007-12-31": "0.91000", "2006-12-31": "1.12000", "2005-12-31": "0.53000"}}, "income statement, quarterly": {"Revenue": {"2020-12-31": "512.74900", "2020-09-30": "505.70500", "2020-06-30": "494.44600", "2020-03-31": "493.99400", "2019-12-31": "463.65500", "2019-09-30": "498.77100", "2019-06-30": "497.70000", "2019-03-31": "479.49800", "2018-12-31": "466.73410", "2018-09-30": "438.77100", "2018-06-30": "422.41900", "2018-03-31": "404.27400", "2017-12-31": "395.45400", "2017-09-30": "378.78800", "2017-06-30": "371.48700", "2017-03-31": "360.48100", "2016-12-31": "352.36500", "2016-09-30": "346.19400", "2016-06-30": "337.10400", "2016-03-31": "324.23800", "2015-12-31": "311.74200", "2015-09-30": "290.84900", "2015-06-30": "277.35000", "2015-03-31": "264.11100", "2014-12-31": "255.29800", "2014-09-30": "244.56800", "2014-06-30": "236.45100", "2014-03-31": "222.93800", "2013-12-31": "212.62600", "2013-09-30": "202.49400", "2013-06-30": "189.57400", "2013-03-31": "182.46700", "2012-12-31": "182.38100", "2012-09-30": "177.44200", "2012-06-30": "172.15800", "2012-03-31": "164.81400", "2011-12-31": "162.69800", "2011-09-30": "157.64000", "2011-06-30": "154.08100", "2011-03-31": "148.13500", "2010-12-31": "135.14700", "2010-09-30": "131.38800", "2010-06-30": "122.73600", "2010-03-31": "119.90700", "2009-12-31": "116.39200", "2009-09-30": "107.54200", "2009-06-30": "98.22300", "2009-03-31": "98.61000", "2008-12-31": "95.95700", "2008-09-30": "85.56100", "2008-06-30": "84.59600", "2008-03-31": "84.99500", "2007-12-31": "67.25700", "2007-09-30": "85.38200", "2007-06-30": "81.09200", "2007-03-31": "76.62000", "2006-12-31": "72.90200", "2006-09-30": "67.21200", "2006-06-30": "61.96500", "2006-03-31": "58.90600", "2005-12-31": "52.86800", "2005-09-30": "45.55900", "2005-06-30": "40.83000", "2005-03-31": "36.95700"}, "Cost Of Goods Sold": {"2020-12-31": "93.57500", "2020-09-30": "92.77900", "2020-06-30": "94.64900", "2020-03-31": "131.55100", "2019-12-31": "143.10100", "2019-09-30": "156.03600", "2019-06-30": "154.37300", "2019-03-31": "146.57300", "2018-12-31": "125.78300", "2018-09-30": "109.43200", "2018-06-30": "95.79200", "2018-03-31": "78.92600", "2017-12-31": "67.18500", "2017-09-30": "61.85100", "2017-06-30": "54.69700", "2017-03-31": "48.85000", "2016-12-31": "45.47300", "2016-09-30": "44.65900", "2016-06-30": "42.31300", "2016-03-31": "37.46400", "2015-12-31": "34.06000", "2015-09-30": "33.02700", "2015-06-30": "31.29500", "2015-03-31": "31.46500", "2014-12-31": "32.22200", "2014-09-30": "31.24700", "2014-06-30": "30.35300", "2014-03-31": "29.30000", "2013-12-31": "28.28500", "2013-09-30": "27.24400", "2013-06-30": "25.75500", "2013-03-31": "25.52300", "2012-12-31": "26.34100", "2012-09-30": "27.43100", "2012-06-30": "28.08100", "2012-03-31": "28.89700", "2011-12-31": "29.52900", "2011-09-30": "30.95900", "2011-06-30": "30.84600", "2011-03-31": "29.39500", "2010-12-31": "29.23600", "2010-09-30": "31.02600", "2010-06-30": "31.38700", "2010-03-31": "30.02300", "2009-12-31": "31.04300", "2009-09-30": "31.62400", "2009-06-30": "30.36000", "2009-03-31": "30.71300", "2008-12-31": "32.74400", "2008-09-30": "31.75500", "2008-06-30": "29.77500", "2008-03-31": "33.91900", "2007-12-31": "42.16600", "2007-09-30": "39.64800", "2007-06-30": "36.93900", "2007-03-31": "36.06200", "2006-12-31": "33.93300", "2006-09-30": "31.43400", "2006-06-30": "27.29700", "2006-03-31": "24.94500", "2005-12-31": "18.96900", "2005-09-30": "15.61500", "2005-06-30": "13.19100", "2005-03-31": "10.61900"}, "Gross Profit": {"2020-12-31": "419.17400", "2020-09-30": "412.92600", "2020-06-30": "399.79700", "2020-03-31": "362.44300", "2019-12-31": "320.55400", "2019-09-30": "342.73500", "2019-06-30": "343.32700", "2019-03-31": "332.92500", "2018-12-31": "340.95100", "2018-09-30": "329.33900", "2018-06-30": "326.62700", "2018-03-31": "325.34800", "2017-12-31": "328.26900", "2017-09-30": "316.93700", "2017-06-30": "316.79000", "2017-03-31": "311.63100", "2016-12-31": "306.89200", "2016-09-30": "301.53500", "2016-06-30": "294.79100", "2016-03-31": "286.77400", "2015-12-31": "277.68200", "2015-09-30": "257.82200", "2015-06-30": "246.05500", "2015-03-31": "232.64600", "2014-12-31": "223.07600", "2014-09-30": "213.32100", "2014-06-30": "206.09800", "2014-03-31": "193.63800", "2013-12-31": "184.34100", "2013-09-30": "175.25000", "2013-06-30": "163.81900", "2013-03-31": "156.94400", "2012-12-31": "156.04000", "2012-09-30": "150.01100", "2012-06-30": "144.07700", "2012-03-31": "135.91700", "2011-12-31": "133.16900", "2011-09-30": "126.68100", "2011-06-30": "123.23500", "2011-03-31": "118.74000", "2010-12-31": "105.91100", "2010-09-30": "100.36200", "2010-06-30": "91.34900", "2010-03-31": "89.88400", "2009-12-31": "85.34900", "2009-09-30": "75.91800", "2009-06-30": "67.86300", "2009-03-31": "67.89700", "2008-12-31": "63.21300", "2008-09-30": "53.80600", "2008-06-30": "54.82100", "2008-03-31": "51.07600", "2007-12-31": "25.09100", "2007-09-30": "45.73400", "2007-06-30": "44.15300", "2007-03-31": "40.55800", "2006-12-31": "38.96900", "2006-09-30": "35.77800", "2006-06-30": "34.66800", "2006-03-31": "33.96100", "2005-12-31": "33.89900", "2005-09-30": "29.94400", "2005-06-30": "27.63900", "2005-03-31": "26.33800"}, "Research And Development Expenses": {"2020-12-31": "", "2020-09-30": "", "2020-06-30": "", "2020-03-31": "", "2019-12-31": "", "2019-09-30": "", "2019-06-30": "", "2019-03-31": "", "2018-12-31": "", "2018-09-30": "", "2018-06-30": "", "2018-03-31": "", "2017-12-31": "", "2017-09-30": "", "2017-06-30": "", "2017-03-31": "", "2016-12-31": "", "2016-09-30": "", "2016-06-30": "", "2016-03-31": "", "2015-12-31": "", "2015-09-30": "", "2015-06-30": "", "2015-03-31": "", "2014-12-31": "", "2014-09-30": "", "2014-06-30": "", "2014-03-31": "", "2013-12-31": "", "2013-09-30": "", "2013-06-30": "", "2013-03-31": "", "2012-12-31": "", "2012-09-30": "", "2012-06-30": "", "2012-03-31": "", "2011-12-31": "", "2011-09-30": "", "2011-06-30": "", "2011-03-31": "", "2010-12-31": "", "2010-09-30": "", "2010-06-30": "", "2010-03-31": "", "2009-12-31": "", "2009-09-30": "", "2009-06-30": "", "2009-03-31": "", "2008-12-31": "", "2008-09-30": "", "2008-06-30": "", "2008-03-31": "", "2007-12-31": "", "2007-09-30": "", "2007-06-30": "", "2007-03-31": "", "2006-12-31": "", "2006-09-30": "", "2006-06-30": "", "2006-03-31": "", "2005-12-31": "", "2005-09-30": "", "2005-06-30": "", "2005-03-31": ""}, "SG&A Expenses": {"2020-12-31": "193.25000", "2020-09-30": "213.22700", "2020-06-30": "244.88100", "2020-03-31": "210.78900", "2019-12-31": "147.77700", "2019-09-30": "135.45900", "2019-06-30": "137.29600", "2019-03-31": "131.37300", "2018-12-31": "125.58600", "2018-09-30": "124.55900", "2018-06-30": "120.56300", "2018-03-31": "278.09400", "2017-12-31": "151.70300", "2017-09-30": "119.96800", "2017-06-30": "303.86300", "2017-03-31": "122.82900", "2016-12-31": "118.15200", "2016-09-30": "176.67700", "2016-06-30": "125.57800", "2016-03-31": "112.13800", "2015-12-31": "105.11400", "2015-09-30": "97.55900", "2015-06-30": "93.87000", "2015-03-31": "89.58500", "2014-12-31": "83.57700", "2014-09-30": "81.94400", "2014-06-30": "80.60900", "2014-03-31": "78.22400", "2013-12-31": "47.06900", "2013-09-30": "73.34400", "2013-06-30": "71.11600", "2013-03-31": "68.85700", "2012-12-31": "68.48900", "2012-09-30": "65.01200", "2012-06-30": "65.15400", "2012-03-31": "61.01500", "2011-12-31": "61.71100", "2011-09-30": "57.82600", "2011-06-30": "58.07100", "2011-03-31": "56.99200", "2010-12-31": "54.55200", "2010-09-30": "52.89600", "2010-06-30": "52.84300", "2010-03-31": "50.97700", "2009-12-31": "50.24900", "2009-09-30": "50.44400", "2009-06-30": "48.32100", "2009-03-31": "43.58600", "2008-12-31": "40.45100", "2008-09-30": "38.54100", "2008-06-30": "36.75000", "2008-03-31": "34.96600", "2007-12-31": "32.07400", "2007-09-30": "27.72000", "2007-06-30": "26.92800", "2007-03-31": "24.65600", "2006-12-31": "23.39200", "2006-09-30": "21.32500", "2006-06-30": "20.29500", "2006-03-31": "20.37500", "2005-12-31": "21.01400", "2005-09-30": "18.39200", "2005-06-30": "29.29600", "2005-03-31": "16.36500"}, "Other Operating Income Or Expenses": {"2020-12-31": "", "2020-09-30": "", "2020-06-30": "", "2020-03-31": "", "2019-12-31": "", "2019-09-30": "", "2019-06-30": "", "2019-03-31": "", "2018-12-31": "", "2018-09-30": "", "2018-06-30": "", "2018-03-31": "", "2017-12-31": "", "2017-09-30": "", "2017-06-30": "", "2017-03-31": "", "2016-12-31": "", "2016-09-30": "", "2016-06-30": "", "2016-03-31": "", "2015-12-31": "", "2015-09-30": "", "2015-06-30": "", "2015-03-31": "", "2014-12-31": "", "2014-09-30": "", "2014-06-30": "", "2014-03-31": "", "2013-12-31": "", "2013-09-30": "", "2013-06-30": "", "2013-03-31": "", "2012-12-31": "", "2012-09-30": "", "2012-06-30": "", "2012-03-31": "", "2011-12-31": "", "2011-09-30": "", "2011-06-30": "", "2011-03-31": "", "2010-12-31": "", "2010-09-30": "", "2010-06-30": "", "2010-03-31": "", "2009-12-31": "", "2009-09-30": "", "2009-06-30": "", "2009-03-31": "", "2008-12-31": "", "2008-09-30": "", "2008-06-30": "", "2008-03-31": "", "2007-12-31": "", "2007-09-30": "", "2007-06-30": "", "2007-03-31": "", "2006-12-31": "", "2006-09-30": "", "2006-06-30": "", "2006-03-31": "", "2005-12-31": "", "2005-09-30": "", "2005-06-30": "", "2005-03-31": ""}, "Operating Expenses": {"2020-12-31": "286.82500", "2020-09-30": "306.00600", "2020-06-30": "339.53000", "2020-03-31": "342.34000", "2019-12-31": "290.87800", "2019-09-30": "291.49500", "2019-06-30": "291.66900", "2019-03-31": "277.94600", "2018-12-31": "251.36900", "2018-09-30": "233.99100", "2018-06-30": "216.35500", "2018-03-31": "357.02000", "2017-12-31": "218.88800", "2017-09-30": "181.81900", "2017-06-30": "358.56000", "2017-03-31": "171.67900", "2016-12-31": "163.62500", "2016-09-30": "221.33600", "2016-06-30": "167.89100", "2016-03-31": "149.60200", "2015-12-31": "139.17400", "2015-09-30": "130.58600", "2015-06-30": "125.16500", "2015-03-31": "121.05000", "2014-12-31": "115.79900", "2014-09-30": "113.19100", "2014-06-30": "110.96200", "2014-03-31": "107.52400", "2013-12-31": "75.35400", "2013-09-30": "100.58800", "2013-06-30": "96.87100", "2013-03-31": "94.38000", "2012-12-31": "94.83000", "2012-09-30": "92.44300", "2012-06-30": "93.23500", "2012-03-31": "89.91200", "2011-12-31": "91.24000", "2011-09-30": "88.78500", "2011-06-30": "88.91700", "2011-03-31": "86.38700", "2010-12-31": "83.78800", "2010-09-30": "83.92200", "2010-06-30": "84.23000", "2010-03-31": "81.00000", "2009-12-31": "81.29200", "2009-09-30": "82.06800", "2009-06-30": "78.68100", "2009-03-31": "74.29900", "2008-12-31": "73.19500", "2008-09-30": "70.29600", "2008-06-30": "66.52500", "2008-03-31": "68.88500", "2007-12-31": "74.24000", "2007-09-30": "67.36800", "2007-06-30": "63.86700", "2007-03-31": "60.71800", "2006-12-31": "57.32500", "2006-09-30": "52.75900", "2006-06-30": "47.59200", "2006-03-31": "45.32000", "2005-12-31": "39.98300", "2005-09-30": "34.00700", "2005-06-30": "42.48700", "2005-03-31": "26.98400"}, "Operating Income": {"2020-12-31": "225.92400", "2020-09-30": "199.69900", "2020-06-30": "154.91600", "2020-03-31": "151.65400", "2019-12-31": "172.77700", "2019-09-30": "207.27600", "2019-06-30": "206.03100", "2019-03-31": "201.55200", "2018-12-31": "215.36500", "2018-09-30": "204.78000", "2018-06-30": "206.06400", "2018-03-31": "47.25400", "2017-12-31": "176.56610", "2017-09-30": "196.96900", "2017-06-30": "12.92700", "2017-03-31": "188.80200", "2016-12-31": "188.74010", "2016-09-30": "124.85800", "2016-06-30": "169.21300", "2016-03-31": "174.63600", "2015-12-31": "172.56800", "2015-09-30": "160.26300", "2015-06-30": "152.18500", "2015-03-31": "143.06100", "2014-12-31": "139.49900", "2014-09-30": "131.37700", "2014-06-30": "125.48900", "2014-03-31": "115.41400", "2013-12-31": "137.27200", "2013-09-30": "101.90600", "2013-06-30": "92.70300", "2013-03-31": "88.08700", "2012-12-31": "87.55100", "2012-09-30": "84.99900", "2012-06-30": "78.92300", "2012-03-31": "74.90200", "2011-12-31": "71.45800", "2011-09-30": "68.85500", "2011-06-30": "65.16400", "2011-03-31": "61.74800", "2010-12-31": "51.35900", "2010-09-30": "47.46600", "2010-06-30": "38.50600", "2010-03-31": "38.90700", "2009-12-31": "35.10000", "2009-09-30": "25.47400", "2009-06-30": "19.54200", "2009-03-31": "24.31100", "2008-12-31": "22.76200", "2008-09-30": "15.26500", "2008-06-30": "18.07100", "2008-03-31": "16.11000", "2007-12-31": "-6.98300", "2007-09-30": "18.01400", "2007-06-30": "17.22500", "2007-03-31": "15.90200", "2006-12-31": "15.57700", "2006-09-30": "14.45300", "2006-06-30": "14.37300", "2006-03-31": "13.58600", "2005-12-31": "12.88500", "2005-09-30": "11.55200", "2005-06-30": "-1.65700", "2005-03-31": "9.97300"}, "Total Non-Operating Income/Expense": {"2020-12-31": "", "2020-09-30": "", "2020-06-30": "", "2020-03-31": "", "2019-12-31": "", "2019-09-30": "", "2019-06-30": "", "2019-03-31": "", "2018-12-31": "", "2018-09-30": "", "2018-06-30": "", "2018-03-31": "", "2017-12-31": "", "2017-09-30": "", "2017-06-30": "", "2017-03-31": "", "2016-12-31": "", "2016-09-30": "", "2016-06-30": "", "2016-03-31": "", "2015-12-31": "", "2015-09-30": "", "2015-06-30": "", "2015-03-31": "", "2014-12-31": "", "2014-09-30": "", "2014-06-30": "", "2014-03-31": "", "2013-12-31": "", "2013-09-30": "", "2013-06-30": "", "2013-03-31": "", "2012-12-31": "", "2012-09-30": "", "2012-06-30": "", "2012-03-31": "", "2011-12-31": "", "2011-09-30": "", "2011-06-30": "", "2011-03-31": "", "2010-12-31": "", "2010-09-30": "", "2010-06-30": "", "2010-03-31": "", "2009-12-31": "", "2009-09-30": "", "2009-06-30": "", "2009-03-31": "", "2008-12-31": "", "2008-09-30": "", "2008-06-30": "", "2008-03-31": "", "2007-12-31": "", "2007-09-30": "", "2007-06-30": "", "2007-03-31": "", "2006-12-31": "", "2006-09-30": "", "2006-06-30": "", "2006-03-31": "", "2005-12-31": "", "2005-09-30": "", "2005-06-30": "", "2005-03-31": ""}, "Pre-Tax Income": {"2020-12-31": "225.92400", "2020-09-30": "199.69900", "2020-06-30": "154.91600", "2020-03-31": "151.65400", "2019-12-31": "172.77700", "2019-09-30": "207.27600", "2019-06-30": "206.03100", "2019-03-31": "201.55200", "2018-12-31": "215.36500", "2018-09-30": "204.78000", "2018-06-30": "206.06400", "2018-03-31": "47.25400", "2017-12-31": "176.56600", "2017-09-30": "196.96900", "2017-06-30": "12.92700", "2017-03-31": "188.80200", "2016-12-31": "188.73900", "2016-09-30": "124.85800", "2016-06-30": "169.21300", "2016-03-31": "174.63700", "2015-12-31": "172.56800", "2015-09-30": "160.26300", "2015-06-30": "152.18500", "2015-03-31": "143.06100", "2014-12-31": "139.49900", "2014-09-30": "131.37700", "2014-06-30": "125.48900", "2014-03-31": "115.41400", "2013-12-31": "108.83800", "2013-09-30": "101.90600", "2013-06-30": "92.70300", "2013-03-31": "88.08700", "2012-12-31": "87.55100", "2012-09-30": "84.99900", "2012-06-30": "78.92300", "2012-03-31": "74.90200", "2011-12-31": "71.45800", "2011-09-30": "68.85500", "2011-06-30": "65.16400", "2011-03-31": "61.74800", "2010-12-31": "51.35900", "2010-09-30": "47.46600", "2010-06-30": "38.50600", "2010-03-31": "38.90700", "2009-12-31": "35.10000", "2009-09-30": "25.47400", "2009-06-30": "19.54200", "2009-03-31": "24.31100", "2008-12-31": "22.76200", "2008-09-30": "15.26500", "2008-06-30": "18.07100", "2008-03-31": "16.11000", "2007-12-31": "-6.98300", "2007-09-30": "18.01400", "2007-06-30": "17.22500", "2007-03-31": "15.90200", "2006-12-31": "15.57700", "2006-09-30": "14.45300", "2006-06-30": "14.37300", "2006-03-31": "13.58600", "2005-12-31": "12.88500", "2005-09-30": "11.55200", "2005-06-30": "-1.65700", "2005-03-31": "9.97300"}, "Income Taxes": {"2020-12-31": "52.91500", "2020-09-30": "61.14900", "2020-06-30": "37.70200", "2020-03-31": "52.06700", "2019-12-31": "22.72500", "2019-09-30": "59.15800", "2019-06-30": "58.73000", "2019-03-31": "58.09700", "2018-12-31": "54.52600", "2018-09-30": "49.33400", "2018-06-30": "51.47900", "2018-03-31": "12.78200", "2017-12-31": "61.70100", "2017-09-30": "72.49800", "2017-06-30": "-1.03000", "2017-03-31": "54.88600", "2016-12-31": "74.80200", "2016-09-30": "48.74800", "2016-06-30": "66.97100", "2016-03-31": "70.60200", "2015-12-31": "69.58000", "2015-09-30": "64.03800", "2015-06-30": "61.72300", "2015-03-31": "59.67100", "2014-12-31": "58.08900", "2014-09-30": "54.57200", "2014-06-30": "53.00700", "2014-03-31": "49.40700", "2013-12-31": "44.49700", "2013-09-30": "41.73800", "2013-06-30": "39.10100", "2013-03-31": "37.45400", "2012-12-31": "37.41700", "2012-09-30": "37.30100", "2012-06-30": "33.64100", "2012-03-31": "32.53300", "2011-12-31": "31.48200", "2011-09-30": "30.50500", "2011-06-30": "28.54800", "2011-03-31": "27.16400", "2010-12-31": "21.03300", "2010-09-30": "20.10400", "2010-06-30": "16.23700", "2010-03-31": "16.81300", "2009-12-31": "14.13000", "2009-09-30": "10.30700", "2009-06-30": "7.56500", "2009-03-31": "9.69900", "2008-12-31": "9.30000", "2008-09-30": "6.07000", "2008-06-30": "7.21900", "2008-03-31": "6.26000", "2007-12-31": "-3.95500", "2007-09-30": "7.27100", "2007-06-30": "6.98000", "2007-03-31": "6.58300", "2006-12-31": "6.69300", "2006-09-30": "6.17400", "2006-06-30": "6.13400", "2006-03-31": "5.62800", "2005-12-31": "5.47700", "2005-09-30": "5.14300", "2005-06-30": "2.01800", "2005-03-31": "4.24600"}, "Income After Taxes": {"2020-12-31": "173.00900", "2020-09-30": "138.55000", "2020-06-30": "117.21400", "2020-03-31": "99.58700", "2019-12-31": "150.05200", "2019-09-30": "148.11800", "2019-06-30": "147.30100", "2019-03-31": "143.45500", "2018-12-31": "160.83900", "2018-09-30": "155.44600", "2018-06-30": "154.58500", "2018-03-31": "34.47200", "2017-12-31": "114.86500", "2017-09-30": "124.47100", "2017-06-30": "13.95700", "2017-03-31": "133.91600", "2016-12-31": "113.93700", "2016-09-30": "76.11000", "2016-06-30": "102.24200", "2016-03-31": "104.03500", "2015-12-31": "102.98800", "2015-09-30": "96.22500", "2015-06-30": "90.46200", "2015-03-31": "83.39000", "2014-12-31": "81.41000", "2014-09-30": "76.80500", "2014-06-30": "72.48200", "2014-03-31": "66.00700", "2013-12-31": "64.34100", "2013-09-30": "60.16800", "2013-06-30": "53.60200", "2013-03-31": "50.63300", "2012-12-31": "50.13400", "2012-09-30": "47.69800", "2012-06-30": "45.28200", "2012-03-31": "42.36900", "2011-12-31": "39.97600", "2011-09-30": "38.35000", "2011-06-30": "36.61600", "2011-03-31": "34.58400", "2010-12-31": "30.32600", "2010-09-30": "27.36200", "2010-06-30": "22.26900", "2010-03-31": "22.09400", "2009-12-31": "20.97000", "2009-09-30": "15.16700", "2009-06-30": "11.97700", "2009-03-31": "14.61200", "2008-12-31": "13.46200", "2008-09-30": "9.19500", "2008-06-30": "10.85200", "2008-03-31": "9.85000", "2007-12-31": "-3.02800", "2007-09-30": "10.74300", "2007-06-30": "10.24500", "2007-03-31": "9.31900", "2006-12-31": "8.88400", "2006-09-30": "8.27900", "2006-06-30": "8.23900", "2006-03-31": "7.95800", "2005-12-31": "7.40800", "2005-09-30": "6.40900", "2005-06-30": "-3.67500", "2005-03-31": "5.72700"}, "Other Income": {"2020-12-31": "", "2020-09-30": "", "2020-06-30": "", "2020-03-31": "", "2019-12-31": "", "2019-09-30": "", "2019-06-30": "", "2019-03-31": "", "2018-12-31": "", "2018-09-30": "", "2018-06-30": "", "2018-03-31": "", "2017-12-31": "", "2017-09-30": "", "2017-06-30": "", "2017-03-31": "", "2016-12-31": "", "2016-09-30": "", "2016-06-30": "", "2016-03-31": "", "2015-12-31": "", "2015-09-30": "", "2015-06-30": "", "2015-03-31": "", "2014-12-31": "", "2014-09-30": "", "2014-06-30": "", "2014-03-31": "", "2013-12-31": "", "2013-09-30": "", "2013-06-30": "", "2013-03-31": "", "2012-12-31": "", "2012-09-30": "", "2012-06-30": "", "2012-03-31": "", "2011-12-31": "", "2011-09-30": "", "2011-06-30": "", "2011-03-31": "", "2010-12-31": "", "2010-09-30": "", "2010-06-30": "", "2010-03-31": "", "2009-12-31": "", "2009-09-30": "", "2009-06-30": "", "2009-03-31": "", "2008-12-31": "", "2008-09-30": "", "2008-06-30": "", "2008-03-31": "", "2007-12-31": "", "2007-09-30": "", "2007-06-30": "", "2007-03-31": "", "2006-12-31": "", "2006-09-30": "", "2006-06-30": "", "2006-03-31": "", "2005-12-31": "", "2005-09-30": "", "2005-06-30": "", "2005-03-31": ""}, "Income From Continuous Operations": {"2020-12-31": "173.00900", "2020-09-30": "138.55000", "2020-06-30": "117.21400", "2020-03-31": "99.58700", "2019-12-31": "150.05200", "2019-09-30": "148.11800", "2019-06-30": "147.30100", "2019-03-31": "143.45500", "2018-12-31": "160.83900", "2018-09-30": "155.44600", "2018-06-30": "154.58500", "2018-03-31": "34.47200", "2017-12-31": "114.86500", "2017-09-30": "124.47100", "2017-06-30": "13.95700", "2017-03-31": "133.91600", "2016-12-31": "113.93700", "2016-09-30": "76.11000", "2016-06-30": "102.24200", "2016-03-31": "104.03500", "2015-12-31": "102.98800", "2015-09-30": "96.22500", "2015-06-30": "90.46200", "2015-03-31": "83.39000", "2014-12-31": "81.41000", "2014-09-30": "76.80500", "2014-06-30": "72.48200", "2014-03-31": "66.00700", "2013-12-31": "64.34100", "2013-09-30": "60.16800", "2013-06-30": "53.60200", "2013-03-31": "50.63300", "2012-12-31": "50.13400", "2012-09-30": "47.69800", "2012-06-30": "45.28200", "2012-03-31": "42.36900", "2011-12-31": "39.97600", "2011-09-30": "38.35000", "2011-06-30": "36.61600", "2011-03-31": "34.58400", "2010-12-31": "30.32600", "2010-09-30": "27.36200", "2010-06-30": "22.26900", "2010-03-31": "22.09400", "2009-12-31": "20.97000", "2009-09-30": "15.16700", "2009-06-30": "11.97700", "2009-03-31": "14.61200", "2008-12-31": "13.46200", "2008-09-30": "9.19500", "2008-06-30": "10.85200", "2008-03-31": "9.85000", "2007-12-31": "-3.02800", "2007-09-30": "10.74300", "2007-06-30": "10.24500", "2007-03-31": "9.31900", "2006-12-31": "8.88400", "2006-09-30": "8.27900", "2006-06-30": "8.23900", "2006-03-31": "7.95800", "2005-12-31": "7.40800", "2005-09-30": "6.40900", "2005-06-30": "-3.67500", "2005-03-31": "5.72700"}, "Income From Discontinued Operations": {"2020-12-31": "", "2020-09-30": "", "2020-06-30": "", "2020-03-31": "", "2019-12-31": "", "2019-09-30": "", "2019-06-30": "", "2019-03-31": "", "2018-12-31": "", "2018-09-30": "", "2018-06-30": "", "2018-03-31": "", "2017-12-31": "", "2017-09-30": "", "2017-06-30": "", "2017-03-31": "", "2016-12-31": "", "2016-09-30": "", "2016-06-30": "", "2016-03-31": "", "2015-12-31": "", "2015-09-30": "", "2015-06-30": "", "2015-03-31": "", "2014-12-31": "", "2014-09-30": "", "2014-06-30": "", "2014-03-31": "", "2013-12-31": "", "2013-09-30": "", "2013-06-30": "", "2013-03-31": "", "2012-12-31": "", "2012-09-30": "", "2012-06-30": "", "2012-03-31": "", "2011-12-31": "", "2011-09-30": "", "2011-06-30": "", "2011-03-31": "", "2010-12-31": "", "2010-09-30": "", "2010-06-30": "", "2010-03-31": "", "2009-12-31": "", "2009-09-30": "", "2009-06-30": "", "2009-03-31": "", "2008-12-31": "", "2008-09-30": "", "2008-06-30": "", "2008-03-31": "", "2007-12-31": "", "2007-09-30": "", "2007-06-30": "", "2007-03-31": "", "2006-12-31": "", "2006-09-30": "", "2006-06-30": "", "2006-03-31": "", "2005-12-31": "", "2005-09-30": "", "2005-06-30": "", "2005-03-31": ""}, "Net Income": {"2020-12-31": "173.00900", "2020-09-30": "138.55000", "2020-06-30": "117.21400", "2020-03-31": "99.05200", "2019-12-31": "148.60400", "2019-09-30": "148.11800", "2019-06-30": "147.30100", "2019-03-31": "142.99000", "2018-12-31": "160.37500", "2018-09-30": "154.99600", "2018-06-30": "154.58500", "2018-03-31": "34.47200", "2017-12-31": "114.86500", "2017-09-30": "124.47100", "2017-06-30": "13.95700", "2017-03-31": "133.91600", "2016-12-31": "113.93700", "2016-09-30": "76.11000", "2016-06-30": "102.24200", "2016-03-31": "104.03500", "2015-12-31": "102.98800", "2015-09-30": "96.22500", "2015-06-30": "90.46200", "2015-03-31": "83.39000", "2014-12-31": "81.41000", "2014-09-30": "76.80500", "2014-06-30": "72.48200", "2014-03-31": "66.00700", "2013-12-31": "64.34100", "2013-09-30": "60.16800", "2013-06-30": "53.60200", "2013-03-31": "50.63300", "2012-12-31": "50.13400", "2012-09-30": "47.69800", "2012-06-30": "45.28200", "2012-03-31": "42.36900", "2011-12-31": "39.97600", "2011-09-30": "38.35000", "2011-06-30": "36.61600", "2011-03-31": "34.58400", "2010-12-31": "30.32600", "2010-09-30": "27.36200", "2010-06-30": "22.26900", "2010-03-31": "22.09400", "2009-12-31": "20.96900", "2009-09-30": "15.16700", "2009-06-30": "11.97700", "2009-03-31": "2.41000", "2008-12-31": "13.07200", "2008-09-30": "9.19500", "2008-06-30": "10.85200", "2008-03-31": "9.85000", "2007-12-31": "-3.02800", "2007-09-30": "10.74300", "2007-06-30": "10.24500", "2007-03-31": "9.31900", "2006-12-31": "8.88400", "2006-09-30": "8.27900", "2006-06-30": "8.23900", "2006-03-31": "7.95800", "2005-12-31": "7.40800", "2005-09-30": "6.40900", "2005-06-30": "-3.67500", "2005-03-31": "5.72700"}, "EBITDA": {"2020-12-31": "", "2020-09-30": "", "2020-06-30": "", "2020-03-31": "", "2019-12-31": "", "2019-09-30": "", "2019-06-30": "", "2019-03-31": "", "2018-12-31": "", "2018-09-30": "", "2018-06-30": "", "2018-03-31": "", "2017-12-31": "", "2017-09-30": "", "2017-06-30": "", "2017-03-31": "", "2016-12-31": "", "2016-09-30": "", "2016-06-30": "", "2016-03-31": "", "2015-12-31": "", "2015-09-30": "", "2015-06-30": "", "2015-03-31": "", "2014-12-31": "", "2014-09-30": "", "2014-06-30": "", "2014-03-31": "", "2013-12-31": "", "2013-09-30": "", "2013-06-30": "", "2013-03-31": "", "2012-12-31": "", "2012-09-30": "", "2012-06-30": "", "2012-03-31": "", "2011-12-31": "", "2011-09-30": "", "2011-06-30": "", "2011-03-31": "", "2010-12-31": "", "2010-09-30": "", "2010-06-30": "", "2010-03-31": "", "2009-12-31": "", "2009-09-30": "", "2009-06-30": "", "2009-03-31": "", "2008-12-31": "", "2008-09-30": "", "2008-06-30": "", "2008-03-31": "", "2007-12-31": "", "2007-09-30": "", "2007-06-30": "", "2007-03-31": "", "2006-12-31": "", "2006-09-30": "", "2006-06-30": "", "2006-03-31": "", "2005-12-31": "", "2005-09-30": "", "2005-06-30": "", "2005-03-31": ""}, "EBIT": {"2020-12-31": "", "2020-09-30": "", "2020-06-30": "", "2020-03-31": "", "2019-12-31": "", "2019-09-30": "", "2019-06-30": "", "2019-03-31": "", "2018-12-31": "", "2018-09-30": "", "2018-06-30": "", "2018-03-31": "", "2017-12-31": "", "2017-09-30": "", "2017-06-30": "", "2017-03-31": "", "2016-12-31": "", "2016-09-30": "", "2016-06-30": "", "2016-03-31": "", "2015-12-31": "", "2015-09-30": "", "2015-06-30": "", "2015-03-31": "", "2014-12-31": "", "2014-09-30": "", "2014-06-30": "", "2014-03-31": "", "2013-12-31": "", "2013-09-30": "", "2013-06-30": "", "2013-03-31": "", "2012-12-31": "", "2012-09-30": "", "2012-06-30": "", "2012-03-31": "", "2011-12-31": "", "2011-09-30": "", "2011-06-30": "", "2011-03-31": "", "2010-12-31": "", "2010-09-30": "", "2010-06-30": "", "2010-03-31": "", "2009-12-31": "", "2009-09-30": "", "2009-06-30": "", "2009-03-31": "", "2008-12-31": "", "2008-09-30": "", "2008-06-30": "", "2008-03-31": "", "2007-12-31": "", "2007-09-30": "", "2007-06-30": "", "2007-03-31": "", "2006-12-31": "", "2006-09-30": "", "2006-06-30": "", "2006-03-31": "", "2005-12-31": "", "2005-09-30": "", "2005-06-30": "", "2005-03-31": ""}, "Basic Shares Outstanding": {"2020-12-31": "52.67300", "2020-09-30": "52.67300", "2020-06-30": "52.67200", "2020-03-31": "52.54600", "2019-12-31": "53.77400", "2019-09-30": "53.72200", "2019-06-30": "54.21300", "2019-03-31": "54.16500", "2018-12-31": "54.40600", "2018-09-30": "54.54400", "2018-06-30": "54.52700", "2018-03-31": "54.14300", "2017-12-31": "54.00100", "2017-09-30": "54.09800", "2017-06-30": "54.08300", "2017-03-31": "53.71800", "2016-12-31": "53.40600", "2016-09-30": "53.68300", "2016-06-30": "53.66800", "2016-03-31": "52.58900", "2015-12-31": "50.73900", "2015-09-30": "50.88800", "2015-06-30": "50.80900", "2015-03-31": "50.35200", "2014-12-31": "49.06600", "2014-09-30": "50.00000", "2014-06-30": "48.27000", "2014-03-31": "47.31800", "2013-12-31": "47.26700", "2013-09-30": "47.27100", "2013-06-30": "47.26000", "2013-03-31": "47.24900", "2012-12-31": "46.63300", "2012-09-30": "46.79200", "2012-06-30": "46.54900", "2012-03-31": "46.20500", "2011-12-31": "43.62200", "2011-09-30": "45.53200", "2011-06-30": "41.35300", "2011-03-31": "41.34900", "2010-12-31": "40.92300", "2010-09-30": "41.00500", "2010-06-30": "40.91300", "2010-03-31": "40.63800", "2009-12-31": "38.30600", "2009-09-30": "40.60400", "2009-06-30": "36.65500", "2009-03-31": "35.26500", "2008-12-31": "31.39000", "2008-09-30": "30.83700", "2008-06-30": "29.77600", "2008-03-31": "29.70500", "2007-12-31": "29.67200", "2007-09-30": "29.68900", "2007-06-30": "29.67900", "2007-03-31": "29.62400", "2006-12-31": "29.48000", "2006-09-30": "29.48300", "2006-06-30": "29.45900", "2006-03-31": "29.39500", "2005-12-31": "29.34900", "2005-09-30": "29.35700", "2005-06-30": "29.35300", "2005-03-31": "29.31900"}, "Shares Outstanding": {"2020-12-31": "52.97000", "2020-09-30": "52.83500", "2020-06-30": "52.78500", "2020-03-31": "52.68600", "2019-12-31": "54.01100", "2019-09-30": "53.83000", "2019-06-30": "54.25000", "2019-03-31": "54.26900", "2018-12-31": "54.66600", "2018-09-30": "54.61000", "2018-06-30": "54.59900", "2018-03-31": "54.39500", "2017-12-31": "54.41800", "2017-09-30": "54.30000", "2017-06-30": "54.29000", "2017-03-31": "54.09900", "2016-12-31": "53.81100", "2016-09-30": "53.91800", "2016-06-30": "53.88600", "2016-03-31": "52.91900", "2015-12-31": "51.30200", "2015-09-30": "51.26400", "2015-06-30": "51.21700", "2015-03-31": "50.89200", "2014-12-31": "49.87000", "2014-09-30": "50.52900", "2014-06-30": "48.89700", "2014-03-31": "48.17000", "2013-12-31": "48.02900", "2013-09-30": "48.04800", "2013-06-30": "47.92900", "2013-03-31": "47.87700", "2012-12-31": "47.38600", "2012-09-30": "47.52900", "2012-06-30": "47.30700", "2012-03-31": "47.05100", "2011-12-31": "44.41800", "2011-09-30": "46.33800", "2011-06-30": "42.15200", "2011-03-31": "42.07000", "2010-12-31": "41.55800", "2010-09-30": "41.62300", "2010-06-30": "41.53500", "2010-03-31": "41.23500", "2009-12-31": "38.72700", "2009-09-30": "41.01300", "2009-06-30": "36.97200", "2009-03-31": "35.54700", "2008-12-31": "31.76800", "2008-09-30": "31.24900", "2008-06-30": "30.06200", "2008-03-31": "30.05000", "2007-12-31": "30.09200", "2007-09-30": "30.08000", "2007-06-30": "30.02400", "2007-03-31": "29.96300", "2006-12-31": "29.87300", "2006-09-30": "29.87500", "2006-06-30": "29.87400", "2006-03-31": "29.76600", "2005-12-31": "29.94200", "2005-09-30": "29.71000", "2005-06-30": "29.64100", "2005-03-31": "29.68800"}, "Basic EPS": {"2020-12-31": "3.28000", "2020-09-30": "2.62000", "2020-06-30": "2.22000", "2020-03-31": "1.89000", "2019-12-31": "2.82000", "2019-09-30": "2.75000", "2019-06-30": "2.71000", "2019-03-31": "2.64000", "2018-12-31": "2.95000", "2018-09-30": "2.84000", "2018-06-30": "2.84000", "2018-03-31": "0.64000", "2017-12-31": "2.12000", "2017-09-30": "2.30000", "2017-06-30": "0.26000", "2017-03-31": "2.49000", "2016-12-31": "2.11000", "2016-09-30": "1.42000", "2016-06-30": "1.91000", "2016-03-31": "1.98000", "2015-12-31": "2.02000", "2015-09-30": "1.89000", "2015-06-30": "1.78000", "2015-03-31": "1.66000", "2014-12-31": "1.62000", "2014-09-30": "1.54000", "2014-06-30": "1.50000", "2014-03-31": "1.39000", "2013-12-31": "1.37000", "2013-09-30": "1.27000", "2013-06-30": "1.13000", "2013-03-31": "1.07000", "2012-12-31": "1.07000", "2012-09-30": "1.02000", "2012-06-30": "0.97000", "2012-03-31": "0.92000", "2011-12-31": "0.86000", "2011-09-30": "0.84000", "2011-06-30": "0.89000", "2011-03-31": "0.84000", "2010-12-31": "0.74000", "2010-09-30": "0.67000", "2010-06-30": "0.54000", "2010-03-31": "0.54000", "2009-12-31": "0.55000", "2009-09-30": "0.37000", "2009-06-30": "0.33000", "2009-03-31": "0.07000", "2008-12-31": "0.38000", "2008-09-30": "0.30000", "2008-06-30": "0.36000", "2008-03-31": "0.33000", "2007-12-31": "-0.10000", "2007-09-30": "0.36000", "2007-06-30": "0.35000", "2007-03-31": "0.31000", "2006-12-31": "0.30000", "2006-09-30": "0.28000", "2006-06-30": "0.28000", "2006-03-31": "0.27000", "2005-12-31": "0.25000", "2005-09-30": "0.22000", "2005-06-30": "-0.13000", "2005-03-31": "0.20000"}, "EPS - Earnings Per Share": {"2020-12-31": "3.26000", "2020-09-30": "2.62000", "2020-06-30": "2.21000", "2020-03-31": "1.88000", "2019-12-31": "2.79000", "2019-09-30": "2.74000", "2019-06-30": "2.71000", "2019-03-31": "2.63000", "2018-12-31": "2.93000", "2018-09-30": "2.84000", "2018-06-30": "2.83000", "2018-03-31": "0.63000", "2017-12-31": "2.09000", "2017-09-30": "2.29000", "2017-06-30": "0.26000", "2017-03-31": "2.48000", "2016-12-31": "2.09000", "2016-09-30": "1.41000", "2016-06-30": "1.90000", "2016-03-31": "1.97000", "2015-12-31": "1.98000", "2015-09-30": "1.88000", "2015-06-30": "1.77000", "2015-03-31": "1.64000", "2014-12-31": "1.58000", "2014-09-30": "1.52000", "2014-06-30": "1.48000", "2014-03-31": "1.37000", "2013-12-31": "1.33000", "2013-09-30": "1.25000", "2013-06-30": "1.12000", "2013-03-31": "1.06000", "2012-12-31": "1.05000", "2012-09-30": "1.00000", "2012-06-30": "0.96000", "2012-03-31": "0.90000", "2011-12-31": "0.85000", "2011-09-30": "0.83000", "2011-06-30": "0.87000", "2011-03-31": "0.82000", "2010-12-31": "0.72000", "2010-09-30": "0.66000", "2010-06-30": "0.54000", "2010-03-31": "0.54000", "2009-12-31": "0.54000", "2009-09-30": "0.37000", "2009-06-30": "0.32000", "2009-03-31": "0.07000", "2008-12-31": "0.37000", "2008-09-30": "0.29000", "2008-06-30": "0.36000", "2008-03-31": "0.33000", "2007-12-31": "-0.10000", "2007-09-30": "0.36000", "2007-06-30": "0.34000", "2007-03-31": "0.31000", "2006-12-31": "0.29000", "2006-09-30": "0.28000", "2006-06-30": "0.28000", "2006-03-31": "0.27000", "2005-12-31": "0.24000", "2005-09-30": "0.22000", "2005-06-30": "-0.12000", "2005-03-31": "0.19000"}}, "balance sheet": {"Cash On Hand": {"2020-12-31": "12348.33000", "2019-12-31": "789.83200", "2018-12-31": "317.25500", "2017-12-31": "335.46600", "2016-12-31": "538.95100", "2015-12-31": "341.54600", "2014-12-31": "299.07800", "2013-12-31": "143.97700", "2012-12-31": "93.96500", "2011-12-31": "40.15400", "2010-12-31": "46.29900", "2009-12-31": "108.34900", "2008-12-31": "116.25700", "2007-12-31": "239.02900", "2006-12-31": "470.82100", "2005-12-31": "86.20900"}, "Receivables": {"2020-12-31": "", "2019-12-31": "", "2018-12-31": "", "2017-12-31": "", "2016-12-31": "", "2015-12-31": "", "2014-12-31": "", "2013-12-31": "", "2012-12-31": "", "2011-12-31": "", "2010-12-31": "", "2009-12-31": "", "2008-12-31": "", "2007-12-31": "", "2006-12-31": "", "2005-12-31": ""}, "Inventory": {"2020-12-31": "", "2019-12-31": "", "2018-12-31": "", "2017-12-31": "", "2016-12-31": "", "2015-12-31": "", "2014-12-31": "", "2013-12-31": "", "2012-12-31": "", "2011-12-31": "", "2010-12-31": "", "2009-12-31": "", "2008-12-31": "", "2007-12-31": "", "2006-12-31": "", "2005-12-31": ""}, "Pre-Paid Expenses": {"2020-12-31": "", "2019-12-31": "", "2018-12-31": "", "2017-12-31": "", "2016-12-31": "", "2015-12-31": "", "2014-12-31": "", "2013-12-31": "", "2012-12-31": "", "2011-12-31": "", "2010-12-31": "", "2009-12-31": "", "2008-12-31": "", "2007-12-31": "", "2006-12-31": "", "2005-12-31": ""}, "Other Current Assets": {"2020-12-31": "", "2019-12-31": "", "2018-12-31": "", "2017-12-31": "", "2016-12-31": "", "2015-12-31": "", "2014-12-31": "", "2013-12-31": "", "2012-12-31": "", "2011-12-31": "", "2010-12-31": "", "2009-12-31": "", "2008-12-31": "", "2007-12-31": "", "2006-12-31": "", "2005-12-31": ""}, "Total Current Assets": {"2020-12-31": "61358.30000", "2019-12-31": "40087.59000", "2018-12-31": "37137.51000", "2017-12-31": "33301.39000", "2016-12-31": "30031.11000", "2015-12-31": "24489.45000", "2014-12-31": "18620.38000", "2013-12-31": "14020.80000", "2012-12-31": "10192.14000", "2011-12-31": "7257.27600", "2010-12-31": "5659.24100", "2009-12-31": "4765.72700", "2008-12-31": "3803.81800", "2007-12-31": "2451.53400", "2006-12-31": "2189.92600", "2005-12-31": "1240.52400"}, "Property, Plant, And Equipment": {"2020-12-31": "80.27400", "2019-12-31": "66.41900", "2018-12-31": "59.05100", "2017-12-31": "61.57100", "2016-12-31": "50.69800", "2015-12-31": "44.16100", "2014-12-31": "40.99600", "2013-12-31": "36.33100", "2012-12-31": "32.19200", "2011-12-31": "30.57400", "2010-12-31": "29.38500", "2009-12-31": "31.80200", "2008-12-31": "33.22100", "2007-12-31": "27.10700", "2006-12-31": "22.22100", "2005-12-31": "17.78500"}, "Long-Term Investments": {"2020-12-31": "11344.92000", "2019-12-31": "9477.17300", "2018-12-31": "9450.01400", "2017-12-31": "9178.01600", "2016-12-31": "8506.10200", "2015-12-31": "8528.31100", "2014-12-31": "8368.34800", "2013-12-31": "7938.86200", "2012-12-31": "6920.20300", "2011-12-31": "7117.05100", "2010-12-31": "5735.62100", "2009-12-31": "4157.47300", "2008-12-31": "3161.00100", "2007-12-31": "3159.83900", "2006-12-31": "3053.29400", "2005-12-31": "2984.76800"}, "Goodwill And Intangible Assets": {"2020-12-31": "", "2019-12-31": "", "2018-12-31": "", "2017-12-31": "", "2016-12-31": "", "2015-12-31": "", "2014-12-31": "", "2013-12-31": "", "2012-12-31": "", "2011-12-31": "", "2010-12-31": "", "2009-12-31": "", "2008-12-31": "", "2007-12-31": "", "2006-12-31": "", "2005-12-31": ""}, "Other Long-Term Assets": {"2020-12-31": "867.44400", "2019-12-31": "767.67800", "2018-12-31": "718.24000", "2017-12-31": "576.74100", "2016-12-31": "459.70000", "2015-12-31": "388.62300", "2014-12-31": "288.91800", "2013-12-31": "380.66600", "2012-12-31": "311.52500", "2011-12-31": "261.21900", "2010-12-31": "248.84200", "2009-12-31": "191.11000", "2008-12-31": "194.15900", "2007-12-31": "206.69200", "2006-12-31": "133.98400", "2005-12-31": "141.86100"}, "Total Long-Term Assets": {"2020-12-31": "12292.64000", "2019-12-31": "10311.27000", "2018-12-31": "10227.30000", "2017-12-31": "9816.32800", "2016-12-31": "9016.50000", "2015-12-31": "8961.09500", "2014-12-31": "8698.26200", "2013-12-31": "8355.85900", "2012-12-31": "7263.92000", "2011-12-31": "7408.84400", "2010-12-31": "6013.84800", "2009-12-31": "4380.38400", "2008-12-31": "3388.38100", "2007-12-31": "3393.63800", "2006-12-31": "3209.49900", "2005-12-31": "3144.41400"}, "Total Assets": {"2020-12-31": "73888.34000", "2019-12-31": "50616.43000", "2018-12-31": "47364.82000", "2017-12-31": "43117.72000", "2016-12-31": "39047.61000", "2015-12-31": "33450.55000", "2014-12-31": "27318.64000", "2013-12-31": "22376.66000", "2012-12-31": "17456.06000", "2011-12-31": "14666.12000", "2010-12-31": "11673.09000", "2009-12-31": "9146.11200", "2008-12-31": "7192.19900", "2007-12-31": "5845.17200", "2006-12-31": "5399.42500", "2005-12-31": "4384.93800"}, "Total Current Liabilities": {"2020-12-31": "64128.25000", "2019-12-31": "41005.76000", "2018-12-31": "37729.50000", "2017-12-31": "34633.65000", "2016-12-31": "33127.86000", "2015-12-31": "27838.55000", "2014-12-31": "23487.24000", "2013-12-31": "18271.41000", "2012-12-31": "15215.73000", "2011-12-31": "12583.00000", "2010-12-31": "10170.54000", "2009-12-31": "8037.45300", "2008-12-31": "6234.06400", "2007-12-31": "5224.41700", "2006-12-31": "4746.82700", "2005-12-31": "3813.95600"}, "Long Term Debt": {"2020-12-31": "3667.83300", "2019-12-31": "4598.26300", "2018-12-31": "5228.17400", "2017-12-31": "4452.38100", "2016-12-31": "2307.48800", "2015-12-31": "2720.16300", "2014-12-31": "1335.16300", "2013-12-31": "2305.31300", "2012-12-31": "590.00000", "2011-12-31": "675.00000", "2010-12-31": "558.00000", "2009-12-31": "305.00000", "2008-12-31": "260.00000", "2007-12-31": "195.00000", "2006-12-31": "260.00000", "2005-12-31": "220.00000"}, "Other Non-Current Liabilities": {"2020-12-31": "", "2019-12-31": "", "2018-12-31": "", "2017-12-31": "", "2016-12-31": "", "2015-12-31": "", "2014-12-31": "", "2013-12-31": "", "2012-12-31": "", "2011-12-31": "", "2010-12-31": "", "2009-12-31": "", "2008-12-31": "", "2007-12-31": "", "2006-12-31": "", "2005-12-31": ""}, "Total Long Term Liabilities": {"2020-12-31": "3667.83300", "2019-12-31": "4598.26300", "2018-12-31": "5228.17400", "2017-12-31": "4452.38100", "2016-12-31": "2307.48800", "2015-12-31": "2720.16300", "2014-12-31": "1335.16300", "2013-12-31": "2305.31300", "2012-12-31": "590.00000", "2011-12-31": "675.00000", "2010-12-31": "558.00000", "2009-12-31": "305.00000", "2008-12-31": "260.00000", "2007-12-31": "195.00000", "2006-12-31": "260.00000", "2005-12-31": "220.00000"}, "Total Liabilities": {"2020-12-31": "68061.44000", "2019-12-31": "45846.61000", "2018-12-31": "42957.68000", "2017-12-31": "39086.03000", "2016-12-31": "35435.35000", "2015-12-31": "30558.71000", "2014-12-31": "24822.40000", "2013-12-31": "20576.72000", "2012-12-31": "15805.73000", "2011-12-31": "13258.00000", "2010-12-31": "10728.54000", "2009-12-31": "8342.45300", "2008-12-31": "6494.06400", "2007-12-31": "5419.41600", "2006-12-31": "5006.82700", "2005-12-31": "4033.95600"}, "Common Stock Net": {"2020-12-31": "0.55500", "2019-12-31": "0.55400", "2018-12-31": "0.55400", "2017-12-31": "0.55000", "2016-12-31": "0.54600", "2015-12-31": "0.50900", "2014-12-31": "0.50300", "2013-12-31": "0.47300", "2012-12-31": "0.47200", "2011-12-31": "0.46200", "2010-12-31": "0.41300", "2009-12-31": "0.40600", "2008-12-31": "0.35200", "2007-12-31": "0.29700", "2006-12-31": "0.29600", "2005-12-31": "0.29400"}, "Retained Earnings (Accumulated Deficit)": {"2020-12-31": "3548.26000", "2019-12-31": "3196.89800", "2018-12-31": "2730.89900", "2017-12-31": "2290.53700", "2016-12-31": "1903.33200", "2015-12-31": "1507.01100", "2014-12-31": "1133.95000", "2013-12-31": "837.25000", "2012-12-31": "608.51100", "2011-12-31": "423.03200", "2010-12-31": "273.51100", "2009-12-31": "171.46400", "2008-12-31": "116.70700", "2007-12-31": "73.44200", "2006-12-31": "46.16300", "2005-12-31": "12.80300"}, "Comprehensive Income": {"2020-12-31": "-72.89600", "2019-12-31": "-65.63000", "2018-12-31": "-144.52900", "2017-12-31": "-68.86700", "2016-12-31": "-54.71400", "2015-12-31": "-9.50300", "2014-12-31": "13.12400", "2013-12-31": "-51.68400", "2012-12-31": "43.82700", "2011-12-31": "29.78900", "2010-12-31": "-18.41200", "2009-12-31": "-36.65200", "2008-12-31": "-62.69600", "2007-12-31": "-18.12200", "2006-12-31": "-20.57600", "2005-12-31": "-23.05200"}, "Other Share Holders Equity": {"2020-12-31": "", "2019-12-31": "", "2018-12-31": "", "2017-12-31": "", "2016-12-31": "", "2015-12-31": "", "2014-12-31": "", "2013-12-31": "", "2012-12-31": "", "2011-12-31": "", "2010-12-31": "", "2009-12-31": "", "2008-12-31": "", "2007-12-31": "", "2006-12-31": "", "2005-12-31": ""}, "Share Holder Equity": {"2020-12-31": "5826.90900", "2019-12-31": "4769.82300", "2018-12-31": "4407.14000", "2017-12-31": "4031.69100", "2016-12-31": "3612.26400", "2015-12-31": "2891.83400", "2014-12-31": "2496.23800", "2013-12-31": "1799.93900", "2012-12-31": "1650.32700", "2011-12-31": "1408.11600", "2010-12-31": "944.54700", "2009-12-31": "803.65900", "2008-12-31": "698.13500", "2007-12-31": "425.75600", "2006-12-31": "392.59800", "2005-12-31": "350.98200"}, "Total Liabilities And Share Holders Equity": {"2020-12-31": "73888.34000", "2019-12-31": "50616.43000", "2018-12-31": "47364.82000", "2017-12-31": "43117.72000", "2016-12-31": "39047.61000", "2015-12-31": "33450.55000", "2014-12-31": "27318.64000", "2013-12-31": "22376.66000", "2012-12-31": "17456.06000", "2011-12-31": "14666.12000", "2010-12-31": "11673.09000", "2009-12-31": "9146.11200", "2008-12-31": "7192.19900", "2007-12-31": "5845.17200", "2006-12-31": "5399.42500", "2005-12-31": "4384.93800"}}, "balance sheet, quarterly": {"Cash On Hand": {"2020-12-31": "12348.33000", "2020-09-30": "6413.23700", "2020-06-30": "4570.76800", "2020-03-31": "1553.02100", "2019-12-31": "789.83200", "2019-09-30": "869.92400", "2019-06-30": "324.37400", "2019-03-31": "479.38800", "2018-12-31": "317.25500", "2018-09-30": "195.40400", "2018-06-30": "543.91900", "2018-03-31": "842.53100", "2017-12-31": "335.46600", "2017-09-30": "293.75800", "2017-06-30": "532.04800", "2017-03-31": "731.53800", "2016-12-31": "538.95100", "2016-09-30": "686.52910", "2016-06-30": "290.23000", "2016-03-31": "307.00100", "2015-12-31": "341.54600", "2015-09-30": "288.00200", "2015-06-30": "98.20700", "2015-03-31": "258.28600", "2014-12-31": "299.07800", "2014-09-30": "315.69800", "2014-06-30": "271.45200", "2014-03-31": "117.00500", "2013-12-31": "143.97700", "2013-09-30": "67.60700", "2013-06-30": "137.90000", "2013-03-31": "96.33800", "2012-12-31": "93.96500", "2012-09-30": "50.13300", "2012-06-30": "97.51600", "2012-03-31": "58.94600", "2011-12-31": "40.15400", "2011-09-30": "39.10400", "2011-06-30": "77.17300", "2011-03-31": "80.14800", "2010-12-31": "46.29900", "2010-09-30": "167.18100", "2010-06-30": "224.67200", "2010-03-31": "356.51100", "2009-12-31": "108.34900", "2009-09-30": "152.76000", "2009-06-30": "262.32900", "2009-03-31": "337.82800", "2008-12-31": "116.25700", "2008-09-30": "122.38700", "2008-06-30": "173.07700", "2008-03-31": "234.77900", "2007-12-31": "239.02900", "2007-09-30": "213.67300", "2007-06-30": "491.66700", "2007-03-31": "175.62600", "2006-12-31": "470.82100", "2006-09-30": "127.60100", "2006-06-30": "138.13500", "2006-03-31": "88.02000", "2005-12-31": "86.20900", "2005-09-30": "98.31500", "2005-06-30": "141.31700", "2005-03-31": "65.08700"}, "Receivables": {"2020-12-31": "", "2020-09-30": "", "2020-06-30": "", "2020-03-31": "", "2019-12-31": "", "2019-09-30": "", "2019-06-30": "", "2019-03-31": "", "2018-12-31": "", "2018-09-30": "", "2018-06-30": "", "2018-03-31": "", "2017-12-31": "", "2017-09-30": "", "2017-06-30": "", "2017-03-31": "", "2016-12-31": "", "2016-09-30": "", "2016-06-30": "", "2016-03-31": "", "2015-12-31": "", "2015-09-30": "", "2015-06-30": "", "2015-03-31": "", "2014-12-31": "", "2014-09-30": "", "2014-06-30": "", "2014-03-31": "", "2013-12-31": "", "2013-09-30": "", "2013-06-30": "", "2013-03-31": "", "2012-12-31": "", "2012-09-30": "", "2012-06-30": "", "2012-03-31": "", "2011-12-31": "", "2011-09-30": "", "2011-06-30": "", "2011-03-31": "", "2010-12-31": "", "2010-09-30": "", "2010-06-30": "", "2010-03-31": "", "2009-12-31": "", "2009-09-30": "", "2009-06-30": "", "2009-03-31": "", "2008-12-31": "", "2008-09-30": "", "2008-06-30": "", "2008-03-31": "", "2007-12-31": "", "2007-09-30": "", "2007-06-30": "", "2007-03-31": "", "2006-12-31": "", "2006-09-30": "", "2006-06-30": "", "2006-03-31": "", "2005-12-31": "", "2005-09-30": "", "2005-06-30": "", "2005-03-31": ""}, "Inventory": {"2020-12-31": "", "2020-09-30": "", "2020-06-30": "", "2020-03-31": "", "2019-12-31": "", "2019-09-30": "", "2019-06-30": "", "2019-03-31": "", "2018-12-31": "", "2018-09-30": "", "2018-06-30": "", "2018-03-31": "", "2017-12-31": "", "2017-09-30": "", "2017-06-30": "", "2017-03-31": "", "2016-12-31": "", "2016-09-30": "", "2016-06-30": "", "2016-03-31": "", "2015-12-31": "", "2015-09-30": "", "2015-06-30": "", "2015-03-31": "", "2014-12-31": "", "2014-09-30": "", "2014-06-30": "", "2014-03-31": "", "2013-12-31": "", "2013-09-30": "", "2013-06-30": "", "2013-03-31": "", "2012-12-31": "", "2012-09-30": "", "2012-06-30": "", "2012-03-31": "", "2011-12-31": "", "2011-09-30": "", "2011-06-30": "", "2011-03-31": "", "2010-12-31": "", "2010-09-30": "", "2010-06-30": "", "2010-03-31": "", "2009-12-31": "", "2009-09-30": "", "2009-06-30": "", "2009-03-31": "", "2008-12-31": "", "2008-09-30": "", "2008-06-30": "", "2008-03-31": "", "2007-12-31": "", "2007-09-30": "", "2007-06-30": "", "2007-03-31": "", "2006-12-31": "", "2006-09-30": "", "2006-06-30": "", "2006-03-31": "", "2005-12-31": "", "2005-09-30": "", "2005-06-30": "", "2005-03-31": ""}, "Pre-Paid Expenses": {"2020-12-31": "", "2020-09-30": "", "2020-06-30": "", "2020-03-31": "", "2019-12-31": "", "2019-09-30": "", "2019-06-30": "", "2019-03-31": "", "2018-12-31": "", "2018-09-30": "", "2018-06-30": "", "2018-03-31": "", "2017-12-31": "", "2017-09-30": "", "2017-06-30": "", "2017-03-31": "", "2016-12-31": "", "2016-09-30": "", "2016-06-30": "", "2016-03-31": "", "2015-12-31": "", "2015-09-30": "", "2015-06-30": "", "2015-03-31": "", "2014-12-31": "", "2014-09-30": "", "2014-06-30": "", "2014-03-31": "", "2013-12-31": "", "2013-09-30": "", "2013-06-30": "", "2013-03-31": "", "2012-12-31": "", "2012-09-30": "", "2012-06-30": "", "2012-03-31": "", "2011-12-31": "", "2011-09-30": "", "2011-06-30": "", "2011-03-31": "", "2010-12-31": "", "2010-09-30": "", "2010-06-30": "", "2010-03-31": "", "2009-12-31": "", "2009-09-30": "", "2009-06-30": "", "2009-03-31": "", "2008-12-31": "", "2008-09-30": "", "2008-06-30": "", "2008-03-31": "", "2007-12-31": "", "2007-09-30": "", "2007-06-30": "", "2007-03-31": "", "2006-12-31": "", "2006-09-30": "", "2006-06-30": "", "2006-03-31": "", "2005-12-31": "", "2005-09-30": "", "2005-06-30": "", "2005-03-31": ""}, "Other Current Assets": {"2020-12-31": "", "2020-09-30": "", "2020-06-30": "", "2020-03-31": "", "2019-12-31": "", "2019-09-30": "", "2019-06-30": "", "2019-03-31": "", "2018-12-31": "", "2018-09-30": "", "2018-06-30": "", "2018-03-31": "", "2017-12-31": "", "2017-09-30": "", "2017-06-30": "", "2017-03-31": "", "2016-12-31": "", "2016-09-30": "", "2016-06-30": "", "2016-03-31": "", "2015-12-31": "", "2015-09-30": "", "2015-06-30": "", "2015-03-31": "", "2014-12-31": "", "2014-09-30": "", "2014-06-30": "", "2014-03-31": "", "2013-12-31": "", "2013-09-30": "", "2013-06-30": "", "2013-03-31": "", "2012-12-31": "", "2012-09-30": "", "2012-06-30": "", "2012-03-31": "", "2011-12-31": "", "2011-09-30": "", "2011-06-30": "", "2011-03-31": "", "2010-12-31": "", "2010-09-30": "", "2010-06-30": "", "2010-03-31": "", "2009-12-31": "", "2009-09-30": "", "2009-06-30": "", "2009-03-31": "", "2008-12-31": "", "2008-09-30": "", "2008-06-30": "", "2008-03-31": "", "2007-12-31": "", "2007-09-30": "", "2007-06-30": "", "2007-03-31": "", "2006-12-31": "", "2006-09-30": "", "2006-06-30": "", "2006-03-31": "", "2005-12-31": "", "2005-09-30": "", "2005-06-30": "", "2005-03-31": ""}, "Total Current Assets": {"2020-12-31": "61358.30000", "2020-09-30": "52810.50000", "2020-06-30": "49821.24000", "2020-03-31": "42653.45000", "2019-12-31": "40087.59000", "2019-09-30": "38989.43000", "2019-06-30": "38466.41000", "2019-03-31": "37969.15000", "2018-12-31": "37137.51000", "2018-09-30": "35738.35000", "2018-06-30": "35269.07000", "2018-03-31": "34545.33000", "2017-12-31": "33301.39000", "2017-09-30": "31760.38000", "2017-06-30": "31166.01000", "2017-03-31": "30914.34000", "2016-12-31": "30031.11000", "2016-09-30": "28865.55000", "2016-06-30": "27372.77000", "2016-03-31": "25636.18000", "2015-12-31": "24489.45000", "2015-09-30": "23024.07000", "2015-06-30": "20995.31000", "2015-03-31": "19726.31000", "2014-12-31": "18620.38000", "2014-09-30": "17212.24000", "2014-06-30": "16025.57000", "2014-03-31": "14692.64000", "2013-12-31": "14020.80000", "2013-09-30": "12621.81000", "2013-06-30": "11689.63000", "2013-03-31": "10866.07000", "2012-12-31": "10192.14000", "2012-09-30": "9177.89800", "2012-06-30": "8456.00500", "2012-03-31": "7769.06500", "2011-12-31": "7257.27600", "2011-09-30": "6826.25500", "2011-06-30": "6469.70100", "2011-03-31": "6024.79800", "2010-12-31": "5659.24100", "2010-09-30": "5407.73500", "2010-06-30": "5208.00800", "2010-03-31": "5043.46300", "2009-12-31": "4765.72700", "2009-09-30": "4540.66900", "2009-06-30": "4204.74000", "2009-03-31": "3975.37800", "2008-12-31": "3803.81800", "2008-09-30": "3408.62200", "2008-06-30": "3065.17300", "2008-03-31": "2621.77100", "2007-12-31": "2451.53400", "2007-09-30": "2319.83800", "2007-06-30": "2437.95600", "2007-03-31": "2009.42000", "2006-12-31": "2189.92600", "2006-09-30": "1647.30700", "2006-06-30": "1515.71300", "2006-03-31": "1312.24500", "2005-12-31": "1240.52400", "2005-09-30": "1068.34400", "2005-06-30": "1012.82800", "2005-03-31": "827.87290"}, "Property, Plant, And Equipment": {"2020-12-31": "80.27400", "2020-09-30": "79.37000", "2020-06-30": "75.12100", "2020-03-31": "75.24900", "2019-12-31": "66.41900", "2019-09-30": "57.72300", "2019-06-30": "56.85400", "2019-03-31": "54.08500", "2018-12-31": "59.05100", "2018-09-30": "69.06200", "2018-06-30": "66.49900", "2018-03-31": "62.17500", "2017-12-31": "61.57100", "2017-09-30": "60.02500", "2017-06-30": "56.33700", "2017-03-31": "53.91700", "2016-12-31": "50.69800", "2016-09-30": "47.66800", "2016-06-30": "46.37300", "2016-03-31": "45.54700", "2015-12-31": "44.16100", "2015-09-30": "41.92500", "2015-06-30": "40.60800", "2015-03-31": "40.31000", "2014-12-31": "40.99600", "2014-09-30": "39.75200", "2014-06-30": "40.83700", "2014-03-31": "39.59100", "2013-12-31": "36.33100", "2013-09-30": "36.35100", "2013-06-30": "36.62600", "2013-03-31": "34.95600", "2012-12-31": "32.19200", "2012-09-30": "31.59300", "2012-06-30": "32.17800", "2012-03-31": "30.98700", "2011-12-31": "30.57400", "2011-09-30": "30.90100", "2011-06-30": "29.53800", "2011-03-31": "29.53600", "2010-12-31": "29.38500", "2010-09-30": "29.07600", "2010-06-30": "29.94900", "2010-03-31": "30.78600", "2009-12-31": "31.80200", "2009-09-30": "32.13300", "2009-06-30": "32.44500", "2009-03-31": "32.97900", "2008-12-31": "33.22100", "2008-09-30": "30.82900", "2008-06-30": "30.74700", "2008-03-31": "28.65800", "2007-12-31": "27.10700", "2007-09-30": "24.91800", "2007-06-30": "23.58100", "2007-03-31": "22.91000", "2006-12-31": "22.22100", "2006-09-30": "21.27900", "2006-06-30": "20.48400", "2006-03-31": "19.43900", "2005-12-31": "17.78500", "2005-09-30": "15.17600", "2005-06-30": "14.23600", "2005-03-31": "14.13900"}, "Long-Term Investments": {"2020-12-31": "11344.92000", "2020-09-30": "9757.19700", "2020-06-30": "9444.69300", "2020-03-31": "9379.23000", "2019-12-31": "9477.17300", "2019-09-30": "9440.64900", "2019-06-30": "9428.25400", "2019-03-31": "9589.66500", "2018-12-31": "9450.01400", "2018-09-30": "9354.23900", "2018-06-30": "9174.15200", "2018-03-31": "9203.49000", "2017-12-31": "9178.01600", "2017-09-30": "8950.63900", "2017-06-30": "8934.62600", "2017-03-31": "8748.58500", "2016-12-31": "8506.10200", "2016-09-30": "8479.02600", "2016-06-30": "8675.35600", "2016-03-31": "8794.08000", "2015-12-31": "8528.31100", "2015-09-30": "8504.12700", "2015-06-30": "8496.13600", "2015-03-31": "8524.35800", "2014-12-31": "8368.34800", "2014-09-30": "8381.42500", "2014-06-30": "8125.29800", "2014-03-31": "8015.38000", "2013-12-31": "7938.86200", "2013-09-30": "7981.83500", "2013-06-30": "7599.35300", "2013-03-31": "7074.72000", "2012-12-31": "6920.20300", "2012-09-30": "6949.91200", "2012-06-30": "7119.89100", "2012-03-31": "7206.29800", "2011-12-31": "7117.05100", "2011-09-30": "6751.25700", "2011-06-30": "6322.12400", "2011-03-31": "6058.14600", "2010-12-31": "5735.62100", "2010-09-30": "5259.58100", "2010-06-30": "4963.48500", "2010-03-31": "4273.11600", "2009-12-31": "4157.47300", "2009-09-30": "3858.65400", "2009-06-30": "3458.73400", "2009-03-31": "3164.02500", "2008-12-31": "3161.00100", "2008-09-30": "3042.41400", "2008-06-30": "3096.08800", "2008-03-31": "3035.66400", "2007-12-31": "3159.83900", "2007-09-30": "3152.37700", "2007-06-30": "3141.18100", "2007-03-31": "3050.83100", "2006-12-31": "3053.29400", "2006-09-30": "2927.17300", "2006-06-30": "2915.04400", "2006-03-31": "3026.56100", "2005-12-31": "2984.76800", "2005-09-30": "2779.83300", "2005-06-30": "2660.02000", "2005-03-31": "2611.96500"}, "Goodwill And Intangible Assets": {"2020-12-31": "", "2020-09-30": "", "2020-06-30": "", "2020-03-31": "", "2019-12-31": "", "2019-09-30": "", "2019-06-30": "", "2019-03-31": "", "2018-12-31": "", "2018-09-30": "", "2018-06-30": "", "2018-03-31": "", "2017-12-31": "", "2017-09-30": "", "2017-06-30": "", "2017-03-31": "", "2016-12-31": "", "2016-09-30": "", "2016-06-30": "", "2016-03-31": "", "2015-12-31": "", "2015-09-30": "", "2015-06-30": "", "2015-03-31": "", "2014-12-31": "", "2014-09-30": "", "2014-06-30": "", "2014-03-31": "", "2013-12-31": "", "2013-09-30": "", "2013-06-30": "", "2013-03-31": "", "2012-12-31": "", "2012-09-30": "", "2012-06-30": "", "2012-03-31": "", "2011-12-31": "", "2011-09-30": "", "2011-06-30": "", "2011-03-31": "", "2010-12-31": "", "2010-09-30": "", "2010-06-30": "", "2010-03-31": "", "2009-12-31": "", "2009-09-30": "", "2009-06-30": "", "2009-03-31": "", "2008-12-31": "", "2008-09-30": "", "2008-06-30": "", "2008-03-31": "", "2007-12-31": "", "2007-09-30": "", "2007-06-30": "", "2007-03-31": "", "2006-12-31": "", "2006-09-30": "", "2006-06-30": "", "2006-03-31": "", "2005-12-31": "", "2005-09-30": "", "2005-06-30": "", "2005-03-31": ""}, "Other Long-Term Assets": {"2020-12-31": "867.44400", "2020-09-30": "896.93300", "2020-06-30": "792.00900", "2020-03-31": "749.00800", "2019-12-31": "743.05300", "2019-09-30": "700.16800", "2019-06-30": "702.88600", "2019-03-31": "705.09200", "2018-12-31": "718.24000", "2018-09-30": "709.05800", "2018-06-30": "705.76500", "2018-03-31": "624.63800", "2017-12-31": "576.74100", "2017-09-30": "555.88300", "2017-06-30": "561.64200", "2017-03-31": "548.48800", "2016-12-31": "459.70000", "2016-09-30": "400.07700", "2016-06-30": "452.33600", "2016-03-31": "421.96800", "2015-12-31": "388.62300", "2015-09-30": "350.40600", "2015-06-30": "437.41700", "2015-03-31": "298.21400", "2014-12-31": "288.91800", "2014-09-30": "317.07100", "2014-06-30": "335.29400", "2014-03-31": "356.81100", "2013-12-31": "380.66600", "2013-09-30": "366.48600", "2013-06-30": "396.86600", "2013-03-31": "290.89600", "2012-12-31": "311.52500", "2012-09-30": "299.85100", "2012-06-30": "265.76500", "2012-03-31": "274.01700", "2011-12-31": "261.21900", "2011-09-30": "249.23700", "2011-06-30": "263.57200", "2011-03-31": "267.78200", "2010-12-31": "248.84200", "2010-09-30": "238.58200", "2010-06-30": "181.76200", "2010-03-31": "390.54200", "2009-12-31": "191.11000", "2009-09-30": "169.79500", "2009-06-30": "185.29300", "2009-03-31": "253.01500", "2008-12-31": "194.15900", "2008-09-30": "217.59000", "2008-06-30": "177.07900", "2008-03-31": "132.61800", "2007-12-31": "206.69200", "2007-09-30": "116.58400", "2007-06-30": "108.38100", "2007-03-31": "102.65700", "2006-12-31": "133.98400", "2006-09-30": "118.74600", "2006-06-30": "252.04200", "2006-03-31": "136.37600", "2005-12-31": "141.86100", "2005-09-30": "101.67000", "2005-06-30": "79.06600", "2005-03-31": "93.69200"}, "Total Long-Term Assets": {"2020-12-31": "12292.64000", "2020-09-30": "10733.50000", "2020-06-30": "10311.82000", "2020-03-31": "10203.49000", "2019-12-31": "10286.64000", "2019-09-30": "10198.54000", "2019-06-30": "10187.99000", "2019-03-31": "10348.84000", "2018-12-31": "10227.30000", "2018-09-30": "10132.36000", "2018-06-30": "9946.41600", "2018-03-31": "9890.30300", "2017-12-31": "9816.32800", "2017-09-30": "9566.54700", "2017-06-30": "9552.60400", "2017-03-31": "9350.99000", "2016-12-31": "9016.50000", "2016-09-30": "8926.77100", "2016-06-30": "9174.06500", "2016-03-31": "9261.59500", "2015-12-31": "8961.09500", "2015-09-30": "8896.45800", "2015-06-30": "8974.16100", "2015-03-31": "8862.88200", "2014-12-31": "8698.26200", "2014-09-30": "8738.24800", "2014-06-30": "8501.42900", "2014-03-31": "8411.78200", "2013-12-31": "8355.85900", "2013-09-30": "8384.67200", "2013-06-30": "8032.84500", "2013-03-31": "7400.57200", "2012-12-31": "7263.92000", "2012-09-30": "7281.35600", "2012-06-30": "7417.83400", "2012-03-31": "7511.30200", "2011-12-31": "7408.84400", "2011-09-30": "7031.39500", "2011-06-30": "6615.23400", "2011-03-31": "6355.46400", "2010-12-31": "6013.84800", "2010-09-30": "5527.23900", "2010-06-30": "5175.19600", "2010-03-31": "4694.44400", "2009-12-31": "4380.38400", "2009-09-30": "4060.58200", "2009-06-30": "3676.47200", "2009-03-31": "3450.01900", "2008-12-31": "3388.38100", "2008-09-30": "3290.83300", "2008-06-30": "3303.91400", "2008-03-31": "3196.94000", "2007-12-31": "3393.63800", "2007-09-30": "3293.87900", "2007-06-30": "3273.14300", "2007-03-31": "3176.39800", "2006-12-31": "3209.49900", "2006-09-30": "3067.19800", "2006-06-30": "3187.57000", "2006-03-31": "3182.37600", "2005-12-31": "3144.41400", "2005-09-30": "2896.67900", "2005-06-30": "2753.32200", "2005-03-31": "2719.79600"}, "Total Assets": {"2020-12-31": "73888.34000", "2020-09-30": "63760.31000", "2020-06-30": "60349.81000", "2020-03-31": "53074.71000", "2019-12-31": "50591.81000", "2019-09-30": "49411.76000", "2019-06-30": "48876.88000", "2019-03-31": "48546.45000", "2018-12-31": "47364.82000", "2018-09-30": "45870.71000", "2018-06-30": "45215.48000", "2018-03-31": "44435.63000", "2017-12-31": "43117.72000", "2017-09-30": "41326.93000", "2017-06-30": "40718.61000", "2017-03-31": "40265.34000", "2016-12-31": "39047.61000", "2016-09-30": "37792.32000", "2016-06-30": "36546.84000", "2016-03-31": "34897.77000", "2015-12-31": "33450.55000", "2015-09-30": "31920.52000", "2015-06-30": "29969.47000", "2015-03-31": "28589.19000", "2014-12-31": "27318.64000", "2014-09-30": "25950.48000", "2014-06-30": "24526.99000", "2014-03-31": "23104.42000", "2013-12-31": "22376.66000", "2013-09-30": "21006.48000", "2013-06-30": "19722.47000", "2013-03-31": "18266.64000", "2012-12-31": "17456.06000", "2012-09-30": "16459.25000", "2012-06-30": "15873.84000", "2012-03-31": "15280.37000", "2011-12-31": "14666.12000", "2011-09-30": "13857.65000", "2011-06-30": "13084.84000", "2011-03-31": "12380.26000", "2010-12-31": "11673.09000", "2010-09-30": "10934.97000", "2010-06-30": "10383.20000", "2010-03-31": "9737.90700", "2009-12-31": "9146.11200", "2009-09-30": "8601.25100", "2009-06-30": "7881.21200", "2009-03-31": "7425.39700", "2008-12-31": "7192.19900", "2008-09-30": "6699.45500", "2008-06-30": "6369.08700", "2008-03-31": "5818.71100", "2007-12-31": "5845.17200", "2007-09-30": "5613.71700", "2007-06-30": "5711.09900", "2007-03-31": "5185.81800", "2006-12-31": "5399.42500", "2006-09-30": "4714.50500", "2006-06-30": "4703.28300", "2006-03-31": "4494.62100", "2005-12-31": "4384.93800", "2005-09-30": "3965.02300", "2005-06-30": "3766.15000", "2005-03-31": "3547.66900"}, "Total Current Liabilities": {"2020-12-31": "64128.25000", "2020-09-30": "55236.88000", "2020-06-30": "50902.05000", "2020-03-31": "43200.59000", "2019-12-31": "41005.76000", "2019-09-30": "39696.84000", "2019-06-30": "38350.11000", "2019-03-31": "38314.24000", "2018-12-31": "37729.50000", "2018-09-30": "37164.74000", "2018-06-30": "36015.09000", "2018-03-31": "35891.88000", "2017-12-31": "34633.65000", "2017-09-30": "34592.79000", "2017-06-30": "34063.48000", "2017-03-31": "33707.79000", "2016-12-31": "33127.86000", "2016-09-30": "32043.28000", "2016-06-30": "30415.99000", "2016-03-31": "29228.77000", "2015-12-31": "27838.55000", "2015-09-30": "27603.68000", "2015-06-30": "25584.99000", "2015-03-31": "24749.09000", "2014-12-31": "23487.24000", "2014-09-30": "22118.85000", "2014-06-30": "20590.46000", "2014-03-31": "19401.96000", "2013-12-31": "18271.41000", "2013-09-30": "17425.57000", "2013-06-30": "16491.04000", "2013-03-31": "15951.50000", "2012-12-31": "15215.73000", "2012-09-30": "14544.97000", "2012-06-30": "13892.70000", "2012-03-31": "13511.67000", "2011-12-31": "12583.00000", "2011-09-30": "12122.29000", "2011-06-30": "11728.21000", "2011-03-31": "11022.38000", "2010-12-31": "10170.54000", "2010-09-30": "9770.15500", "2010-06-30": "9236.31400", "2010-03-31": "8643.95600", "2009-12-31": "8037.45300", "2009-09-30": "7567.49500", "2009-06-30": "6885.01000", "2009-03-31": "6583.87900", "2008-12-31": "6234.06400", "2008-09-30": "5871.60600", "2008-06-30": "5687.83700", "2008-03-31": "5190.74000", "2007-12-31": "5224.41700", "2007-09-30": "5019.22600", "2007-06-30": "5078.45400", "2007-03-31": "4528.20100", "2006-12-31": "4746.82700", "2006-09-30": "4067.60100", "2006-06-30": "4157.55700", "2006-03-31": "3841.79700", "2005-12-31": "3813.95600", "2005-09-30": "3477.44800", "2005-06-30": "3272.09100", "2005-03-31": "2980.96400"}, "Long Term Debt": {"2020-12-31": "3667.83300", "2020-09-30": "3296.40100", "2020-06-30": "4341.05300", "2020-03-31": "4865.70800", "2019-12-31": "4598.26300", "2019-09-30": "4725.91200", "2019-06-30": "5620.93200", "2019-03-31": "5435.73400", "2018-12-31": "5228.17400", "2018-09-30": "4467.97400", "2018-06-30": "5052.77400", "2018-03-31": "4542.57700", "2017-12-31": "4452.38100", "2017-09-30": "2802.18100", "2017-06-30": "2857.88100", "2017-03-31": "2792.68300", "2016-12-31": "2307.48800", "2016-09-30": "2187.44500", "2016-06-30": "2636.35400", "2016-03-31": "2300.00000", "2015-12-31": "2720.16300", "2015-09-30": "1495.16300", "2015-06-30": "1685.16300", "2015-03-31": "1220.16300", "2014-12-31": "1335.16300", "2014-09-30": "1430.16300", "2014-06-30": "1646.31300", "2014-03-31": "1790.31300", "2013-12-31": "2305.31300", "2013-09-30": "1820.31300", "2013-06-30": "1525.16300", "2013-03-31": "600.16300", "2012-12-31": "590.00000", "2012-09-30": "330.00000", "2012-06-30": "465.00000", "2012-03-31": "305.00000", "2011-12-31": "675.00000", "2011-09-30": "370.00000", "2011-06-30": "300.00000", "2011-03-31": "365.00000", "2010-12-31": "558.00000", "2010-09-30": "245.00000", "2010-06-30": "260.00000", "2010-03-31": "260.00000", "2009-12-31": "305.00000", "2009-09-30": "260.00000", "2009-06-30": "260.00000", "2009-03-31": "260.00000", "2008-12-31": "260.00000", "2008-09-30": "260.00000", "2008-06-30": "255.00000", "2008-03-31": "195.00000", "2007-12-31": "195.00000", "2007-09-30": "175.00000", "2007-06-30": "225.00000", "2007-03-31": "250.00000", "2006-12-31": "260.00000", "2006-09-30": "270.00000", "2006-06-30": "190.00000", "2006-03-31": "300.00000", "2005-12-31": "220.00000", "2005-09-30": "140.00000", "2005-06-30": "145.00000", "2005-03-31": "230.00000"}, "Other Non-Current Liabilities": {"2020-12-31": "", "2020-09-30": "", "2020-06-30": "", "2020-03-31": "", "2019-12-31": "", "2019-09-30": "", "2019-06-30": "", "2019-03-31": "", "2018-12-31": "", "2018-09-30": "", "2018-06-30": "", "2018-03-31": "", "2017-12-31": "", "2017-09-30": "", "2017-06-30": "", "2017-03-31": "", "2016-12-31": "", "2016-09-30": "", "2016-06-30": "", "2016-03-31": "", "2015-12-31": "", "2015-09-30": "", "2015-06-30": "", "2015-03-31": "", "2014-12-31": "", "2014-09-30": "", "2014-06-30": "", "2014-03-31": "", "2013-12-31": "", "2013-09-30": "", "2013-06-30": "", "2013-03-31": "", "2012-12-31": "", "2012-09-30": "", "2012-06-30": "", "2012-03-31": "", "2011-12-31": "", "2011-09-30": "", "2011-06-30": "", "2011-03-31": "", "2010-12-31": "", "2010-09-30": "", "2010-06-30": "", "2010-03-31": "", "2009-12-31": "", "2009-09-30": "", "2009-06-30": "", "2009-03-31": "", "2008-12-31": "", "2008-09-30": "", "2008-06-30": "", "2008-03-31": "", "2007-12-31": "", "2007-09-30": "", "2007-06-30": "", "2007-03-31": "", "2006-12-31": "", "2006-09-30": "", "2006-06-30": "", "2006-03-31": "", "2005-12-31": "", "2005-09-30": "", "2005-06-30": "", "2005-03-31": ""}, "Total Long Term Liabilities": {"2020-12-31": "3667.83300", "2020-09-30": "3296.40100", "2020-06-30": "4341.05300", "2020-03-31": "4865.70800", "2019-12-31": "4598.26300", "2019-09-30": "4725.91200", "2019-06-30": "5620.93200", "2019-03-31": "5435.73400", "2018-12-31": "5228.17400", "2018-09-30": "4467.97400", "2018-06-30": "5052.77400", "2018-03-31": "4542.57700", "2017-12-31": "4452.38100", "2017-09-30": "2802.18100", "2017-06-30": "2857.88100", "2017-03-31": "2792.68300", "2016-12-31": "2307.48800", "2016-09-30": "2187.44500", "2016-06-30": "2636.35400", "2016-03-31": "2300.00000", "2015-12-31": "2720.16300", "2015-09-30": "1495.16300", "2015-06-30": "1685.16300", "2015-03-31": "1220.16300", "2014-12-31": "1335.16300", "2014-09-30": "1430.16300", "2014-06-30": "1646.31300", "2014-03-31": "1790.31300", "2013-12-31": "2305.31300", "2013-09-30": "1820.31300", "2013-06-30": "1525.16300", "2013-03-31": "600.16300", "2012-12-31": "590.00000", "2012-09-30": "330.00000", "2012-06-30": "465.00000", "2012-03-31": "305.00000", "2011-12-31": "675.00000", "2011-09-30": "370.00000", "2011-06-30": "300.00000", "2011-03-31": "365.00000", "2010-12-31": "558.00000", "2010-09-30": "245.00000", "2010-06-30": "260.00000", "2010-03-31": "260.00000", "2009-12-31": "305.00000", "2009-09-30": "260.00000", "2009-06-30": "260.00000", "2009-03-31": "260.00000", "2008-12-31": "260.00000", "2008-09-30": "260.00000", "2008-06-30": "255.00000", "2008-03-31": "195.00000", "2007-12-31": "195.00000", "2007-09-30": "175.00000", "2007-06-30": "225.00000", "2007-03-31": "250.00000", "2006-12-31": "260.00000", "2006-09-30": "270.00000", "2006-06-30": "190.00000", "2006-03-31": "300.00000", "2005-12-31": "220.00000", "2005-09-30": "140.00000", "2005-06-30": "145.00000", "2005-03-31": "230.00000"}, "Total Liabilities": {"2020-12-31": "68061.44000", "2020-09-30": "58777.11000", "2020-06-30": "55487.23000", "2020-03-31": "48310.75000", "2019-12-31": "45846.61000", "2019-09-30": "44669.90000", "2019-06-30": "44215.15000", "2019-03-31": "43994.41000", "2018-12-31": "42957.68000", "2018-09-30": "41632.71000", "2018-06-30": "41067.86000", "2018-03-31": "40434.46000", "2017-12-31": "39086.03000", "2017-09-30": "37394.97000", "2017-06-30": "36921.36000", "2017-03-31": "36500.47000", "2016-12-31": "35435.35000", "2016-09-30": "34230.72000", "2016-06-30": "33052.35000", "2016-03-31": "31528.78000", "2015-12-31": "30558.71000", "2015-09-30": "29098.85000", "2015-06-30": "27270.15000", "2015-03-31": "25969.25000", "2014-12-31": "24822.40000", "2014-09-30": "23549.02000", "2014-06-30": "22236.77000", "2014-03-31": "21192.27000", "2013-12-31": "20576.72000", "2013-09-30": "19245.89000", "2013-06-30": "18016.21000", "2013-03-31": "16551.66000", "2012-12-31": "15805.73000", "2012-09-30": "14874.97000", "2012-06-30": "14357.70000", "2012-03-31": "13816.67000", "2011-12-31": "13258.00000", "2011-09-30": "12492.29000", "2011-06-30": "12028.21000", "2011-03-31": "11387.38000", "2010-12-31": "10728.54000", "2010-09-30": "10015.16000", "2010-06-30": "9496.31400", "2010-03-31": "8903.95500", "2009-12-31": "8342.45300", "2009-09-30": "7827.49500", "2009-06-30": "7145.01000", "2009-03-31": "6843.87900", "2008-12-31": "6494.06400", "2008-09-30": "6131.60600", "2008-06-30": "5942.83700", "2008-03-31": "5385.74000", "2007-12-31": "5419.41600", "2007-09-30": "5194.22600", "2007-06-30": "5303.45400", "2007-03-31": "4778.20100", "2006-12-31": "5006.82700", "2006-09-30": "4337.60100", "2006-06-30": "4347.55700", "2006-03-31": "4141.79700", "2005-12-31": "4033.95600", "2005-09-30": "3617.44800", "2005-06-30": "3417.09100", "2005-03-31": "3210.96400"}, "Common Stock Net": {"2020-12-31": "0.55500", "2020-09-30": "0.55500", "2020-06-30": "0.55500", "2020-03-31": "0.55500", "2019-12-31": "0.55400", "2019-09-30": "0.55400", "2019-06-30": "0.55400", "2019-03-31": "0.55400", "2018-12-31": "0.55400", "2018-09-30": "0.55400", "2018-06-30": "0.55400", "2018-03-31": "0.55300", "2017-12-31": "0.55000", "2017-09-30": "0.55000", "2017-06-30": "0.55000", "2017-03-31": "0.55000", "2016-12-31": "0.54600", "2016-09-30": "0.54600", "2016-06-30": "0.53700", "2016-03-31": "0.53600", "2015-12-31": "0.50900", "2015-09-30": "0.50900", "2015-06-30": "0.50900", "2015-03-31": "0.50700", "2014-12-31": "0.50300", "2014-09-30": "0.50300", "2014-06-30": "0.50000", "2014-03-31": "0.47600", "2013-12-31": "0.47300", "2013-09-30": "0.47300", "2013-06-30": "0.47300", "2013-03-31": "0.47300", "2012-12-31": "0.47200", "2012-09-30": "0.46900", "2012-06-30": "0.46700", "2012-03-31": "0.46400", "2011-12-31": "0.46200", "2011-09-30": "0.46200", "2011-06-30": "0.41400", "2011-03-31": "0.41400", "2010-12-31": "0.41300", "2010-09-30": "0.41000", "2010-06-30": "0.41000", "2010-03-31": "0.40800", "2009-12-31": "0.40600", "2009-09-30": "0.40600", "2009-06-30": "0.40600", "2009-03-31": "0.35400", "2008-12-31": "0.35200", "2008-09-30": "0.35200", "2008-06-30": "0.29800", "2008-03-31": "0.29800", "2007-12-31": "0.29700", "2007-09-30": "0.29700", "2007-06-30": "0.29700", "2007-03-31": "0.29700", "2006-12-31": "0.29600", "2006-09-30": "0.29500", "2006-06-30": "0.29500", "2006-03-31": "0.29500", "2005-12-31": "0.29400", "2005-09-30": "0.29400", "2005-06-30": "0.29400", "2005-03-31": "0.29400"}, "Retained Earnings (Accumulated Deficit)": {"2020-12-31": "3548.26000", "2020-09-30": "3405.27300", "2020-06-30": "3296.75000", "2020-03-31": "3209.56400", "2019-12-31": "3172.27300", "2019-09-30": "3079.00200", "2019-06-30": "2960.96300", "2019-03-31": "2843.98200", "2018-12-31": "2730.89900", "2018-09-30": "2601.07300", "2018-06-30": "2476.62300", "2018-03-31": "2322.03700", "2017-12-31": "2290.53700", "2017-09-30": "2175.67600", "2017-06-30": "2051.20500", "2017-03-31": "2037.24800", "2016-12-31": "1903.33200", "2016-09-30": "1789.39800", "2016-06-30": "1713.28800", "2016-03-31": "1611.04600", "2015-12-31": "1507.01100", "2015-09-30": "1404.02700", "2015-06-30": "1307.80200", "2015-03-31": "1217.34000", "2014-12-31": "1133.95000", "2014-09-30": "1052.54400", "2014-06-30": "975.73900", "2014-03-31": "903.25700", "2013-12-31": "837.25000", "2013-09-30": "772.91400", "2013-06-30": "712.74600", "2013-03-31": "659.14400", "2012-12-31": "608.51100", "2012-09-30": "558.38100", "2012-06-30": "510.68300", "2012-03-31": "465.40100", "2011-12-31": "423.03200", "2011-09-30": "383.06100", "2011-06-30": "344.71100", "2011-03-31": "308.09500", "2010-12-31": "273.51100", "2010-09-30": "243.18800", "2010-06-30": "215.82700", "2010-03-31": "193.55800", "2009-12-31": "171.46400", "2009-09-30": "152.01500", "2009-06-30": "136.84900", "2009-03-31": "118.81600", "2008-12-31": "116.70700", "2008-09-30": "103.33900", "2008-06-30": "94.14400", "2008-03-31": "83.29200", "2007-12-31": "73.44200", "2007-09-30": "76.47100", "2007-06-30": "65.72700", "2007-03-31": "55.48200", "2006-12-31": "46.16300", "2006-09-30": "37.27800", "2006-06-30": "28.99900", "2006-03-31": "20.76100", "2005-12-31": "12.80300", "2005-09-30": "5.39500", "2005-06-30": "-1.01400", "2005-03-31": "2.66100"}, "Comprehensive Income": {"2020-12-31": "-72.89600", "2020-09-30": "-52.12400", "2020-06-30": "-50.65400", "2020-03-31": "-48.91700", "2019-12-31": "-65.63000", "2019-09-30": "-52.55100", "2019-06-30": "-75.49000", "2019-03-31": "-104.11000", "2018-12-31": "-144.52900", "2018-09-30": "-212.14100", "2018-06-30": "-165.12800", "2018-03-31": "-143.43400", "2017-12-31": "-68.86700", "2017-09-30": "-42.87800", "2017-06-30": "-40.67100", "2017-03-31": "-46.74100", "2016-12-31": "-54.71400", "2016-09-30": "19.47500", "2016-06-30": "39.42100", "2016-03-31": "30.62400", "2015-12-31": "-9.50300", "2015-09-30": "32.42200", "2015-06-30": "15.05300", "2015-03-31": "38.53800", "2014-12-31": "13.12400", "2014-09-30": "7.64700", "2014-06-30": "18.53600", "2014-03-31": "-18.26400", "2013-12-31": "-51.68400", "2013-09-30": "-21.01400", "2013-06-30": "-10.17600", "2013-03-31": "57.19800", "2012-12-31": "43.82700", "2012-09-30": "40.86300", "2012-06-30": "31.97400", "2012-03-31": "37.95300", "2011-12-31": "29.78900", "2011-09-30": "30.04200", "2011-06-30": "19.10500", "2011-03-31": "-5.27800", "2010-12-31": "-18.41200", "2010-09-30": "-4.29800", "2010-06-30": "-7.55500", "2010-03-31": "-30.79800", "2009-12-31": "-36.65200", "2009-09-30": "-45.38500", "2009-06-30": "-65.86200", "2009-03-31": "-73.33100", "2008-12-31": "-62.69600", "2008-09-30": "-57.18600", "2008-06-30": "-40.27600", "2008-03-31": "-21.44900", "2007-12-31": "-18.12200", "2007-09-30": "-26.69100", "2007-06-30": "-27.20800", "2007-03-31": "-16.08700", "2006-12-31": "-20.57600", "2006-09-30": "-24.71600", "2006-06-30": "-36.59100", "2006-03-31": "-30.35500", "2005-12-31": "-23.05200", "2005-09-30": "-18.50500", "2005-06-30": "-10.35500", "2005-03-31": "-14.17700"}, "Other Share Holders Equity": {"2020-12-31": "", "2020-09-30": "", "2020-06-30": "", "2020-03-31": "", "2019-12-31": "", "2019-09-30": "", "2019-06-30": "", "2019-03-31": "", "2018-12-31": "", "2018-09-30": "", "2018-06-30": "", "2018-03-31": "", "2017-12-31": "", "2017-09-30": "", "2017-06-30": "", "2017-03-31": "", "2016-12-31": "", "2016-09-30": "", "2016-06-30": "", "2016-03-31": "", "2015-12-31": "", "2015-09-30": "", "2015-06-30": "", "2015-03-31": "", "2014-12-31": "", "2014-09-30": "", "2014-06-30": "", "2014-03-31": "", "2013-12-31": "", "2013-09-30": "", "2013-06-30": "", "2013-03-31": "", "2012-12-31": "", "2012-09-30": "", "2012-06-30": "", "2012-03-31": "", "2011-12-31": "", "2011-09-30": "", "2011-06-30": "", "2011-03-31": "", "2010-12-31": "", "2010-09-30": "", "2010-06-30": "", "2010-03-31": "", "2009-12-31": "", "2009-09-30": "", "2009-06-30": "", "2009-03-31": "", "2008-12-31": "", "2008-09-30": "", "2008-06-30": "", "2008-03-31": "", "2007-12-31": "", "2007-09-30": "", "2007-06-30": "", "2007-03-31": "", "2006-12-31": "", "2006-09-30": "", "2006-06-30": "", "2006-03-31": "", "2005-12-31": "", "2005-09-30": "", "2005-06-30": "", "2005-03-31": ""}, "Share Holder Equity": {"2020-12-31": "5826.90900", "2020-09-30": "4983.19900", "2020-06-30": "4862.58200", "2020-03-31": "4763.96100", "2019-12-31": "4745.19800", "2019-09-30": "4741.85600", "2019-06-30": "4661.72400", "2019-03-31": "4552.04300", "2018-12-31": "4407.14000", "2018-09-30": "4237.99700", "2018-06-30": "4147.62300", "2018-03-31": "4001.17200", "2017-12-31": "4031.69100", "2017-09-30": "3931.95300", "2017-06-30": "3797.24600", "2017-03-31": "3764.86300", "2016-12-31": "3612.26400", "2016-09-30": "3561.59700", "2016-06-30": "3494.48600", "2016-03-31": "3368.99700", "2015-12-31": "2891.83400", "2015-09-30": "2821.67700", "2015-06-30": "2699.32000", "2015-03-31": "2619.94200", "2014-12-31": "2496.23800", "2014-09-30": "2401.46700", "2014-06-30": "2290.22300", "2014-03-31": "1912.15000", "2013-12-31": "1799.93900", "2013-09-30": "1760.59600", "2013-06-30": "1706.26700", "2013-03-31": "1714.98100", "2012-12-31": "1650.32700", "2012-09-30": "1584.28200", "2012-06-30": "1516.13700", "2012-03-31": "1463.69200", "2011-12-31": "1408.11600", "2011-09-30": "1365.36200", "2011-06-30": "1056.63900", "2011-03-31": "992.88000", "2010-12-31": "944.54700", "2010-09-30": "919.81800", "2010-06-30": "886.89000", "2010-03-31": "833.95200", "2009-12-31": "803.65900", "2009-09-30": "773.75600", "2009-06-30": "736.20200", "2009-03-31": "581.51800", "2008-12-31": "698.13500", "2008-09-30": "567.84900", "2008-06-30": "426.25000", "2008-03-31": "432.97100", "2007-12-31": "425.75600", "2007-09-30": "419.49100", "2007-06-30": "407.64500", "2007-03-31": "407.61700", "2006-12-31": "392.59800", "2006-09-30": "376.90400", "2006-06-30": "355.72600", "2006-03-31": "352.82400", "2005-12-31": "350.98200", "2005-09-30": "347.57500", "2005-06-30": "349.05900", "2005-03-31": "336.70500"}, "Total Liabilities And Share Holders Equity": {"2020-12-31": "73888.34000", "2020-09-30": "63760.31000", "2020-06-30": "60349.81000", "2020-03-31": "53074.71000", "2019-12-31": "50591.81000", "2019-09-30": "49411.76000", "2019-06-30": "48876.88000", "2019-03-31": "48546.45000", "2018-12-31": "47364.82000", "2018-09-30": "45870.71000", "2018-06-30": "45215.48000", "2018-03-31": "44435.63000", "2017-12-31": "43117.72000", "2017-09-30": "41326.93000", "2017-06-30": "40718.61000", "2017-03-31": "40265.34000", "2016-12-31": "39047.61000", "2016-09-30": "37792.32000", "2016-06-30": "36546.84000", "2016-03-31": "34897.77000", "2015-12-31": "33450.55000", "2015-09-30": "31920.52000", "2015-06-30": "29969.47000", "2015-03-31": "28589.19000", "2014-12-31": "27318.64000", "2014-09-30": "25950.48000", "2014-06-30": "24526.99000", "2014-03-31": "23104.42000", "2013-12-31": "22376.66000", "2013-09-30": "21006.48000", "2013-06-30": "19722.47000", "2013-03-31": "18266.64000", "2012-12-31": "17456.06000", "2012-09-30": "16459.25000", "2012-06-30": "15873.84000", "2012-03-31": "15280.37000", "2011-12-31": "14666.12000", "2011-09-30": "13857.65000", "2011-06-30": "13084.84000", "2011-03-31": "12380.26000", "2010-12-31": "11673.09000", "2010-09-30": "10934.97000", "2010-06-30": "10383.20000", "2010-03-31": "9737.90700", "2009-12-31": "9146.11200", "2009-09-30": "8601.25100", "2009-06-30": "7881.21200", "2009-03-31": "7425.39700", "2008-12-31": "7192.19900", "2008-09-30": "6699.45500", "2008-06-30": "6369.08700", "2008-03-31": "5818.71100", "2007-12-31": "5845.17200", "2007-09-30": "5613.71700", "2007-06-30": "5711.09900", "2007-03-31": "5185.81800", "2006-12-31": "5399.42500", "2006-09-30": "4714.50500", "2006-06-30": "4703.28300", "2006-03-31": "4494.62100", "2005-12-31": "4384.93800", "2005-09-30": "3965.02300", "2005-06-30": "3766.15000", "2005-03-31": "3547.66900"}}, "cash flow statement": {"Net Income/Loss": {"2020-12-31": "0.00000", "2019-12-31": "588.92600", "2018-12-31": "505.34200", "2017-12-31": "387.20900", "2016-12-31": "396.32400", "2015-12-31": "373.06500", "2014-12-31": "296.70400", "2013-12-31": "228.74400", "2012-12-31": "185.48300", "2011-12-31": "149.52600", "2010-12-31": "102.05100", "2009-12-31": "62.72600", "2008-12-31": "43.35900", "2007-12-31": "27.27900", "2006-12-31": "33.36000", "2005-12-31": "15.86900"}, "Total Depreciation And Amortization - Cash Flow": {"2020-12-31": "", "2019-12-31": "131.00900", "2018-12-31": "131.95900", "2017-12-31": "127.63500", "2016-12-31": "116.34300", "2015-12-31": "112.56300", "2014-12-31": "103.25900", "2013-12-31": "125.63700", "2012-12-31": "125.10600", "2011-12-31": "96.82300", "2010-12-31": "79.63900", "2009-12-31": "41.71300", "2008-12-31": "33.86000", "2007-12-31": "24.25800", "2006-12-31": "21.84500", "2005-12-31": "17.82300"}, "Other Non-Cash Items": {"2020-12-31": "", "2019-12-31": "66.75300", "2018-12-31": "208.75800", "2017-12-31": "369.35100", "2016-12-31": "192.10800", "2015-12-31": "73.56100", "2014-12-31": "86.47500", "2013-12-31": "58.35900", "2012-12-31": "36.89200", "2011-12-31": "32.88800", "2010-12-31": "25.37000", "2009-12-31": "28.70100", "2008-12-31": "22.24300", "2007-12-31": "21.03600", "2006-12-31": "0.47000", "2005-12-31": "-0.47200"}, "Total Non-Cash Items": {"2020-12-31": "", "2019-12-31": "197.76200", "2018-12-31": "340.71700", "2017-12-31": "496.98600", "2016-12-31": "308.45100", "2015-12-31": "186.12400", "2014-12-31": "189.73400", "2013-12-31": "183.99600", "2012-12-31": "161.99800", "2011-12-31": "129.71100", "2010-12-31": "105.00900", "2009-12-31": "70.41400", "2008-12-31": "56.10300", "2007-12-31": "45.29400", "2006-12-31": "22.31500", "2005-12-31": "17.35100"}, "Change In Accounts Receivable": {"2020-12-31": "", "2019-12-31": "111.29200", "2018-12-31": "-227.07700", "2017-12-31": "-216.39200", "2016-12-31": "-243.77200", "2015-12-31": "-6.76190", "2014-12-31": "-73.68700", "2013-12-31": "-219.14600", "2012-12-31": "25.44300", "2011-12-31": "-83.75700", "2010-12-31": "-54.00200", "2009-12-31": "-173.66200", "2008-12-31": "-71.87200", "2007-12-31": "-89.07200", "2006-12-31": "-28.40700", "2005-12-31": "-33.05300"}, "Change In Inventories": {"2020-12-31": "", "2019-12-31": "", "2018-12-31": "", "2017-12-31": "", "2016-12-31": "", "2015-12-31": "", "2014-12-31": "", "2013-12-31": "", "2012-12-31": "", "2011-12-31": "", "2010-12-31": "", "2009-12-31": "", "2008-12-31": "", "2007-12-31": "", "2006-12-31": "", "2005-12-31": ""}, "Change In Accounts Payable": {"2020-12-31": "", "2019-12-31": "", "2018-12-31": "", "2017-12-31": "", "2016-12-31": "", "2015-12-31": "", "2014-12-31": "", "2013-12-31": "", "2012-12-31": "", "2011-12-31": "", "2010-12-31": "", "2009-12-31": "", "2008-12-31": "", "2007-12-31": "", "2006-12-31": "", "2005-12-31": ""}, "Change In Assets/Liabilities": {"2020-12-31": "", "2019-12-31": "-321.68500", "2018-12-31": "-115.08800", "2017-12-31": "-179.84200", "2016-12-31": "-48.93900", "2015-12-31": "-84.76600", "2014-12-31": "5.47300", "2013-12-31": "-2.32400", "2012-12-31": "-51.99000", "2011-12-31": "-39.24300", "2010-12-31": "-59.35700", "2009-12-31": "-12.61200", "2008-12-31": "64.98600", "2007-12-31": "-62.91800", "2006-12-31": "8.77700", "2005-12-31": "-90.85500"}, "Total Change In Assets/Liabilities": {"2020-12-31": "", "2019-12-31": "-8.26400", "2018-12-31": "-194.49600", "2017-12-31": "-338.18300", "2016-12-31": "-139.77100", "2015-12-31": "-20.25590", "2014-12-31": "-65.56400", "2013-12-31": "-210.23400", "2012-12-31": "33.46500", "2011-12-31": "-110.04900", "2010-12-31": "-159.25100", "2009-12-31": "-131.54500", "2008-12-31": "-41.20100", "2007-12-31": "-123.86400", "2006-12-31": "-5.73800", "2005-12-31": "-114.58500"}, "Cash Flow From Operating Activities": {"2020-12-31": "", "2019-12-31": "778.42400", "2018-12-31": "651.56300", "2017-12-31": "546.01200", "2016-12-31": "565.00400", "2015-12-31": "538.93300", "2014-12-31": "420.87400", "2013-12-31": "202.50600", "2012-12-31": "380.94600", "2011-12-31": "169.18800", "2010-12-31": "47.80900", "2009-12-31": "1.59500", "2008-12-31": "58.26100", "2007-12-31": "-51.29100", "2006-12-31": "49.93700", "2005-12-31": "-81.36500"}, "Net Change In Property, Plant, And Equipment": {"2020-12-31": "", "2019-12-31": "-32.93700", "2018-12-31": "-11.48700", "2017-12-31": "-23.06600", "2016-12-31": "-16.62300", "2015-12-31": "-12.20900", "2014-12-31": "-13.56900", "2013-12-31": "-12.35900", "2012-12-31": "-8.54900", "2011-12-31": "-7.30000", "2010-12-31": "-3.36600", "2009-12-31": "-3.97600", "2008-12-31": "-10.69200", "2007-12-31": "-8.82000", "2006-12-31": "-7.37000", "2005-12-31": "-5.62700"}, "Net Change In Intangible Assets": {"2020-12-31": "", "2019-12-31": "", "2018-12-31": "", "2017-12-31": "", "2016-12-31": "", "2015-12-31": "", "2014-12-31": "", "2013-12-31": "", "2012-12-31": "", "2011-12-31": "", "2010-12-31": "", "2009-12-31": "", "2008-12-31": "", "2007-12-31": "", "2006-12-31": "", "2005-12-31": ""}, "Net Acquisitions/Divestitures": {"2020-12-31": "", "2019-12-31": "", "2018-12-31": "", "2017-12-31": "", "2016-12-31": "", "2015-12-31": "", "2014-12-31": "", "2013-12-31": "", "2012-12-31": "", "2011-12-31": "", "2010-12-31": "", "2009-12-31": "", "2008-12-31": "", "2007-12-31": "", "2006-12-31": "", "2005-12-31": ""}, "Net Change In Short-term Investments": {"2020-12-31": "", "2019-12-31": "", "2018-12-31": "", "2017-12-31": "", "2016-12-31": "", "2015-12-31": "", "2014-12-31": "", "2013-12-31": "", "2012-12-31": "", "2011-12-31": "", "2010-12-31": "", "2009-12-31": "", "2008-12-31": "", "2007-12-31": "", "2006-12-31": "", "2005-12-31": ""}, "Net Change In Long-Term Investments": {"2020-12-31": "", "2019-12-31": "84.04980", "2018-12-31": "-334.86990", "2017-12-31": "-463.86990", "2016-12-31": "-16.74710", "2015-12-31": "-211.94200", "2014-12-31": "-463.72500", "2013-12-31": "-1139.37400", "2012-12-31": "109.81190", "2011-12-31": "-1302.71800", "2010-12-31": "-1647.07700", "2009-12-31": "-875.81010", "2008-12-31": "-95.56900", "2007-12-31": "-101.79200", "2006-12-31": "-48.85200", "2005-12-31": "-486.22710"}, "Net Change In Investments - Total": {"2020-12-31": "", "2019-12-31": "84.04980", "2018-12-31": "-334.86990", "2017-12-31": "-463.86990", "2016-12-31": "-16.74710", "2015-12-31": "-211.94200", "2014-12-31": "-463.72500", "2013-12-31": "-1139.37400", "2012-12-31": "109.81190", "2011-12-31": "-1302.71800", "2010-12-31": "-1647.07700", "2009-12-31": "-875.81010", "2008-12-31": "-95.56900", "2007-12-31": "-101.79200", "2006-12-31": "-48.85200", "2005-12-31": "-486.22710"}, "Investing Activities - Other": {"2020-12-31": "", "2019-12-31": "-2685.46900", "2018-12-31": "-3942.77700", "2017-12-31": "-3854.39600", "2016-12-31": "-5385.03100", "2015-12-31": "-5947.83400", "2014-12-31": "-4338.60400", "2013-12-31": "-3761.33300", "2012-12-31": "-2941.19300", "2011-12-31": "-1639.17200", "2010-12-31": "-902.66200", "2009-12-31": "-930.13800", "2008-12-31": "-1453.10100", "2007-12-31": "-455.86900", "2006-12-31": "-572.83100", "2005-12-31": "-435.06000"}, "Cash Flow From Investing Activities": {"2020-12-31": "", "2019-12-31": "-2634.35600", "2018-12-31": "-4289.13400", "2017-12-31": "-4341.33200", "2016-12-31": "-5418.40100", "2015-12-31": "-6171.98500", "2014-12-31": "-4815.89800", "2013-12-31": "-4913.06600", "2012-12-31": "-2839.93000", "2011-12-31": "-2949.19000", "2010-12-31": "-2553.10500", "2009-12-31": "-1809.92400", "2008-12-31": "-1559.36200", "2007-12-31": "-566.48100", "2006-12-31": "-629.05300", "2005-12-31": "-926.91400"}, "Net Long-Term Debt": {"2020-12-31": "", "2019-12-31": "-1297.85600", "2018-12-31": "805.00000", "2017-12-31": "2041.10000", "2016-12-31": "-337.23100", "2015-12-31": "1487.00000", "2014-12-31": "-1320.15000", "2013-12-31": "1785.31300", "2012-12-31": "159.20000", "2011-12-31": "203.60000", "2010-12-31": "-122.00000", "2009-12-31": "-50.00000", "2008-12-31": "180.00000", "2007-12-31": "30.00000", "2006-12-31": "312.00000", "2005-12-31": "100.00000"}, "Net Current Debt": {"2020-12-31": "", "2019-12-31": "", "2018-12-31": "", "2017-12-31": "", "2016-12-31": "", "2015-12-31": "", "2014-12-31": "", "2013-12-31": "", "2012-12-31": "", "2011-12-31": "", "2010-12-31": "335.30000", "2009-12-31": "9.00000", "2008-12-31": "52.96800", "2007-12-31": "53.24500", "2006-12-31": "-78.31300", "2005-12-31": ""}, "Debt Issuance/Retirement Net - Total": {"2020-12-31": "", "2019-12-31": "-1297.85600", "2018-12-31": "805.00000", "2017-12-31": "2041.10000", "2016-12-31": "-337.23100", "2015-12-31": "1487.00000", "2014-12-31": "-1320.15000", "2013-12-31": "1785.31300", "2012-12-31": "159.20000", "2011-12-31": "203.60000", "2010-12-31": "213.30000", "2009-12-31": "-41.00000", "2008-12-31": "232.96800", "2007-12-31": "83.24500", "2006-12-31": "233.68700", "2005-12-31": "100.00000"}, "Net Common Equity Issued/Repurchased": {"2020-12-31": "", "2019-12-31": "-237.33300", "2018-12-31": "-41.80800", "2017-12-31": "", "2016-12-31": "318.78600", "2015-12-31": "0.34300", "2014-12-31": "296.03400", "2013-12-31": "0.99400", "2012-12-31": "9.24600", "2011-12-31": "255.23300", "2010-12-31": "5.61700", "2009-12-31": "128.27400", "2008-12-31": "149.16100", "2007-12-31": "1.51700", "2006-12-31": "4.74900", "2005-12-31": "0.44200"}, "Net Total Equity Issued/Repurchased": {"2020-12-31": "", "2019-12-31": "-237.33300", "2018-12-31": "-41.80800", "2017-12-31": "", "2016-12-31": "318.78600", "2015-12-31": "0.34300", "2014-12-31": "296.03400", "2013-12-31": "0.99400", "2012-12-31": "9.24600", "2011-12-31": "255.23300", "2010-12-31": "5.61700", "2009-12-31": "8.17900", "2008-12-31": "268.90100", "2007-12-31": "1.51700", "2006-12-31": "4.74900", "2005-12-31": "0.44200"}, "Total Common And Preferred Stock Dividends Paid": {"2020-12-31": "", "2019-12-31": "-122.77700", "2018-12-31": "-62.00500", "2017-12-31": "", "2016-12-31": "", "2015-12-31": "", "2014-12-31": "", "2013-12-31": "", "2012-12-31": "", "2011-12-31": "", "2010-12-31": "", "2009-12-31": "-1.81700", "2008-12-31": "", "2007-12-31": "", "2006-12-31": "", "2005-12-31": ""}, "Financial Activities - Other": {"2020-12-31": "", "2019-12-31": "3986.47500", "2018-12-31": "2918.17300", "2017-12-31": "1550.73500", "2016-12-31": "5069.24700", "2015-12-31": "4188.17700", "2014-12-31": "5574.24100", "2013-12-31": "2974.26500", "2012-12-31": "2344.34900", "2011-12-31": "2315.02400", "2010-12-31": "2224.32900", "2009-12-31": "1835.05900", "2008-12-31": "876.46000", "2007-12-31": "301.21800", "2006-12-31": "725.29200", "2005-12-31": "918.98600"}, "Cash Flow From Financial Activities": {"2020-12-31": "", "2019-12-31": "2328.50900", "2018-12-31": "3619.36000", "2017-12-31": "3591.83500", "2016-12-31": "5050.80200", "2015-12-31": "5675.52000", "2014-12-31": "4550.12500", "2013-12-31": "4760.57200", "2012-12-31": "2512.79500", "2011-12-31": "2773.85700", "2010-12-31": "2443.24600", "2009-12-31": "1800.42100", "2008-12-31": "1378.32900", "2007-12-31": "385.98000", "2006-12-31": "963.72800", "2005-12-31": "1019.42800"}, "Net Cash Flow": {"2020-12-31": "", "2019-12-31": "472.57700", "2018-12-31": "-18.21100", "2017-12-31": "-203.48500", "2016-12-31": "197.40500", "2015-12-31": "42.46800", "2014-12-31": "155.10100", "2013-12-31": "50.01200", "2012-12-31": "53.81100", "2011-12-31": "-6.14500", "2010-12-31": "-62.05000", "2009-12-31": "-7.90800", "2008-12-31": "-122.77200", "2007-12-31": "-231.79200", "2006-12-31": "384.61200", "2005-12-31": "11.14900"}, "Stock-Based Compensation": {"2020-12-31": "", "2019-12-31": "55.35800", "2018-12-31": "52.56600", "2017-12-31": "46.37500", "2016-12-31": "41.65600", "2015-12-31": "34.67400", "2014-12-31": "27.69000", "2013-12-31": "15.56500", "2012-12-31": "17.60900", "2011-12-31": "8.49600", "2010-12-31": "9.33200", "2009-12-31": "5.45500", "2008-12-31": "4.22900", "2007-12-31": "1.90800", "2006-12-31": "1.03100", "2005-12-31": "0.74300"}, "Common Stock Dividends Paid": {"2020-12-31": "", "2019-12-31": "-122.77700", "2018-12-31": "-62.00500", "2017-12-31": "", "2016-12-31": "", "2015-12-31": "", "2014-12-31": "", "2013-12-31": "", "2012-12-31": "", "2011-12-31": "", "2010-12-31": "", "2009-12-31": "", "2008-12-31": "", "2007-12-31": "", "2006-12-31": "", "2005-12-31": ""}}, "cash flow statement, quarterly": {"Net Income/Loss": {"2020-12-31": -355.35, "2020-09-30": 138.549, "2020-06-30": 117.214, "2020-03-31": "99.58700", "2019-12-31": 150.052, "2019-09-30": 148.118, "2019-06-30": 147.301, "2019-03-31": "143.45500", "2018-12-31": 160.84, "2018-09-30": 155.444, "2018-06-30": 154.586, "2018-03-31": "34.47200", "2017-12-31": 114.865, "2017-09-30": 124.471, "2017-06-30": 13.957, "2017-03-31": "133.91600", "2016-12-31": 113.937, "2016-09-30": 76.11, "2016-06-30": 102.242, "2016-03-31": "104.03500", "2015-12-31": 102.988, "2015-09-30": 96.225, "2015-06-30": 90.462, "2015-03-31": "83.39000", "2014-12-31": 81.41, "2014-09-30": 76.805, "2014-06-30": 72.482, "2014-03-31": "66.00700", "2013-12-31": 64.341, "2013-09-30": 60.168, "2013-06-30": 53.602, "2013-03-31": "50.63300", "2012-12-31": 50.134, "2012-09-30": 47.698, "2012-06-30": 45.282, "2012-03-31": "42.36900", "2011-12-31": 39.976, "2011-09-30": 38.35, "2011-06-30": 36.616, "2011-03-31": "34.58400", "2010-12-31": 30.327, "2010-09-30": 27.361, "2010-06-30": 22.269, "2010-03-31": "22.09400", "2009-12-31": 20.971, "2009-09-30": 15.166, "2009-06-30": 11.977, "2009-03-31": "14.61200", "2008-12-31": 13.462, "2008-09-30": 9.195, "2008-06-30": 10.852, "2008-03-31": "9.85000", "2007-12-31": -3.029, "2007-09-30": 10.744, "2007-06-30": 10.245, "2007-03-31": "9.31900", "2006-12-31": 8.885, "2006-09-30": 8.279, "2006-06-30": 8.238, "2006-03-31": "7.95800", "2005-12-31": 7.408, "2005-09-30": 6.409, "2005-06-30": -3.675, "2005-03-31": "5.72700"}, "Total Depreciation And Amortization - Cash Flow": {"2020-12-31": -126.352, "2020-09-30": 48.616, "2020-06-30": 40.674, "2020-03-31": "37.06200", "2019-12-31": 35.703, "2019-09-30": 33.275, "2019-06-30": 30.402, "2019-03-31": "31.62900", "2018-12-31": 32.427, "2018-09-30": 32.526, "2018-06-30": 33.354, "2018-03-31": "33.65200", "2017-12-31": 32.705, "2017-09-30": 33.132, "2017-06-30": 32.32, "2017-03-31": "29.47800", "2016-12-31": 29.817, "2016-09-30": 29.292, "2016-06-30": 29.584, "2016-03-31": "27.65000", "2015-12-31": 28.717, "2015-09-30": 29.188, "2015-06-30": 28.158, "2015-03-31": "26.50000", "2014-12-31": 26.584, "2014-09-30": 25.683, "2014-06-30": 25.472, "2014-03-31": "25.52000", "2013-12-31": 27.815, "2013-09-30": 31.888, "2013-06-30": 33.389, "2013-03-31": "32.54500", "2012-12-31": 32.447, "2012-09-30": 31.109, "2012-06-30": 31.264, "2012-03-31": "30.28600", "2011-12-31": 28.322, "2011-09-30": 23.428, "2011-06-30": 21.133, "2011-03-31": "23.94000", "2010-12-31": 24.344, "2010-09-30": 23.004, "2010-06-30": 17.696, "2010-03-31": "14.59500", "2009-12-31": 12.179, "2009-09-30": 11.015, "2009-06-30": 9.954, "2009-03-31": "8.56500", "2008-12-31": 7.19, "2008-09-30": 9.41, "2008-06-30": 8.985, "2008-03-31": "8.27500", "2007-12-31": 6.18, "2007-09-30": 6.68, "2007-06-30": 8.415, "2007-03-31": "2.98300", "2006-12-31": 11.717, "2006-09-30": 3.26, "2006-06-30": 3.317, "2006-03-31": "3.55100", "2005-12-31": 4.151, "2005-09-30": 4.457, "2005-06-30": 4.382, "2005-03-31": "4.83300"}, "Other Non-Cash Items": {"2020-12-31": -184.62, "2020-09-30": 34.408, "2020-06-30": 65.59, "2020-03-31": "84.62200", "2019-12-31": 16.606, "2019-09-30": 17.896, "2019-06-30": 10.469, "2019-03-31": "21.78200", "2018-12-31": 32.879, "2018-09-30": 25.372, "2018-06-30": 1.517, "2018-03-31": "148.99000", "2017-12-31": 85.7, "2017-09-30": 35.594, "2017-06-30": 213.89, "2017-03-31": "34.16700", "2016-12-31": 35.849, "2016-09-30": 86.678, "2016-06-30": 35.71, "2016-03-31": "33.87100", "2015-12-31": 31.329, "2015-09-30": 10.171, "2015-06-30": 11.132, "2015-03-31": "20.92900", "2014-12-31": 34.219, "2014-09-30": 14.76, "2014-06-30": 6.603, "2014-03-31": "30.89300", "2013-12-31": 25.588, "2013-09-30": 31.939, "2013-06-30": 4.803, "2013-03-31": "-3.97100", "2012-12-31": 17.028, "2012-09-30": 6.718, "2012-06-30": 1.692, "2012-03-31": "11.45400", "2011-12-31": 17.289, "2011-09-30": 8.134, "2011-06-30": 7.426, "2011-03-31": "0.03900", "2010-12-31": 13.731, "2010-09-30": 4.072, "2010-06-30": 5.113, "2010-03-31": "2.45400", "2009-12-31": 7.554, "2009-09-30": 7.868, "2009-06-30": 5.815, "2009-03-31": "7.46400", "2008-12-31": 9.139, "2008-09-30": 6.352, "2008-06-30": 3.399, "2008-03-31": "3.35300", "2007-12-31": 16.539, "2007-09-30": 0.735, "2007-06-30": 3.759, "2007-03-31": "0.00300", "2006-12-31": 2.368, "2006-09-30": -1.251, "2006-06-30": -0.895, "2006-03-31": "0.24800", "2005-12-31": -0.473, "2005-09-30": -0.392, "2005-06-30": 0.214, "2005-03-31": "0.17900"}, "Total Non-Cash Items": {"2020-12-31": -310.972, "2020-09-30": 83.024, "2020-06-30": 106.264, "2020-03-31": "121.68400", "2019-12-31": 52.309, "2019-09-30": 51.171, "2019-06-30": 40.871, "2019-03-31": "53.41100", "2018-12-31": 65.306, "2018-09-30": 57.898, "2018-06-30": 34.871, "2018-03-31": "182.64200", "2017-12-31": 118.405, "2017-09-30": 68.726, "2017-06-30": 246.21, "2017-03-31": "63.64500", "2016-12-31": 65.666, "2016-09-30": 115.97, "2016-06-30": 65.294, "2016-03-31": "61.52100", "2015-12-31": 60.046, "2015-09-30": 39.359, "2015-06-30": 39.29, "2015-03-31": "47.42900", "2014-12-31": 60.803, "2014-09-30": 40.443, "2014-06-30": 32.075, "2014-03-31": "56.41300", "2013-12-31": 53.403, "2013-09-30": 63.827, "2013-06-30": 38.192, "2013-03-31": "28.57400", "2012-12-31": 49.475, "2012-09-30": 37.827, "2012-06-30": 32.956, "2012-03-31": "41.74000", "2011-12-31": 45.611, "2011-09-30": 31.562, "2011-06-30": 28.559, "2011-03-31": "23.97900", "2010-12-31": 38.075, "2010-09-30": 27.076, "2010-06-30": 22.809, "2010-03-31": "17.04900", "2009-12-31": 19.733, "2009-09-30": 18.883, "2009-06-30": 15.769, "2009-03-31": "16.02900", "2008-12-31": 16.329, "2008-09-30": 15.762, "2008-06-30": 12.384, "2008-03-31": "11.62800", "2007-12-31": 22.719, "2007-09-30": 7.415, "2007-06-30": 12.174, "2007-03-31": "2.98600", "2006-12-31": 14.085, "2006-09-30": 2.009, "2006-06-30": 2.422, "2006-03-31": "3.79900", "2005-12-31": 3.678, "2005-09-30": 4.065, "2005-06-30": 4.596, "2005-03-31": "5.01200"}, "Change In Accounts Receivable": {"2020-12-31": -62.318, "2020-09-30": -78.604, "2020-06-30": -18.363, "2020-03-31": "159.28500", "2019-12-31": -85.6421, "2019-09-30": -57.2889, "2019-06-30": -58.178, "2019-03-31": "312.40100", "2018-12-31": 2.417, "2018-09-30": -78.46, "2018-06-30": -72.623, "2018-03-31": "-78.41100", "2017-12-31": -276.689, "2017-09-30": -29.533, "2017-06-30": -163.01, "2017-03-31": "252.84000", "2016-12-31": -22.189, "2016-09-30": -30.303, "2016-06-30": -197.211, "2016-03-31": "5.93100", "2015-12-31": 149.263, "2015-09-30": -171.0059, "2015-06-30": -223.16, "2015-03-31": "238.14100", "2014-12-31": -96.899, "2014-09-30": -15.992, "2014-06-30": 27.049, "2014-03-31": "12.15500", "2013-12-31": 95.409, "2013-09-30": 6.434, "2013-06-30": -229.833, "2013-03-31": "-91.15600", "2012-12-31": 45.907, "2012-09-30": -39.303, "2012-06-30": -2.107, "2012-03-31": "20.94600", "2011-12-31": -27.758, "2011-09-30": -93.801, "2011-06-30": 4.518, "2011-03-31": "33.28400", "2010-12-31": -7.635, "2010-09-30": -46.505, "2010-06-30": -112.042, "2010-03-31": "112.18000", "2009-12-31": -87.501, "2009-09-30": -111.761, "2009-06-30": -111.461, "2009-03-31": "137.06100", "2008-12-31": -23.09, "2008-09-30": -25.461, "2008-06-30": -26.37, "2008-03-31": "3.04900", "2007-12-31": -0.112, "2007-09-30": -56.872, "2007-06-30": -4.671, "2007-03-31": "-27.41700", "2006-12-31": -56.904, "2006-09-30": -1.26, "2006-06-30": 2.608, "2006-03-31": "27.14900", "2005-12-31": -52.718, "2005-09-30": 19.602, "2005-06-30": -13.998, "2005-03-31": "14.06100"}, "Change In Inventories": {"2020-12-31": 0, "2020-09-30": 0, "2020-06-30": 0, "2020-03-31": "", "2019-12-31": 0, "2019-09-30": 0, "2019-06-30": 0, "2019-03-31": "", "2018-12-31": 0, "2018-09-30": 0, "2018-06-30": 0, "2018-03-31": "", "2017-12-31": 0, "2017-09-30": 0, "2017-06-30": 0, "2017-03-31": "", "2016-12-31": 0, "2016-09-30": 0, "2016-06-30": 0, "2016-03-31": "", "2015-12-31": 0, "2015-09-30": 0, "2015-06-30": 0, "2015-03-31": "", "2014-12-31": 0, "2014-09-30": 0, "2014-06-30": 0, "2014-03-31": "", "2013-12-31": 0, "2013-09-30": 0, "2013-06-30": 0, "2013-03-31": "", "2012-12-31": 0, "2012-09-30": 0, "2012-06-30": 0, "2012-03-31": "", "2011-12-31": 0, "2011-09-30": 0, "2011-06-30": 0, "2011-03-31": "", "2010-12-31": 0, "2010-09-30": 0, "2010-06-30": 0, "2010-03-31": "", "2009-12-31": 0, "2009-09-30": 0, "2009-06-30": 0, "2009-03-31": "", "2008-12-31": 0, "2008-09-30": 0, "2008-06-30": 0, "2008-03-31": "", "2007-12-31": 0, "2007-09-30": 0, "2007-06-30": 0, "2007-03-31": "", "2006-12-31": 0, "2006-09-30": 0, "2006-06-30": 0, "2006-03-31": "", "2005-12-31": 0, "2005-09-30": 0, "2005-06-30": 0, "2005-03-31": ""}, "Change In Accounts Payable": {"2020-12-31": 0, "2020-09-30": 0, "2020-06-30": 0, "2020-03-31": "", "2019-12-31": 0, "2019-09-30": 0, "2019-06-30": 0, "2019-03-31": "", "2018-12-31": 0, "2018-09-30": 0, "2018-06-30": 0, "2018-03-31": "", "2017-12-31": 0, "2017-09-30": 0, "2017-06-30": 0, "2017-03-31": "", "2016-12-31": 0, "2016-09-30": 0, "2016-06-30": 0, "2016-03-31": "", "2015-12-31": 0, "2015-09-30": 0, "2015-06-30": 0, "2015-03-31": "", "2014-12-31": 0, "2014-09-30": 0, "2014-06-30": 0, "2014-03-31": "", "2013-12-31": 0, "2013-09-30": 0, "2013-06-30": 0, "2013-03-31": "", "2012-12-31": 0, "2012-09-30": 0, "2012-06-30": 0, "2012-03-31": "", "2011-12-31": 0, "2011-09-30": 0, "2011-06-30": 0, "2011-03-31": "", "2010-12-31": 0, "2010-09-30": 0, "2010-06-30": 0, "2010-03-31": "", "2009-12-31": 0, "2009-09-30": 0, "2009-06-30": 0, "2009-03-31": "", "2008-12-31": 0, "2008-09-30": 0, "2008-06-30": 0, "2008-03-31": "", "2007-12-31": 0, "2007-09-30": 0, "2007-06-30": 0, "2007-03-31": "", "2006-12-31": 0, "2006-09-30": 0, "2006-06-30": 0, "2006-03-31": "", "2005-12-31": 0, "2005-09-30": 0, "2005-06-30": 0, "2005-03-31": ""}, "Change In Assets/Liabilities": {"2020-12-31": 151.299, "2020-09-30": -70.106, "2020-06-30": -4.96, "2020-03-31": "-76.23300", "2019-12-31": -41.719, "2019-09-30": -5.702, "2019-06-30": -32.601, "2019-03-31": "-241.66300", "2018-12-31": -54.72, "2018-09-30": 9.22, "2018-06-30": -52.328, "2018-03-31": "-17.26000", "2017-12-31": -48.044, "2017-09-30": 5.824, "2017-06-30": -34.916, "2017-03-31": "-102.70600", "2016-12-31": -13.031, "2016-09-30": 58.998, "2016-06-30": -26.434, "2016-03-31": "-68.47200", "2015-12-31": -15.336, "2015-09-30": 84.035, "2015-06-30": -116.372, "2015-03-31": "-37.09300", "2014-12-31": 3.239, "2014-09-30": 25.655, "2014-06-30": -2.7, "2014-03-31": "-20.72100", "2013-12-31": 0.658, "2013-09-30": 20.786, "2013-06-30": -45.766, "2013-03-31": "21.99800", "2012-12-31": -16.554, "2012-09-30": -35.9, "2012-06-30": 19.878, "2012-03-31": "-19.41400", "2011-12-31": -13.485, "2011-09-30": 9.765, "2011-06-30": -10.559, "2011-03-31": "-24.96400", "2010-12-31": 0.963, "2010-09-30": -56.053, "2010-06-30": 194.198, "2010-03-31": "-198.46500", "2009-12-31": -25.075, "2009-09-30": 3.006, "2009-06-30": 59.666, "2009-03-31": "-50.20900", "2008-12-31": 33.825, "2008-09-30": -21.301, "2008-06-30": -26.565, "2008-03-31": "79.02700", "2007-12-31": -85.361, "2007-09-30": -7.27, "2007-06-30": -0.889, "2007-03-31": "30.60200", "2006-12-31": -23.78, "2006-09-30": 124.688, "2006-06-30": -103.535, "2006-03-31": "11.40400", "2005-12-31": -38.975, "2005-09-30": -16.082, "2005-06-30": 11.431, "2005-03-31": "-47.22900"}, "Total Change In Assets/Liabilities": {"2020-12-31": -192.678, "2020-09-30": 79.009, "2020-06-30": 56.793, "2020-03-31": "56.87600", "2019-12-31": -149.3201, "2019-09-30": -125.6529, "2019-06-30": -24.051, "2019-03-31": "290.76000", "2018-12-31": -20.088, "2018-09-30": -7.075, "2018-06-30": -43.775, "2018-03-31": "-123.55800", "2017-12-31": -318.8099, "2017-09-30": 189.7259, "2017-06-30": -405.385, "2017-03-31": "196.28600", "2016-12-31": 85.468, "2016-09-30": 29.383, "2016-06-30": -243.087, "2016-03-31": "-11.53500", "2015-12-31": 119.774, "2015-09-30": -111.4199, "2015-06-30": -231.206, "2015-03-31": "202.59600", "2014-12-31": -95.111, "2014-09-30": 0.625, "2014-06-30": 70.571, "2014-03-31": "-41.64900", "2013-12-31": 91.1809, "2013-09-30": 4.8091, "2013-06-30": -272.924, "2013-03-31": "-33.30000", "2012-12-31": 32.073, "2012-09-30": -53.335, "2012-06-30": -0.317, "2012-03-31": "55.04400", "2011-12-31": -62.782, "2011-09-30": -117.132, "2011-06-30": 34.569, "2011-03-31": "35.29600", "2010-12-31": -47.731, "2010-09-30": -127.044, "2010-06-30": 99.54, "2010-03-31": "-84.01600", "2009-12-31": -110.902, "2009-09-30": -94.727, "2009-06-30": -20.434, "2009-03-31": "94.51800", "2008-12-31": -15.089, "2008-09-30": -75.504, "2008-06-30": 9.611, "2008-03-31": "39.78100", "2007-12-31": -54.594, "2007-09-30": -56.298, "2007-06-30": -22.714, "2007-03-31": "9.74200", "2006-12-31": -53.596, "2006-09-30": 110.932, "2006-06-30": -115.811, "2006-03-31": "52.73700", "2005-12-31": -77.636, "2005-09-30": 7.374, "2005-06-30": -5.362, "2005-03-31": "-38.96100"}, "Cash Flow From Operating Activities": {"2020-12-31": -859, "2020-09-30": 300.582, "2020-06-30": 280.271, "2020-03-31": "278.14700", "2019-12-31": 53.041, "2019-09-30": 73.636, "2019-06-30": 164.121, "2019-03-31": "487.62600", "2018-12-31": 206.058, "2018-09-30": 206.267, "2018-06-30": 145.682, "2018-03-31": "93.55600", "2017-12-31": -85.54, "2017-09-30": 382.923, "2017-06-30": -145.218, "2017-03-31": "393.84700", "2016-12-31": 265.071, "2016-09-30": 221.463, "2016-06-30": -75.551, "2016-03-31": "154.02100", "2015-12-31": 282.808, "2015-09-30": 24.164, "2015-06-30": -101.454, "2015-03-31": "333.41500", "2014-12-31": 47.102, "2014-09-30": 117.873, "2014-06-30": 175.128, "2014-03-31": "80.77100", "2013-12-31": 208.925, "2013-09-30": 128.804, "2013-06-30": -181.13, "2013-03-31": "45.90700", "2012-12-31": 131.682, "2012-09-30": 32.19, "2012-06-30": 77.921, "2012-03-31": "139.15300", "2011-12-31": 22.805, "2011-09-30": -47.22, "2011-06-30": 99.744, "2011-03-31": "93.85900", "2010-12-31": 20.671, "2010-09-30": -72.607, "2010-06-30": 144.618, "2010-03-31": "-44.87300", "2009-12-31": -70.198, "2009-09-30": -60.678, "2009-06-30": 7.312, "2009-03-31": "125.15900", "2008-12-31": 14.702, "2008-09-30": -50.547, "2008-06-30": 32.847, "2008-03-31": "61.25900", "2007-12-31": -34.904, "2007-09-30": -38.139, "2007-06-30": -0.295, "2007-03-31": "22.04700", "2006-12-31": -30.626, "2006-09-30": 121.22, "2006-06-30": -105.151, "2006-03-31": "64.49400", "2005-12-31": -66.55, "2005-09-30": 17.848, "2005-06-30": -4.441, "2005-03-31": "-28.22200"}, "Net Change In Property, Plant, And Equipment": {"2020-12-31": 29.279, "2020-09-30": -10.003, "2020-06-30": -5.184, "2020-03-31": "-14.09200", "2019-12-31": -14.309, "2019-09-30": -6.289, "2019-06-30": -7.124, "2019-03-31": "-5.21500", "2018-12-31": 6.661, "2018-09-30": -6.388, "2018-06-30": -7.873, "2018-03-31": "-3.88700", "2017-12-31": -4.92, "2017-09-30": -6.751, "2017-06-30": -5.34, "2017-03-31": "-6.05500", "2016-12-31": -5.661, "2016-09-30": -3.891, "2016-06-30": -3.199, "2016-03-31": "-3.87200", "2015-12-31": -4.567, "2015-09-30": -3.584, "2015-06-30": -2.536, "2015-03-31": "-1.52200", "2014-12-31": -3.414, "2014-09-30": -1.342, "2014-06-30": -3.408, "2014-03-31": "-5.40500", "2013-12-31": -2.256, "2013-09-30": -1.884, "2013-06-30": -3.568, "2013-03-31": "-4.65100", "2012-12-31": -2.419, "2012-09-30": -1.178, "2012-06-30": -2.905, "2012-03-31": "-2.04700", "2011-12-31": -1.254, "2011-09-30": -2.834, "2011-06-30": -1.515, "2011-03-31": "-1.69700", "2010-12-31": -1.738, "2010-09-30": -0.657, "2010-06-30": -0.582, "2010-03-31": "-0.38900", "2009-12-31": -1.02, "2009-09-30": -1.042, "2009-06-30": -0.81, "2009-03-31": "-1.10400", "2008-12-31": -3.612, "2008-09-30": -1.229, "2008-06-30": -3.219, "2008-03-31": "-2.63200", "2007-12-31": -3.198, "2007-09-30": -2.344, "2007-06-30": -1.655, "2007-03-31": "-1.62300", "2006-12-31": -1.85, "2006-09-30": -1.548, "2006-06-30": -1.665, "2006-03-31": "-2.30700", "2005-12-31": -3.155, "2005-09-30": -1.453, "2005-06-30": -0.594, "2005-03-31": "-0.42500"}, "Net Change In Intangible Assets": {"2020-12-31": 0, "2020-09-30": 0, "2020-06-30": 0, "2020-03-31": "", "2019-12-31": 0, "2019-09-30": 0, "2019-06-30": 0, "2019-03-31": "", "2018-12-31": 0, "2018-09-30": 0, "2018-06-30": 0, "2018-03-31": "", "2017-12-31": 0, "2017-09-30": 0, "2017-06-30": 0, "2017-03-31": "", "2016-12-31": 0, "2016-09-30": 0, "2016-06-30": 0, "2016-03-31": "", "2015-12-31": 0, "2015-09-30": 0, "2015-06-30": 0, "2015-03-31": "", "2014-12-31": 0, "2014-09-30": 0, "2014-06-30": 0, "2014-03-31": "", "2013-12-31": 0, "2013-09-30": 0, "2013-06-30": 0, "2013-03-31": "", "2012-12-31": 0, "2012-09-30": 0, "2012-06-30": 0, "2012-03-31": "", "2011-12-31": 0, "2011-09-30": 0, "2011-06-30": 0, "2011-03-31": "", "2010-12-31": 0, "2010-09-30": 0, "2010-06-30": 0, "2010-03-31": "", "2009-12-31": 0, "2009-09-30": 0, "2009-06-30": 0, "2009-03-31": "", "2008-12-31": 0, "2008-09-30": 0, "2008-06-30": 0, "2008-03-31": "", "2007-12-31": 0, "2007-09-30": 0, "2007-06-30": 0, "2007-03-31": "", "2006-12-31": 0, "2006-09-30": 0, "2006-06-30": 0, "2006-03-31": "", "2005-12-31": 0, "2005-09-30": 0, "2005-06-30": 0, "2005-03-31": ""}, "Net Acquisitions/Divestitures": {"2020-12-31": 0, "2020-09-30": 0, "2020-06-30": 0, "2020-03-31": "", "2019-12-31": 0, "2019-09-30": 0, "2019-06-30": 0, "2019-03-31": "", "2018-12-31": 0, "2018-09-30": 0, "2018-06-30": 0, "2018-03-31": "", "2017-12-31": 0, "2017-09-30": 0, "2017-06-30": 0, "2017-03-31": "", "2016-12-31": 0, "2016-09-30": 0, "2016-06-30": 0, "2016-03-31": "", "2015-12-31": 0, "2015-09-30": 0, "2015-06-30": 0, "2015-03-31": "", "2014-12-31": 0, "2014-09-30": 0, "2014-06-30": 0, "2014-03-31": "", "2013-12-31": 0, "2013-09-30": 0, "2013-06-30": 0, "2013-03-31": "", "2012-12-31": 0, "2012-09-30": 0, "2012-06-30": 0, "2012-03-31": "", "2011-12-31": 0, "2011-09-30": 0, "2011-06-30": 0, "2011-03-31": "", "2010-12-31": 0, "2010-09-30": 0, "2010-06-30": 0, "2010-03-31": "", "2009-12-31": 0, "2009-09-30": 0, "2009-06-30": 0, "2009-03-31": "", "2008-12-31": 0, "2008-09-30": 0, "2008-06-30": 0, "2008-03-31": "", "2007-12-31": 0, "2007-09-30": 0, "2007-06-30": 0, "2007-03-31": "", "2006-12-31": 0, "2006-09-30": 0, "2006-06-30": 0, "2006-03-31": "", "2005-12-31": 0, "2005-09-30": 0, "2005-06-30": 0, "2005-03-31": ""}, "Net Change In Short-term Investments": {"2020-12-31": 0, "2020-09-30": 0, "2020-06-30": 0, "2020-03-31": "", "2019-12-31": 0, "2019-09-30": 0, "2019-06-30": 0, "2019-03-31": "", "2018-12-31": 0, "2018-09-30": 0, "2018-06-30": 0, "2018-03-31": "", "2017-12-31": 0, "2017-09-30": 0, "2017-06-30": 0, "2017-03-31": "", "2016-12-31": 0, "2016-09-30": 0, "2016-06-30": 0, "2016-03-31": "", "2015-12-31": 0, "2015-09-30": 0, "2015-06-30": 0, "2015-03-31": "", "2014-12-31": 0, "2014-09-30": 0, "2014-06-30": 0, "2014-03-31": "", "2013-12-31": 0, "2013-09-30": 0, "2013-06-30": 0, "2013-03-31": "", "2012-12-31": 0, "2012-09-30": 0, "2012-06-30": 0, "2012-03-31": "", "2011-12-31": 0, "2011-09-30": 0, "2011-06-30": 0, "2011-03-31": "", "2010-12-31": 0, "2010-09-30": 0, "2010-06-30": 0, "2010-03-31": "", "2009-12-31": 0, "2009-09-30": 0, "2009-06-30": 0, "2009-03-31": "", "2008-12-31": 0, "2008-09-30": 0, "2008-06-30": 0, "2008-03-31": "", "2007-12-31": 0, "2007-09-30": 0, "2007-06-30": 0, "2007-03-31": "", "2006-12-31": 0, "2006-09-30": 0, "2006-06-30": 0, "2006-03-31": "", "2005-12-31": 0, "2005-09-30": 0, "2005-06-30": 0, "2005-03-31": ""}, "Net Change In Long-Term Investments": {"2020-12-31": 575.8762, "2020-09-30": -447.3972, "2020-06-30": -115.705, "2020-03-31": "-12.77400", "2019-12-31": -25.7882, "2019-09-30": 73.638, "2019-06-30": 75.454, "2019-03-31": "-39.25400", "2018-12-31": -17.6979, "2018-09-30": -38.985, "2018-06-30": -83.797, "2018-03-31": "-194.39000", "2017-12-31": -86.0928, "2017-09-30": -69.1511, "2017-06-30": -83.2609, "2017-03-31": "-225.36510", "2016-12-31": -209.6891, "2016-09-30": 160.563, "2016-06-30": 203.441, "2016-03-31": "-171.06200", "2015-12-31": -133.8519, "2015-09-30": 21.9619, "2015-06-30": -17.795, "2015-03-31": "-82.25700", "2014-12-31": -26.9699, "2014-09-30": -308.6711, "2014-06-30": -68.246, "2014-03-31": "-59.83800", "2013-12-31": -50.2, "2013-09-30": -406.281, "2013-06-30": -531.011, "2013-03-31": "-151.88200", "2012-12-31": 1.8689, "2012-09-30": 151.628, "2012-06-30": 64.639, "2012-03-31": "-108.32400", "2011-12-31": -388.935, "2011-09-30": -398.8689, "2011-06-30": -226.5721, "2011-03-31": "-288.34200", "2010-12-31": -534.916, "2010-09-30": -312.7219, "2010-06-30": -654.8791, "2010-03-31": "-144.56000", "2009-12-31": -232.8421, "2009-09-30": -348.768, "2009-06-30": -275.261, "2009-03-31": "-18.93900", "2008-12-31": -138.3739, "2008-09-30": 15.49, "2008-06-30": -96.4521, "2008-03-31": "123.76700", "2007-12-31": -5.879, "2007-09-30": -4.508, "2007-06-30": -98.526, "2007-03-31": "7.12100", "2006-12-31": -92.3, "2006-09-30": 8.048, "2006-06-30": 92.484, "2006-03-31": "-57.08400", "2005-12-31": -212.5171, "2005-09-30": -137.213, "2005-06-30": -44.345, "2005-03-31": "-92.15200"}, "Net Change In Investments - Total": {"2020-12-31": 575.8762, "2020-09-30": -447.3972, "2020-06-30": -115.705, "2020-03-31": "-12.77400", "2019-12-31": -25.7882, "2019-09-30": 73.638, "2019-06-30": 75.454, "2019-03-31": "-39.25400", "2018-12-31": -17.6979, "2018-09-30": -38.985, "2018-06-30": -83.797, "2018-03-31": "-194.39000", "2017-12-31": -86.0928, "2017-09-30": -69.1511, "2017-06-30": -83.2609, "2017-03-31": "-225.36510", "2016-12-31": -209.6891, "2016-09-30": 160.563, "2016-06-30": 203.441, "2016-03-31": "-171.06200", "2015-12-31": -133.8519, "2015-09-30": 21.9619, "2015-06-30": -17.795, "2015-03-31": "-82.25700", "2014-12-31": -26.9699, "2014-09-30": -308.6711, "2014-06-30": -68.246, "2014-03-31": "-59.83800", "2013-12-31": -50.2, "2013-09-30": -406.281, "2013-06-30": -531.011, "2013-03-31": "-151.88200", "2012-12-31": 1.8689, "2012-09-30": 151.628, "2012-06-30": 64.639, "2012-03-31": "-108.32400", "2011-12-31": -388.935, "2011-09-30": -398.8689, "2011-06-30": -226.5721, "2011-03-31": "-288.34200", "2010-12-31": -534.916, "2010-09-30": -312.7219, "2010-06-30": -654.8791, "2010-03-31": "-144.56000", "2009-12-31": -232.8421, "2009-09-30": -348.768, "2009-06-30": -275.261, "2009-03-31": "-18.93900", "2008-12-31": -138.3739, "2008-09-30": 15.49, "2008-06-30": -96.4521, "2008-03-31": "123.76700", "2007-12-31": -5.879, "2007-09-30": -4.508, "2007-06-30": -98.526, "2007-03-31": "7.12100", "2006-12-31": -92.3, "2006-09-30": 8.048, "2006-06-30": 92.484, "2006-03-31": "-57.08400", "2005-12-31": -212.5171, "2005-09-30": -137.213, "2005-06-30": -44.345, "2005-03-31": "-92.15200"}, "Investing Activities - Other": {"2020-12-31": 7133.539, "2020-09-30": -1032.505, "2020-06-30": -4207.618, "2020-03-31": "-1893.41600", "2019-12-31": -1174.601, "2019-09-30": -6.935, "2019-06-30": -460.122, "2019-03-31": "-1043.81100", "2018-12-31": -1292.887, "2018-09-30": -980.903, "2018-06-30": -904.649, "2018-03-31": "-764.33800", "2017-12-31": -1466.671, "2017-09-30": -805.285, "2017-06-30": -593.823, "2017-03-31": "-988.61700", "2016-12-31": -1281.016, "2016-09-30": -1159.464, "2016-06-30": -1688.08, "2016-03-31": "-1256.47100", "2015-12-31": -1564.866, "2015-09-30": -1705.531, "2015-06-30": -1234.329, "2015-03-31": "-1443.10800", "2014-12-31": -1308.482, "2014-09-30": -1122.652, "2014-06-30": -1208.601, "2014-03-31": "-698.86900", "2013-12-31": -1416.517, "2013-09-30": -1043.043, "2013-06-30": -704.754, "2013-03-31": "-597.01900", "2012-12-31": -1021.148, "2012-09-30": -733.07, "2012-06-30": -669.548, "2012-03-31": "-517.42700", "2011-12-31": -419.151, "2011-09-30": -343.038, "2011-06-30": -475.019, "2011-03-31": "-401.96400", "2010-12-31": -364.162, "2010-09-30": -215.034, "2010-06-30": -201.355, "2010-03-31": "-122.11100", "2009-12-31": -253.897, "2009-09-30": -368.015, "2009-06-30": -204.306, "2009-03-31": "-103.92000", "2008-12-31": -388.221, "2008-09-30": -379.993, "2008-06-30": -489.495, "2008-03-31": "-195.39200", "2007-12-31": -125.16, "2007-09-30": -115.986, "2007-06-30": -126.253, "2007-03-31": "-88.47000", "2006-12-31": -176.535, "2006-09-30": -141.552, "2006-06-30": -156.814, "2006-03-31": "-97.93000", "2005-12-31": -132.492, "2005-09-30": -118.743, "2005-06-30": -95.315, "2005-03-31": "-88.51000"}, "Cash Flow From Investing Activities": {"2020-12-31": 7738.694, "2020-09-30": -1489.905, "2020-06-30": -4328.507, "2020-03-31": "-1920.28200", "2019-12-31": -1214.698, "2019-09-30": 60.414, "2019-06-30": -391.792, "2019-03-31": "-1088.28000", "2018-12-31": -1303.924, "2018-09-30": -1026.276, "2018-06-30": -996.319, "2018-03-31": "-962.61500", "2017-12-31": -1557.684, "2017-09-30": -881.187, "2017-06-30": -682.424, "2017-03-31": "-1220.03700", "2016-12-31": -1496.366, "2016-09-30": -1002.792, "2016-06-30": -1487.838, "2016-03-31": "-1431.40500", "2015-12-31": -1703.285, "2015-09-30": -1687.153, "2015-06-30": -1254.66, "2015-03-31": "-1526.88700", "2014-12-31": -1338.866, "2014-09-30": -1432.665, "2014-06-30": -1280.255, "2014-03-31": "-764.11200", "2013-12-31": -1468.973, "2013-09-30": -1451.208, "2013-06-30": -1239.333, "2013-03-31": "-753.55200", "2012-12-31": -1021.698, "2012-09-30": -582.62, "2012-06-30": -607.814, "2012-03-31": "-627.79800", "2011-12-31": -809.34, "2011-09-30": -744.741, "2011-06-30": -703.106, "2011-03-31": "-692.00300", "2010-12-31": -900.816, "2010-09-30": -528.413, "2010-06-30": -856.816, "2010-03-31": "-267.06000", "2009-12-31": -487.759, "2009-09-30": -717.825, "2009-06-30": -480.377, "2009-03-31": "-123.96300", "2008-12-31": -530.207, "2008-09-30": -365.732, "2008-06-30": -589.166, "2008-03-31": "-74.25700", "2007-12-31": -134.237, "2007-09-30": -122.838, "2007-06-30": -226.434, "2007-03-31": "-82.97200", "2006-12-31": -270.685, "2006-09-30": -135.052, "2006-06-30": -65.995, "2006-03-31": "-157.32100", "2005-12-31": -348.164, "2005-09-30": -257.409, "2005-06-30": -140.254, "2005-03-31": "-181.08700"}, "Net Long-Term Debt": {"2020-12-31": 1302.899, "2020-09-30": -1045.0001, "2020-06-30": -895, "2020-03-31": "637.10110", "2019-12-31": -125, "2019-09-30": -999.22, "2019-06-30": -764, "2019-03-31": "590.36400", "2018-12-31": 1005, "2018-09-30": -595, "2018-06-30": 380, "2018-03-31": "15.00000", "2017-12-31": 1923, "2017-09-30": -248.9, "2017-06-30": 400, "2017-03-31": "-33.00000", "2016-12-31": 617.828, "2016-09-30": -639.1, "2016-06-30": 76.204, "2016-03-31": "-392.16300", "2015-12-31": 1287, "2015-09-30": -303, "2015-06-30": 763, "2015-03-31": "-260.00000", "2014-12-31": -25, "2014-09-30": -241.15, "2014-06-30": -453, "2014-03-31": "-601.00000", "2013-12-31": 326, "2013-09-30": 477.15, "2013-06-30": 990, "2013-03-31": "-7.83700", "2012-12-31": 89.2, "2012-09-30": -50, "2012-06-30": 75, "2012-03-31": "45.00000", "2011-12-31": 103.6, "2011-09-30": -55, "2011-06-30": 30, "2011-03-31": "125.00000", "2010-12-31": -25, "2010-09-30": -97, "2010-06-30": 0, "2010-03-31": "", "2009-12-31": 0, "2009-09-30": -50, "2009-06-30": 0, "2009-03-31": "", "2008-12-31": 50, "2008-09-30": 75, "2008-06-30": 65, "2008-03-31": "-10.00000", "2007-12-31": 15, "2007-09-30": 0, "2007-06-30": 0, "2007-03-31": "15.00000", "2006-12-31": 51.707, "2006-09-30": 260.293, "2006-06-30": 0, "2006-03-31": "", "2005-12-31": 100, "2005-09-30": 0, "2005-06-30": 0, "2005-03-31": ""}, "Net Current Debt": {"2020-12-31": 0, "2020-09-30": 0, "2020-06-30": 0, "2020-03-31": "", "2019-12-31": 0, "2019-09-30": 0, "2019-06-30": 0, "2019-03-31": "", "2018-12-31": 0, "2018-09-30": 0, "2018-06-30": 0, "2018-03-31": "", "2017-12-31": 0, "2017-09-30": 0, "2017-06-30": 0, "2017-03-31": "", "2016-12-31": 0, "2016-09-30": 0, "2016-06-30": 0, "2016-03-31": "", "2015-12-31": 0, "2015-09-30": 0, "2015-06-30": 0, "2015-03-31": "", "2014-12-31": 0, "2014-09-30": 0, "2014-06-30": 0, "2014-03-31": "", "2013-12-31": 0, "2013-09-30": 0, "2013-06-30": 0, "2013-03-31": "", "2012-12-31": 379.8, "2012-09-30": -124.625, "2012-06-30": 34.45, "2012-03-31": "-289.62500", "2011-12-31": 117.45, "2011-09-30": 238.258, "2011-06-30": -114.652, "2011-03-31": "-241.05600", "2010-12-31": 388.693, "2010-09-30": 58.516, "2010-06-30": 4.033, "2010-03-31": "-115.94200", "2009-12-31": 95.379, "2009-09-30": 17.086, "2009-06-30": 2.792, "2009-03-31": "-106.25700", "2008-12-31": -84.203, "2008-09-30": 43.332, "2008-06-30": 151.187, "2008-03-31": "-57.34800", "2007-12-31": 57.597, "2007-09-30": -0.163, "2007-06-30": 2.365, "2007-03-31": "-6.55400", "2006-12-31": -78.313, "2006-09-30": -86.297, "2006-06-30": -170.395, "2006-03-31": "256.69200", "2005-12-31": -55, "2005-09-30": -20, "2005-06-30": 57, "2005-03-31": "18.00000"}, "Debt Issuance/Retirement Net - Total": {"2020-12-31": 1302.899, "2020-09-30": -1045.0001, "2020-06-30": -895, "2020-03-31": "637.10110", "2019-12-31": -125, "2019-09-30": -999.22, "2019-06-30": -764, "2019-03-31": "590.36400", "2018-12-31": 1005, "2018-09-30": -595, "2018-06-30": 380, "2018-03-31": "15.00000", "2017-12-31": 1923, "2017-09-30": -248.9, "2017-06-30": 400, "2017-03-31": "-33.00000", "2016-12-31": 617.828, "2016-09-30": -639.1, "2016-06-30": 76.204, "2016-03-31": "-392.16300", "2015-12-31": 1287, "2015-09-30": -303, "2015-06-30": 763, "2015-03-31": "-260.00000", "2014-12-31": -25, "2014-09-30": -241.15, "2014-06-30": -453, "2014-03-31": "-601.00000", "2013-12-31": 326, "2013-09-30": 477.15, "2013-06-30": 990, "2013-03-31": "-7.83700", "2012-12-31": 469, "2012-09-30": -174.625, "2012-06-30": 109.45, "2012-03-31": "-244.62500", "2011-12-31": 221.05, "2011-09-30": 183.258, "2011-06-30": -84.652, "2011-03-31": "-116.05600", "2010-12-31": 363.693, "2010-09-30": -38.484, "2010-06-30": 4.033, "2010-03-31": "-115.94200", "2009-12-31": 95.379, "2009-09-30": -32.914, "2009-06-30": 2.792, "2009-03-31": "-106.25700", "2008-12-31": -34.203, "2008-09-30": 118.332, "2008-06-30": 216.187, "2008-03-31": "-67.34800", "2007-12-31": 72.597, "2007-09-30": -0.163, "2007-06-30": 2.365, "2007-03-31": "8.44600", "2006-12-31": -26.606, "2006-09-30": 173.996, "2006-06-30": -170.395, "2006-03-31": "256.69200", "2005-12-31": 45, "2005-09-30": -20, "2005-06-30": 57, "2005-03-31": "18.00000"}, "Net Common Equity Issued/Repurchased": {"2020-12-31": 50.01, "2020-09-30": -0.002, "2020-06-30": 0, "2020-03-31": "-50.00800", "2019-12-31": -89.189, "2019-09-30": -75.019, "2019-06-30": -50.23, "2019-03-31": "-22.89500", "2018-12-31": -41.808, "2018-09-30": 0, "2018-06-30": 0, "2018-03-31": "", "2017-12-31": 0, "2017-09-30": 0, "2017-06-30": 0, "2017-03-31": "", "2016-12-31": -0.001, "2016-09-30": 0.133, "2016-06-30": -0.001, "2016-03-31": "318.65500", "2015-12-31": 0.001, "2015-09-30": 0, "2015-06-30": 0.036, "2015-03-31": "0.30600", "2014-12-31": 0.156, "2014-09-30": 38.619, "2014-06-30": 257.216, "2014-03-31": "0.04300", "2013-12-31": 0.255, "2013-09-30": 0.007, "2013-06-30": 0.08, "2013-03-31": "0.65200", "2012-12-31": 1.703, "2012-09-30": 3.46, "2012-06-30": 4.034, "2012-03-31": "0.04900", "2011-12-31": 0.155, "2011-09-30": 254.958, "2011-06-30": 0.057, "2011-03-31": "0.06300", "2010-12-31": 1.973, "2010-09-30": 0.143, "2010-06-30": 3.347, "2010-03-31": "0.15400", "2009-12-31": -0.137, "2009-09-30": 0.477, "2009-06-30": 127.796, "2009-03-31": "0.13800", "2008-12-31": 0.888, "2008-09-30": 148.079, "2008-06-30": 0.065, "2008-03-31": "0.12900", "2007-12-31": 0.186, "2007-09-30": 0.055, "2007-06-30": 0.363, "2007-03-31": "0.91300", "2006-12-31": 2.393, "2006-09-30": 0.758, "2006-06-30": 0.617, "2006-03-31": "0.98100", "2005-12-31": 0.349, "2005-09-30": 0.056, "2005-06-30": 0.021, "2005-03-31": "0.01600"}, "Net Total Equity Issued/Repurchased": {"2020-12-31": 50.01, "2020-09-30": -0.002, "2020-06-30": 0, "2020-03-31": "-50.00800", "2019-12-31": -89.189, "2019-09-30": -75.019, "2019-06-30": -50.23, "2019-03-31": "-22.89500", "2018-12-31": -41.808, "2018-09-30": 0, "2018-06-30": 0, "2018-03-31": "", "2017-12-31": 0, "2017-09-30": 0, "2017-06-30": 0, "2017-03-31": "", "2016-12-31": -0.001, "2016-09-30": 0.133, "2016-06-30": -0.001, "2016-03-31": "318.65500", "2015-12-31": 0.001, "2015-09-30": 0, "2015-06-30": 0.036, "2015-03-31": "0.30600", "2014-12-31": 0.156, "2014-09-30": 38.619, "2014-06-30": 257.216, "2014-03-31": "0.04300", "2013-12-31": 0.255, "2013-09-30": 0.007, "2013-06-30": 0.08, "2013-03-31": "0.65200", "2012-12-31": 1.703, "2012-09-30": 3.46, "2012-06-30": 4.034, "2012-03-31": "0.04900", "2011-12-31": 0.155, "2011-09-30": 254.958, "2011-06-30": 0.057, "2011-03-31": "0.06300", "2010-12-31": 1.973, "2010-09-30": 0.143, "2010-06-30": 3.347, "2010-03-31": "0.15400", "2009-12-31": -0.137, "2009-09-30": 0.477, "2009-06-30": 127.796, "2009-03-31": "-119.95700", "2008-12-31": 120.628, "2008-09-30": 148.079, "2008-06-30": 0.065, "2008-03-31": "0.12900", "2007-12-31": 0.186, "2007-09-30": 0.055, "2007-06-30": 0.363, "2007-03-31": "0.91300", "2006-12-31": 2.393, "2006-09-30": 0.758, "2006-06-30": 0.617, "2006-03-31": "0.98100", "2005-12-31": 0.349, "2005-09-30": 0.056, "2005-06-30": 0.021, "2005-03-31": "0.01600"}, "Total Common And Preferred Stock Dividends Paid": {"2020-12-31": 90.061, "2020-09-30": -30.026, "2020-06-30": -30.028, "2020-03-31": "-30.00700", "2019-12-31": -30.323, "2019-09-30": -30.689, "2019-06-30": -30.93, "2019-03-31": "-30.83500", "2018-12-31": -31.011, "2018-09-30": -30.994, "2018-06-30": 0, "2018-03-31": "", "2017-12-31": 0, "2017-09-30": 0, "2017-06-30": 0, "2017-03-31": "", "2016-12-31": 0, "2016-09-30": 0, "2016-06-30": 0, "2016-03-31": "", "2015-12-31": 0, "2015-09-30": 0, "2015-06-30": 0, "2015-03-31": "", "2014-12-31": 0, "2014-09-30": 0, "2014-06-30": 0, "2014-03-31": "", "2013-12-31": 0, "2013-09-30": 0, "2013-06-30": 0, "2013-03-31": "", "2012-12-31": 0, "2012-09-30": 0, "2012-06-30": 0, "2012-03-31": "", "2011-12-31": 0, "2011-09-30": 0, "2011-06-30": 0, "2011-03-31": "", "2010-12-31": 0, "2010-09-30": 0, "2010-06-30": 0, "2010-03-31": "", "2009-12-31": 0, "2009-09-30": 0, "2009-06-30": 0, "2009-03-31": "-1.81700", "2008-12-31": 0, "2008-09-30": 0, "2008-06-30": 0, "2008-03-31": "", "2007-12-31": 0, "2007-09-30": 0, "2007-06-30": 0, "2007-03-31": "", "2006-12-31": 0, "2006-09-30": 0, "2006-06-30": 0, "2006-03-31": "", "2005-12-31": 0, "2005-09-30": 0, "2005-06-30": 0, "2005-03-31": ""}, "Financial Activities - Other": {"2020-12-31": -13946.07, "2020-09-30": 4106.821, "2020-06-30": 7991.011, "2020-03-31": "1848.23800", "2019-12-31": 1326.077, "2019-09-30": 1516.428, "2019-06-30": 917.817, "2019-03-31": "226.15300", "2018-12-31": 287.536, "2018-09-30": 1097.488, "2018-06-30": 172.025, "2018-03-31": "1361.12400", "2017-12-31": -238.068, "2017-09-30": 508.874, "2017-06-30": 228.152, "2017-03-31": "1051.77700", "2016-12-31": 465.89, "2016-09-30": 1816.595, "2016-06-30": 1470.415, "2016-03-31": "1316.34700", "2015-12-31": 187.02, "2015-09-30": 2155.784, "2015-06-30": 432.999, "2015-03-31": "1412.37400", "2014-12-31": 1299.988, "2014-09-30": 1561.569, "2014-06-30": 1455.358, "2014-03-31": "1257.32600", "2013-12-31": 1010.163, "2013-09-30": 774.954, "2013-06-30": 471.945, "2013-03-31": "717.20300", "2012-12-31": 463.145, "2012-09-30": 674.212, "2012-06-30": 454.979, "2012-03-31": "752.01300", "2011-12-31": 566.38, "2011-09-30": 315.766, "2011-06-30": 684.892, "2011-03-31": "747.98600", "2010-12-31": 393.597, "2010-09-30": 581.87, "2010-06-30": 572.979, "2010-03-31": "675.88300", "2009-12-31": 418.304, "2009-09-30": 701.371, "2009-06-30": 266.978, "2009-03-31": "448.40600", "2008-12-31": 422.95, "2008-09-30": 99.178, "2008-06-30": 278.365, "2008-03-31": "75.96700", "2007-12-31": 121.714, "2007-09-30": -116.909, "2007-06-30": 540.042, "2007-03-31": "-243.62900", "2006-12-31": 668.744, "2006-09-30": -171.456, "2006-06-30": 391.039, "2006-03-31": "-163.03500", "2005-12-31": 357.259, "2005-09-30": 216.503, "2005-06-30": 163.904, "2005-03-31": "181.32000"}, "Cash Flow From Financial Activities": {"2020-12-31": -12503.1, "2020-09-30": 3031.793, "2020-06-30": 7065.983, "2020-03-31": "2405.32400", "2019-12-31": 1081.565, "2019-09-30": 411.5, "2019-06-30": 72.657, "2019-03-31": "762.78700", "2018-12-31": 1219.717, "2018-09-30": 471.494, "2018-06-30": 552.025, "2018-03-31": "1376.12400", "2017-12-31": 1684.932, "2017-09-30": 259.974, "2017-06-30": 628.152, "2017-03-31": "1018.77700", "2016-12-31": 1083.717, "2016-09-30": 1177.628, "2016-06-30": 1546.618, "2016-03-31": "1242.83900", "2015-12-31": 1474.021, "2015-09-30": 1852.784, "2015-06-30": 1196.035, "2015-03-31": "1152.68000", "2014-12-31": 1275.144, "2014-09-30": 1359.038, "2014-06-30": 1259.574, "2014-03-31": "656.36900", "2013-12-31": 1336.418, "2013-09-30": 1252.111, "2013-06-30": 1462.025, "2013-03-31": "710.01800", "2012-12-31": 933.848, "2012-09-30": 503.047, "2012-06-30": 568.463, "2012-03-31": "507.43700", "2011-12-31": 787.585, "2011-09-30": 753.982, "2011-06-30": 600.297, "2011-03-31": "631.99300", "2010-12-31": 759.263, "2010-09-30": 543.529, "2010-06-30": 580.359, "2010-03-31": "560.09500", "2009-12-31": 513.546, "2009-09-30": 668.934, "2009-06-30": 397.566, "2009-03-31": "220.37500", "2008-12-31": 509.375, "2008-09-30": 365.589, "2008-06-30": 494.617, "2008-03-31": "8.74800", "2007-12-31": 194.497, "2007-09-30": -117.017, "2007-06-30": 542.77, "2007-03-31": "-234.27000", "2006-12-31": 644.531, "2006-09-30": 3.298, "2006-06-30": 221.261, "2006-03-31": "94.63800", "2005-12-31": 402.608, "2005-09-30": 196.559, "2005-06-30": 220.925, "2005-03-31": "199.33600"}, "Net Cash Flow": {"2020-12-31": -5623.405, "2020-09-30": 1842.469, "2020-06-30": 3017.747, "2020-03-31": "763.18900", "2019-12-31": -80.092, "2019-09-30": 545.55, "2019-06-30": -155.014, "2019-03-31": "162.13300", "2018-12-31": 121.851, "2018-09-30": -348.515, "2018-06-30": -298.612, "2018-03-31": "507.06500", "2017-12-31": 41.708, "2017-09-30": -238.29, "2017-06-30": -199.49, "2017-03-31": "192.58700", "2016-12-31": -147.578, "2016-09-30": 396.299, "2016-06-30": -16.771, "2016-03-31": "-34.54500", "2015-12-31": 53.544, "2015-09-30": 189.795, "2015-06-30": -160.079, "2015-03-31": "-40.79200", "2014-12-31": -16.62, "2014-09-30": 44.246, "2014-06-30": 154.447, "2014-03-31": "-26.97200", "2013-12-31": 76.37, "2013-09-30": -70.293, "2013-06-30": 41.562, "2013-03-31": "2.37300", "2012-12-31": 43.832, "2012-09-30": -47.383, "2012-06-30": 38.57, "2012-03-31": "18.79200", "2011-12-31": 1.05, "2011-09-30": -37.979, "2011-06-30": -3.065, "2011-03-31": "33.84900", "2010-12-31": -120.882, "2010-09-30": -57.491, "2010-06-30": -131.839, "2010-03-31": "248.16200", "2009-12-31": -44.411, "2009-09-30": -109.569, "2009-06-30": -75.499, "2009-03-31": "221.57100", "2008-12-31": -6.13, "2008-09-30": -50.69, "2008-06-30": -61.702, "2008-03-31": "-4.25000", "2007-12-31": 25.356, "2007-09-30": -277.994, "2007-06-30": 316.041, "2007-03-31": "-295.19500", "2006-12-31": 343.22, "2006-09-30": -10.534, "2006-06-30": 50.115, "2006-03-31": "1.81100", "2005-12-31": -12.106, "2005-09-30": -43.002, "2005-06-30": 76.23, "2005-03-31": "-9.97300"}, "Stock-Based Compensation": {"2020-12-31": -41.505, "2020-09-30": 13.566, "2020-06-30": 13.172, "2020-03-31": "14.76700", "2019-12-31": 12.579, "2019-09-30": 14.173, "2019-06-30": 14.31, "2019-03-31": "14.29600", "2018-12-31": 13.522, "2018-09-30": 12.937, "2018-06-30": 13.559, "2018-03-31": "12.54800", "2017-12-31": 10.866, "2017-09-30": 12.443, "2017-06-30": 12.356, "2017-03-31": "10.71000", "2016-12-31": 10.924, "2016-09-30": 10.814, "2016-06-30": 10.696, "2016-03-31": "9.22200", "2015-12-31": 9.089, "2015-09-30": 9.125, "2015-06-30": 8.941, "2015-03-31": "7.51900", "2014-12-31": 7.575, "2014-09-30": 7.575, "2014-06-30": 7.493, "2014-03-31": "5.04700", "2013-12-31": 4.975, "2013-09-30": 4.981, "2013-06-30": 4.902, "2013-03-31": "0.70700", "2012-12-31": 7.138, "2012-09-30": 3.912, "2012-06-30": 3.794, "2012-03-31": "2.76500", "2011-12-31": 2.7, "2011-09-30": 2.633, "2011-06-30": 2.677, "2011-03-31": "0.48600", "2010-12-31": 3.698, "2010-09-30": 2.11, "2010-06-30": 2.041, "2010-03-31": "1.48300", "2009-12-31": 1.454, "2009-09-30": 1.435, "2009-06-30": 1.386, "2009-03-31": "1.18000", "2008-12-31": 1.242, "2008-09-30": 1.235, "2008-06-30": 1.189, "2008-03-31": "0.56300", "2007-12-31": 0.539, "2007-09-30": 0.53, "2007-06-30": 0.541, "2007-03-31": "0.29800", "2006-12-31": 0.277, "2006-09-30": 0.265, "2006-06-30": 0.283, "2006-03-31": "0.20600", "2005-12-31": 0.196, "2005-09-30": 0.201, "2005-06-30": 0.346, "2005-03-31": ""}, "Common Stock Dividends Paid": {"2020-12-31": 90.061, "2020-09-30": -30.026, "2020-06-30": -30.028, "2020-03-31": "-30.00700", "2019-12-31": -30.323, "2019-09-30": -30.689, "2019-06-30": -30.93, "2019-03-31": "-30.83500", "2018-12-31": -31.011, "2018-09-30": -30.994, "2018-06-30": 0, "2018-03-31": "", "2017-12-31": 0, "2017-09-30": 0, "2017-06-30": 0, "2017-03-31": "", "2016-12-31": 0, "2016-09-30": 0, "2016-06-30": 0, "2016-03-31": "", "2015-12-31": 0, "2015-09-30": 0, "2015-06-30": 0, "2015-03-31": "", "2014-12-31": 0, "2014-09-30": 0, "2014-06-30": 0, "2014-03-31": "", "2013-12-31": 0, "2013-09-30": 0, "2013-06-30": 0, "2013-03-31": "", "2012-12-31": 0, "2012-09-30": 0, "2012-06-30": 0, "2012-03-31": "", "2011-12-31": 0, "2011-09-30": 0, "2011-06-30": 0, "2011-03-31": "", "2010-12-31": 0, "2010-09-30": 0, "2010-06-30": 0, "2010-03-31": "", "2009-12-31": 0, "2009-09-30": 0, "2009-06-30": 0, "2009-03-31": "", "2008-12-31": 0, "2008-09-30": 0, "2008-06-30": 0, "2008-03-31": "", "2007-12-31": 0, "2007-09-30": 0, "2007-06-30": 0, "2007-03-31": "", "2006-12-31": 0, "2006-09-30": 0, "2006-06-30": 0, "2006-03-31": "", "2005-12-31": 0, "2005-09-30": 0, "2005-06-30": 0, "2005-03-31": ""}}, "financial ratios": {"Current Ratio": {"2019-12-31": "", "2018-12-31": "", "2017-12-31": "", "2016-12-31": "", "2015-12-31": "", "2014-12-31": "", "2013-12-31": "", "2012-12-31": "", "2011-12-31": "", "2010-12-31": "", "2009-12-31": "", "2008-12-31": "", "2007-12-31": "", "2006-12-31": "", "2005-12-31": ""}, "Long-term Debt / Capital": {"2019-12-31": "0.08730", "2018-12-31": "0.05530", "2017-12-31": "0.06000", "2016-12-31": "0.06630", "2015-12-31": "", "2014-12-31": "", "2013-12-31": "", "2012-12-31": "", "2011-12-31": "", "2010-12-31": "", "2009-12-31": "", "2008-12-31": "", "2007-12-31": "", "2006-12-31": "", "2005-12-31": ""}, "Debt/Equity Ratio": {"2019-12-31": "0.99550", "2018-12-31": "1.37240", "2017-12-31": "1.30030", "2016-12-31": "0.88600", "2015-12-31": "1.22320", "2014-12-31": "0.82130", "2013-12-31": "1.87250", "2012-12-31": "0.96040", "2011-12-31": "1.01260", "2010-12-31": "1.29400", "2009-12-31": "1.25540", "2008-12-31": "1.50390", "2007-12-31": "1.91880", "2006-12-31": "1.86880", "2005-12-31": "1.42460"}, "Gross Margin": {"2019-12-31": "", "2018-12-31": "", "2017-12-31": "", "2016-12-31": "", "2015-12-31": "", "2014-12-31": "", "2013-12-31": "", "2012-12-31": "", "2011-12-31": "", "2010-12-31": "", "2009-12-31": "", "2008-12-31": "", "2007-12-31": "", "2006-12-31": "", "2005-12-31": ""}, "Operating Margin": {"2019-12-31": "", "2018-12-31": "", "2017-12-31": "", "2016-12-31": "", "2015-12-31": "", "2014-12-31": "", "2013-12-31": "", "2012-12-31": "", "2011-12-31": "", "2010-12-31": "", "2009-12-31": "", "2008-12-31": "", "2007-12-31": "", "2006-12-31": "", "2005-12-31": ""}, "EBIT Margin": {"2019-12-31": "", "2018-12-31": "", "2017-12-31": "", "2016-12-31": "", "2015-12-31": "", "2014-12-31": "", "2013-12-31": "", "2012-12-31": "", "2011-12-31": "", "2010-12-31": "", "2009-12-31": "", "2008-12-31": "", "2007-12-31": "", "2006-12-31": "", "2005-12-31": ""}, "EBITDA Margin": {"2019-12-31": "", "2018-12-31": "", "2017-12-31": "", "2016-12-31": "", "2015-12-31": "", "2014-12-31": "", "2013-12-31": "", "2012-12-31": "", "2011-12-31": "", "2010-12-31": "", "2009-12-31": "", "2008-12-31": "", "2007-12-31": "", "2006-12-31": "", "2005-12-31": ""}, "Pre-Tax Profit Margin": {"2019-12-31": "59.80960", "2018-12-31": "58.07010", "2017-12-31": "56.93820", "2016-12-31": "63.56950", "2015-12-31": "64.79760", "2014-12-31": "63.57320", "2013-12-31": "61.30070", "2012-12-31": "59.92730", "2011-12-31": "59.39010", "2010-12-31": "51.66240", "2009-12-31": "41.06260", "2008-12-31": "36.83560", "2007-12-31": "30.83230", "2006-12-31": "41.64950", "2005-12-31": "28.60270"}, "Net Profit Margin": {"2019-12-31": "44.57520", "2018-12-31": "43.49490", "2017-12-31": "38.32500", "2016-12-31": "38.32110", "2015-12-31": "38.48840", "2014-12-31": "36.85660", "2013-12-31": "35.81340", "2012-12-31": "34.05750", "2011-12-31": "33.23180", "2010-12-31": "29.91520", "2009-12-31": "19.86650", "2008-12-31": "21.91980", "2007-12-31": "19.04690", "2006-12-31": "23.96020", "2005-12-31": "13.85820"}, "Asset Turnover": {"2019-12-31": "0.02600", "2018-12-31": "0.02450", "2017-12-31": "0.02340", "2016-12-31": "0.02650", "2015-12-31": "0.02900", "2014-12-31": "0.02950", "2013-12-31": "0.02850", "2012-12-31": "0.03120", "2011-12-31": "0.03070", "2010-12-31": "0.02920", "2009-12-31": "0.02780", "2008-12-31": "0.02730", "2007-12-31": "0.02450", "2006-12-31": "0.02580", "2005-12-31": "0.02610"}, "Inventory Turnover Ratio": {"2019-12-31": "", "2018-12-31": "", "2017-12-31": "", "2016-12-31": "", "2015-12-31": "", "2014-12-31": "", "2013-12-31": "", "2012-12-31": "", "2011-12-31": "", "2010-12-31": "", "2009-12-31": "", "2008-12-31": "", "2007-12-31": "", "2006-12-31": "", "2005-12-31": ""}, "Receiveable Turnover": {"2019-12-31": "", "2018-12-31": "", "2017-12-31": "", "2016-12-31": "", "2015-12-31": "", "2014-12-31": "", "2013-12-31": "", "2012-12-31": "", "2011-12-31": "", "2010-12-31": "", "2009-12-31": "", "2008-12-31": "", "2007-12-31": "", "2006-12-31": "", "2005-12-31": ""}, "Days Sales In Receivables": {"2019-12-31": "", "2018-12-31": "", "2017-12-31": "", "2016-12-31": "", "2015-12-31": "", "2014-12-31": "", "2013-12-31": "", "2012-12-31": "", "2011-12-31": "", "2010-12-31": "", "2009-12-31": "", "2008-12-31": "", "2007-12-31": "", "2006-12-31": "", "2005-12-31": ""}, "ROE - Return On Equity": {"2019-12-31": "12.34690", "2018-12-31": "11.46640", "2017-12-31": "9.60410", "2016-12-31": "10.97160", "2015-12-31": "12.90060", "2014-12-31": "11.88610", "2013-12-31": "12.70840", "2012-12-31": "11.23920", "2011-12-31": "10.61890", "2010-12-31": "10.80420", "2009-12-31": "7.80510", "2008-12-31": "7.36370", "2007-12-31": "6.40720", "2006-12-31": "8.49720", "2005-12-31": "4.52130"}, "Return On Tangible Equity": {"2019-12-31": "12.34690", "2018-12-31": "11.46640", "2017-12-31": "9.60410", "2016-12-31": "10.97160", "2015-12-31": "12.90060", "2014-12-31": "11.88600", "2013-12-31": "12.70840", "2012-12-31": "11.23920", "2011-12-31": "10.61890", "2010-12-31": "10.80420", "2009-12-31": "7.80510", "2008-12-31": "6.21070", "2007-12-31": "6.40720", "2006-12-31": "8.49730", "2005-12-31": "4.52130"}, "ROA - Return On Assets": {"2019-12-31": "1.16350", "2018-12-31": "1.06690", "2017-12-31": "0.89800", "2016-12-31": "1.01500", "2015-12-31": "1.11530", "2014-12-31": "1.08610", "2013-12-31": "1.02220", "2012-12-31": "1.06260", "2011-12-31": "1.01950", "2010-12-31": "0.87420", "2009-12-31": "0.68580", "2008-12-31": "0.60290", "2007-12-31": "0.46670", "2006-12-31": "0.61780", "2005-12-31": "0.36190"}, "ROI - Return On Investment": {"2019-12-31": "11.26930", "2018-12-31": "10.83190", "2017-12-31": "9.02780", "2016-12-31": "10.24400", "2015-12-31": "12.90060", "2014-12-31": "11.88610", "2013-12-31": "12.70840", "2012-12-31": "11.23920", "2011-12-31": "10.61890", "2010-12-31": "10.80420", "2009-12-31": "7.80510", "2008-12-31": "6.21070", "2007-12-31": "6.40720", "2006-12-31": "8.49720", "2005-12-31": "4.52130"}, "Book Value Per Share": {"2019-12-31": "89.12230", "2018-12-31": "80.07300", "2017-12-31": "73.33280", "2016-12-31": "66.14540", "2015-12-31": "56.81290", "2014-12-31": "49.60930", "2013-12-31": "38.05930", "2012-12-31": "34.94240", "2011-12-31": "30.49060", "2010-12-31": "22.84380", "2009-12-31": "19.78480", "2008-12-31": "19.80810", "2007-12-31": "14.33720", "2006-12-31": "13.26430", "2005-12-31": "11.94710"}, "Operating Cash Flow Per Share": {"2019-12-31": 2.4933, "2018-12-31": 1.8853, "2017-12-31": -0.4661, "2016-12-31": -0.0053, "2015-12-31": 2.0657, "2014-12-31": 4.2231, "2013-12-31": -3.8229, "2012-12-31": 4.2302, "2011-12-31": 2.6586, "2010-12-31": 1.1092, "2009-12-31": -1.7928, "2008-12-31": 3.5385, "2007-12-31": -3.3761, "2006-12-31": 4.389, "2005-12-31": -2.7174}, "Free Cash Flow Per Share": {"2019-12-31": 2.0936, "2018-12-31": 2.0991, "2017-12-31": -0.5811, "2016-12-31": -0.0762, "2015-12-31": 2.0998, "2014-12-31": 4.2083, "2013-12-31": -3.8998, "2012-12-31": 4.2142, "2011-12-31": 2.5752, "2010-12-31": 1.1309, "2009-12-31": -1.5589, "2008-12-31": 3.495, "2007-12-31": -3.4225, "2006-12-31": 4.3303, "2005-12-31": -2.9054}}, "financial ratios, quarterly": {"Current Ratio": {"2020-09-30": "", "2020-06-30": "", "2020-03-31": "", "2019-12-31": "", "2019-09-30": "", "2019-06-30": "", "2019-03-31": "", "2018-12-31": "", "2018-09-30": "", "2018-06-30": "", "2018-03-31": "", "2017-12-31": "", "2017-09-30": "", "2017-06-30": "", "2017-03-31": "", "2016-12-31": "", "2016-09-30": "", "2016-06-30": "", "2016-03-31": "", "2015-12-31": "", "2015-09-30": "", "2015-06-30": "", "2015-03-31": "", "2014-12-31": "", "2014-09-30": "", "2014-06-30": "", "2014-03-31": "", "2013-12-31": "", "2013-09-30": "", "2013-06-30": "", "2013-03-31": "", "2012-12-31": "", "2012-09-30": "", "2012-06-30": "", "2012-03-31": "", "2011-12-31": "", "2011-09-30": "", "2011-06-30": "", "2011-03-31": "", "2010-12-31": "", "2010-09-30": "", "2010-06-30": "", "2010-03-31": "", "2009-12-31": "", "2009-09-30": "", "2009-06-30": "", "2009-03-31": "", "2008-12-31": "", "2008-09-30": "", "2008-06-30": "", "2008-03-31": "", "2007-12-31": "", "2007-09-30": "", "2007-06-30": "", "2007-03-31": "", "2006-12-31": "", "2006-09-30": "", "2006-06-30": "", "2006-03-31": "", "2005-12-31": "", "2005-09-30": "", "2005-06-30": "", "2005-03-31": ""}, "Long-term Debt / Capital": {"2020-09-30": "0.08400", "2020-06-30": "0.08590", "2020-03-31": "0.08740", "2019-12-31": "0.08770", "2019-09-30": "0.05170", "2019-06-30": "0.05260", "2019-03-31": "0.05370", "2018-12-31": "0.05530", "2018-09-30": "0.05740", "2018-06-30": "0.05850", "2018-03-31": "0.06050", "2017-12-31": "0.06000", "2017-09-30": "0.06140", "2017-06-30": "0.06340", "2017-03-31": "0.06390", "2016-12-31": "0.06630", "2016-09-30": "0.06720", "2016-06-30": "0.06830", "2016-03-31": "", "2015-12-31": "", "2015-09-30": "", "2015-06-30": "", "2015-03-31": "", "2014-12-31": "", "2014-09-30": "", "2014-06-30": "", "2014-03-31": "", "2013-12-31": "", "2013-09-30": "", "2013-06-30": "", "2013-03-31": "", "2012-12-31": "", "2012-09-30": "", "2012-06-30": "", "2012-03-31": "", "2011-12-31": "", "2011-09-30": "", "2011-06-30": "", "2011-03-31": "", "2010-12-31": "", "2010-09-30": "", "2010-06-30": "", "2010-03-31": "", "2009-12-31": "", "2009-09-30": "", "2009-06-30": "", "2009-03-31": "", "2008-12-31": "", "2008-09-30": "", "2008-06-30": "", "2008-03-31": "", "2007-12-31": "", "2007-09-30": "", "2007-06-30": "", "2007-03-31": "", "2006-12-31": "", "2006-09-30": "", "2006-06-30": "", "2006-03-31": "", "2005-12-31": "", "2005-09-30": "", "2005-06-30": "", "2005-03-31": ""}, "Debt/Equity Ratio": {"2020-09-30": "0.69160", "2020-06-30": "0.92360", "2020-03-31": "1.13050", "2019-12-31": "1.00060", "2019-09-30": "1.02830", "2019-06-30": "1.26020", "2019-03-31": "1.45840", "2018-12-31": "1.37240", "2018-09-30": "1.18990", "2018-06-30": "1.35930", "2018-03-31": "1.31400", "2017-12-31": "1.30030", "2017-09-30": "0.84420", "2017-06-30": "0.93960", "2017-03-31": "0.84140", "2016-12-31": "0.88600", "2016-09-30": "0.72510", "2016-06-30": "0.92180", "2016-03-31": "0.93350", "2015-12-31": "1.22320", "2015-09-30": "0.79750", "2015-06-30": "0.94590", "2015-03-31": "0.68330", "2014-12-31": "0.82130", "2014-09-30": "0.86410", "2014-06-30": "1.01140", "2014-03-31": "1.44830", "2013-12-31": "1.87250", "2013-09-30": "1.72910", "2013-06-30": "1.50460", "2013-03-31": "0.91960", "2012-12-31": "0.96040", "2012-09-30": "0.70440", "2012-06-30": "0.85130", "2012-03-31": "0.80700", "2011-12-31": "1.01260", "2011-09-30": "0.88240", "2011-06-30": "0.96670", "2011-03-31": "1.11410", "2010-12-31": "1.29400", "2010-09-30": "0.93330", "2010-06-30": "1.01140", "2010-03-31": "1.07080", "2009-12-31": "1.25540", "2009-09-30": "1.18060", "2009-06-30": "1.28560", "2009-03-31": "1.62270", "2008-12-31": "1.50390", "2008-09-30": "1.90910", "2008-06-30": "2.26570", "2008-03-31": "1.73130", "2007-12-31": "1.91880", "2007-09-30": "1.77440", "2007-06-30": "1.82630", "2007-03-31": "1.82070", "2006-12-31": "1.86880", "2006-09-30": "2.01720", "2006-06-30": "1.64820", "2006-03-31": "2.14470", "2005-12-31": "1.42460", "2005-09-30": "1.30910", "2005-06-30": "1.36080", "2005-03-31": "1.24140"}, "Gross Margin": {"2020-09-30": "", "2020-06-30": "", "2020-03-31": "", "2019-12-31": "", "2019-09-30": "", "2019-06-30": "", "2019-03-31": "", "2018-12-31": "", "2018-09-30": "", "2018-06-30": "", "2018-03-31": "", "2017-12-31": "", "2017-09-30": "", "2017-06-30": "", "2017-03-31": "", "2016-12-31": "", "2016-09-30": "", "2016-06-30": "", "2016-03-31": "", "2015-12-31": "", "2015-09-30": "", "2015-06-30": "", "2015-03-31": "", "2014-12-31": "", "2014-09-30": "", "2014-06-30": "", "2014-03-31": "", "2013-12-31": "", "2013-09-30": "", "2013-06-30": "", "2013-03-31": "", "2012-12-31": "", "2012-09-30": "", "2012-06-30": "", "2012-03-31": "", "2011-12-31": "", "2011-09-30": "", "2011-06-30": "", "2011-03-31": "", "2010-12-31": "", "2010-09-30": "", "2010-06-30": "", "2010-03-31": "", "2009-12-31": "", "2009-09-30": "", "2009-06-30": "", "2009-03-31": "", "2008-12-31": "", "2008-09-30": "", "2008-06-30": "", "2008-03-31": "", "2007-12-31": "", "2007-09-30": "", "2007-06-30": "", "2007-03-31": "", "2006-12-31": "", "2006-09-30": "", "2006-06-30": "", "2006-03-31": "", "2005-12-31": "", "2005-09-30": "", "2005-06-30": "", "2005-03-31": ""}, "Operating Margin": {"2020-09-30": "", "2020-06-30": "", "2020-03-31": "", "2019-12-31": "", "2019-09-30": "", "2019-06-30": "", "2019-03-31": "", "2018-12-31": "", "2018-09-30": "", "2018-06-30": "", "2018-03-31": "", "2017-12-31": "", "2017-09-30": "", "2017-06-30": "", "2017-03-31": "", "2016-12-31": "", "2016-09-30": "", "2016-06-30": "", "2016-03-31": "", "2015-12-31": "", "2015-09-30": "", "2015-06-30": "", "2015-03-31": "", "2014-12-31": "", "2014-09-30": "", "2014-06-30": "", "2014-03-31": "", "2013-12-31": "", "2013-09-30": "", "2013-06-30": "", "2013-03-31": "", "2012-12-31": "", "2012-09-30": "", "2012-06-30": "", "2012-03-31": "", "2011-12-31": "", "2011-09-30": "", "2011-06-30": "", "2011-03-31": "", "2010-12-31": "", "2010-09-30": "", "2010-06-30": "", "2010-03-31": "", "2009-12-31": "", "2009-09-30": "", "2009-06-30": "", "2009-03-31": "", "2008-12-31": "", "2008-09-30": "", "2008-06-30": "", "2008-03-31": "", "2007-12-31": "", "2007-09-30": "", "2007-06-30": "", "2007-03-31": "", "2006-12-31": "", "2006-09-30": "", "2006-06-30": "", "2006-03-31": "", "2005-12-31": "", "2005-09-30": "", "2005-06-30": "", "2005-03-31": ""}, "EBIT Margin": {"2020-09-30": "", "2020-06-30": "", "2020-03-31": "", "2019-12-31": "", "2019-09-30": "", "2019-06-30": "", "2019-03-31": "", "2018-12-31": "", "2018-09-30": "", "2018-06-30": "", "2018-03-31": "", "2017-12-31": "", "2017-09-30": "", "2017-06-30": "", "2017-03-31": "", "2016-12-31": "", "2016-09-30": "", "2016-06-30": "", "2016-03-31": "", "2015-12-31": "", "2015-09-30": "", "2015-06-30": "", "2015-03-31": "", "2014-12-31": "", "2014-09-30": "", "2014-06-30": "", "2014-03-31": "", "2013-12-31": "", "2013-09-30": "", "2013-06-30": "", "2013-03-31": "", "2012-12-31": "", "2012-09-30": "", "2012-06-30": "", "2012-03-31": "", "2011-12-31": "", "2011-09-30": "", "2011-06-30": "", "2011-03-31": "", "2010-12-31": "", "2010-09-30": "", "2010-06-30": "", "2010-03-31": "", "2009-12-31": "", "2009-09-30": "", "2009-06-30": "", "2009-03-31": "", "2008-12-31": "", "2008-09-30": "", "2008-06-30": "", "2008-03-31": "", "2007-12-31": "", "2007-09-30": "", "2007-06-30": "", "2007-03-31": "", "2006-12-31": "", "2006-09-30": "", "2006-06-30": "", "2006-03-31": "", "2005-12-31": "", "2005-09-30": "", "2005-06-30": "", "2005-03-31": ""}, "EBITDA Margin": {"2020-09-30": "", "2020-06-30": "", "2020-03-31": "", "2019-12-31": "", "2019-09-30": "", "2019-06-30": "", "2019-03-31": "", "2018-12-31": "", "2018-09-30": "", "2018-06-30": "", "2018-03-31": "", "2017-12-31": "", "2017-09-30": "", "2017-06-30": "", "2017-03-31": "", "2016-12-31": "", "2016-09-30": "", "2016-06-30": "", "2016-03-31": "", "2015-12-31": "", "2015-09-30": "", "2015-06-30": "", "2015-03-31": "", "2014-12-31": "", "2014-09-30": "", "2014-06-30": "", "2014-03-31": "", "2013-12-31": "", "2013-09-30": "", "2013-06-30": "", "2013-03-31": "", "2012-12-31": "", "2012-09-30": "", "2012-06-30": "", "2012-03-31": "", "2011-12-31": "", "2011-09-30": "", "2011-06-30": "", "2011-03-31": "", "2010-12-31": "", "2010-09-30": "", "2010-06-30": "", "2010-03-31": "", "2009-12-31": "", "2009-09-30": "", "2009-06-30": "", "2009-03-31": "", "2008-12-31": "", "2008-09-30": "", "2008-06-30": "", "2008-03-31": "", "2007-12-31": "", "2007-09-30": "", "2007-06-30": "", "2007-03-31": "", "2006-12-31": "", "2006-09-30": "", "2006-06-30": "", "2006-03-31": "", "2005-12-31": "", "2005-09-30": "", "2005-06-30": "", "2005-03-31": ""}, "Pre-Tax Profit Margin": {"2020-09-30": "55.43160", "2020-06-30": "50.49590", "2020-03-31": "51.30030", "2019-12-31": "55.59120", "2019-09-30": "60.68310", "2019-06-30": "60.97050", "2019-03-31": "61.70920", "2018-12-31": "64.38230", "2018-09-30": "63.59860", "2018-06-30": "64.66640", "2018-03-31": "25.60000", "2017-12-31": "61.62170", "2017-09-30": "65.09290", "2017-06-30": "10.00540", "2017-03-31": "64.65800", "2016-12-31": "66.30350", "2016-09-30": "56.47770", "2016-06-30": "64.70320", "2016-03-31": "65.41640", "2015-12-31": "66.11900", "2015-09-30": "65.03180", "2015-06-30": "64.18650", "2015-03-31": "63.65090", "2014-12-31": "64.74380", "2014-09-30": "63.88410", "2014-06-30": "63.23110", "2014-03-31": "62.23460", "2013-12-31": "62.80400", "2013-09-30": "62.04510", "2013-06-30": "60.13820", "2013-03-31": "59.91580", "2012-12-31": "60.10970", "2012-09-30": "60.74000", "2012-06-30": "58.99730", "2012-03-31": "59.80060", "2011-12-31": "60.25740", "2011-09-30": "60.10440", "2011-06-30": "59.03390", "2011-03-31": "58.02400", "2010-12-31": "55.62370", "2010-09-30": "52.78160", "2010-06-30": "47.99990", "2010-03-31": "49.46790", "2009-12-31": "47.74730", "2009-09-30": "39.78010", "2009-06-30": "33.42740", "2009-03-31": "41.69840", "2008-12-31": "41.73150", "2008-09-30": "31.78550", "2008-06-30": "37.04140", "2008-03-31": "36.06210", "2007-12-31": "-38.58650", "2007-09-30": "41.35540", "2007-06-30": "40.69700", "2007-03-31": "40.52600", "2006-12-31": "41.58410", "2006-09-30": "41.25660", "2006-06-30": "42.65620", "2006-03-31": "41.11360", "2005-12-31": "39.43860", "2005-09-30": "39.64170", "2005-06-30": "-6.14020", "2005-03-31": "38.78730"}, "Net Profit Margin": {"2020-09-30": "38.45810", "2020-06-30": "38.20670", "2020-03-31": "33.50650", "2019-12-31": "47.81360", "2019-09-30": "43.36380", "2019-06-30": "43.59060", "2019-03-31": "43.77920", "2018-12-31": "47.94330", "2018-09-30": "48.13720", "2018-06-30": "48.51140", "2018-03-31": "18.67530", "2017-12-31": "40.08800", "2017-09-30": "41.13430", "2017-06-30": "10.80260", "2017-03-31": "45.86150", "2016-12-31": "40.02580", "2016-09-30": "34.42720", "2016-06-30": "39.09500", "2016-03-31": "38.97000", "2015-12-31": "39.45960", "2015-09-30": "39.04630", "2015-06-30": "38.15390", "2015-03-31": "37.10200", "2014-12-31": "37.78380", "2014-09-30": "37.34760", "2014-06-30": "36.52200", "2014-03-31": "35.59290", "2013-12-31": "37.12740", "2013-09-30": "36.63310", "2013-06-30": "34.77260", "2013-03-31": "34.44000", "2012-12-31": "34.42040", "2012-09-30": "34.08490", "2012-06-30": "33.84960", "2012-03-31": "33.82670", "2011-12-31": "33.71000", "2011-09-30": "33.47620", "2011-06-30": "33.17150", "2011-03-31": "32.49830", "2010-12-31": "32.84420", "2010-09-30": "30.42620", "2010-06-30": "27.75960", "2010-03-31": "28.09120", "2009-12-31": "28.52460", "2009-09-30": "23.68470", "2009-06-30": "20.48720", "2009-03-31": "4.13360", "2008-12-31": "23.96600", "2008-09-30": "19.14630", "2008-06-30": "22.24410", "2008-03-31": "22.04910", "2007-12-31": "-16.73210", "2007-09-30": "24.66310", "2007-06-30": "24.20560", "2007-03-31": "23.74930", "2006-12-31": "23.71660", "2006-09-30": "23.63270", "2006-06-30": "24.45170", "2006-03-31": "24.08230", "2005-12-31": "22.67450", "2005-09-30": "21.99310", "2005-06-30": "-13.61820", "2005-03-31": "22.27370"}, "Asset Turnover": {"2020-09-30": "0.00570", "2020-06-30": "0.00510", "2020-03-31": "0.00560", "2019-12-31": "0.00610", "2019-09-30": "0.00690", "2019-06-30": "0.00690", "2019-03-31": "0.00670", "2018-12-31": "0.00710", "2018-09-30": "0.00700", "2018-06-30": "0.00700", "2018-03-31": "0.00420", "2017-12-31": "0.00660", "2017-09-30": "0.00730", "2017-06-30": "0.00320", "2017-03-31": "0.00730", "2016-12-31": "0.00730", "2016-09-30": "0.00580", "2016-06-30": "0.00720", "2016-03-31": "0.00760", "2015-12-31": "0.00780", "2015-09-30": "0.00770", "2015-06-30": "0.00790", "2015-03-31": "0.00790", "2014-12-31": "0.00790", "2014-09-30": "0.00790", "2014-06-30": "0.00810", "2014-03-31": "0.00800", "2013-12-31": "0.00770", "2013-09-30": "0.00780", "2013-06-30": "0.00780", "2013-03-31": "0.00800", "2012-12-31": "0.00830", "2012-09-30": "0.00850", "2012-06-30": "0.00840", "2012-03-31": "0.00820", "2011-12-31": "0.00810", "2011-09-30": "0.00830", "2011-06-30": "0.00840", "2011-03-31": "0.00860", "2010-12-31": "0.00790", "2010-09-30": "0.00820", "2010-06-30": "0.00770", "2010-03-31": "0.00810", "2009-12-31": "0.00800", "2009-09-30": "0.00740", "2009-06-30": "0.00740", "2009-03-31": "0.00790", "2008-12-31": "0.00760", "2008-09-30": "0.00720", "2008-06-30": "0.00770", "2008-03-31": "0.00770", "2007-12-31": "0.00310", "2007-09-30": "0.00780", "2007-06-30": "0.00740", "2007-03-31": "0.00760", "2006-12-31": "0.00690", "2006-09-30": "0.00740", "2006-06-30": "0.00720", "2006-03-31": "0.00740", "2005-12-31": "0.00750", "2005-09-30": "0.00730", "2005-06-30": "0.00720", "2005-03-31": "0.00720"}, "Inventory Turnover Ratio": {"2020-09-30": "", "2020-06-30": "", "2020-03-31": "", "2019-12-31": "", "2019-09-30": "", "2019-06-30": "", "2019-03-31": "", "2018-12-31": "", "2018-09-30": "", "2018-06-30": "", "2018-03-31": "", "2017-12-31": "", "2017-09-30": "", "2017-06-30": "", "2017-03-31": "", "2016-12-31": "", "2016-09-30": "", "2016-06-30": "", "2016-03-31": "", "2015-12-31": "", "2015-09-30": "", "2015-06-30": "", "2015-03-31": "", "2014-12-31": "", "2014-09-30": "", "2014-06-30": "", "2014-03-31": "", "2013-12-31": "", "2013-09-30": "", "2013-06-30": "", "2013-03-31": "", "2012-12-31": "", "2012-09-30": "", "2012-06-30": "", "2012-03-31": "", "2011-12-31": "", "2011-09-30": "", "2011-06-30": "", "2011-03-31": "", "2010-12-31": "", "2010-09-30": "", "2010-06-30": "", "2010-03-31": "", "2009-12-31": "", "2009-09-30": "", "2009-06-30": "", "2009-03-31": "", "2008-12-31": "", "2008-09-30": "", "2008-06-30": "", "2008-03-31": "", "2007-12-31": "", "2007-09-30": "", "2007-06-30": "", "2007-03-31": "", "2006-12-31": "", "2006-09-30": "", "2006-06-30": "", "2006-03-31": "", "2005-12-31": "", "2005-09-30": "", "2005-06-30": "", "2005-03-31": ""}, "Receiveable Turnover": {"2020-09-30": "", "2020-06-30": "", "2020-03-31": "", "2019-12-31": "", "2019-09-30": "", "2019-06-30": "", "2019-03-31": "", "2018-12-31": "", "2018-09-30": "", "2018-06-30": "", "2018-03-31": "", "2017-12-31": "", "2017-09-30": "", "2017-06-30": "", "2017-03-31": "", "2016-12-31": "", "2016-09-30": "", "2016-06-30": "", "2016-03-31": "", "2015-12-31": "", "2015-09-30": "", "2015-06-30": "", "2015-03-31": "", "2014-12-31": "", "2014-09-30": "", "2014-06-30": "", "2014-03-31": "", "2013-12-31": "", "2013-09-30": "", "2013-06-30": "", "2013-03-31": "", "2012-12-31": "", "2012-09-30": "", "2012-06-30": "", "2012-03-31": "", "2011-12-31": "", "2011-09-30": "", "2011-06-30": "", "2011-03-31": "", "2010-12-31": "", "2010-09-30": "", "2010-06-30": "", "2010-03-31": "", "2009-12-31": "", "2009-09-30": "", "2009-06-30": "", "2009-03-31": "", "2008-12-31": "", "2008-09-30": "", "2008-06-30": "", "2008-03-31": "", "2007-12-31": "", "2007-09-30": "", "2007-06-30": "", "2007-03-31": "", "2006-12-31": "", "2006-09-30": "", "2006-06-30": "", "2006-03-31": "", "2005-12-31": "", "2005-09-30": "", "2005-06-30": "", "2005-03-31": ""}, "Days Sales In Receivables": {"2020-09-30": "", "2020-06-30": "", "2020-03-31": "", "2019-12-31": "", "2019-09-30": "", "2019-06-30": "", "2019-03-31": "", "2018-12-31": "", "2018-09-30": "", "2018-06-30": "", "2018-03-31": "", "2017-12-31": "", "2017-09-30": "", "2017-06-30": "", "2017-03-31": "", "2016-12-31": "", "2016-09-30": "", "2016-06-30": "", "2016-03-31": "", "2015-12-31": "", "2015-09-30": "", "2015-06-30": "", "2015-03-31": "", "2014-12-31": "", "2014-09-30": "", "2014-06-30": "", "2014-03-31": "", "2013-12-31": "", "2013-09-30": "", "2013-06-30": "", "2013-03-31": "", "2012-12-31": "", "2012-09-30": "", "2012-06-30": "", "2012-03-31": "", "2011-12-31": "", "2011-09-30": "", "2011-06-30": "", "2011-03-31": "", "2010-12-31": "", "2010-09-30": "", "2010-06-30": "", "2010-03-31": "", "2009-12-31": "", "2009-09-30": "", "2009-06-30": "", "2009-03-31": "", "2008-12-31": "", "2008-09-30": "", "2008-06-30": "", "2008-03-31": "", "2007-12-31": "", "2007-09-30": "", "2007-06-30": "", "2007-03-31": "", "2006-12-31": "", "2006-09-30": "", "2006-06-30": "", "2006-03-31": "", "2005-12-31": "", "2005-09-30": "", "2005-06-30": "", "2005-03-31": ""}, "ROE - Return On Equity": {"2020-09-30": "2.78030", "2020-06-30": "2.41050", "2020-03-31": "2.09040", "2019-12-31": "3.16220", "2019-09-30": "3.12360", "2019-06-30": "3.15980", "2019-03-31": "3.15140", "2018-12-31": "3.64950", "2018-09-30": "3.66790", "2018-06-30": "3.72710", "2018-03-31": "0.86150", "2017-12-31": "2.84910", "2017-09-30": "3.16560", "2017-06-30": "0.36760", "2017-03-31": "3.55700", "2016-12-31": "3.15420", "2016-09-30": "2.13700", "2016-06-30": "2.92580", "2016-03-31": "3.08800", "2015-12-31": "3.56130", "2015-09-30": "3.41020", "2015-06-30": "3.35130", "2015-03-31": "3.18290", "2014-12-31": "3.26130", "2014-09-30": "3.19830", "2014-06-30": "3.16480", "2014-03-31": "3.45200", "2013-12-31": "3.57460", "2013-09-30": "3.41750", "2013-06-30": "3.14150", "2013-03-31": "2.95240", "2012-12-31": "3.03780", "2012-09-30": "3.01070", "2012-06-30": "2.98670", "2012-03-31": "2.89470", "2011-12-31": "2.83900", "2011-09-30": "2.80880", "2011-06-30": "3.46530", "2011-03-31": "3.48320", "2010-12-31": "3.21060", "2010-09-30": "2.97470", "2010-06-30": "2.51090", "2010-03-31": "2.64930", "2009-12-31": "2.60930", "2009-09-30": "1.96020", "2009-06-30": "1.62690", "2009-03-31": "2.51270", "2008-12-31": "2.28630", "2008-09-30": "1.61930", "2008-06-30": "2.54590", "2008-03-31": "2.27500", "2007-12-31": "-0.71120", "2007-09-30": "2.56100", "2007-06-30": "2.51320", "2007-03-31": "2.28620", "2006-12-31": "2.26290", "2006-09-30": "2.19660", "2006-06-30": "2.31610", "2006-03-31": "2.25550", "2005-12-31": "2.11060", "2005-09-30": "1.84390", "2005-06-30": "-1.05280", "2005-03-31": "1.70090"}, "Return On Tangible Equity": {"2020-09-30": "2.78030", "2020-06-30": "2.41050", "2020-03-31": "2.09040", "2019-12-31": "3.16220", "2019-09-30": "3.12360", "2019-06-30": "3.15980", "2019-03-31": "3.15140", "2018-12-31": "3.64950", "2018-09-30": "3.66790", "2018-06-30": "3.72710", "2018-03-31": "0.86150", "2017-12-31": "2.84910", "2017-09-30": "3.16560", "2017-06-30": "0.36760", "2017-03-31": "3.55700", "2016-12-31": "3.15420", "2016-09-30": "2.13700", "2016-06-30": "2.92580", "2016-03-31": "3.08800", "2015-12-31": "3.56130", "2015-09-30": "3.41020", "2015-06-30": "3.35130", "2015-03-31": "3.18290", "2014-12-31": "3.26130", "2014-09-30": "3.19830", "2014-06-30": "3.16480", "2014-03-31": "3.45200", "2013-12-31": "3.57460", "2013-09-30": "3.41750", "2013-06-30": "3.14150", "2013-03-31": "2.95240", "2012-12-31": "3.03780", "2012-09-30": "3.01070", "2012-06-30": "2.98670", "2012-03-31": "2.89470", "2011-12-31": "2.83900", "2011-09-30": "2.80880", "2011-06-30": "3.46530", "2011-03-31": "3.48320", "2010-12-31": "3.21060", "2010-09-30": "2.97470", "2010-06-30": "2.51090", "2010-03-31": "2.64930", "2009-12-31": "2.60930", "2009-09-30": "1.96020", "2009-06-30": "1.62690", "2009-03-31": "2.51270", "2008-12-31": "1.92830", "2008-09-30": "1.61930", "2008-06-30": "2.54590", "2008-03-31": "2.27500", "2007-12-31": "-0.71120", "2007-09-30": "2.56100", "2007-06-30": "2.51320", "2007-03-31": "2.28620", "2006-12-31": "2.26290", "2006-09-30": "2.19660", "2006-06-30": "2.31610", "2006-03-31": "2.25550", "2005-12-31": "2.11060", "2005-09-30": "1.84390", "2005-06-30": "-1.05280", "2005-03-31": "1.70090"}, "ROA - Return On Assets": {"2020-09-30": "0.21730", "2020-06-30": "0.19420", "2020-03-31": "0.18760", "2019-12-31": "0.29660", "2019-09-30": "0.29980", "2019-06-30": "0.30140", "2019-03-31": "0.29550", "2018-12-31": "0.33960", "2018-09-30": "0.33890", "2018-06-30": "0.34190", "2018-03-31": "0.07760", "2017-12-31": "0.26640", "2017-09-30": "0.30120", "2017-06-30": "0.03430", "2017-03-31": "0.33260", "2016-12-31": "0.29180", "2016-09-30": "0.20140", "2016-06-30": "0.27980", "2016-03-31": "0.29810", "2015-12-31": "0.30790", "2015-09-30": "0.30150", "2015-06-30": "0.30180", "2015-03-31": "0.29170", "2014-12-31": "0.29800", "2014-09-30": "0.29600", "2014-06-30": "0.29550", "2014-03-31": "0.28570", "2013-12-31": "0.28750", "2013-09-30": "0.28640", "2013-06-30": "0.27180", "2013-03-31": "0.27720", "2012-12-31": "0.28720", "2012-09-30": "0.28980", "2012-06-30": "0.28530", "2012-03-31": "0.27730", "2011-12-31": "0.27260", "2011-09-30": "0.27670", "2011-06-30": "0.27980", "2011-03-31": "0.27930", "2010-12-31": "0.25980", "2010-09-30": "0.25020", "2010-06-30": "0.21450", "2010-03-31": "0.22690", "2009-12-31": "0.22930", "2009-09-30": "0.17630", "2009-06-30": "0.15200", "2009-03-31": "0.19680", "2008-12-31": "0.18720", "2008-09-30": "0.13730", "2008-06-30": "0.17040", "2008-03-31": "0.16930", "2007-12-31": "-0.05180", "2007-09-30": "0.19140", "2007-06-30": "0.17940", "2007-03-31": "0.17970", "2006-12-31": "0.16450", "2006-09-30": "0.17560", "2006-06-30": "0.17520", "2006-03-31": "0.17710", "2005-12-31": "0.16890", "2005-09-30": "0.16160", "2005-06-30": "-0.09760", "2005-03-31": "0.16140"}, "ROI - Return On Investment": {"2020-09-30": "2.54670", "2020-06-30": "2.20350", "2020-03-31": "1.90760", "2019-12-31": "2.88490", "2019-09-30": "2.96200", "2019-06-30": "2.99370", "2019-03-31": "2.98220", "2018-12-31": "3.44750", "2018-09-30": "3.45750", "2018-06-30": "3.50900", "2018-03-31": "0.80940", "2017-12-31": "2.67810", "2017-09-30": "2.97130", "2017-06-30": "0.34430", "2017-03-31": "3.32990", "2016-12-31": "2.94500", "2016-09-30": "1.99340", "2016-06-30": "2.72580", "2016-03-31": "3.08800", "2015-12-31": "3.56130", "2015-09-30": "3.41020", "2015-06-30": "3.35130", "2015-03-31": "3.18290", "2014-12-31": "3.26130", "2014-09-30": "3.19830", "2014-06-30": "3.16480", "2014-03-31": "3.45200", "2013-12-31": "3.57460", "2013-09-30": "3.41750", "2013-06-30": "3.14150", "2013-03-31": "2.95240", "2012-12-31": "3.03780", "2012-09-30": "3.01070", "2012-06-30": "2.98670", "2012-03-31": "2.89470", "2011-12-31": "2.83900", "2011-09-30": "2.80880", "2011-06-30": "3.46530", "2011-03-31": "3.48320", "2010-12-31": "3.21060", "2010-09-30": "2.97470", "2010-06-30": "2.51090", "2010-03-31": "2.64930", "2009-12-31": "2.60930", "2009-09-30": "1.96020", "2009-06-30": "1.62690", "2009-03-31": "2.51270", "2008-12-31": "1.92830", "2008-09-30": "1.61930", "2008-06-30": "2.54590", "2008-03-31": "2.27500", "2007-12-31": "-0.71120", "2007-09-30": "2.56100", "2007-06-30": "2.51320", "2007-03-31": "2.28620", "2006-12-31": "2.26290", "2006-09-30": "2.19660", "2006-06-30": "2.31610", "2006-03-31": "2.25550", "2005-12-31": "2.11060", "2005-09-30": "1.84390", "2005-06-30": "-1.05280", "2005-03-31": "1.70090"}, "Book Value Per Share": {"2020-09-30": "93.03440", "2020-06-30": "90.77400", "2020-03-31": "88.93790", "2019-12-31": "88.66220", "2019-09-30": "87.41880", "2019-06-30": "84.95940", "2019-03-31": "82.35270", "2018-12-31": "80.07300", "2018-09-30": "76.52160", "2018-06-30": "74.93310", "2018-03-31": "72.28990", "2017-12-31": "73.33280", "2017-09-30": "71.52390", "2017-06-30": "69.07350", "2017-03-31": "68.48320", "2016-12-31": "66.14540", "2016-09-30": "65.21760", "2016-06-30": "65.09480", "2016-03-31": "62.84740", "2015-12-31": "56.81290", "2015-09-30": "55.43570", "2015-06-30": "53.05690", "2015-03-31": "51.70600", "2014-12-31": "49.60930", "2014-09-30": "47.72770", "2014-06-30": "45.80540", "2014-03-31": "40.17120", "2013-12-31": "38.05930", "2013-09-30": "37.23770", "2013-06-30": "36.10150", "2013-03-31": "36.28900", "2012-12-31": "34.94240", "2012-09-30": "33.80380", "2012-06-30": "32.49050", "2012-03-31": "31.53630", "2011-12-31": "30.49060", "2011-09-30": "29.57120", "2011-06-30": "25.55110", "2011-03-31": "24.01050", "2010-12-31": "22.84380", "2010-09-30": "22.42750", "2010-06-30": "21.63090", "2010-03-31": "20.44700", "2009-12-31": "19.78480", "2009-09-30": "19.05010", "2009-06-30": "18.13620", "2009-03-31": "16.43540", "2008-12-31": "19.80810", "2008-09-30": "16.13990", "2008-06-30": "14.31380", "2008-03-31": "14.54190", "2007-12-31": "14.33720", "2007-09-30": "14.12900", "2007-06-30": "13.73140", "2007-03-31": "13.73790", "2006-12-31": "13.26430", "2006-09-30": "12.77860", "2006-06-30": "12.07370", "2006-03-31": "11.97960", "2005-12-31": "11.94710", "2005-09-30": "11.83920", "2005-06-30": "11.89100", "2005-03-31": "11.47090"}, "Operating Cash Flow Per Share": {"2020-09-30": 5.6791, "2020-06-30": 5.2998, "2020-03-31": "5.27930", "2019-12-31": 0.9369, "2019-09-30": 1.4616, "2019-06-30": 3.0284, "2019-03-31": "8.98540", "2018-12-31": 3.7611, "2018-09-30": 3.7762, "2018-06-30": 2.6618, "2018-03-31": "1.71990", "2017-12-31": -1.5971, "2017-09-30": 7.0512, "2017-06-30": -2.7005, "2017-03-31": "7.28010", "2016-12-31": 4.937, "2016-09-30": 4.1066, "2016-06-30": -1.4543, "2016-03-31": "2.91050", "2015-12-31": 5.5089, "2015-09-30": 0.4672, "2015-06-30": -2.0224, "2015-03-31": "6.55140", "2014-12-31": 1.0422, "2014-09-30": 2.1638, "2014-06-30": 3.5566, "2014-03-31": "1.67680", "2013-12-31": 4.3499, "2013-09-30": 2.6877, "2013-06-30": -3.7802, "2013-03-31": "0.95890", "2012-12-31": 2.7947, "2012-09-30": 0.6559, "2012-06-30": 1.6311, "2012-03-31": "2.95750", "2011-12-31": 0.65, "2011-09-30": -1.434, "2011-06-30": 2.362, "2011-03-31": "2.23100", "2010-12-31": 0.4984, "2010-09-30": -1.7495, "2010-06-30": 3.4897, "2010-03-31": "-1.08820", "2009-12-31": -1.7093, "2009-09-30": -1.8325, "2009-06-30": 0.0621, "2009-03-31": "3.52090", "2008-12-31": 0.4401, "2008-09-30": -1.7365, "2008-06-30": 1.0918, "2008-03-31": "2.03860", "2007-12-31": -1.1597, "2007-09-30": -1.2693, "2007-06-30": -0.0113, "2007-03-31": "0.73580", "2006-12-31": -1.0251, "2006-09-30": 4.0576, "2006-06-30": -3.5276, "2006-03-31": "2.16670", "2005-12-31": -2.2187, "2005-09-30": 0.6033, "2005-06-30": -0.1514, "2005-03-31": "-0.95060"}, "Free Cash Flow Per Share": {"2020-09-30": 5.4901, "2020-06-30": 5.202, "2020-03-31": "5.01190", "2019-12-31": 0.6731, "2019-09-30": 1.3431, "2019-06-30": 2.897, "2019-03-31": "8.88930", "2018-12-31": 3.8833, "2018-09-30": 3.6593, "2018-06-30": 2.5178, "2018-03-31": "1.64850", "2017-12-31": -1.6868, "2017-09-30": 6.9268, "2017-06-30": -2.7984, "2017-03-31": "7.16820", "2016-12-31": 4.8314, "2016-09-30": 4.0345, "2016-06-30": -1.5123, "2016-03-31": "2.83730", "2015-12-31": 5.42, "2015-09-30": 0.3973, "2015-06-30": -2.0717, "2015-03-31": "6.52150", "2014-12-31": 0.9711, "2014-09-30": 2.143, "2014-06-30": 3.4886, "2014-03-31": "1.56460", "2013-12-31": 4.3029, "2013-09-30": 2.6489, "2013-06-30": -3.8545, "2013-03-31": "0.86170", "2012-12-31": 2.7433, "2012-09-30": 0.6316, "2012-06-30": 1.5699, "2012-03-31": "2.91400", "2011-12-31": 0.616, "2011-09-30": -1.4882, "2011-06-30": 2.3261, "2011-03-31": "2.19070", "2010-12-31": 0.4565, "2010-09-30": -1.7652, "2010-06-30": 3.4758, "2010-03-31": "-1.09770", "2009-12-31": -1.7399, "2009-09-30": -1.8528, "2009-06-30": 0.0413, "2009-03-31": "3.48990", "2008-12-31": 0.33, "2008-09-30": -1.7684, "2008-06-30": 0.9848, "2008-03-31": "1.95100", "2007-12-31": -1.2659, "2007-09-30": -1.347, "2007-06-30": -0.0663, "2007-03-31": "0.68160", "2006-12-31": -1.087, "2006-09-30": 4.0058, "2006-06-30": -3.5831, "2006-03-31": "2.08920", "2005-12-31": -2.3235, "2005-09-30": 0.5544, "2005-06-30": -0.1714, "2005-03-31": "-0.96490"}}, "revenue": {"Signature Bank Annual Revenue (Millions of US $)": {"2020": "$2,007", "2019": "$1,940", "2018": "$1,732", "2017": "$1,506", "2016": "$1,360", "2015": "$1,144", "2014": "$959", "2013": "$787", "2012": "$697", "2011": "$623", "2010": "$509", "2009": "$421", "2008": "$351", "2007": "$310", "2006": "$261", "2005": "$176"}, "Signature Bank Quarterly Revenue (Millions of US $)": {"2020-12-31": "$513", "2020-09-30": "$506", "2020-06-30": "$494", "2020-03-31": "$494", "2019-12-31": "$464", "2019-09-30": "$499", "2019-06-30": "$498", "2019-03-31": "$479", "2018-12-31": "$467", "2018-09-30": "$439", "2018-06-30": "$422", "2018-03-31": "$404", "2017-12-31": "$395", "2017-09-30": "$379", "2017-06-30": "$371", "2017-03-31": "$360", "2016-12-31": "$352", "2016-09-30": "$346", "2016-06-30": "$337", "2016-03-31": "$324", "2015-12-31": "$312", "2015-09-30": "$291", "2015-06-30": "$277", "2015-03-31": "$264", "2014-12-31": "$255", "2014-09-30": "$245", "2014-06-30": "$236", "2014-03-31": "$223", "2013-12-31": "$213", "2013-09-30": "$202", "2013-06-30": "$190", "2013-03-31": "$182", "2012-12-31": "$182", "2012-09-30": "$177", "2012-06-30": "$172", "2012-03-31": "$165", "2011-12-31": "$163", "2011-09-30": "$158", "2011-06-30": "$154", "2011-03-31": "$148", "2010-12-31": "$135", "2010-09-30": "$131", "2010-06-30": "$123", "2010-03-31": "$120", "2009-12-31": "$116", "2009-09-30": "$108", "2009-06-30": "$98", "2009-03-31": "$99", "2008-12-31": "$96", "2008-09-30": "$86", "2008-06-30": "$85", "2008-03-31": "$85", "2007-12-31": "$67", "2007-09-30": "$85", "2007-06-30": "$81", "2007-03-31": "$77", "2006-12-31": "$73", "2006-09-30": "$67", "2006-06-30": "$62", "2006-03-31": "$59", "2005-12-31": "$53", "2005-09-30": "$46", "2005-06-30": "$41", "2005-03-31": "$37"}}, "gross-profit": {"Signature Bank Annual Gross Profit (Millions of US $)": {"2020": "$1,594", "2019": "$1,340", "2018": "$1,322", "2017": "$1,274", "2016": "$1,190", "2015": "$1,014", "2014": "$836", "2013": "$680", "2012": "$586", "2011": "$502", "2010": "$388", "2009": "$297", "2008": "$223", "2007": "$156", "2006": "$143", "2005": "$118"}, "Signature Bank Quarterly Gross Profit (Millions of US $)": {"2020-12-31": "$419", "2020-09-30": "$413", "2020-06-30": "$400", "2020-03-31": "$362", "2019-12-31": "$321", "2019-09-30": "$343", "2019-06-30": "$343", "2019-03-31": "$333", "2018-12-31": "$341", "2018-09-30": "$329", "2018-06-30": "$327", "2018-03-31": "$325", "2017-12-31": "$328", "2017-09-30": "$317", "2017-06-30": "$317", "2017-03-31": "$312", "2016-12-31": "$307", "2016-09-30": "$302", "2016-06-30": "$295", "2016-03-31": "$287", "2015-12-31": "$278", "2015-09-30": "$258", "2015-06-30": "$246", "2015-03-31": "$233", "2014-12-31": "$223", "2014-09-30": "$213", "2014-06-30": "$206", "2014-03-31": "$194", "2013-12-31": "$184", "2013-09-30": "$175", "2013-06-30": "$164", "2013-03-31": "$157", "2012-12-31": "$156", "2012-09-30": "$150", "2012-06-30": "$144", "2012-03-31": "$136", "2011-12-31": "$133", "2011-09-30": "$127", "2011-06-30": "$123", "2011-03-31": "$119", "2010-12-31": "$106", "2010-09-30": "$100", "2010-06-30": "$91", "2010-03-31": "$90", "2009-12-31": "$85", "2009-09-30": "$76", "2009-06-30": "$68", "2009-03-31": "$68", "2008-12-31": "$63", "2008-09-30": "$54", "2008-06-30": "$55", "2008-03-31": "$51", "2007-12-31": "$25", "2007-09-30": "$46", "2007-06-30": "$44", "2007-03-31": "$41", "2006-12-31": "$39", "2006-09-30": "$36", "2006-06-30": "$35", "2006-03-31": "$34", "2005-12-31": "$34", "2005-09-30": "$30", "2005-06-30": "$28", "2005-03-31": "$26"}}, "operating-income": {"Signature Bank Annual Operating Income (Millions of US $)": {"2020": "$732", "2019": "$788", "2018": "$673", "2017": "$575", "2016": "$657", "2015": "$628", "2014": "$512", "2013": "$392", "2012": "$326", "2011": "$267", "2010": "$176", "2009": "$104", "2008": "$72", "2007": "$44", "2006": "$58", "2005": "$33"}, "Signature Bank Quarterly Operating Income (Millions of US $)": {"2020-12-31": "$226", "2020-09-30": "$200", "2020-06-30": "$155", "2020-03-31": "$152", "2019-12-31": "$173", "2019-09-30": "$207", "2019-06-30": "$206", "2019-03-31": "$202", "2018-12-31": "$215", "2018-09-30": "$205", "2018-06-30": "$206", "2018-03-31": "$47", "2017-12-31": "$177", "2017-09-30": "$197", "2017-06-30": "$13", "2017-03-31": "$189", "2016-12-31": "$189", "2016-09-30": "$125", "2016-06-30": "$169", "2016-03-31": "$175", "2015-12-31": "$173", "2015-09-30": "$160", "2015-06-30": "$152", "2015-03-31": "$143", "2014-12-31": "$139", "2014-09-30": "$131", "2014-06-30": "$125", "2014-03-31": "$115", "2013-12-31": "$137", "2013-09-30": "$102", "2013-06-30": "$93", "2013-03-31": "$88", "2012-12-31": "$88", "2012-09-30": "$85", "2012-06-30": "$79", "2012-03-31": "$75", "2011-12-31": "$71", "2011-09-30": "$69", "2011-06-30": "$65", "2011-03-31": "$62", "2010-12-31": "$51", "2010-09-30": "$47", "2010-06-30": "$39", "2010-03-31": "$39", "2009-12-31": "$35", "2009-09-30": "$25", "2009-06-30": "$20", "2009-03-31": "$24", "2008-12-31": "$23", "2008-09-30": "$15", "2008-06-30": "$18", "2008-03-31": "$16", "2007-12-31": "$-7", "2007-09-30": "$18", "2007-06-30": "$17", "2007-03-31": "$16", "2006-12-31": "$16", "2006-09-30": "$14", "2006-06-30": "$14", "2006-03-31": "$14", "2005-12-31": "$13", "2005-09-30": "$12", "2005-06-30": "$-2", "2005-03-31": "$10"}}, "ebitda": {"Signature Bank Annual EBITDA (Millions of US $)": {"2019": "$", "2018": "$", "2017": "$", "2016": "$", "2015": "$", "2014": "$", "2013": "$", "2012": "$", "2011": "$", "2010": "$", "2009": "$", "2008": "$", "2007": "$", "2006": "$", "2005": "$"}, "Signature Bank Quarterly EBITDA (Millions of US $)": {"2020-09-30": "", "2020-06-30": "", "2020-03-31": "", "2019-12-31": "", "2019-09-30": "", "2019-06-30": "", "2019-03-31": "", "2018-12-31": "", "2018-09-30": "", "2018-06-30": "", "2018-03-31": "", "2017-12-31": "", "2017-09-30": "", "2017-06-30": "", "2017-03-31": "", "2016-12-31": "", "2016-09-30": "", "2016-06-30": "", "2016-03-31": "", "2015-12-31": "", "2015-09-30": "", "2015-06-30": "", "2015-03-31": "", "2014-12-31": "", "2014-09-30": "", "2014-06-30": "", "2014-03-31": "", "2013-12-31": "", "2013-09-30": "", "2013-06-30": "", "2013-03-31": "", "2012-12-31": "", "2012-09-30": "", "2012-06-30": "", "2012-03-31": "", "2011-12-31": "", "2011-09-30": "", "2011-06-30": "", "2011-03-31": "", "2010-12-31": "", "2010-09-30": "", "2010-06-30": "", "2010-03-31": "", "2009-12-31": "", "2009-09-30": "", "2009-06-30": "", "2009-03-31": "", "2008-12-31": "", "2008-09-30": "", "2008-06-30": "", "2008-03-31": "", "2007-12-31": "", "2007-09-30": "", "2007-06-30": "", "2007-03-31": "", "2006-12-31": "", "2006-09-30": "", "2006-06-30": "", "2006-03-31": "", "2005-12-31": "", "2005-09-30": "", "2005-06-30": "", "2005-03-31": ""}}, "net-income": {"Signature Bank Annual Net Income (Millions of US $)": {"2020": "$528", "2019": "$587", "2018": "$504", "2017": "$387", "2016": "$396", "2015": "$373", "2014": "$297", "2013": "$229", "2012": "$185", "2011": "$150", "2010": "$102", "2009": "$51", "2008": "$43", "2007": "$27", "2006": "$33", "2005": "$16"}, "Signature Bank Quarterly Net Income (Millions of US $)": {"2020-12-31": "$173", "2020-09-30": "$139", "2020-06-30": "$117", "2020-03-31": "$99", "2019-12-31": "$149", "2019-09-30": "$148", "2019-06-30": "$147", "2019-03-31": "$143", "2018-12-31": "$160", "2018-09-30": "$155", "2018-06-30": "$155", "2018-03-31": "$34", "2017-12-31": "$115", "2017-09-30": "$124", "2017-06-30": "$14", "2017-03-31": "$134", "2016-12-31": "$114", "2016-09-30": "$76", "2016-06-30": "$102", "2016-03-31": "$104", "2015-12-31": "$103", "2015-09-30": "$96", "2015-06-30": "$90", "2015-03-31": "$83", "2014-12-31": "$81", "2014-09-30": "$77", "2014-06-30": "$72", "2014-03-31": "$66", "2013-12-31": "$64", "2013-09-30": "$60", "2013-06-30": "$54", "2013-03-31": "$51", "2012-12-31": "$50", "2012-09-30": "$48", "2012-06-30": "$45", "2012-03-31": "$42", "2011-12-31": "$40", "2011-09-30": "$38", "2011-06-30": "$37", "2011-03-31": "$35", "2010-12-31": "$30", "2010-09-30": "$27", "2010-06-30": "$22", "2010-03-31": "$22", "2009-12-31": "$21", "2009-09-30": "$15", "2009-06-30": "$12", "2009-03-31": "$2", "2008-12-31": "$13", "2008-09-30": "$9", "2008-06-30": "$11", "2008-03-31": "$10", "2007-12-31": "$-3", "2007-09-30": "$11", "2007-06-30": "$10", "2007-03-31": "$9", "2006-12-31": "$9", "2006-09-30": "$8", "2006-06-30": "$8", "2006-03-31": "$8", "2005-12-31": "$7", "2005-09-30": "$6", "2005-06-30": "$-4", "2005-03-31": "$6"}}, "eps-earnings-per-share-diluted": {"Signature Bank Annual EPS": {"2020": "$9.96", "2019": "$10.87", "2018": "$9.23", "2017": "$7.12", "2016": "$7.37", "2015": "$7.27", "2014": "$5.95", "2013": "$4.76", "2012": "$3.91", "2011": "$3.37", "2010": "$2.46", "2009": "$1.30", "2008": "$1.35", "2007": "$0.91", "2006": "$1.12", "2005": "$0.53"}, "Signature Bank Quarterly EPS": {"2020-12-31": "$3.26", "2020-09-30": "$2.62", "2020-06-30": "$2.21", "2020-03-31": "$1.88", "2019-12-31": "$2.79", "2019-09-30": "$2.74", "2019-06-30": "$2.71", "2019-03-31": "$2.63", "2018-12-31": "$2.93", "2018-09-30": "$2.84", "2018-06-30": "$2.83", "2018-03-31": "$0.63", "2017-12-31": "$2.09", "2017-09-30": "$2.29", "2017-06-30": "$0.26", "2017-03-31": "$2.48", "2016-12-31": "$2.09", "2016-09-30": "$1.41", "2016-06-30": "$1.90", "2016-03-31": "$1.97", "2015-12-31": "$1.98", "2015-09-30": "$1.88", "2015-06-30": "$1.77", "2015-03-31": "$1.64", "2014-12-31": "$1.58", "2014-09-30": "$1.52", "2014-06-30": "$1.48", "2014-03-31": "$1.37", "2013-12-31": "$1.33", "2013-09-30": "$1.25", "2013-06-30": "$1.12", "2013-03-31": "$1.06", "2012-12-31": "$1.05", "2012-09-30": "$1.00", "2012-06-30": "$0.96", "2012-03-31": "$0.90", "2011-12-31": "$0.85", "2011-09-30": "$0.83", "2011-06-30": "$0.87", "2011-03-31": "$0.82", "2010-12-31": "$0.72", "2010-09-30": "$0.66", "2010-06-30": "$0.54", "2010-03-31": "$0.54", "2009-12-31": "$0.54", "2009-09-30": "$0.37", "2009-06-30": "$0.32", "2009-03-31": "$0.07", "2008-12-31": "$0.37", "2008-09-30": "$0.29", "2008-06-30": "$0.36", "2008-03-31": "$0.33", "2007-12-31": "$-0.10", "2007-09-30": "$0.36", "2007-06-30": "$0.34", "2007-03-31": "$0.31", "2006-12-31": "$0.29", "2006-09-30": "$0.28", "2006-06-30": "$0.28", "2006-03-31": "$0.27", "2005-12-31": "$0.24", "2005-09-30": "$0.22", "2005-06-30": "$-0.12", "2005-03-31": "$0.19"}}, "shares-outstanding": {"Signature Bank Annual Shares Outstanding (Millions of Shares)": {"2020": "53", "2019": "54", "2018": "55", "2017": "54", "2016": "54", "2015": "51", "2014": "50", "2013": "48", "2012": "47", "2011": "44", "2010": "42", "2009": "39", "2008": "32", "2007": "30", "2006": "30", "2005": "30"}, "Signature Bank Quarterly Shares Outstanding (Millions of Shares)": {"2020-12-31": "53", "2020-09-30": "53", "2020-06-30": "53", "2020-03-31": "53", "2019-12-31": "54", "2019-09-30": "54", "2019-06-30": "54", "2019-03-31": "54", "2018-12-31": "55", "2018-09-30": "55", "2018-06-30": "55", "2018-03-31": "54", "2017-12-31": "54", "2017-09-30": "54", "2017-06-30": "54", "2017-03-31": "54", "2016-12-31": "54", "2016-09-30": "54", "2016-06-30": "54", "2016-03-31": "53", "2015-12-31": "51", "2015-09-30": "51", "2015-06-30": "51", "2015-03-31": "51", "2014-12-31": "50", "2014-09-30": "51", "2014-06-30": "49", "2014-03-31": "48", "2013-12-31": "48", "2013-09-30": "48", "2013-06-30": "48", "2013-03-31": "48", "2012-12-31": "47", "2012-09-30": "48", "2012-06-30": "47", "2012-03-31": "47", "2011-12-31": "44", "2011-09-30": "46", "2011-06-30": "42", "2011-03-31": "42", "2010-12-31": "42", "2010-09-30": "42", "2010-06-30": "42", "2010-03-31": "41", "2009-12-31": "39", "2009-09-30": "41", "2009-06-30": "37", "2009-03-31": "36", "2008-12-31": "32", "2008-09-30": "31", "2008-06-30": "30", "2008-03-31": "30", "2007-12-31": "30", "2007-09-30": "30", "2007-06-30": "30", "2007-03-31": "30", "2006-12-31": "30", "2006-09-30": "30", "2006-06-30": "30", "2006-03-31": "30", "2005-12-31": "30", "2005-09-30": "30", "2005-06-30": "30", "2005-03-31": "30"}}, "total-assets": {"Signature Bank Annual Total Assets (Millions of US $)": {"2019": "$50,616", "2018": "$47,365", "2017": "$43,118", "2016": "$39,048", "2015": "$33,451", "2014": "$27,319", "2013": "$22,377", "2012": "$17,456", "2011": "$14,666", "2010": "$11,673", "2009": "$9,146", "2008": "$7,192", "2007": "$5,845", "2006": "$5,399", "2005": "$4,385"}, "Signature Bank Quarterly Total Assets (Millions of US $)": {"2020-09-30": "$63,760", "2020-06-30": "$60,350", "2020-03-31": "$53,075", "2019-12-31": "$50,592", "2019-09-30": "$49,412", "2019-06-30": "$48,877", "2019-03-31": "$48,546", "2018-12-31": "$47,365", "2018-09-30": "$45,871", "2018-06-30": "$45,215", "2018-03-31": "$44,436", "2017-12-31": "$43,118", "2017-09-30": "$41,327", "2017-06-30": "$40,719", "2017-03-31": "$40,265", "2016-12-31": "$39,048", "2016-09-30": "$37,792", "2016-06-30": "$36,547", "2016-03-31": "$34,898", "2015-12-31": "$33,451", "2015-09-30": "$31,921", "2015-06-30": "$29,969", "2015-03-31": "$28,589", "2014-12-31": "$27,319", "2014-09-30": "$25,950", "2014-06-30": "$24,527", "2014-03-31": "$23,104", "2013-12-31": "$22,377", "2013-09-30": "$21,006", "2013-06-30": "$19,722", "2013-03-31": "$18,267", "2012-12-31": "$17,456", "2012-09-30": "$16,459", "2012-06-30": "$15,874", "2012-03-31": "$15,280", "2011-12-31": "$14,666", "2011-09-30": "$13,858", "2011-06-30": "$13,085", "2011-03-31": "$12,380", "2010-12-31": "$11,673", "2010-09-30": "$10,935", "2010-06-30": "$10,383", "2010-03-31": "$9,738", "2009-12-31": "$9,146", "2009-09-30": "$8,601", "2009-06-30": "$7,881", "2009-03-31": "$7,425", "2008-12-31": "$7,192", "2008-09-30": "$6,699", "2008-06-30": "$6,369", "2008-03-31": "$5,819", "2007-12-31": "$5,845", "2007-09-30": "$5,614", "2007-06-30": "$5,711", "2007-03-31": "$5,186", "2006-12-31": "$5,399", "2006-09-30": "$4,715", "2006-06-30": "$4,703", "2006-03-31": "$4,495", "2005-12-31": "$4,385", "2005-09-30": "$3,965", "2005-06-30": "$3,766", "2005-03-31": "$3,548"}}, "cash-on-hand": {"Signature Bank Annual Cash on Hand (Millions of US $)": {"2019": "$790", "2018": "$317", "2017": "$335", "2016": "$539", "2015": "$342", "2014": "$299", "2013": "$144", "2012": "$94", "2011": "$40", "2010": "$46", "2009": "$108", "2008": "$116", "2007": "$239", "2006": "$471", "2005": "$86"}, "Signature Bank Quarterly Cash on Hand (Millions of US $)": {"2020-09-30": "$6,413", "2020-06-30": "$4,571", "2020-03-31": "$1,553", "2019-12-31": "$790", "2019-09-30": "$870", "2019-06-30": "$324", "2019-03-31": "$479", "2018-12-31": "$317", "2018-09-30": "$195", "2018-06-30": "$544", "2018-03-31": "$843", "2017-12-31": "$335", "2017-09-30": "$294", "2017-06-30": "$532", "2017-03-31": "$732", "2016-12-31": "$539", "2016-09-30": "$687", "2016-06-30": "$290", "2016-03-31": "$307", "2015-12-31": "$342", "2015-09-30": "$288", "2015-06-30": "$98", "2015-03-31": "$258", "2014-12-31": "$299", "2014-09-30": "$316", "2014-06-30": "$271", "2014-03-31": "$117", "2013-12-31": "$144", "2013-09-30": "$68", "2013-06-30": "$138", "2013-03-31": "$96", "2012-12-31": "$94", "2012-09-30": "$50", "2012-06-30": "$98", "2012-03-31": "$59", "2011-12-31": "$40", "2011-09-30": "$39", "2011-06-30": "$77", "2011-03-31": "$80", "2010-12-31": "$46", "2010-09-30": "$167", "2010-06-30": "$225", "2010-03-31": "$357", "2009-12-31": "$108", "2009-09-30": "$153", "2009-06-30": "$262", "2009-03-31": "$338", "2008-12-31": "$116", "2008-09-30": "$122", "2008-06-30": "$173", "2008-03-31": "$235", "2007-12-31": "$239", "2007-09-30": "$214", "2007-06-30": "$492", "2007-03-31": "$176", "2006-12-31": "$471", "2006-09-30": "$128", "2006-06-30": "$138", "2006-03-31": "$88", "2005-12-31": "$86", "2005-09-30": "$98", "2005-06-30": "$141", "2005-03-31": "$65"}}, "long-term-debt": {"Signature Bank Annual Long Term Debt (Millions of US $)": {"2019": "$4,598", "2018": "$5,228", "2017": "$4,452", "2016": "$2,307", "2015": "$2,720", "2014": "$1,335", "2013": "$2,305", "2012": "$590", "2011": "$675", "2010": "$558", "2009": "$305", "2008": "$260", "2007": "$195", "2006": "$260", "2005": "$220"}, "Signature Bank Quarterly Long Term Debt (Millions of US $)": {"2020-09-30": "$3,296", "2020-06-30": "$4,341", "2020-03-31": "$4,866", "2019-12-31": "$4,598", "2019-09-30": "$4,726", "2019-06-30": "$5,621", "2019-03-31": "$5,436", "2018-12-31": "$5,228", "2018-09-30": "$4,468", "2018-06-30": "$5,053", "2018-03-31": "$4,543", "2017-12-31": "$4,452", "2017-09-30": "$2,802", "2017-06-30": "$2,858", "2017-03-31": "$2,793", "2016-12-31": "$2,307", "2016-09-30": "$2,187", "2016-06-30": "$2,636", "2016-03-31": "$2,300", "2015-12-31": "$2,720", "2015-09-30": "$1,495", "2015-06-30": "$1,685", "2015-03-31": "$1,220", "2014-12-31": "$1,335", "2014-09-30": "$1,430", "2014-06-30": "$1,646", "2014-03-31": "$1,790", "2013-12-31": "$2,305", "2013-09-30": "$1,820", "2013-06-30": "$1,525", "2013-03-31": "$600", "2012-12-31": "$590", "2012-09-30": "$330", "2012-06-30": "$465", "2012-03-31": "$305", "2011-12-31": "$675", "2011-09-30": "$370", "2011-06-30": "$300", "2011-03-31": "$365", "2010-12-31": "$558", "2010-09-30": "$245", "2010-06-30": "$260", "2010-03-31": "$260", "2009-12-31": "$305", "2009-09-30": "$260", "2009-06-30": "$260", "2009-03-31": "$260", "2008-12-31": "$260", "2008-09-30": "$260", "2008-06-30": "$255", "2008-03-31": "$195", "2007-12-31": "$195", "2007-09-30": "$175", "2007-06-30": "$225", "2007-03-31": "$250", "2006-12-31": "$260", "2006-09-30": "$270", "2006-06-30": "$190", "2006-03-31": "$300", "2005-12-31": "$220", "2005-09-30": "$140", "2005-06-30": "$145", "2005-03-31": "$230"}}, "total-liabilities": {"Signature Bank Annual Total Liabilities (Millions of US $)": {"2019": "$45,847", "2018": "$42,958", "2017": "$39,086", "2016": "$35,435", "2015": "$30,559", "2014": "$24,822", "2013": "$20,577", "2012": "$15,806", "2011": "$13,258", "2010": "$10,729", "2009": "$8,342", "2008": "$6,494", "2007": "$5,419", "2006": "$5,007", "2005": "$4,034"}, "Signature Bank Quarterly Total Liabilities (Millions of US $)": {"2020-09-30": "$58,777", "2020-06-30": "$55,487", "2020-03-31": "$48,311", "2019-12-31": "$45,847", "2019-09-30": "$44,670", "2019-06-30": "$44,215", "2019-03-31": "$43,994", "2018-12-31": "$42,958", "2018-09-30": "$41,633", "2018-06-30": "$41,068", "2018-03-31": "$40,434", "2017-12-31": "$39,086", "2017-09-30": "$37,395", "2017-06-30": "$36,921", "2017-03-31": "$36,500", "2016-12-31": "$35,435", "2016-09-30": "$34,231", "2016-06-30": "$33,052", "2016-03-31": "$31,529", "2015-12-31": "$30,559", "2015-09-30": "$29,099", "2015-06-30": "$27,270", "2015-03-31": "$25,969", "2014-12-31": "$24,822", "2014-09-30": "$23,549", "2014-06-30": "$22,237", "2014-03-31": "$21,192", "2013-12-31": "$20,577", "2013-09-30": "$19,246", "2013-06-30": "$18,016", "2013-03-31": "$16,552", "2012-12-31": "$15,806", "2012-09-30": "$14,875", "2012-06-30": "$14,358", "2012-03-31": "$13,817", "2011-12-31": "$13,258", "2011-09-30": "$12,492", "2011-06-30": "$12,028", "2011-03-31": "$11,387", "2010-12-31": "$10,729", "2010-09-30": "$10,015", "2010-06-30": "$9,496", "2010-03-31": "$8,904", "2009-12-31": "$8,342", "2009-09-30": "$7,827", "2009-06-30": "$7,145", "2009-03-31": "$6,844", "2008-12-31": "$6,494", "2008-09-30": "$6,132", "2008-06-30": "$5,943", "2008-03-31": "$5,386", "2007-12-31": "$5,419", "2007-09-30": "$5,194", "2007-06-30": "$5,303", "2007-03-31": "$4,778", "2006-12-31": "$5,007", "2006-09-30": "$4,338", "2006-06-30": "$4,348", "2006-03-31": "$4,142", "2005-12-31": "$4,034", "2005-09-30": "$3,617", "2005-06-30": "$3,417", "2005-03-31": "$3,211"}}, "total-share-holder-equity": {"Signature Bank Annual Share Holder Equity (Millions of US $)": {"2019": "$4,770", "2018": "$4,407", "2017": "$4,032", "2016": "$3,612", "2015": "$2,892", "2014": "$2,496", "2013": "$1,800", "2012": "$1,650", "2011": "$1,408", "2010": "$945", "2009": "$804", "2008": "$698", "2007": "$426", "2006": "$393", "2005": "$351"}, "Signature Bank Quarterly Share Holder Equity (Millions of US $)": {"2020-09-30": "$4,983", "2020-06-30": "$4,863", "2020-03-31": "$4,764", "2019-12-31": "$4,745", "2019-09-30": "$4,742", "2019-06-30": "$4,662", "2019-03-31": "$4,552", "2018-12-31": "$4,407", "2018-09-30": "$4,238", "2018-06-30": "$4,148", "2018-03-31": "$4,001", "2017-12-31": "$4,032", "2017-09-30": "$3,932", "2017-06-30": "$3,797", "2017-03-31": "$3,765", "2016-12-31": "$3,612", "2016-09-30": "$3,562", "2016-06-30": "$3,494", "2016-03-31": "$3,369", "2015-12-31": "$2,892", "2015-09-30": "$2,822", "2015-06-30": "$2,699", "2015-03-31": "$2,620", "2014-12-31": "$2,496", "2014-09-30": "$2,401", "2014-06-30": "$2,290", "2014-03-31": "$1,912", "2013-12-31": "$1,800", "2013-09-30": "$1,761", "2013-06-30": "$1,706", "2013-03-31": "$1,715", "2012-12-31": "$1,650", "2012-09-30": "$1,584", "2012-06-30": "$1,516", "2012-03-31": "$1,464", "2011-12-31": "$1,408", "2011-09-30": "$1,365", "2011-06-30": "$1,057", "2011-03-31": "$993", "2010-12-31": "$945", "2010-09-30": "$920", "2010-06-30": "$887", "2010-03-31": "$834", "2009-12-31": "$804", "2009-09-30": "$774", "2009-06-30": "$736", "2009-03-31": "$582", "2008-12-31": "$698", "2008-09-30": "$568", "2008-06-30": "$426", "2008-03-31": "$433", "2007-12-31": "$426", "2007-09-30": "$419", "2007-06-30": "$408", "2007-03-31": "$408", "2006-12-31": "$393", "2006-09-30": "$377", "2006-06-30": "$356", "2006-03-31": "$353", "2005-12-31": "$351", "2005-09-30": "$348", "2005-06-30": "$349", "2005-03-31": "$337"}}, "profit-margins": {"current": "26.33%"}, "gross margin": {"2020-12-31": "79.42%", "2020-09-30": "76.40%", "2020-06-30": "73.09%", "2020-03-31": "70.03%", "2019-12-31": "69.07%", "2019-09-30": "69.99%", "2019-06-30": "71.48%", "2019-03-31": "73.60%", "2018-12-31": "76.33%", "2018-09-30": "78.86%", "2018-06-30": "81.06%", "2018-03-31": "83.09%", "2017-12-31": "84.65%", "2017-09-30": "85.70%", "2017-06-30": "86.63%", "2017-03-31": "87.17%", "2016-12-31": "87.64%", "2016-09-30": "88.10%", "2016-06-30": "88.45%", "2016-03-31": "88.79%", "2015-12-31": "88.72%", "2015-09-30": "88.32%", "2015-06-30": "87.90%", "2015-03-31": "87.50%", "2014-12-31": "87.17%", "2014-09-30": "86.91%", "2014-06-30": "86.84%", "2014-03-31": "86.59%", "2013-12-31": "86.40%", "2013-09-30": "86.24%", "2013-06-30": "85.77%", "2013-03-31": "85.13%", "2012-12-31": "84.20%", "2012-09-30": "83.16%", "2012-06-30": "82.07%", "2012-03-31": "81.09%", "2011-12-31": "80.58%", "2011-09-30": "79.83%", "2011-06-30": "78.87%", "2011-03-31": "77.47%", "2010-12-31": "76.03%", "2010-09-30": "74.69%", "2010-06-30": "73.23%", "2010-03-31": "72.17%", "2009-12-31": "70.55%", "2009-09-30": "68.58%", "2009-06-30": "66.75%", "2009-03-31": "65.57%", "2008-12-31": "63.35%", "2008-09-30": "57.28%", "2008-06-30": "54.97%", "2008-03-31": "52.20%", "2007-12-31": "50.32%", "2007-09-30": "53.80%", "2007-06-30": "53.69%", "2007-03-31": "54.12%", "2006-12-31": "55.17%", "2006-09-30": "57.68%", "2006-06-30": "60.45%", "2006-03-31": "63.32%", "2005-12-31": "66.67%"}, "operating margin": {"2020-12-31": "36.52%", "2020-09-30": "34.73%", "2020-06-30": "35.21%", "2020-03-31": "37.75%", "2019-12-31": "40.62%", "2019-09-30": "42.72%", "2019-06-30": "43.97%", "2019-03-31": "45.82%", "2018-12-31": "38.86%", "2018-09-30": "38.25%", "2018-06-30": "39.19%", "2018-03-31": "28.02%", "2017-12-31": "38.27%", "2017-09-30": "40.22%", "2017-06-30": "36.11%", "2017-03-31": "48.17%", "2016-12-31": "48.42%", "2016-09-30": "48.67%", "2016-06-30": "53.56%", "2016-03-31": "54.82%", "2015-12-31": "54.90%", "2015-09-30": "54.65%", "2015-06-30": "54.27%", "2015-03-31": "53.80%", "2014-12-31": "53.18%", "2014-09-30": "55.40%", "2014-06-30": "54.81%", "2014-03-31": "53.99%", "2013-12-31": "53.37%", "2013-09-30": "49.07%", "2013-06-30": "48.43%", "2013-03-31": "47.69%", "2012-12-31": "46.98%", "2012-09-30": "45.79%", "2012-06-30": "44.68%", "2012-03-31": "43.75%", "2011-12-31": "42.86%", "2011-09-30": "41.51%", "2011-06-30": "39.61%", "2011-03-31": "37.06%", "2010-12-31": "34.58%", "2010-09-30": "32.65%", "2010-06-30": "29.55%", "2010-03-31": "26.92%", "2009-12-31": "24.70%", "2009-09-30": "22.94%", "2009-06-30": "21.64%", "2009-03-31": "21.86%", "2008-12-31": "20.45%", "2008-09-30": "13.00%", "2008-06-30": "13.98%", "2008-03-31": "13.84%", "2007-12-31": "14.19%", "2007-09-30": "21.20%", "2007-06-30": "21.14%", "2007-03-31": "21.51%", "2006-12-31": "22.22%", "2006-09-30": "22.82%", "2006-06-30": "24.09%", "2006-03-31": "18.59%", "2005-12-31": "18.64%"}, "ebitda margin": {"2020-09-30": "0.00%", "2020-06-30": "0.00%", "2020-03-31": "0.00%", "2019-12-31": "0.00%", "2019-09-30": "0.00%", "2019-06-30": "0.00%", "2019-03-31": "0.00%", "2018-12-31": "0.00%", "2018-09-30": "0.00%", "2018-06-30": "0.00%", "2018-03-31": "0.00%", "2017-12-31": "0.00%", "2017-09-30": "0.00%", "2017-06-30": "0.00%", "2017-03-31": "0.00%", "2016-12-31": "0.00%", "2016-09-30": "0.00%", "2016-06-30": "0.00%", "2016-03-31": "0.00%", "2015-12-31": "0.00%", "2015-09-30": "0.00%", "2015-06-30": "0.00%", "2015-03-31": "0.00%", "2014-12-31": "0.00%", "2014-09-30": "0.00%", "2014-06-30": "0.00%", "2014-03-31": "0.00%", "2013-12-31": "0.00%", "2013-09-30": "0.00%", "2013-06-30": "0.00%", "2013-03-31": "0.00%", "2012-12-31": "0.00%", "2012-09-30": "0.00%", "2012-06-30": "0.00%", "2012-03-31": "0.00%", "2011-12-31": "0.00%", "2011-09-30": "0.00%", "2011-06-30": "0.00%", "2011-03-31": "0.00%", "2010-12-31": "0.00%", "2010-09-30": "0.00%", "2010-06-30": "0.00%", "2010-03-31": "0.00%", "2009-12-31": "0.00%", "2009-09-30": "0.00%", "2009-06-30": "0.00%", "2009-03-31": "0.00%", "2008-12-31": "0.00%", "2008-09-30": "0.00%", "2008-06-30": "0.00%", "2008-03-31": "0.00%", "2007-12-31": "0.00%", "2007-09-30": "0.00%", "2007-06-30": "0.00%", "2007-03-31": "0.00%", "2006-12-31": "0.00%", "2006-09-30": "0.00%", "2006-06-30": "0.00%", "2006-03-31": "0.00%", "2005-12-31": "0.00%"}, "pre tax profit margin": {"2020-12-31": "36.52%", "2020-09-30": "34.73%", "2020-06-30": "35.21%", "2020-03-31": "37.75%", "2019-12-31": "40.62%", "2019-09-30": "42.72%", "2019-06-30": "43.97%", "2019-03-31": "45.82%", "2018-12-31": "38.86%", "2018-09-30": "38.25%", "2018-06-30": "39.19%", "2018-03-31": "28.02%", "2017-12-31": "38.27%", "2017-09-30": "40.22%", "2017-06-30": "36.11%", "2017-03-31": "48.17%", "2016-12-31": "48.42%", "2016-09-30": "48.67%", "2016-06-30": "53.56%", "2016-03-31": "54.82%", "2015-12-31": "54.90%", "2015-09-30": "54.65%", "2015-06-30": "54.27%", "2015-03-31": "53.80%", "2014-12-31": "53.18%", "2014-09-30": "52.34%", "2014-06-30": "51.60%", "2014-03-31": "50.60%", "2013-12-31": "49.81%", "2013-09-30": "49.07%", "2013-06-30": "48.43%", "2013-03-31": "47.69%", "2012-12-31": "46.98%", "2012-09-30": "45.79%", "2012-06-30": "44.68%", "2012-03-31": "43.75%", "2011-12-31": "42.86%", "2011-09-30": "41.51%", "2011-06-30": "39.61%", "2011-03-31": "37.06%", "2010-12-31": "34.58%", "2010-09-30": "32.65%", "2010-06-30": "29.55%", "2010-03-31": "26.92%", "2009-12-31": "24.70%", "2009-09-30": "22.94%", "2009-06-30": "21.64%", "2009-03-31": "21.86%", "2008-12-31": "20.45%", "2008-09-30": "13.00%", "2008-06-30": "13.98%", "2008-03-31": "13.84%", "2007-12-31": "14.19%", "2007-09-30": "21.20%", "2007-06-30": "21.14%", "2007-03-31": "21.51%", "2006-12-31": "22.22%", "2006-09-30": "22.82%", "2006-06-30": "24.09%", "2006-03-31": "18.59%", "2005-12-31": "18.64%"}, "net profit margin": {"2020-12-31": "26.31%", "2020-09-30": "25.74%", "2020-06-30": "26.29%", "2020-03-31": "27.77%", "2019-12-31": "30.26%", "2019-09-30": "30.78%", "2019-06-30": "32.13%", "2019-03-31": "33.92%", "2018-12-31": "29.10%", "2018-09-30": "27.65%", "2018-06-30": "26.75%", "2018-03-31": "18.53%", "2017-12-31": "25.71%", "2017-09-30": "26.40%", "2017-06-30": "23.65%", "2017-03-31": "30.54%", "2016-12-31": "29.14%", "2016-09-30": "29.19%", "2016-06-30": "32.04%", "2016-03-31": "32.64%", "2015-12-31": "32.52%", "2015-09-30": "32.20%", "2015-06-30": "31.80%", "2015-03-31": "31.30%", "2014-12-31": "30.87%", "2014-09-30": "30.43%", "2014-06-30": "29.98%", "2014-03-31": "29.47%", "2013-12-31": "29.10%", "2013-09-30": "28.44%", "2013-06-30": "27.77%", "2013-03-31": "27.21%", "2012-12-31": "26.58%", "2012-09-30": "25.85%", "2012-06-30": "25.08%", "2012-03-31": "24.53%", "2011-12-31": "24.08%", "2011-09-30": "23.53%", "2011-06-30": "22.71%", "2011-03-31": "21.23%", "2010-12-31": "19.84%", "2010-09-30": "18.78%", "2010-06-30": "17.13%", "2010-03-31": "15.84%", "2009-12-31": "11.88%", "2009-09-30": "10.47%", "2009-06-30": "9.50%", "2009-03-31": "9.56%", "2008-12-31": "12.22%", "2008-09-30": "8.36%", "2008-06-30": "9.01%", "2008-03-31": "8.81%", "2007-12-31": "8.71%", "2007-09-30": "12.34%", "2007-06-30": "12.08%", "2007-03-31": "12.19%", "2006-12-31": "12.64%", "2006-09-30": "12.86%", "2006-06-30": "13.18%", "2006-03-31": "8.54%", "2005-12-31": "8.47%"}, "pe ratio": {"current": "18.35", "2021-02-05": "27.26", "2020-12-31": "20.09", "2020-09-30": "8.66", "2020-06-30": "10.94", "2020-03-31": "7.77", "2019-12-31": "12.22", "2019-09-30": "10.46", "2019-06-30": "10.47", "2019-03-31": "10.95", "2018-12-31": "10.66", "2018-09-30": "13.02", "2018-06-30": "15.43", "2018-03-31": "25.45", "2017-12-31": "18.23", "2017-09-30": "17.01", "2017-06-30": "21.74", "2017-03-31": "17.81", "2016-12-31": "19.28", "2016-09-30": "15.41", "2016-06-30": "15.27", "2016-03-31": "16.92", "2015-12-31": "19.93", "2015-09-30": "18.93", "2015-06-30": "21.26", "2015-03-31": "19.69", "2014-12-31": "20.01", "2014-09-30": "18.61", "2014-06-30": "22.00", "2014-03-31": "23.45", "2013-12-31": "21.36", "2013-09-30": "19.37", "2013-06-30": "18.61", "2013-03-31": "18.35", "2012-12-31": "17.30", "2012-09-30": "17.15", "2012-06-30": "16.33", "2012-03-31": "17.33", "2011-12-31": "16.88", "2011-09-30": "13.97", "2011-06-30": "17.67", "2011-03-31": "19.52", "2010-12-31": "19.30", "2010-09-30": "16.37", "2010-06-30": "18.39", "2010-03-31": "20.19", "2009-12-31": "23.82", "2009-09-30": "24.34", "2009-06-30": "24.40", "2009-03-31": "24.34", "2008-12-31": "20.01", "2008-09-30": "37.17", "2008-06-30": "25.72", "2008-03-31": "26.00", "2007-12-31": "35.17", "2007-09-30": "25.51", "2007-06-30": "26.29", "2007-03-31": "26.38", "2006-12-31": "26.00"}, "price sales": {"2021-02-05": "4.81", "2020-12-31": "3.55", "2020-09-30": "2.23", "2020-06-30": "2.88", "2020-03-31": "2.16", "2019-12-31": "3.72", "2019-09-30": "3.23", "2019-06-30": "3.38", "2019-03-31": "3.72", "2018-12-31": "3.10", "2018-09-30": "3.59", "2018-06-30": "4.12", "2018-03-31": "4.72", "2017-12-31": "4.69", "2017-09-30": "4.49", "2017-06-30": "5.14", "2017-03-31": "5.44", "2016-12-31": "5.62", "2016-09-30": "4.52", "2016-06-30": "4.91", "2016-03-31": "5.54", "2015-12-31": "6.51", "2015-09-30": "6.10", "2015-06-30": "6.75", "2015-03-31": "6.15", "2014-12-31": "6.15", "2014-09-30": "5.67", "2014-06-30": "6.61", "2014-03-31": "6.91", "2013-12-31": "6.21", "2013-09-30": "5.48", "2013-06-30": "5.13", "2013-03-31": "4.97", "2012-12-31": "4.60", "2012-09-30": "4.38", "2012-06-30": "4.07", "2012-03-31": "4.20", "2011-12-31": "3.99", "2011-09-30": "3.27", "2011-06-30": "3.99", "2011-03-31": "4.15", "2010-12-31": "3.87", "2010-09-30": "3.06", "2010-06-30": "3.14", "2010-03-31": "3.14", "2009-12-31": "2.74", "2009-09-30": "2.48", "2009-06-30": "2.31", "2009-03-31": "2.36", "2008-12-31": "2.39", "2008-09-30": "3.12", "2008-06-30": "2.28", "2008-03-31": "2.28", "2007-12-31": "3.10", "2007-09-30": "3.17", "2007-06-30": "3.25", "2007-03-31": "3.31", "2006-12-31": "3.36"}, "price book": {"current": "1.68", "2021-02-05": "1.97", "2020-09-30": "0.88", "2020-06-30": "1.16", "2020-03-31": "0.88", "2019-12-31": "1.50", "2019-09-30": "1.32", "2019-06-30": "1.37", "2019-03-31": "1.50", "2018-12-31": "1.23", "2018-09-30": "1.43", "2018-06-30": "1.62", "2018-03-31": "1.86", "2017-12-31": "1.78", "2017-09-30": "1.70", "2017-06-30": "1.97", "2017-03-31": "2.05", "2016-12-31": "2.15", "2016-09-30": "1.72", "2016-06-30": "1.82", "2016-03-31": "2.05", "2015-12-31": "2.56", "2015-09-30": "2.35", "2015-06-30": "2.62", "2015-03-31": "2.38", "2014-12-31": "2.41", "2014-09-30": "2.23", "2014-06-30": "2.61", "2014-03-31": "2.97", "2013-12-31": "2.68", "2013-09-30": "2.33", "2013-06-30": "2.18", "2013-03-31": "2.06", "2012-12-31": "1.94", "2012-09-30": "1.88", "2012-06-30": "1.78", "2012-03-31": "1.90", "2011-12-31": "1.87", "2011-09-30": "1.53", "2011-06-30": "2.12", "2011-03-31": "2.23", "2010-12-31": "2.08", "2010-09-30": "1.64", "2010-06-30": "1.67", "2010-03-31": "1.72", "2009-12-31": "1.53", "2009-09-30": "1.44", "2009-06-30": "1.43", "2009-03-31": "1.63", "2008-12-31": "1.37", "2008-09-30": "2.05", "2008-06-30": "1.71", "2008-03-31": "1.66", "2007-12-31": "2.23", "2007-09-30": "2.36", "2007-06-30": "2.36", "2007-03-31": "2.25", "2006-12-31": "2.22", "2006-09-30": "2.30", "2006-06-30": "2.54", "2006-03-31": "2.58"}, "price fcf": {"2021-02-05": "", "2020-09-30": "$16.38", "2020-06-30": "$12.23", "2020-03-31": "$9.93", "2019-12-31": "$13.80", "2019-09-30": "$17.01", "2019-06-30": "$19.33", "2019-03-31": "$18.95", "2018-12-31": "$11.71", "2018-09-30": "$6.14", "2018-06-30": "$9.41", "2018-03-31": "$4.09", "2017-12-31": "$9.61", "2017-09-30": "$16.13", "2017-06-30": "$13.24", "2017-03-31": "$14.52", "2016-12-31": "$10.19", "2016-09-30": "$10.78", "2016-06-30": "$7.14", "2016-03-31": "$6.58", "2015-12-31": "$10.27", "2015-09-30": "$5.82", "2015-06-30": "$7.56", "2015-03-31": "$13.12", "2014-12-31": "$8.17", "2014-09-30": "$11.50", "2014-06-30": "$12.01", "2014-03-31": "$4.66", "2013-12-31": "$3.96", "2013-09-30": "$2.40", "2013-06-30": "$0.38", "2013-03-31": "$5.81", "2012-12-31": "$7.86", "2012-09-30": "$5.73", "2012-06-30": "$3.61", "2012-03-31": "$4.37", "2011-12-31": "$3.64", "2011-09-30": "$3.49", "2011-06-30": "$3.21", "2011-03-31": "$4.36", "2010-12-31": "$1.07", "2010-09-30": "$-1.13", "2010-06-30": "$-1.21", "2010-03-31": "$-4.65", "2009-12-31": "$-0.06", "2009-09-30": "$2.01", "2009-06-30": "$2.09", "2009-03-31": "$3.04", "2008-12-31": "$1.50", "2008-09-30": "$-0.10", "2008-06-30": "$0.32", "2008-03-31": "$-0.73", "2007-12-31": "$-2.00", "2007-09-30": "$-1.82", "2007-06-30": "$3.53", "2007-03-31": "$0.02", "2006-12-31": "$1.42"}, "net worth": {"value": "$9.8B"}, "current ratio": {"2020-12-31": "0.96", "2020-09-30": "0.96", "2020-06-30": "0.98", "2020-03-31": "0.99", "2019-12-31": "0.98", "2019-09-30": "0.98", "2019-06-30": "1.00", "2019-03-31": "0.99", "2018-12-31": "0.98", "2018-09-30": "0.96", "2018-06-30": "0.98", "2018-03-31": "0.96", "2017-12-31": "0.96", "2017-09-30": "0.92", "2017-06-30": "0.92", "2017-03-31": "0.92", "2016-12-31": "0.91", "2016-09-30": "0.90", "2016-06-30": "0.90", "2016-03-31": "0.88", "2015-12-31": "0.88", "2015-09-30": "0.83", "2015-06-30": "0.82", "2015-03-31": "0.80", "2014-12-31": "0.79", "2014-09-30": "0.78", "2014-06-30": "0.78", "2014-03-31": "0.76", "2013-12-31": "0.77", "2013-09-30": "0.72", "2013-06-30": "0.71", "2013-03-31": "0.68", "2012-12-31": "0.67", "2012-09-30": "0.63", "2012-06-30": "0.61", "2012-03-31": "0.58", "2011-12-31": "0.58", "2011-09-30": "0.56", "2011-06-30": "0.55", "2011-03-31": "0.55", "2010-12-31": "0.56", "2010-09-30": "0.55", "2010-06-30": "0.56", "2010-03-31": "0.58", "2009-12-31": "0.59", "2009-09-30": "0.60", "2009-06-30": "0.61", "2009-03-31": "0.60", "2008-12-31": "0.61", "2008-09-30": "0.58", "2008-06-30": "0.54", "2008-03-31": "0.51", "2007-12-31": "0.47", "2007-09-30": "0.46", "2007-06-30": "0.48", "2007-03-31": "0.44", "2006-12-31": "0.46", "2006-09-30": "0.41", "2006-06-30": "0.37", "2006-03-31": "0.34", "2005-12-31": "0.33", "2005-09-30": "0.31", "2005-06-30": "0.31", "2005-03-31": "0.28"}, "quick ratio": {"2020-12-31": "0.00", "2020-09-30": "0.00", "2020-06-30": "0.00", "2020-03-31": "0.00", "2019-12-31": "0.00", "2019-09-30": "0.00", "2019-06-30": "0.00", "2019-03-31": "0.00", "2018-12-31": "0.00", "2018-09-30": "0.00", "2018-06-30": "0.00", "2018-03-31": "0.00", "2017-12-31": "0.00", "2017-09-30": "0.00", "2017-06-30": "0.00", "2017-03-31": "0.00", "2016-12-31": "0.00", "2016-09-30": "0.00", "2016-06-30": "0.00", "2016-03-31": "0.00", "2015-12-31": "0.00", "2015-09-30": "0.00", "2015-06-30": "0.00", "2015-03-31": "0.00", "2014-12-31": "0.00", "2014-09-30": "0.00", "2014-06-30": "0.00", "2014-03-31": "0.00", "2013-12-31": "0.00", "2013-09-30": "0.00", "2013-06-30": "0.00", "2013-03-31": "0.00", "2012-12-31": "0.00", "2012-09-30": "0.00", "2012-06-30": "0.00", "2012-03-31": "0.00", "2011-12-31": "0.00", "2011-09-30": "0.00", "2011-06-30": "0.00", "2011-03-31": "0.00", "2010-12-31": "0.00", "2010-09-30": "0.00", "2010-06-30": "0.00", "2010-03-31": "0.00", "2009-12-31": "0.00", "2009-09-30": "0.00", "2009-06-30": "0.00", "2009-03-31": "0.00", "2008-12-31": "0.00", "2008-09-30": "0.00", "2008-06-30": "0.00", "2008-03-31": "0.00", "2007-12-31": "0.00", "2007-09-30": "0.00", "2007-06-30": "0.00", "2007-03-31": "0.00", "2006-12-31": "0.00", "2006-09-30": "0.00", "2006-06-30": "0.00", "2006-03-31": "0.00", "2005-12-31": "0.00", "2005-09-30": "0.00", "2005-06-30": "0.00", "2005-03-31": "0.00"}, "debt equity ratio": {"current": "0.63", "2020-12-31": "11.68", "2020-09-30": "11.80", "2020-06-30": "11.41", "2020-03-31": "10.14", "2019-12-31": "9.66", "2019-09-30": "9.42", "2019-06-30": "9.49", "2019-03-31": "9.67", "2018-12-31": "9.75", "2018-09-30": "9.82", "2018-06-30": "9.90", "2018-03-31": "10.11", "2017-12-31": "9.70", "2017-09-30": "9.51", "2017-06-30": "9.72", "2017-03-31": "9.70", "2016-12-31": "9.81", "2016-09-30": "9.61", "2016-06-30": "9.46", "2016-03-31": "9.36", "2015-12-31": "10.57", "2015-09-30": "10.31", "2015-06-30": "10.10", "2015-03-31": "9.91", "2014-12-31": "9.94", "2014-09-30": "9.81", "2014-06-30": "9.71", "2014-03-31": "11.08", "2013-12-31": "11.43", "2013-09-30": "10.93", "2013-06-30": "10.56", "2013-03-31": "9.65", "2012-12-31": "9.58", "2012-09-30": "9.39", "2012-06-30": "9.47", "2012-03-31": "9.44", "2011-12-31": "9.42", "2011-09-30": "9.15", "2011-06-30": "11.38", "2011-03-31": "11.47", "2010-12-31": "11.36", "2010-09-30": "10.89", "2010-06-30": "10.71", "2010-03-31": "10.68", "2009-12-31": "10.38", "2009-09-30": "10.12", "2009-06-30": "9.71", "2009-03-31": "11.77", "2008-12-31": "9.30", "2008-09-30": "10.80", "2008-06-30": "13.94", "2008-03-31": "12.44", "2007-12-31": "12.73", "2007-09-30": "12.38", "2007-06-30": "13.01", "2007-03-31": "11.72", "2006-12-31": "12.75", "2006-09-30": "11.51", "2006-06-30": "12.22", "2006-03-31": "11.74", "2005-12-31": "11.49", "2005-09-30": "10.41", "2005-06-30": "9.79", "2005-03-31": "9.54"}, "return on equity": {"2020-12-31": "10.33%", "2020-09-30": "10.42%", "2020-06-30": "10.74%", "2020-03-31": "11.48%", "2019-12-31": "12.56%", "2019-09-30": "13.03%", "2019-06-30": "13.55%", "2019-03-31": "14.14%", "2018-12-31": "12.00%", "2018-09-30": "11.18%", "2018-06-30": "10.62%", "2018-03-31": "7.28%", "2017-12-31": "9.97%", "2017-09-30": "10.22%", "2017-06-30": "9.17%", "2017-03-31": "11.81%", "2016-12-31": "11.28%", "2016-09-30": "11.56%", "2016-06-30": "12.88%", "2016-03-31": "13.34%", "2015-12-31": "13.49%", "2015-09-30": "13.16%", "2015-06-30": "12.96%", "2015-03-31": "12.77%", "2014-12-31": "13.01%", "2014-09-30": "13.28%", "2014-06-30": "13.50%", "2014-03-31": "13.60%", "2013-12-31": "13.12%", "2013-09-30": "12.59%", "2013-06-30": "12.20%", "2013-03-31": "12.00%", "2012-12-31": "11.91%", "2012-09-30": "11.72%", "2012-06-30": "11.47%", "2012-03-31": "11.86%", "2011-12-31": "12.44%", "2011-09-30": "12.84%", "2011-06-30": "13.18%", "2011-03-31": "12.18%", "2010-12-31": "11.27%", "2010-09-30": "10.68%", "2010-06-30": "9.70%", "2010-03-31": "8.89%", "2009-12-31": "6.91%", "2009-09-30": "6.02%", "2009-06-30": "5.57%", "2009-03-31": "6.16%", "2008-12-31": "8.09%", "2008-09-30": "5.83%", "2008-06-30": "6.81%", "2008-03-31": "6.64%", "2007-12-31": "6.50%", "2007-09-30": "9.58%", "2007-06-30": "9.08%", "2007-03-31": "8.87%", "2006-12-31": "8.92%", "2006-09-30": "8.63%", "2006-06-30": "8.24%", "2006-03-31": "4.85%", "2005-12-31": "4.33%"}, "return on assets": {"2020-12-31": "0.84%", "2020-09-30": "0.89%", "2020-06-30": "0.96%", "2020-03-31": "1.08%", "2019-12-31": "1.19%", "2019-09-30": "1.23%", "2019-06-30": "1.27%", "2019-03-31": "1.31%", "2018-12-31": "1.10%", "2018-09-30": "1.03%", "2018-06-30": "0.98%", "2018-03-31": "0.68%", "2017-12-31": "0.94%", "2017-09-30": "0.96%", "2017-06-30": "0.86%", "2017-03-31": "1.11%", "2016-12-31": "1.07%", "2016-09-30": "1.08%", "2016-06-30": "1.18%", "2016-03-31": "1.21%", "2015-12-31": "1.20%", "2015-09-30": "1.19%", "2015-06-30": "1.18%", "2015-03-31": "1.18%", "2014-12-31": "1.17%", "2014-09-30": "1.16%", "2014-06-30": "1.15%", "2014-03-31": "1.13%", "2013-12-31": "1.13%", "2013-09-30": "1.12%", "2013-06-30": "1.13%", "2013-03-31": "1.14%", "2012-12-31": "1.14%", "2012-09-30": "1.12%", "2012-06-30": "1.11%", "2012-03-31": "1.10%", "2011-12-31": "1.11%", "2011-09-30": "1.10%", "2011-06-30": "1.07%", "2011-03-31": "1.01%", "2010-12-31": "0.95%", "2010-09-30": "0.92%", "2010-06-30": "0.85%", "2010-03-31": "0.79%", "2009-12-31": "0.61%", "2009-09-30": "0.54%", "2009-06-30": "0.49%", "2009-03-31": "0.51%", "2008-12-31": "0.66%", "2008-09-30": "0.44%", "2008-06-30": "0.49%", "2008-03-31": "0.49%", "2007-12-31": "0.48%", "2007-09-30": "0.71%", "2007-06-30": "0.69%", "2007-03-31": "0.68%", "2006-12-31": "0.68%", "2006-09-30": "0.68%", "2006-06-30": "0.66%", "2006-03-31": "0.41%", "2005-12-31": "0.38%"}, "return on investments": {"2020-12-31": "8.01%", "2020-09-30": "7.46%", "2020-06-30": "7.30%", "2020-03-31": "7.62%", "2019-12-31": "8.07%", "2019-09-30": "8.43%", "2019-06-30": "8.58%", "2019-03-31": "8.83%", "2018-12-31": "7.46%", "2018-09-30": "7.27%", "2018-06-30": "7.61%", "2018-03-31": "5.71%", "2017-12-31": "8.10%", "2017-09-30": "9.09%", "2017-06-30": "8.30%", "2017-03-31": "11.04%", "2016-12-31": "11.21%", "2016-09-30": "11.09%", "2016-06-30": "12.46%", "2016-03-31": "13.21%", "2015-12-31": "13.84%", "2015-09-30": "14.51%", "2015-06-30": "14.23%", "2015-03-31": "13.94%", "2014-12-31": "13.33%", "2014-09-30": "13.05%", "2014-06-30": "12.50%", "2014-03-31": "12.23%", "2013-12-31": "12.70%", "2013-09-30": "13.06%", "2013-06-30": "14.60%", "2013-03-31": "16.09%", "2012-12-31": "16.55%", "2012-09-30": "16.01%", "2012-06-30": "15.54%", "2012-03-31": "16.13%", "2011-12-31": "16.35%", "2011-09-30": "16.60%", "2011-06-30": "16.72%", "2011-03-31": "15.39%", "2010-12-31": "14.34%", "2010-09-30": "14.17%", "2010-06-30": "12.59%", "2010-03-31": "11.24%", "2009-12-31": "10.45%", "2009-09-30": "9.61%", "2009-06-30": "9.05%", "2009-03-31": "9.67%", "2008-12-31": "9.31%", "2008-09-30": "6.09%", "2008-06-30": "7.13%", "2008-03-31": "7.11%", "2007-12-31": "7.02%", "2007-09-30": "10.56%", "2007-06-30": "9.73%", "2007-03-31": "9.58%", "2006-12-31": "9.28%", "2006-09-30": "9.10%", "2006-06-30": "9.39%", "2006-03-31": "6.71%", "2005-12-31": "6.23%"}, "return on tangible equity": {"2020-09-30": "10.42%", "2020-06-30": "10.74%", "2020-03-31": "11.48%", "2019-12-31": "12.56%", "2019-09-30": "13.03%", "2019-06-30": "13.55%", "2019-03-31": "14.14%", "2018-12-31": "12.00%", "2018-09-30": "11.18%", "2018-06-30": "10.62%", "2018-03-31": "7.28%", "2017-12-31": "9.97%", "2017-09-30": "10.22%", "2017-06-30": "9.17%", "2017-03-31": "11.81%", "2016-12-31": "11.28%", "2016-09-30": "11.56%", "2016-06-30": "12.88%", "2016-03-31": "13.34%", "2015-12-31": "13.49%", "2015-09-30": "13.16%", "2015-06-30": "12.96%", "2015-03-31": "12.77%", "2014-12-31": "13.01%", "2014-09-30": "13.28%", "2014-06-30": "13.50%", "2014-03-31": "13.60%", "2013-12-31": "13.12%", "2013-09-30": "12.59%", "2013-06-30": "12.20%", "2013-03-31": "12.00%", "2012-12-31": "11.91%", "2012-09-30": "11.72%", "2012-06-30": "11.47%", "2012-03-31": "11.86%", "2011-12-31": "12.44%", "2011-09-30": "12.84%", "2011-06-30": "13.18%", "2011-03-31": "12.18%", "2010-12-31": "11.27%", "2010-09-30": "10.68%", "2010-06-30": "9.70%", "2010-03-31": "8.89%", "2009-12-31": "6.91%", "2009-09-30": "6.02%", "2009-06-30": "5.57%", "2009-03-31": "6.16%", "2008-12-31": "8.09%", "2008-09-30": "5.83%", "2008-06-30": "6.81%", "2008-03-31": "6.64%", "2007-12-31": "6.50%", "2007-09-30": "9.58%", "2007-06-30": "9.08%", "2007-03-31": "8.87%", "2006-12-31": "8.92%", "2006-09-30": "8.63%", "2006-06-30": "8.24%", "2006-03-31": "4.85%", "2005-12-31": "4.33%"}, "dividend yield history": {"last payout": "$2.24", "last yield": "1.22%"}}