{"ticker": "SLGN", "price": {"title": "Silgan Holdings Historical Annual Stock Price Data", "value": 37.69, "historical": {"2021": {"Average Stock Price": "36.8767", "Year Open": "36.6100", "Year High": "38.3900", "Year Low": "35.9300", "Year Close": "37.6900", "Annual % Change": "1.65%"}, "2020": {"Average Stock Price": "33.8681", "Year Open": "30.7500", "Year High": "39.6900", "Year Low": "25.3200", "Year Close": "37.0800", "Annual % Change": "19.31%"}, "2019": {"Average Stock Price": "29.5562", "Year Open": "23.0300", "Year High": "31.6100", "Year Low": "23.0300", "Year Close": "31.0800", "Annual % Change": "31.58%"}, "2018": {"Average Stock Price": "27.1688", "Year Open": "29.5800", "Year High": "30.0200", "Year Low": "22.4100", "Year Close": "23.6200", "Annual % Change": "-19.63%"}, "2017": {"Average Stock Price": "29.8598", "Year Open": "25.7600", "Year High": "32.4700", "Year Low": "25.7600", "Year Close": "29.3900", "Annual % Change": "14.85%"}, "2016": {"Average Stock Price": "25.4299", "Year Open": "26.6850", "Year High": "27.1600", "Year Low": "23.8300", "Year Close": "25.5900", "Annual % Change": "-4.73%"}, "2015": {"Average Stock Price": "27.0710", "Year Open": "26.9600", "Year High": "29.3700", "Year Low": "24.9850", "Year Close": "26.8600", "Annual % Change": "0.22%"}, "2014": {"Average Stock Price": "24.6652", "Year Open": "23.8000", "Year High": "27.4450", "Year Low": "22.2750", "Year Close": "26.8000", "Annual % Change": "11.62%"}, "2013": {"Average Stock Price": "23.3459", "Year Open": "21.4100", "Year High": "25.1750", "Year Low": "20.9900", "Year Close": "24.0100", "Annual % Change": "15.60%"}, "2012": {"Average Stock Price": "21.3656", "Year Open": "19.3700", "Year High": "22.4150", "Year Low": "19.3300", "Year Close": "20.7700", "Annual % Change": "7.51%"}, "2011": {"Average Stock Price": "19.3916", "Year Open": "17.9500", "Year High": "23.1250", "Year Low": "16.9650", "Year Close": "19.3200", "Annual % Change": "7.90%"}, "2010": {"Average Stock Price": "15.2921", "Year Open": "14.1650", "Year High": "18.2750", "Year Low": "12.9625", "Year Close": "17.9050", "Annual % Change": "23.74%"}, "2009": {"Average Stock Price": "12.5717", "Year Open": "11.9475", "Year High": "14.6350", "Year Low": "10.9675", "Year Close": "14.4700", "Annual % Change": "21.06%"}, "2008": {"Average Stock Price": "12.3695", "Year Open": "12.5750", "Year High": "14.3850", "Year Low": "10.1000", "Year Close": "11.9525", "Annual % Change": "-7.95%"}, "2007": {"Average Stock Price": "13.2036", "Year Open": "10.8175", "Year High": "15.2750", "Year Low": "10.7375", "Year Close": "12.9850", "Annual % Change": "18.26%"}, "2006": {"Average Stock Price": "9.6795", "Year Open": "9.2425", "Year High": "11.1450", "Year Low": "8.4625", "Year Close": "10.9800", "Annual % Change": "21.59%"}, "2005": {"Average Stock Price": "7.8931", "Year Open": "7.6413", "Year High": "9.2900", "Year Low": "6.7750", "Year Close": "9.0300", "Annual % Change": "18.50%"}, "2004": {"Average Stock Price": "5.7570", "Year Open": "5.2513", "Year High": "7.6688", "Year Low": "4.9375", "Year Close": "7.6200", "Annual % Change": "43.44%"}, "2003": {"Average Stock Price": "3.5821", "Year Open": "3.2438", "Year High": "5.4738", "Year Low": "2.4375", "Year Close": "5.3125", "Annual % Change": "72.20%"}, "2002": {"Average Stock Price": "3.8210", "Year Open": "3.1350", "Year High": "5.3538", "Year Low": "2.3013", "Year Close": "3.0850", "Annual % Change": "-5.66%"}, "2001": {"Average Stock Price": "2.2004", "Year Open": "1.1250", "Year High": "3.2700", "Year Low": "0.9850", "Year Close": "3.2700", "Annual % Change": "190.67%"}, "2000": {"Average Stock Price": "1.2867", "Year Open": "1.6100", "Year High": "2.1250", "Year Low": "0.7188", "Year Close": "1.1250", "Annual % Change": "-32.74%"}, "1999": {"Average Stock Price": "2.4086", "Year Open": "3.4850", "Year High": "3.4850", "Year Low": "1.4063", "Year Close": "1.6725", "Annual % Change": "-51.87%"}, "1998": {"Average Stock Price": "3.5927", "Year Open": "3.9138", "Year High": "4.5000", "Year Low": "2.5000", "Year Close": "3.4750", "Annual % Change": "-14.46%"}}}, "market cap": {"value": "$4.17B"}, "income statement": {"Revenue": {"2020-12-31": "4921.90000", "2019-12-31": "4489.92700", "2018-12-31": "4448.87500", "2017-12-31": "4089.85400", "2016-12-31": "3612.91400", "2015-12-31": "3763.97100", "2014-12-31": "3911.79000", "2013-12-31": "3708.51800", "2012-12-31": "3588.31800", "2011-12-31": "3509.22700", "2010-12-31": "3071.54500", "2009-12-31": "3066.75900", "2008-12-31": "3120.99200", "2007-12-31": "2922.99600", "2006-12-31": "2667.51900", "2005-12-31": "2495.55100"}, "Cost Of Goods Sold": {"2020-12-31": "4054.50000", "2019-12-31": "3776.18300", "2018-12-31": "3759.11200", "2017-12-31": "3455.30600", "2016-12-31": "3101.06500", "2015-12-31": "3209.84500", "2014-12-31": "3311.96000", "2013-12-31": "3161.27600", "2012-12-31": "3070.75900", "2011-12-31": "2990.63700", "2010-12-31": "2599.11600", "2009-12-31": "2605.62900", "2008-12-31": "2694.44100", "2007-12-31": "2502.71200", "2006-12-31": "2305.14800", "2005-12-31": "2171.60800"}, "Gross Profit": {"2020-12-31": "867.39990", "2019-12-31": "713.74370", "2018-12-31": "689.76290", "2017-12-31": "634.54810", "2016-12-31": "511.84910", "2015-12-31": "554.12600", "2014-12-31": "599.83010", "2013-12-31": "547.24220", "2012-12-31": "517.55910", "2011-12-31": "518.59010", "2010-12-31": "472.42900", "2009-12-31": "461.13010", "2008-12-31": "426.55100", "2007-12-31": "420.28420", "2006-12-31": "362.37110", "2005-12-31": "323.94310"}, "Research And Development Expenses": {"2020-12-31": "", "2019-12-31": "", "2018-12-31": "", "2017-12-31": "", "2016-12-31": "", "2015-12-31": "", "2014-12-31": "", "2013-12-31": "", "2012-12-31": "", "2011-12-31": "", "2010-12-31": "", "2009-12-31": "", "2008-12-31": "", "2007-12-31": "", "2006-12-31": "", "2005-12-31": ""}, "SG&A Expenses": {"2020-12-31": "377.70000", "2019-12-31": "315.70300", "2018-12-31": "308.37600", "2017-12-31": "305.17300", "2016-12-31": "219.92600", "2015-12-31": "219.90700", "2014-12-31": "224.49600", "2013-12-31": "211.07500", "2012-12-31": "183.39000", "2011-12-31": "156.75200", "2010-12-31": "166.89600", "2009-12-31": "161.04100", "2008-12-31": "160.63700", "2007-12-31": "148.71800", "2006-12-31": "131.37900", "2005-12-31": "114.66800"}, "Other Operating Income Or Expenses": {"2020-12-31": "-16.00000", "2019-12-31": "-56.35100", "2018-12-31": "-6.25300", "2017-12-31": "-5.82600", "2016-12-31": "-19.06100", "2015-12-31": "-14.40700", "2014-12-31": "-14.48100", "2013-12-31": "-11.98700", "2012-12-31": "-8.66000", "2011-12-31": "-7.71700", "2010-12-31": "-22.21400", "2009-12-31": "-1.49100", "2008-12-31": "-12.18000", "2007-12-31": "-5.73800", "2006-12-31": "-16.34700", "2005-12-31": "-0.27000"}, "Operating Expenses": {"2020-12-31": "4409.50000", "2019-12-31": "4130.44100", "2018-12-31": "4036.77500", "2017-12-31": "3732.86400", "2016-12-31": "3313.18400", "2015-12-31": "3444.15900", "2014-12-31": "3550.93700", "2013-12-31": "3384.33800", "2012-12-31": "3262.80900", "2011-12-31": "3155.10600", "2010-12-31": "2788.22600", "2009-12-31": "2768.16100", "2008-12-31": "2867.25800", "2007-12-31": "2657.16800", "2006-12-31": "2452.87400", "2005-12-31": "2286.54600"}, "Operating Income": {"2020-12-31": "512.39990", "2019-12-31": "359.48540", "2018-12-31": "412.10010", "2017-12-31": "356.99000", "2016-12-31": "299.73000", "2015-12-31": "319.81200", "2014-12-31": "360.85300", "2013-12-31": "324.18020", "2012-12-31": "325.50930", "2011-12-31": "354.12110", "2010-12-31": "283.31880", "2009-12-31": "298.59810", "2008-12-31": "253.73410", "2007-12-31": "265.82810", "2006-12-31": "214.64530", "2005-12-31": "209.00510"}, "Total Non-Operating Income/Expense": {"2020-12-31": "-105.30000", "2019-12-31": "-107.35000", "2018-12-31": "-118.79900", "2017-12-31": "-117.30900", "2016-12-31": "-67.81300", "2015-12-31": "-66.92600", "2014-12-31": "-76.30100", "2013-12-31": "-69.46200", "2012-12-31": "-101.72200", "2011-12-31": "-63.95400", "2010-12-31": "-61.63900", "2009-12-31": "-50.99900", "2008-12-31": "-60.16000", "2007-12-31": "-66.00300", "2006-12-31": "-59.39700", "2005-12-31": "-60.61600"}, "Pre-Tax Income": {"2020-12-31": "407.10000", "2019-12-31": "252.13600", "2018-12-31": "293.30100", "2017-12-31": "239.68100", "2016-12-31": "231.91700", "2015-12-31": "252.88600", "2014-12-31": "284.55200", "2013-12-31": "254.71800", "2012-12-31": "223.78700", "2011-12-31": "290.16700", "2010-12-31": "221.68000", "2009-12-31": "247.59900", "2008-12-31": "193.57400", "2007-12-31": "199.82500", "2006-12-31": "155.24800", "2005-12-31": "148.38900"}, "Income Taxes": {"2020-12-31": "98.40000", "2019-12-31": "58.32200", "2018-12-31": "69.30700", "2017-12-31": "-29.97800", "2016-12-31": "78.56600", "2015-12-31": "80.47300", "2014-12-31": "102.16100", "2013-12-31": "69.30500", "2012-12-31": "72.44100", "2011-12-31": "96.99400", "2010-12-31": "77.03400", "2009-12-31": "88.19000", "2008-12-31": "68.58200", "2007-12-31": "73.04200", "2006-12-31": "51.23200", "2005-12-31": "60.83900"}, "Income After Taxes": {"2020-12-31": "308.70000", "2019-12-31": "193.81400", "2018-12-31": "223.99400", "2017-12-31": "269.65900", "2016-12-31": "153.35100", "2015-12-31": "172.41300", "2014-12-31": "182.39100", "2013-12-31": "185.41300", "2012-12-31": "151.34600", "2011-12-31": "193.17300", "2010-12-31": "144.64600", "2009-12-31": "159.40900", "2008-12-31": "124.99200", "2007-12-31": "126.78300", "2006-12-31": "104.01600", "2005-12-31": "87.55000"}, "Other Income": {"2020-12-31": "", "2019-12-31": "", "2018-12-31": "", "2017-12-31": "", "2016-12-31": "", "2015-12-31": "", "2014-12-31": "", "2013-12-31": "", "2012-12-31": "", "2011-12-31": "", "2010-12-31": "", "2009-12-31": "", "2008-12-31": "", "2007-12-31": "", "2006-12-31": "", "2005-12-31": ""}, "Income From Continuous Operations": {"2020-12-31": "308.70000", "2019-12-31": "193.81400", "2018-12-31": "223.99400", "2017-12-31": "269.65900", "2016-12-31": "153.35100", "2015-12-31": "172.41300", "2014-12-31": "182.39100", "2013-12-31": "185.41300", "2012-12-31": "151.34600", "2011-12-31": "193.17300", "2010-12-31": "144.64600", "2009-12-31": "159.40900", "2008-12-31": "124.99200", "2007-12-31": "126.78300", "2006-12-31": "104.01600", "2005-12-31": "87.55000"}, "Income From Discontinued Operations": {"2020-12-31": "", "2019-12-31": "", "2018-12-31": "", "2017-12-31": "", "2016-12-31": "", "2015-12-31": "", "2014-12-31": "", "2013-12-31": "", "2012-12-31": "", "2011-12-31": "", "2010-12-31": "", "2009-12-31": "", "2008-12-31": "", "2007-12-31": "", "2006-12-31": "", "2005-12-31": ""}, "Net Income": {"2020-12-31": "308.70000", "2019-12-31": "193.81400", "2018-12-31": "223.99400", "2017-12-31": "269.65900", "2016-12-31": "153.35100", "2015-12-31": "172.41300", "2014-12-31": "182.39100", "2013-12-31": "185.41300", "2012-12-31": "151.34600", "2011-12-31": "193.17300", "2010-12-31": "144.64600", "2009-12-31": "159.40900", "2008-12-31": "124.99200", "2007-12-31": "126.78300", "2006-12-31": "104.01600", "2005-12-31": "87.55000"}, "EBITDA": {"2020-12-31": "735.99990", "2019-12-31": "569.43130", "2018-12-31": "607.61110", "2017-12-31": "535.31100", "2016-12-31": "446.92700", "2015-12-31": "466.16000", "2014-12-31": "513.14400", "2013-12-31": "496.38020", "2012-12-31": "495.42130", "2011-12-31": "516.75910", "2010-12-31": "429.15280", "2009-12-31": "445.90720", "2008-12-31": "399.05810", "2007-12-31": "405.15910", "2006-12-31": "342.28530", "2005-12-31": "332.44810"}, "EBIT": {"2020-12-31": "512.39990", "2019-12-31": "359.48540", "2018-12-31": "412.10010", "2017-12-31": "356.99000", "2016-12-31": "299.73000", "2015-12-31": "319.81200", "2014-12-31": "360.85300", "2013-12-31": "324.18020", "2012-12-31": "325.50930", "2011-12-31": "354.12110", "2010-12-31": "283.31880", "2009-12-31": "298.59810", "2008-12-31": "253.73410", "2007-12-31": "265.82810", "2006-12-31": "214.64530", "2005-12-31": "209.00510"}, "Basic Shares Outstanding": {"2020-12-31": "110.76800", "2019-12-31": "110.93900", "2018-12-31": "110.60300", "2017-12-31": "110.35300", "2016-12-31": "119.73200", "2015-12-31": "122.04200", "2014-12-31": "126.85200", "2013-12-31": "128.50800", "2012-12-31": "139.14200", "2011-12-31": "139.99200", "2010-12-31": "151.81000", "2009-12-31": "152.70200", "2008-12-31": "151.55400", "2007-12-31": "150.69600", "2006-12-31": "149.55200", "2005-12-31": "148.41600"}, "Shares Outstanding": {"2020-12-31": "111.39300", "2019-12-31": "111.50800", "2018-12-31": "111.63200", "2017-12-31": "111.36300", "2016-12-31": "120.49800", "2015-12-31": "122.61200", "2014-12-31": "127.49000", "2013-12-31": "129.31600", "2012-12-31": "139.77800", "2011-12-31": "140.76400", "2010-12-31": "153.01600", "2009-12-31": "153.94200", "2008-12-31": "153.14600", "2007-12-31": "152.66000", "2006-12-31": "151.65200", "2005-12-31": "150.34000"}, "Basic EPS": {"2020-12-31": "2.79000", "2019-12-31": "1.75000", "2018-12-31": "2.03000", "2017-12-31": "2.44000", "2016-12-31": "1.28000", "2015-12-31": "1.41000", "2014-12-31": "1.44000", "2013-12-31": "1.44500", "2012-12-31": "1.09000", "2011-12-31": "1.38000", "2010-12-31": "0.95500", "2009-12-31": "1.04500", "2008-12-31": "0.82500", "2007-12-31": "0.84250", "2006-12-31": "0.69500", "2005-12-31": "0.59000"}, "EPS - Earnings Per Share": {"2020-12-31": "2.77000", "2019-12-31": "1.74000", "2018-12-31": "2.01000", "2017-12-31": "2.42000", "2016-12-31": "1.27000", "2015-12-31": "1.41000", "2014-12-31": "1.43000", "2013-12-31": "1.43500", "2012-12-31": "1.08500", "2011-12-31": "1.37500", "2010-12-31": "0.94500", "2009-12-31": "1.03500", "2008-12-31": "0.81500", "2007-12-31": "0.83000", "2006-12-31": "0.68500", "2005-12-31": "0.58250"}}, "income statement, quarterly": {"Revenue": {"2020-12-31": "1226.60000", "2020-09-30": "1488.49900", "2020-06-30": "1176.47000", "2020-03-31": "1030.38400", "2019-12-31": "1048.29100", "2019-09-30": "1321.34200", "2019-06-30": "1093.16300", "2019-03-31": "1027.13100", "2018-12-31": "1070.49300", "2018-09-30": "1306.99900", "2018-06-30": "1059.10300", "2018-03-31": "1012.28000", "2017-12-31": "995.70290", "2017-09-30": "1266.93000", "2017-06-30": "1021.81400", "2017-03-31": "805.40700", "2016-12-31": "805.89090", "2016-09-30": "1139.64300", "2016-06-30": "874.64200", "2016-03-31": "792.73800", "2015-12-31": "829.61580", "2015-09-30": "1203.52500", "2015-06-30": "914.22900", "2015-03-31": "816.60100", "2014-12-31": "910.16420", "2014-09-30": "1228.44400", "2014-06-30": "917.33600", "2014-03-31": "855.84600", "2013-12-31": "864.82710", "2013-09-30": "1167.92100", "2013-06-30": "880.02900", "2013-03-31": "795.74100", "2012-12-31": "858.80290", "2012-09-30": "1139.54700", "2012-06-30": "821.61100", "2012-03-31": "768.35700", "2011-12-31": "835.90800", "2011-09-30": "1148.00800", "2011-06-30": "822.22400", "2011-03-31": "703.08700", "2010-12-31": "711.60280", "2010-09-30": "1002.05600", "2010-06-30": "693.84900", "2010-03-31": "664.03700", "2009-12-31": "705.28420", "2009-09-30": "1016.53700", "2009-06-30": "689.54200", "2009-03-31": "655.39600", "2008-12-31": "741.57790", "2008-09-30": "964.29900", "2008-06-30": "735.28300", "2008-03-31": "679.83200", "2007-12-31": "683.80720", "2007-09-30": "904.83700", "2007-06-30": "683.52600", "2007-03-31": "650.82600", "2006-12-31": "644.03010", "2006-09-30": "856.42600", "2006-06-30": "597.21200", "2006-03-31": "569.85100", "2005-12-31": "586.83510", "2005-09-30": "797.51400", "2005-06-30": "581.15800", "2005-03-31": "530.04400"}, "Cost Of Goods Sold": {"2020-12-31": "1026.70000", "2020-09-30": "1230.14800", "2020-06-30": "952.37500", "2020-03-31": "845.28600", "2019-12-31": "891.67210", "2019-09-30": "1113.72700", "2019-06-30": "909.65000", "2019-03-31": "861.13400", "2018-12-31": "918.12120", "2018-09-30": "1102.89200", "2018-06-30": "885.85300", "2018-03-31": "852.24600", "2017-12-31": "843.47010", "2017-09-30": "1061.28900", "2017-06-30": "863.12000", "2017-03-31": "687.42700", "2016-12-31": "717.56480", "2016-09-30": "957.70400", "2016-06-30": "746.93500", "2016-03-31": "678.86100", "2015-12-31": "716.49000", "2015-09-30": "1018.41900", "2015-06-30": "780.57200", "2015-03-31": "694.36400", "2014-12-31": "787.66190", "2014-09-30": "1022.83000", "2014-06-30": "773.62900", "2014-03-31": "727.83900", "2013-12-31": "744.84290", "2013-09-30": "980.09600", "2013-06-30": "751.86900", "2013-03-31": "684.46800", "2012-12-31": "749.38890", "2012-09-30": "960.77600", "2012-06-30": "706.28200", "2012-03-31": "654.31200", "2011-12-31": "719.12700", "2011-09-30": "965.05400", "2011-06-30": "705.33100", "2011-03-31": "601.12500", "2010-12-31": "613.47890", "2010-09-30": "839.65100", "2010-06-30": "585.25300", "2010-03-31": "560.73300", "2009-12-31": "613.10790", "2009-09-30": "849.47600", "2009-06-30": "582.75300", "2009-03-31": "560.29200", "2008-12-31": "654.43490", "2008-09-30": "822.98400", "2008-06-30": "627.25600", "2008-03-31": "589.76600", "2007-12-31": "593.13490", "2007-09-30": "774.53600", "2007-06-30": "584.28200", "2007-03-31": "550.75900", "2006-12-31": "553.41290", "2006-09-30": "731.16800", "2006-06-30": "521.91400", "2006-03-31": "498.65300", "2005-12-31": "519.12290", "2005-09-30": "681.23500", "2005-06-30": "503.38900", "2005-03-31": "467.86100"}, "Gross Profit": {"2020-12-31": "199.90000", "2020-09-30": "258.35110", "2020-06-30": "224.09500", "2020-03-31": "185.09800", "2019-12-31": "156.61880", "2019-09-30": "207.61500", "2019-06-30": "183.51290", "2019-03-31": "165.99700", "2018-12-31": "152.37170", "2018-09-30": "204.10710", "2018-06-30": "173.25000", "2018-03-31": "160.03410", "2017-12-31": "152.23280", "2017-09-30": "205.64110", "2017-06-30": "158.69400", "2017-03-31": "117.98000", "2016-12-31": "88.32620", "2016-09-30": "181.93900", "2016-06-30": "127.70700", "2016-03-31": "113.87700", "2015-12-31": "113.12580", "2015-09-30": "185.10600", "2015-06-30": "133.65700", "2015-03-31": "122.23700", "2014-12-31": "122.50240", "2014-09-30": "205.61400", "2014-06-30": "143.70700", "2014-03-31": "128.00700", "2013-12-31": "119.98420", "2013-09-30": "187.82500", "2013-06-30": "128.16000", "2013-03-31": "111.27300", "2012-12-31": "109.41400", "2012-09-30": "178.77100", "2012-06-30": "115.32900", "2012-03-31": "114.04500", "2011-12-31": "116.78110", "2011-09-30": "182.95400", "2011-06-30": "116.89300", "2011-03-31": "101.96200", "2010-12-31": "98.12380", "2010-09-30": "162.40500", "2010-06-30": "108.59600", "2010-03-31": "103.30400", "2009-12-31": "92.17630", "2009-09-30": "167.06100", "2009-06-30": "106.78900", "2009-03-31": "95.10400", "2008-12-31": "87.14300", "2008-09-30": "141.31500", "2008-06-30": "108.02700", "2008-03-31": "90.06600", "2007-12-31": "90.67220", "2007-09-30": "130.30100", "2007-06-30": "99.24400", "2007-03-31": "100.06700", "2006-12-31": "90.61720", "2006-09-30": "125.25800", "2006-06-30": "75.29800", "2006-03-31": "71.19800", "2005-12-31": "67.71220", "2005-09-30": "116.27900", "2005-06-30": "77.76900", "2005-03-31": "62.18300"}, "Research And Development Expenses": {"2020-12-31": "", "2020-09-30": "", "2020-06-30": "", "2020-03-31": "", "2019-12-31": "", "2019-09-30": "", "2019-06-30": "", "2019-03-31": "", "2018-12-31": "", "2018-09-30": "", "2018-06-30": "", "2018-03-31": "", "2017-12-31": "", "2017-09-30": "", "2017-06-30": "", "2017-03-31": "", "2016-12-31": "", "2016-09-30": "", "2016-06-30": "", "2016-03-31": "", "2015-12-31": "", "2015-09-30": "", "2015-06-30": "", "2015-03-31": "", "2014-12-31": "", "2014-09-30": "", "2014-06-30": "", "2014-03-31": "", "2013-12-31": "", "2013-09-30": "", "2013-06-30": "", "2013-03-31": "", "2012-12-31": "", "2012-09-30": "", "2012-06-30": "", "2012-03-31": "", "2011-12-31": "", "2011-09-30": "", "2011-06-30": "", "2011-03-31": "", "2010-12-31": "", "2010-09-30": "", "2010-06-30": "", "2010-03-31": "", "2009-12-31": "", "2009-09-30": "", "2009-06-30": "", "2009-03-31": "", "2008-12-31": "", "2008-09-30": "", "2008-06-30": "", "2008-03-31": "", "2007-12-31": "", "2007-09-30": "", "2007-06-30": "", "2007-03-31": "", "2006-12-31": "", "2006-09-30": "", "2006-06-30": "", "2006-03-31": "", "2005-12-31": "", "2005-09-30": "", "2005-06-30": "", "2005-03-31": ""}, "SG&A Expenses": {"2020-12-31": "95.70000", "2020-09-30": "91.52500", "2020-06-30": "100.62400", "2020-03-31": "89.86300", "2019-12-31": "81.88900", "2019-09-30": "76.06500", "2019-06-30": "80.08700", "2019-03-31": "77.66200", "2018-12-31": "79.68600", "2018-09-30": "73.69000", "2018-06-30": "78.25300", "2018-03-31": "76.74700", "2017-12-31": "72.71100", "2017-09-30": "75.14900", "2017-06-30": "88.65400", "2017-03-31": "68.65900", "2016-12-31": "57.83700", "2016-09-30": "51.71100", "2016-06-30": "55.01800", "2016-03-31": "55.36000", "2015-12-31": "56.93600", "2015-09-30": "54.11300", "2015-06-30": "54.40700", "2015-03-31": "54.45100", "2014-12-31": "53.87100", "2014-09-30": "55.45100", "2014-06-30": "56.76500", "2014-03-31": "58.40900", "2013-12-31": "56.32100", "2013-09-30": "50.63400", "2013-06-30": "52.32200", "2013-03-31": "51.79800", "2012-12-31": "47.88700", "2012-09-30": "44.29100", "2012-06-30": "46.53200", "2012-03-31": "44.68000", "2011-12-31": "43.88100", "2011-09-30": "46.22100", "2011-06-30": "20.06200", "2011-03-31": "46.58800", "2010-12-31": "41.04300", "2010-09-30": "40.48000", "2010-06-30": "40.82900", "2010-03-31": "44.54400", "2009-12-31": "41.09100", "2009-09-30": "38.61200", "2009-06-30": "40.08700", "2009-03-31": "41.25100", "2008-12-31": "45.45000", "2008-09-30": "39.27000", "2008-06-30": "40.36300", "2008-03-31": "35.55400", "2007-12-31": "36.31600", "2007-09-30": "37.02600", "2007-06-30": "38.47500", "2007-03-31": "36.90100", "2006-12-31": "36.11400", "2006-09-30": "36.58700", "2006-06-30": "29.23000", "2006-03-31": "29.44800", "2005-12-31": "28.10500", "2005-09-30": "30.18500", "2005-06-30": "28.09300", "2005-03-31": "28.28500"}, "Other Operating Income Or Expenses": {"2020-12-31": "-8.80000", "2020-09-30": "-2.50500", "2020-06-30": "-1.94200", "2020-03-31": "-2.79900", "2019-12-31": "-7.75600", "2019-09-30": "-3.19500", "2019-06-30": "-39.31700", "2019-03-31": "-6.08300", "2018-12-31": "-4.77000", "2018-09-30": "-0.28800", "2018-06-30": "-0.49200", "2018-03-31": "-0.70300", "2017-12-31": "-1.34200", "2017-09-30": "-0.56100", "2017-06-30": "-3.03800", "2017-03-31": "-0.88500", "2016-12-31": "-5.13100", "2016-09-30": "-7.82100", "2016-06-30": "-5.03800", "2016-03-31": "-1.07100", "2015-12-31": "-3.65300", "2015-09-30": "-9.07000", "2015-06-30": "-0.95900", "2015-03-31": "-0.72500", "2014-12-31": "-9.50300", "2014-09-30": "-2.52800", "2014-06-30": "-0.86200", "2014-03-31": "-1.58800", "2013-12-31": "-8.37100", "2013-09-30": "-1.33200", "2013-06-30": "-0.93300", "2013-03-31": "-1.35100", "2012-12-31": "-2.85100", "2012-09-30": "-2.04800", "2012-06-30": "-0.15800", "2012-03-31": "-3.60300", "2011-12-31": "-2.93400", "2011-09-30": "-0.68200", "2011-06-30": "-2.36900", "2011-03-31": "-1.73200", "2010-12-31": "-18.48000", "2010-09-30": "-0.97100", "2010-06-30": "-0.70900", "2010-03-31": "-2.05400", "2009-12-31": "", "2009-09-30": "-0.11300", "2009-06-30": "0.07700", "2009-03-31": "-1.45500", "2008-12-31": "-2.37700", "2008-09-30": "-2.40800", "2008-06-30": "-2.71800", "2008-03-31": "-4.67700", "2007-12-31": "-1.69100", "2007-09-30": "-0.67000", "2007-06-30": "-2.30500", "2007-03-31": "-1.07200", "2006-12-31": "-6.25600", "2006-09-30": "-1.74000", "2006-06-30": "-6.19700", "2006-03-31": "-2.15400", "2005-12-31": "0.19300", "2005-09-30": "", "2005-06-30": "-0.18100", "2005-03-31": "-0.28200"}, "Operating Expenses": {"2020-12-31": "1121.60000", "2020-09-30": "1314.46600", "2020-06-30": "1045.23600", "2020-03-31": "928.24300", "2019-12-31": "976.84150", "2019-09-30": "1188.64700", "2019-06-30": "1024.56400", "2019-03-31": "940.38900", "2018-12-31": "993.14690", "2018-09-30": "1168.54400", "2018-06-30": "954.98600", "2018-03-31": "920.09800", "2017-12-31": "909.27390", "2017-09-30": "1128.36400", "2017-06-30": "946.58100", "2017-03-31": "748.64500", "2016-12-31": "753.66530", "2016-09-30": "1017.23600", "2016-06-30": "806.99100", "2016-03-31": "735.29200", "2015-12-31": "777.07920", "2015-09-30": "1081.60200", "2015-06-30": "835.93800", "2015-03-31": "749.54000", "2014-12-31": "851.03580", "2014-09-30": "1080.80900", "2014-06-30": "831.25600", "2014-03-31": "787.83600", "2013-12-31": "809.53490", "2013-09-30": "1032.06200", "2013-06-30": "805.12400", "2013-03-31": "737.61700", "2012-12-31": "800.12690", "2012-09-30": "1007.11500", "2012-06-30": "752.97200", "2012-03-31": "702.59500", "2011-12-31": "765.94200", "2011-09-30": "1011.95700", "2011-06-30": "727.76200", "2011-03-31": "649.44500", "2010-12-31": "673.00200", "2010-09-30": "881.10200", "2010-06-30": "626.79100", "2010-03-31": "607.33100", "2009-12-31": "654.19900", "2009-09-30": "888.20100", "2009-06-30": "622.76290", "2009-03-31": "602.99800", "2008-12-31": "702.26180", "2008-09-30": "864.66200", "2008-06-30": "670.33700", "2008-03-31": "629.99700", "2007-12-31": "631.14200", "2007-09-30": "812.23200", "2007-06-30": "625.06200", "2007-03-31": "588.73200", "2006-12-31": "595.78280", "2006-09-30": "769.49500", "2006-06-30": "557.34100", "2006-03-31": "530.25500", "2005-12-31": "547.03490", "2005-09-30": "711.42000", "2005-06-30": "531.66300", "2005-03-31": "496.42800"}, "Operating Income": {"2020-12-31": "105.00000", "2020-09-30": "174.03310", "2020-06-30": "131.23390", "2020-03-31": "102.14110", "2019-12-31": "71.44940", "2019-09-30": "132.69510", "2019-06-30": "68.59900", "2019-03-31": "86.74200", "2018-12-31": "77.34600", "2018-09-30": "138.45510", "2018-06-30": "104.11700", "2018-03-31": "92.18210", "2017-12-31": "86.42900", "2017-09-30": "138.56600", "2017-06-30": "75.23300", "2017-03-31": "56.76200", "2016-12-31": "52.22570", "2016-09-30": "122.40700", "2016-06-30": "67.65100", "2016-03-31": "57.44600", "2015-12-31": "52.53660", "2015-09-30": "121.92310", "2015-06-30": "78.29100", "2015-03-31": "67.06100", "2014-12-31": "59.12840", "2014-09-30": "147.63500", "2014-06-30": "86.08000", "2014-03-31": "68.01000", "2013-12-31": "55.29220", "2013-09-30": "135.85900", "2013-06-30": "74.90500", "2013-03-31": "58.12400", "2012-12-31": "58.67600", "2012-09-30": "132.43200", "2012-06-30": "68.63900", "2012-03-31": "65.76200", "2011-12-31": "69.96610", "2011-09-30": "136.05100", "2011-06-30": "94.46200", "2011-03-31": "53.64200", "2010-12-31": "38.60080", "2010-09-30": "120.95400", "2010-06-30": "67.05800", "2010-03-31": "56.70600", "2009-12-31": "51.08510", "2009-09-30": "128.33600", "2009-06-30": "66.77910", "2009-03-31": "52.39800", "2008-12-31": "39.31620", "2008-09-30": "99.63700", "2008-06-30": "64.94600", "2008-03-31": "49.83500", "2007-12-31": "52.66520", "2007-09-30": "92.60500", "2007-06-30": "58.46410", "2007-03-31": "62.09400", "2006-12-31": "48.24730", "2006-09-30": "86.93100", "2006-06-30": "39.87100", "2006-03-31": "39.59600", "2005-12-31": "39.80020", "2005-09-30": "86.09400", "2005-06-30": "49.49500", "2005-03-31": "33.61600"}, "Total Non-Operating Income/Expense": {"2020-12-31": "-26.80000", "2020-09-30": "-27.72500", "2020-06-30": "-25.83700", "2020-03-31": "-24.97000", "2019-12-31": "-23.40300", "2019-09-30": "-28.44300", "2019-06-30": "-28.40100", "2019-03-31": "-27.10300", "2018-12-31": "-27.70400", "2018-09-30": "-28.19900", "2018-06-30": "-32.41500", "2018-03-31": "-30.48100", "2017-12-31": "-30.04900", "2017-09-30": "-30.58300", "2017-06-30": "-33.58200", "2017-03-31": "-23.09500", "2016-12-31": "-17.15700", "2016-09-30": "-17.31800", "2016-06-30": "-16.88300", "2016-03-31": "-16.45500", "2015-12-31": "-16.56200", "2015-09-30": "-17.15900", "2015-06-30": "-16.76200", "2015-03-31": "-16.44300", "2014-12-31": "-17.90700", "2014-09-30": "-19.27600", "2014-06-30": "-18.95800", "2014-03-31": "-20.16000", "2013-12-31": "-19.61800", "2013-09-30": "-16.98200", "2013-06-30": "-15.44500", "2013-03-31": "-17.41700", "2012-12-31": "-15.39700", "2012-09-30": "-16.00500", "2012-06-30": "-54.73200", "2012-03-31": "-15.58800", "2011-12-31": "-16.30000", "2011-09-30": "-17.26800", "2011-06-30": "-16.44600", "2011-03-31": "-13.94000", "2010-12-31": "-16.65600", "2010-09-30": "-20.47700", "2010-06-30": "-11.97100", "2010-03-31": "-12.53500", "2009-12-31": "-13.95000", "2009-09-30": "-13.72400", "2009-06-30": "-12.86900", "2009-03-31": "-10.45600", "2008-12-31": "-13.94500", "2008-09-30": "-15.10000", "2008-06-30": "-14.80200", "2008-03-31": "-16.31300", "2007-12-31": "-15.71300", "2007-09-30": "-17.28200", "2007-06-30": "-16.90900", "2007-03-31": "-16.09900", "2006-12-31": "-16.02800", "2006-09-30": "-17.92000", "2006-06-30": "-14.19900", "2006-03-31": "-11.25000", "2005-12-31": "-11.04800", "2005-09-30": "-12.61800", "2005-06-30": "-24.66800", "2005-03-31": "-12.28200"}, "Pre-Tax Income": {"2020-12-31": "78.20000", "2020-09-30": "146.30800", "2020-06-30": "105.39700", "2020-03-31": "77.17100", "2019-12-31": "48.04700", "2019-09-30": "104.25200", "2019-06-30": "40.19800", "2019-03-31": "59.63900", "2018-12-31": "49.64200", "2018-09-30": "110.25600", "2018-06-30": "71.70200", "2018-03-31": "61.70100", "2017-12-31": "56.38000", "2017-09-30": "107.98300", "2017-06-30": "41.65100", "2017-03-31": "33.66700", "2016-12-31": "35.06900", "2016-09-30": "105.08900", "2016-06-30": "50.76800", "2016-03-31": "40.99100", "2015-12-31": "35.97500", "2015-09-30": "104.76400", "2015-06-30": "61.52900", "2015-03-31": "50.61800", "2014-12-31": "41.22100", "2014-09-30": "128.35900", "2014-06-30": "67.12200", "2014-03-31": "47.85000", "2013-12-31": "35.67400", "2013-09-30": "118.87700", "2013-06-30": "59.46000", "2013-03-31": "40.70700", "2012-12-31": "43.27900", "2012-09-30": "116.42700", "2012-06-30": "13.90700", "2012-03-31": "50.17400", "2011-12-31": "53.66600", "2011-09-30": "118.78300", "2011-06-30": "78.01600", "2011-03-31": "39.70200", "2010-12-31": "21.94500", "2010-09-30": "100.47700", "2010-06-30": "55.08700", "2010-03-31": "44.17100", "2009-12-31": "37.13500", "2009-09-30": "114.61200", "2009-06-30": "53.91000", "2009-03-31": "41.94200", "2008-12-31": "25.37100", "2008-09-30": "84.53700", "2008-06-30": "50.14400", "2008-03-31": "33.52200", "2007-12-31": "36.95200", "2007-09-30": "75.32300", "2007-06-30": "41.55500", "2007-03-31": "45.99500", "2006-12-31": "32.21900", "2006-09-30": "69.01100", "2006-06-30": "25.67200", "2006-03-31": "28.34600", "2005-12-31": "28.75200", "2005-09-30": "73.47600", "2005-06-30": "24.82700", "2005-03-31": "21.33400"}, "Income Taxes": {"2020-12-31": "18.10000", "2020-09-30": "33.45700", "2020-06-30": "27.22500", "2020-03-31": "19.57100", "2019-12-31": "13.20400", "2019-09-30": "22.97800", "2019-06-30": "9.24300", "2019-03-31": "12.89700", "2018-12-31": "11.45100", "2018-09-30": "25.51700", "2018-06-30": "16.35900", "2018-03-31": "15.98000", "2017-12-31": "-89.73900", "2017-09-30": "35.60100", "2017-06-30": "13.72500", "2017-03-31": "10.43500", "2016-12-31": "11.37500", "2016-09-30": "35.31900", "2016-06-30": "17.45300", "2016-03-31": "14.41900", "2015-12-31": "9.42600", "2015-09-30": "34.44800", "2015-06-30": "19.28500", "2015-03-31": "17.31400", "2014-12-31": "17.58500", "2014-09-30": "45.08300", "2014-06-30": "23.11900", "2014-03-31": "16.37400", "2013-12-31": "12.39800", "2013-09-30": "41.70200", "2013-06-30": "-0.06900", "2013-03-31": "15.27400", "2012-12-31": "13.92000", "2012-09-30": "37.77000", "2012-06-30": "3.32700", "2012-03-31": "17.42400", "2011-12-31": "16.56700", "2011-09-30": "40.02700", "2011-06-30": "26.81000", "2011-03-31": "13.59000", "2010-12-31": "5.56600", "2010-09-30": "35.24600", "2010-06-30": "18.83300", "2010-03-31": "17.38900", "2009-12-31": "13.21100", "2009-09-30": "40.82500", "2009-06-30": "19.15300", "2009-03-31": "15.00100", "2008-12-31": "7.64800", "2008-09-30": "31.73000", "2008-06-30": "16.83400", "2008-03-31": "12.37000", "2007-12-31": "13.04000", "2007-09-30": "27.70500", "2007-06-30": "14.81000", "2007-03-31": "17.48700", "2006-12-31": "11.43600", "2006-09-30": "19.32300", "2006-06-30": "9.30500", "2006-03-31": "11.16800", "2005-12-31": "14.78000", "2005-09-30": "28.24500", "2005-06-30": "9.40900", "2005-03-31": "8.40500"}, "Income After Taxes": {"2020-12-31": "60.10000", "2020-09-30": "112.85100", "2020-06-30": "78.17200", "2020-03-31": "57.60000", "2019-12-31": "34.84300", "2019-09-30": "81.27400", "2019-06-30": "30.95500", "2019-03-31": "46.74200", "2018-12-31": "38.19100", "2018-09-30": "84.73900", "2018-06-30": "55.34300", "2018-03-31": "45.72100", "2017-12-31": "146.11900", "2017-09-30": "72.38200", "2017-06-30": "27.92600", "2017-03-31": "23.23200", "2016-12-31": "23.69400", "2016-09-30": "69.77000", "2016-06-30": "33.31500", "2016-03-31": "26.57200", "2015-12-31": "26.54900", "2015-09-30": "70.31600", "2015-06-30": "42.24400", "2015-03-31": "33.30400", "2014-12-31": "23.63600", "2014-09-30": "83.27600", "2014-06-30": "44.00300", "2014-03-31": "31.47600", "2013-12-31": "23.27600", "2013-09-30": "77.17500", "2013-06-30": "59.52900", "2013-03-31": "25.43300", "2012-12-31": "29.35900", "2012-09-30": "78.65700", "2012-06-30": "10.58000", "2012-03-31": "32.75000", "2011-12-31": "37.09900", "2011-09-30": "78.75600", "2011-06-30": "51.20600", "2011-03-31": "26.11200", "2010-12-31": "16.37900", "2010-09-30": "65.23100", "2010-06-30": "36.25400", "2010-03-31": "26.78200", "2009-12-31": "23.92400", "2009-09-30": "73.78700", "2009-06-30": "34.75700", "2009-03-31": "26.94100", "2008-12-31": "17.72300", "2008-09-30": "52.80700", "2008-06-30": "33.31000", "2008-03-31": "21.15200", "2007-12-31": "23.91200", "2007-09-30": "47.61800", "2007-06-30": "26.74500", "2007-03-31": "28.50800", "2006-12-31": "20.78300", "2006-09-30": "49.68800", "2006-06-30": "16.36700", "2006-03-31": "17.17800", "2005-12-31": "13.97200", "2005-09-30": "45.23100", "2005-06-30": "15.41800", "2005-03-31": "12.92900"}, "Other Income": {"2020-12-31": "", "2020-09-30": "", "2020-06-30": "", "2020-03-31": "", "2019-12-31": "", "2019-09-30": "", "2019-06-30": "", "2019-03-31": "", "2018-12-31": "", "2018-09-30": "", "2018-06-30": "", "2018-03-31": "", "2017-12-31": "", "2017-09-30": "", "2017-06-30": "", "2017-03-31": "", "2016-12-31": "", "2016-09-30": "", "2016-06-30": "", "2016-03-31": "", "2015-12-31": "", "2015-09-30": "", "2015-06-30": "", "2015-03-31": "", "2014-12-31": "", "2014-09-30": "", "2014-06-30": "", "2014-03-31": "", "2013-12-31": "", "2013-09-30": "", "2013-06-30": "", "2013-03-31": "", "2012-12-31": "", "2012-09-30": "", "2012-06-30": "", "2012-03-31": "", "2011-12-31": "", "2011-09-30": "", "2011-06-30": "", "2011-03-31": "", "2010-12-31": "", "2010-09-30": "", "2010-06-30": "", "2010-03-31": "", "2009-12-31": "", "2009-09-30": "", "2009-06-30": "", "2009-03-31": "", "2008-12-31": "", "2008-09-30": "", "2008-06-30": "", "2008-03-31": "", "2007-12-31": "", "2007-09-30": "", "2007-06-30": "", "2007-03-31": "", "2006-12-31": "", "2006-09-30": "", "2006-06-30": "", "2006-03-31": "", "2005-12-31": "", "2005-09-30": "", "2005-06-30": "", "2005-03-31": ""}, "Income From Continuous Operations": {"2020-12-31": "60.10000", "2020-09-30": "112.85100", "2020-06-30": "78.17200", "2020-03-31": "57.60000", "2019-12-31": "34.84300", "2019-09-30": "81.27400", "2019-06-30": "30.95500", "2019-03-31": "46.74200", "2018-12-31": "38.19100", "2018-09-30": "84.73900", "2018-06-30": "55.34300", "2018-03-31": "45.72100", "2017-12-31": "146.11900", "2017-09-30": "72.38200", "2017-06-30": "27.92600", "2017-03-31": "23.23200", "2016-12-31": "23.69400", "2016-09-30": "69.77000", "2016-06-30": "33.31500", "2016-03-31": "26.57200", "2015-12-31": "26.54900", "2015-09-30": "70.31600", "2015-06-30": "42.24400", "2015-03-31": "33.30400", "2014-12-31": "23.63600", "2014-09-30": "83.27600", "2014-06-30": "44.00300", "2014-03-31": "31.47600", "2013-12-31": "23.27600", "2013-09-30": "77.17500", "2013-06-30": "59.52900", "2013-03-31": "25.43300", "2012-12-31": "29.35900", "2012-09-30": "78.65700", "2012-06-30": "10.58000", "2012-03-31": "32.75000", "2011-12-31": "37.09900", "2011-09-30": "78.75600", "2011-06-30": "51.20600", "2011-03-31": "26.11200", "2010-12-31": "16.37900", "2010-09-30": "65.23100", "2010-06-30": "36.25400", "2010-03-31": "26.78200", "2009-12-31": "23.92400", "2009-09-30": "73.78700", "2009-06-30": "34.75700", "2009-03-31": "26.94100", "2008-12-31": "17.72300", "2008-09-30": "52.80700", "2008-06-30": "33.31000", "2008-03-31": "21.15200", "2007-12-31": "23.91200", "2007-09-30": "47.61800", "2007-06-30": "26.74500", "2007-03-31": "28.50800", "2006-12-31": "20.78300", "2006-09-30": "49.68800", "2006-06-30": "16.36700", "2006-03-31": "17.17800", "2005-12-31": "13.97200", "2005-09-30": "45.23100", "2005-06-30": "15.41800", "2005-03-31": "12.92900"}, "Income From Discontinued Operations": {"2020-12-31": "", "2020-09-30": "", "2020-06-30": "", "2020-03-31": "", "2019-12-31": "", "2019-09-30": "", "2019-06-30": "", "2019-03-31": "", "2018-12-31": "", "2018-09-30": "", "2018-06-30": "", "2018-03-31": "", "2017-12-31": "", "2017-09-30": "", "2017-06-30": "", "2017-03-31": "", "2016-12-31": "", "2016-09-30": "", "2016-06-30": "", "2016-03-31": "", "2015-12-31": "", "2015-09-30": "", "2015-06-30": "", "2015-03-31": "", "2014-12-31": "", "2014-09-30": "", "2014-06-30": "", "2014-03-31": "", "2013-12-31": "", "2013-09-30": "", "2013-06-30": "", "2013-03-31": "", "2012-12-31": "", "2012-09-30": "", "2012-06-30": "", "2012-03-31": "", "2011-12-31": "", "2011-09-30": "", "2011-06-30": "", "2011-03-31": "", "2010-12-31": "", "2010-09-30": "", "2010-06-30": "", "2010-03-31": "", "2009-12-31": "", "2009-09-30": "", "2009-06-30": "", "2009-03-31": "", "2008-12-31": "", "2008-09-30": "", "2008-06-30": "", "2008-03-31": "", "2007-12-31": "", "2007-09-30": "", "2007-06-30": "", "2007-03-31": "", "2006-12-31": "", "2006-09-30": "", "2006-06-30": "", "2006-03-31": "", "2005-12-31": "", "2005-09-30": "", "2005-06-30": "", "2005-03-31": ""}, "Net Income": {"2020-12-31": "60.10000", "2020-09-30": "112.85100", "2020-06-30": "78.17200", "2020-03-31": "57.60000", "2019-12-31": "34.84300", "2019-09-30": "81.27400", "2019-06-30": "30.95500", "2019-03-31": "46.74200", "2018-12-31": "38.19100", "2018-09-30": "84.73900", "2018-06-30": "55.34300", "2018-03-31": "45.72100", "2017-12-31": "146.11900", "2017-09-30": "72.38200", "2017-06-30": "27.92600", "2017-03-31": "23.23200", "2016-12-31": "23.69400", "2016-09-30": "69.77000", "2016-06-30": "33.31500", "2016-03-31": "26.57200", "2015-12-31": "26.54900", "2015-09-30": "70.31600", "2015-06-30": "42.24400", "2015-03-31": "33.30400", "2014-12-31": "23.63600", "2014-09-30": "83.27600", "2014-06-30": "44.00300", "2014-03-31": "31.47600", "2013-12-31": "23.27600", "2013-09-30": "77.17500", "2013-06-30": "59.52900", "2013-03-31": "25.43300", "2012-12-31": "29.35900", "2012-09-30": "78.65700", "2012-06-30": "10.58000", "2012-03-31": "32.75000", "2011-12-31": "37.09900", "2011-09-30": "78.75600", "2011-06-30": "51.20600", "2011-03-31": "26.11200", "2010-12-31": "16.37900", "2010-09-30": "65.23100", "2010-06-30": "36.25400", "2010-03-31": "26.78200", "2009-12-31": "23.92400", "2009-09-30": "73.78700", "2009-06-30": "34.75700", "2009-03-31": "26.94100", "2008-12-31": "17.72300", "2008-09-30": "52.80700", "2008-06-30": "33.31000", "2008-03-31": "21.15200", "2007-12-31": "23.91200", "2007-09-30": "47.61800", "2007-06-30": "26.74500", "2007-03-31": "28.50800", "2006-12-31": "20.78300", "2006-09-30": "49.68800", "2006-06-30": "16.36700", "2006-03-31": "17.17800", "2005-12-31": "13.97200", "2005-09-30": "45.23100", "2005-06-30": "15.41800", "2005-03-31": "12.92900"}, "EBITDA": {"2020-12-31": "", "2020-09-30": "233.29010", "2020-06-30": "184.34090", "2020-03-31": "153.23100", "2019-12-31": "124.61540", "2019-09-30": "185.37310", "2019-06-30": "121.46900", "2019-03-31": "137.97400", "2018-12-31": "126.61100", "2018-09-30": "186.79810", "2018-06-30": "153.08900", "2018-03-31": "141.11310", "2017-12-31": "135.01600", "2017-09-30": "184.97300", "2017-06-30": "120.98800", "2017-03-31": "94.33400", "2016-12-31": "89.14260", "2016-09-30": "159.66800", "2016-06-30": "104.45200", "2016-03-31": "93.66400", "2015-12-31": "89.09460", "2015-09-30": "158.67110", "2015-06-30": "114.65700", "2015-03-31": "103.73700", "2014-12-31": "97.20840", "2014-09-30": "185.33500", "2014-06-30": "124.18000", "2014-03-31": "106.42100", "2013-12-31": "100.40520", "2013-09-30": "177.31000", "2013-06-30": "116.84500", "2013-03-31": "101.82000", "2012-12-31": "103.42700", "2012-09-30": "174.22000", "2012-06-30": "109.83600", "2012-03-31": "107.93800", "2011-12-31": "111.71110", "2011-09-30": "177.50500", "2011-06-30": "135.63500", "2011-03-31": "91.90800", "2010-12-31": "75.53580", "2010-09-30": "157.33100", "2010-06-30": "103.50600", "2010-03-31": "92.78000", "2009-12-31": "88.81720", "2009-09-30": "164.72700", "2009-06-30": "103.13710", "2009-03-31": "89.22600", "2008-12-31": "76.31020", "2008-09-30": "136.50800", "2008-06-30": "100.44600", "2008-03-31": "85.79400", "2007-12-31": "90.54120", "2007-09-30": "127.27700", "2007-06-30": "92.71100", "2007-03-31": "94.63000", "2006-12-31": "81.89630", "2006-09-30": "118.83500", "2006-06-30": "71.94200", "2006-03-31": "69.61200", "2005-12-31": "70.40620", "2005-09-30": "117.27100", "2005-06-30": "80.48000", "2005-03-31": "64.29100"}, "EBIT": {"2020-12-31": "105.00000", "2020-09-30": "174.03310", "2020-06-30": "131.23390", "2020-03-31": "102.14110", "2019-12-31": "71.44930", "2019-09-30": "132.69510", "2019-06-30": "68.59900", "2019-03-31": "86.74200", "2018-12-31": "77.34600", "2018-09-30": "138.45510", "2018-06-30": "104.11700", "2018-03-31": "92.18210", "2017-12-31": "86.42900", "2017-09-30": "138.56600", "2017-06-30": "75.23300", "2017-03-31": "56.76200", "2016-12-31": "52.22600", "2016-09-30": "122.40700", "2016-06-30": "67.65100", "2016-03-31": "57.44600", "2015-12-31": "52.53690", "2015-09-30": "121.92310", "2015-06-30": "78.29100", "2015-03-31": "67.06100", "2014-12-31": "59.12810", "2014-09-30": "147.63500", "2014-06-30": "86.08000", "2014-03-31": "68.01000", "2013-12-31": "55.29220", "2013-09-30": "135.85900", "2013-06-30": "74.90500", "2013-03-31": "58.12400", "2012-12-31": "58.67630", "2012-09-30": "132.43200", "2012-06-30": "68.63900", "2012-03-31": "65.76200", "2011-12-31": "69.96610", "2011-09-30": "136.05100", "2011-06-30": "94.46200", "2011-03-31": "53.64200", "2010-12-31": "38.60080", "2010-09-30": "120.95400", "2010-06-30": "67.05800", "2010-03-31": "56.70600", "2009-12-31": "51.08510", "2009-09-30": "128.33600", "2009-06-30": "66.77910", "2009-03-31": "52.39800", "2008-12-31": "39.31620", "2008-09-30": "99.63700", "2008-06-30": "64.94600", "2008-03-31": "49.83500", "2007-12-31": "52.66510", "2007-09-30": "92.60500", "2007-06-30": "58.46410", "2007-03-31": "62.09400", "2006-12-31": "48.24730", "2006-09-30": "86.93100", "2006-06-30": "39.87100", "2006-03-31": "39.59600", "2005-12-31": "39.80010", "2005-09-30": "86.09400", "2005-06-30": "49.49500", "2005-03-31": "33.61600"}, "Basic Shares Outstanding": {"2020-12-31": "110.39100", "2020-09-30": "110.92100", "2020-06-30": "110.90100", "2020-03-31": "110.86200", "2019-12-31": "110.93900", "2019-09-30": "111.05800", "2019-06-30": "111.18500", "2019-03-31": "110.70900", "2018-12-31": "110.60300", "2018-09-30": "110.65700", "2018-06-30": "110.64500", "2018-03-31": "110.49200", "2017-12-31": "110.35300", "2017-09-30": "110.39100", "2017-06-30": "110.35800", "2017-03-31": "110.23100", "2016-12-31": "119.73200", "2016-09-30": "120.89100", "2016-06-30": "121.00900", "2016-03-31": "120.90200", "2015-12-31": "122.04200", "2015-09-30": "120.83400", "2015-06-30": "120.94600", "2015-03-31": "125.60200", "2014-12-31": "126.85200", "2014-09-30": "126.89600", "2014-06-30": "127.05000", "2014-03-31": "126.99400", "2013-12-31": "128.50800", "2013-09-30": "126.89800", "2013-06-30": "127.42000", "2013-03-31": "132.88000", "2012-12-31": "139.14200", "2012-09-30": "138.75000", "2012-06-30": "139.43800", "2012-03-31": "139.88000", "2011-12-31": "139.99200", "2011-09-30": "139.96200", "2011-06-30": "140.29000", "2011-03-31": "139.96600", "2010-12-31": "151.81000", "2010-09-30": "153.53400", "2010-06-30": "153.40200", "2010-03-31": "153.25600", "2009-12-31": "152.70200", "2009-09-30": "152.80800", "2009-06-30": "152.58400", "2009-03-31": "152.35000", "2008-12-31": "151.55400", "2008-09-30": "151.72800", "2008-06-30": "151.40400", "2008-03-31": "151.01600", "2007-12-31": "150.69600", "2007-09-30": "150.76000", "2007-06-30": "150.61600", "2007-03-31": "150.45200", "2006-12-31": "149.55200", "2006-09-30": "149.64400", "2006-06-30": "149.41600", "2006-03-31": "149.08400", "2005-12-31": "148.41600", "2005-09-30": "148.68800", "2005-06-30": "148.32400", "2005-03-31": "147.68800"}, "Shares Outstanding": {"2020-12-31": "111.19800", "2020-09-30": "111.61200", "2020-06-30": "111.33400", "2020-03-31": "111.43200", "2019-12-31": "111.50800", "2019-09-30": "111.52100", "2019-06-30": "111.50200", "2019-03-31": "111.59200", "2018-12-31": "111.63200", "2018-09-30": "111.69300", "2018-06-30": "111.57400", "2018-03-31": "111.55800", "2017-12-31": "111.36300", "2017-09-30": "111.42700", "2017-06-30": "111.32600", "2017-03-31": "111.21500", "2016-12-31": "120.49800", "2016-09-30": "121.65800", "2016-06-30": "121.71900", "2016-03-31": "121.65000", "2015-12-31": "122.61200", "2015-09-30": "121.39200", "2015-06-30": "121.45600", "2015-03-31": "126.16400", "2014-12-31": "127.49000", "2014-09-30": "127.42800", "2014-06-30": "127.74800", "2014-03-31": "127.84600", "2013-12-31": "129.31600", "2013-09-30": "127.72800", "2013-06-30": "128.18200", "2013-03-31": "133.61800", "2012-12-31": "139.77800", "2012-09-30": "139.37000", "2012-06-30": "140.00000", "2012-03-31": "140.53000", "2011-12-31": "140.76400", "2011-09-30": "140.64000", "2011-06-30": "141.02600", "2011-03-31": "141.00000", "2010-12-31": "153.01600", "2010-09-30": "154.75000", "2010-06-30": "154.57400", "2010-03-31": "154.49800", "2009-12-31": "153.94200", "2009-09-30": "154.01800", "2009-06-30": "153.77400", "2009-03-31": "153.67400", "2008-12-31": "153.14600", "2008-09-30": "153.28400", "2008-06-30": "153.07600", "2008-03-31": "152.75600", "2007-12-31": "152.66000", "2007-09-30": "152.72000", "2007-06-30": "152.64800", "2007-03-31": "152.42000", "2006-12-31": "151.65200", "2006-09-30": "151.70400", "2006-06-30": "151.51200", "2006-03-31": "151.31600", "2005-12-31": "150.34000", "2005-09-30": "150.58400", "2005-06-30": "150.28400", "2005-03-31": "150.00000"}, "Basic EPS": {"2020-12-31": "0.54000", "2020-09-30": "1.02000", "2020-06-30": "0.70000", "2020-03-31": "0.52000", "2019-12-31": "0.32000", "2019-09-30": "0.73000", "2019-06-30": "0.28000", "2019-03-31": "0.42000", "2018-12-31": "0.35000", "2018-09-30": "0.77000", "2018-06-30": "0.50000", "2018-03-31": "0.41000", "2017-12-31": "1.32000", "2017-09-30": "0.66000", "2017-06-30": "0.25000", "2017-03-31": "0.21000", "2016-12-31": "0.20000", "2016-09-30": "0.58000", "2016-06-30": "0.28000", "2016-03-31": "0.22000", "2015-12-31": "0.21500", "2015-09-30": "0.58000", "2015-06-30": "0.35000", "2015-03-31": "0.26500", "2014-12-31": "0.19000", "2014-09-30": "0.65500", "2014-06-30": "0.34500", "2014-03-31": "0.25000", "2013-12-31": "0.18000", "2013-09-30": "0.61000", "2013-06-30": "0.46500", "2013-03-31": "0.19000", "2012-12-31": "0.21500", "2012-09-30": "0.56500", "2012-06-30": "0.07500", "2012-03-31": "0.23500", "2011-12-31": "0.26500", "2011-09-30": "0.56500", "2011-06-30": "0.36500", "2011-03-31": "0.18500", "2010-12-31": "0.12000", "2010-09-30": "0.42500", "2010-06-30": "0.23500", "2010-03-31": "0.17500", "2009-12-31": "0.16000", "2009-09-30": "0.48500", "2009-06-30": "0.22500", "2009-03-31": "0.17500", "2008-12-31": "0.11750", "2008-09-30": "0.34750", "2008-06-30": "0.22000", "2008-03-31": "0.14000", "2007-12-31": "0.16000", "2007-09-30": "0.31500", "2007-06-30": "0.17750", "2007-03-31": "0.19000", "2006-12-31": "0.13750", "2006-09-30": "0.33250", "2006-06-30": "0.11000", "2006-03-31": "0.11500", "2005-12-31": "0.09250", "2005-09-30": "0.30500", "2005-06-30": "0.10500", "2005-03-31": "0.08750"}, "EPS - Earnings Per Share": {"2020-12-31": "0.54000", "2020-09-30": "1.01000", "2020-06-30": "0.70000", "2020-03-31": "0.52000", "2019-12-31": "0.31000", "2019-09-30": "0.73000", "2019-06-30": "0.28000", "2019-03-31": "0.42000", "2018-12-31": "0.34000", "2018-09-30": "0.76000", "2018-06-30": "0.50000", "2018-03-31": "0.41000", "2017-12-31": "1.31000", "2017-09-30": "0.65000", "2017-06-30": "0.25000", "2017-03-31": "0.21000", "2016-12-31": "0.21000", "2016-09-30": "0.57000", "2016-06-30": "0.27000", "2016-03-31": "0.22000", "2015-12-31": "0.21500", "2015-09-30": "0.58000", "2015-06-30": "0.35000", "2015-03-31": "0.26500", "2014-12-31": "0.18500", "2014-09-30": "0.65500", "2014-06-30": "0.34500", "2014-03-31": "0.24500", "2013-12-31": "0.17500", "2013-09-30": "0.60500", "2013-06-30": "0.46500", "2013-03-31": "0.19000", "2012-12-31": "0.21000", "2012-09-30": "0.56500", "2012-06-30": "0.07500", "2012-03-31": "0.23500", "2011-12-31": "0.26500", "2011-09-30": "0.56000", "2011-06-30": "0.36500", "2011-03-31": "0.18500", "2010-12-31": "0.11500", "2010-09-30": "0.42000", "2010-06-30": "0.23500", "2010-03-31": "0.17500", "2009-12-31": "0.15500", "2009-09-30": "0.48000", "2009-06-30": "0.22500", "2009-03-31": "0.17500", "2008-12-31": "0.11500", "2008-09-30": "0.34500", "2008-06-30": "0.21750", "2008-03-31": "0.13750", "2007-12-31": "0.15500", "2007-09-30": "0.31250", "2007-06-30": "0.17500", "2007-03-31": "0.18750", "2006-12-31": "0.13750", "2006-09-30": "0.32750", "2006-06-30": "0.10750", "2006-03-31": "0.11250", "2005-12-31": "0.09500", "2005-09-30": "0.30000", "2005-06-30": "0.10250", "2005-03-31": "0.08500"}}, "balance sheet": {"Cash On Hand": {"2020-12-31": "409.50000", "2019-12-31": "203.82400", "2018-12-31": "72.81900", "2017-12-31": "53.53300", "2016-12-31": "24.69000", "2015-12-31": "99.94500", "2014-12-31": "222.59100", "2013-12-31": "160.46300", "2012-12-31": "465.60800", "2011-12-31": "397.10100", "2010-12-31": "175.22600", "2009-12-31": "305.75400", "2008-12-31": "163.00600", "2007-12-31": "95.94100", "2006-12-31": "16.73700", "2005-12-31": "20.46100"}, "Receivables": {"2020-12-31": "619.50000", "2019-12-31": "504.98600", "2018-12-31": "511.33200", "2017-12-31": "454.63700", "2016-12-31": "288.19700", "2015-12-31": "281.04100", "2014-12-31": "310.73200", "2013-12-31": "333.04100", "2012-12-31": "326.69100", "2011-12-31": "339.90900", "2010-12-31": "214.44300", "2009-12-31": "196.57300", "2008-12-31": "266.88000", "2007-12-31": "219.77500", "2006-12-31": "232.42900", "2005-12-31": "154.73400"}, "Inventory": {"2020-12-31": "677.50000", "2019-12-31": "633.00500", "2018-12-31": "634.80600", "2017-12-31": "721.29000", "2016-12-31": "602.96300", "2015-12-31": "628.13800", "2014-12-31": "548.76500", "2013-12-31": "515.57000", "2012-12-31": "515.92700", "2011-12-31": "554.14800", "2010-12-31": "438.53600", "2009-12-31": "387.21400", "2008-12-31": "377.71800", "2007-12-31": "427.80700", "2006-12-31": "426.59100", "2005-12-31": "318.10200"}, "Pre-Paid Expenses": {"2020-12-31": "", "2019-12-31": "64.99300", "2018-12-31": "71.17700", "2017-12-31": "62.46200", "2016-12-31": "46.32800", "2015-12-31": "36.13400", "2014-12-31": "53.30600", "2013-12-31": "73.37400", "2012-12-31": "70.26100", "2011-12-31": "42.56500", "2010-12-31": "36.29000", "2009-12-31": "24.68500", "2008-12-31": "31.09300", "2007-12-31": "27.67000", "2006-12-31": "41.99500", "2005-12-31": "27.24400"}, "Other Current Assets": {"2020-12-31": "92.60000", "2019-12-31": "", "2018-12-31": "", "2017-12-31": "", "2016-12-31": "", "2015-12-31": "", "2014-12-31": "", "2013-12-31": "", "2012-12-31": "", "2011-12-31": "", "2010-12-31": "", "2009-12-31": "", "2008-12-31": "", "2007-12-31": "", "2006-12-31": "", "2005-12-31": ""}, "Total Current Assets": {"2020-12-31": "1799.10000", "2019-12-31": "1406.80800", "2018-12-31": "1290.13400", "2017-12-31": "1291.92200", "2016-12-31": "962.17800", "2015-12-31": "1045.25800", "2014-12-31": "1135.39400", "2013-12-31": "1082.44800", "2012-12-31": "1378.48700", "2011-12-31": "1333.72300", "2010-12-31": "864.49500", "2009-12-31": "914.22600", "2008-12-31": "838.69700", "2007-12-31": "771.19300", "2006-12-31": "717.75200", "2005-12-31": "520.54100"}, "Property, Plant, And Equipment": {"2020-12-31": "1840.80000", "2019-12-31": "1570.33100", "2018-12-31": "1517.51000", "2017-12-31": "1489.87200", "2016-12-31": "1156.95200", "2015-12-31": "1125.43300", "2014-12-31": "1063.63100", "2013-12-31": "1118.44300", "2012-12-31": "1098.80900", "2011-12-31": "1064.70800", "2010-12-31": "849.72000", "2009-12-31": "882.31000", "2008-12-31": "917.57900", "2007-12-31": "939.62700", "2006-12-31": "894.64700", "2005-12-31": "758.13500"}, "Long-Term Investments": {"2020-12-31": "", "2019-12-31": "", "2018-12-31": "", "2017-12-31": "", "2016-12-31": "", "2015-12-31": "", "2014-12-31": "", "2013-12-31": "", "2012-12-31": "", "2011-12-31": "", "2010-12-31": "", "2009-12-31": "", "2008-12-31": "", "2007-12-31": "", "2006-12-31": "", "2005-12-31": ""}, "Goodwill And Intangible Assets": {"2020-12-31": "", "2019-12-31": "1496.83800", "2018-12-31": "1531.75000", "2017-12-31": "1588.54200", "2016-12-31": "785.49600", "2015-12-31": "807.87900", "2014-12-31": "842.03200", "2013-12-31": "880.21500", "2012-12-31": "682.75300", "2011-12-31": "486.36400", "2010-12-31": "396.81700", "2009-12-31": "359.84700", "2008-12-31": "357.56000", "2007-12-31": "374.21800", "2006-12-31": "352.22600", "2005-12-31": "216.90400"}, "Other Long-Term Assets": {"2020-12-31": "2879.60000", "2019-12-31": "457.08200", "2018-12-31": "239.90000", "2017-12-31": "275.11300", "2016-12-31": "244.76400", "2015-12-31": "214.10900", "2014-12-31": "233.07900", "2013-12-31": "239.97600", "2012-12-31": "133.49400", "2011-12-31": "94.29200", "2010-12-31": "64.98600", "2009-12-31": "57.97100", "2008-12-31": "50.47500", "2007-12-31": "54.97500", "2006-12-31": "43.75400", "2005-12-31": "35.04000"}, "Total Long-Term Assets": {"2020-12-31": "4720.40000", "2019-12-31": "3524.25100", "2018-12-31": "3289.16000", "2017-12-31": "3353.52700", "2016-12-31": "2187.21200", "2015-12-31": "2147.42100", "2014-12-31": "2138.74200", "2013-12-31": "2238.63400", "2012-12-31": "1915.05600", "2011-12-31": "1645.36400", "2010-12-31": "1311.52300", "2009-12-31": "1300.12800", "2008-12-31": "1325.61400", "2007-12-31": "1368.82000", "2006-12-31": "1290.62700", "2005-12-31": "1010.07900"}, "Total Assets": {"2020-12-31": "6519.50000", "2019-12-31": "4931.05900", "2018-12-31": "4579.29400", "2017-12-31": "4645.44900", "2016-12-31": "3149.39000", "2015-12-31": "3192.67900", "2014-12-31": "3274.13600", "2013-12-31": "3321.08200", "2012-12-31": "3293.54300", "2011-12-31": "2979.08700", "2010-12-31": "2176.01800", "2009-12-31": "2214.35400", "2008-12-31": "2164.31100", "2007-12-31": "2140.01300", "2006-12-31": "2008.37900", "2005-12-31": "1530.62000"}, "Total Current Liabilities": {"2020-12-31": "4414.80000", "2019-12-31": "1018.52900", "2018-12-31": "1079.06800", "2017-12-31": "958.27700", "2016-12-31": "861.82500", "2015-12-31": "781.21300", "2014-12-31": "664.47900", "2013-12-31": "620.25600", "2012-12-31": "702.55900", "2011-12-31": "595.48900", "2010-12-31": "413.13500", "2009-12-31": "424.33600", "2008-12-31": "571.15800", "2007-12-31": "490.94400", "2006-12-31": "432.96400", "2005-12-31": "320.18200"}, "Long Term Debt": {"2020-12-31": "", "2019-12-31": "2214.60800", "2018-12-31": "2134.40000", "2017-12-31": "2438.50200", "2016-12-31": "1344.45600", "2015-12-31": "1361.14900", "2014-12-31": "1458.94200", "2013-12-31": "1557.66200", "2012-12-31": "1415.96700", "2011-12-31": "1288.48300", "2010-12-31": "890.72500", "2009-12-31": "773.34700", "2008-12-31": "726.03600", "2007-12-31": "879.58100", "2006-12-31": "929.22100", "2005-12-31": "699.53200"}, "Other Non-Current Liabilities": {"2020-12-31": "851.80000", "2019-12-31": "419.76400", "2018-12-31": "216.52500", "2017-12-31": "220.21100", "2016-12-31": "175.27400", "2015-12-31": "411.13300", "2014-12-31": "440.75900", "2013-12-31": "429.32100", "2012-12-31": "421.37400", "2011-12-31": "437.12100", "2010-12-31": "318.55900", "2009-12-31": "330.90900", "2008-12-31": "342.09400", "2007-12-31": "269.40500", "2006-12-31": "279.65400", "2005-12-31": "237.55600"}, "Total Long Term Liabilities": {"2020-12-31": "851.80000", "2019-12-31": "2889.20800", "2018-12-31": "2618.96100", "2017-12-31": "2921.10700", "2016-12-31": "1818.15000", "2015-12-31": "1772.28200", "2014-12-31": "1899.70100", "2013-12-31": "1986.98300", "2012-12-31": "1837.34100", "2011-12-31": "1725.60400", "2010-12-31": "1209.28400", "2009-12-31": "1104.25600", "2008-12-31": "1068.13000", "2007-12-31": "1148.98600", "2006-12-31": "1208.87500", "2005-12-31": "937.08800"}, "Total Liabilities": {"2020-12-31": "5266.60000", "2019-12-31": "3907.73700", "2018-12-31": "3698.02900", "2017-12-31": "3879.38400", "2016-12-31": "2679.97500", "2015-12-31": "2553.49500", "2014-12-31": "2564.18000", "2013-12-31": "2607.23900", "2012-12-31": "2539.90000", "2011-12-31": "2321.09300", "2010-12-31": "1622.41900", "2009-12-31": "1528.59200", "2008-12-31": "1639.28800", "2007-12-31": "1639.93000", "2006-12-31": "1641.83900", "2005-12-31": "1257.27000"}, "Common Stock Net": {"2020-12-31": "", "2019-12-31": "1.75100", "2018-12-31": "1.75100", "2017-12-31": "1.75100", "2016-12-31": "0.87600", "2015-12-31": "0.87600", "2014-12-31": "0.87600", "2013-12-31": "0.87600", "2012-12-31": "0.87600", "2011-12-31": "0.87500", "2010-12-31": "0.87300", "2009-12-31": "0.43500", "2008-12-31": "0.43300", "2007-12-31": "0.43000", "2006-12-31": "0.42900", "2005-12-31": "0.42600"}, "Retained Earnings (Accumulated Deficit)": {"2020-12-31": "", "2019-12-31": "2141.30200", "2018-12-31": "1997.78500", "2017-12-31": "1809.84500", "2016-12-31": "1558.59400", "2015-12-31": "1446.19300", "2014-12-31": "1313.52100", "2013-12-31": "1169.75400", "2012-12-31": "1020.54300", "2011-12-31": "902.98700", "2010-12-31": "740.92300", "2009-12-31": "628.23400", "2008-12-31": "498.17700", "2007-12-31": "392.10800", "2006-12-31": "295.43300", "2005-12-31": "209.45900"}, "Comprehensive Income": {"2020-12-31": "", "2019-12-31": "-259.74200", "2018-12-31": "-268.80800", "2017-12-31": "-188.97300", "2016-12-31": "-223.85600", "2015-12-31": "-208.80600", "2014-12-31": "-165.62400", "2013-12-31": "-38.11900", "2012-12-31": "-109.91300", "2011-12-31": "-115.28200", "2010-12-31": "-63.02600", "2009-12-31": "-55.60100", "2008-12-31": "-75.86100", "2007-12-31": "15.06400", "2006-12-31": "-15.56400", "2005-12-31": "-13.88800"}, "Other Share Holders Equity": {"2020-12-31": "", "2019-12-31": "", "2018-12-31": "", "2017-12-31": "", "2016-12-31": "", "2015-12-31": "", "2014-12-31": "", "2013-12-31": "", "2012-12-31": "", "2011-12-31": "", "2010-12-31": "", "2009-12-31": "", "2008-12-31": "", "2007-12-31": "", "2006-12-31": "", "2005-12-31": ""}, "Share Holder Equity": {"2020-12-31": "1252.90000", "2019-12-31": "1023.32200", "2018-12-31": "881.26500", "2017-12-31": "766.06500", "2016-12-31": "469.41500", "2015-12-31": "639.18400", "2014-12-31": "709.95600", "2013-12-31": "713.84300", "2012-12-31": "753.64300", "2011-12-31": "657.99400", "2010-12-31": "553.59900", "2009-12-31": "685.76200", "2008-12-31": "525.02300", "2007-12-31": "500.08300", "2006-12-31": "366.54000", "2005-12-31": "273.35000"}, "Total Liabilities And Share Holders Equity": {"2020-12-31": "6519.50000", "2019-12-31": "4931.05900", "2018-12-31": "4579.29400", "2017-12-31": "4645.44900", "2016-12-31": "3149.39000", "2015-12-31": "3192.67900", "2014-12-31": "3274.13600", "2013-12-31": "3321.08200", "2012-12-31": "3293.54300", "2011-12-31": "2979.08700", "2010-12-31": "2176.01800", "2009-12-31": "2214.35400", "2008-12-31": "2164.31100", "2007-12-31": "2140.01300", "2006-12-31": "2008.37900", "2005-12-31": "1530.62000"}}, "balance sheet, quarterly": {"Cash On Hand": {"2020-12-31": "409.50000", "2020-09-30": "193.75900", "2020-06-30": "191.08200", "2020-03-31": "614.84600", "2019-12-31": "203.82400", "2019-09-30": "117.38900", "2019-06-30": "111.34100", "2019-03-31": "141.40000", "2018-12-31": "72.81900", "2018-09-30": "171.36900", "2018-06-30": "181.22000", "2018-03-31": "174.54000", "2017-12-31": "53.53300", "2017-09-30": "199.18600", "2017-06-30": "142.08300", "2017-03-31": "350.62100", "2016-12-31": "24.69000", "2016-09-30": "93.56100", "2016-06-30": "120.46700", "2016-03-31": "66.61400", "2015-12-31": "99.94500", "2015-09-30": "104.20300", "2015-06-30": "126.67600", "2015-03-31": "129.07800", "2014-12-31": "222.59100", "2014-09-30": "145.88900", "2014-06-30": "133.92800", "2014-03-31": "83.22200", "2013-12-31": "160.46300", "2013-09-30": "134.47300", "2013-06-30": "113.19500", "2013-03-31": "158.63700", "2012-12-31": "465.60800", "2012-09-30": "422.52500", "2012-06-30": "368.88200", "2012-03-31": "648.47900", "2011-12-31": "397.10100", "2011-09-30": "140.46500", "2011-06-30": "127.54600", "2011-03-31": "135.78200", "2010-12-31": "175.22600", "2010-09-30": "393.13200", "2010-06-30": "52.07900", "2010-03-31": "99.15600", "2009-12-31": "305.75400", "2009-09-30": "66.72700", "2009-06-30": "79.63800", "2009-03-31": "201.01000", "2008-12-31": "163.00600", "2008-09-30": "290.37700", "2008-06-30": "86.07900", "2008-03-31": "169.14400", "2007-12-31": "95.94100", "2007-09-30": "26.79200", "2007-06-30": "25.27200", "2007-03-31": "22.88200", "2006-12-31": "16.73700", "2006-09-30": "27.76700", "2006-06-30": "23.90000", "2006-03-31": "8.40800", "2005-12-31": "20.46100", "2005-09-30": "63.84800", "2005-06-30": "82.33300", "2005-03-31": "34.69000"}, "Receivables": {"2020-12-31": "619.50000", "2020-09-30": "865.43600", "2020-06-30": "729.27500", "2020-03-31": "600.69800", "2019-12-31": "504.98600", "2019-09-30": "751.40400", "2019-06-30": "666.68100", "2019-03-31": "596.60100", "2018-12-31": "511.33200", "2018-09-30": "783.30600", "2018-06-30": "648.52500", "2018-03-31": "578.58400", "2017-12-31": "454.63700", "2017-09-30": "702.30700", "2017-06-30": "528.36200", "2017-03-31": "331.66800", "2016-12-31": "288.19700", "2016-09-30": "515.60600", "2016-06-30": "394.81100", "2016-03-31": "338.93300", "2015-12-31": "281.04100", "2015-09-30": "623.59100", "2015-06-30": "443.94300", "2015-03-31": "382.80500", "2014-12-31": "310.73200", "2014-09-30": "616.34800", "2014-06-30": "447.68500", "2014-03-31": "400.92500", "2013-12-31": "333.04100", "2013-09-30": "587.66900", "2013-06-30": "448.57900", "2013-03-31": "349.27600", "2012-12-31": "326.69100", "2012-09-30": "597.67800", "2012-06-30": "408.59500", "2012-03-31": "368.19900", "2011-12-31": "339.90900", "2011-09-30": "579.51500", "2011-06-30": "431.42500", "2011-03-31": "377.87500", "2010-12-31": "214.44300", "2010-09-30": "473.72700", "2010-06-30": "306.06700", "2010-03-31": "260.67700", "2009-12-31": "196.57300", "2009-09-30": "517.12400", "2009-06-30": "289.30900", "2009-03-31": "256.43800", "2008-12-31": "266.88000", "2008-09-30": "487.34400", "2008-06-30": "346.15600", "2008-03-31": "282.12600", "2007-12-31": "219.77500", "2007-09-30": "456.28900", "2007-06-30": "320.34100", "2007-03-31": "274.65400", "2006-12-31": "232.42900", "2006-09-30": "444.73200", "2006-06-30": "301.71800", "2006-03-31": "215.52600", "2005-12-31": "154.73400", "2005-09-30": "352.80200", "2005-06-30": "249.53100", "2005-03-31": "192.11400"}, "Inventory": {"2020-12-31": "677.50000", "2020-09-30": "678.18100", "2020-06-30": "821.44800", "2020-03-31": "697.80800", "2019-12-31": "633.00500", "2019-09-30": "703.20600", "2019-06-30": "822.58400", "2019-03-31": "686.21300", "2018-12-31": "634.80600", "2018-09-30": "690.37800", "2018-06-30": "833.71900", "2018-03-31": "743.28600", "2017-12-31": "721.29000", "2017-09-30": "704.38400", "2017-06-30": "830.88700", "2017-03-31": "712.85400", "2016-12-31": "602.96300", "2016-09-30": "638.09100", "2016-06-30": "806.53900", "2016-03-31": "752.97100", "2015-12-31": "628.13800", "2015-09-30": "580.27600", "2015-06-30": "753.33500", "2015-03-31": "680.17800", "2014-12-31": "548.76500", "2014-09-30": "588.29000", "2014-06-30": "748.22700", "2014-03-31": "648.72300", "2013-12-31": "515.57000", "2013-09-30": "544.51900", "2013-06-30": "721.00500", "2013-03-31": "645.77000", "2012-12-31": "515.92700", "2012-09-30": "561.51100", "2012-06-30": "741.38000", "2012-03-31": "687.92300", "2011-12-31": "554.14800", "2011-09-30": "580.42500", "2011-06-30": "742.47400", "2011-03-31": "654.48300", "2010-12-31": "438.53600", "2010-09-30": "427.64100", "2010-06-30": "563.64400", "2010-03-31": "489.13400", "2009-12-31": "387.21400", "2009-09-30": "374.74700", "2009-06-30": "542.36200", "2009-03-31": "454.19900", "2008-12-31": "377.71800", "2008-09-30": "399.46600", "2008-06-30": "576.12900", "2008-03-31": "517.68300", "2007-12-31": "427.80700", "2007-09-30": "412.70600", "2007-06-30": "548.28900", "2007-03-31": "495.22300", "2006-12-31": "426.59100", "2006-09-30": "383.56100", "2006-06-30": "494.79900", "2006-03-31": "386.17400", "2005-12-31": "318.10200", "2005-09-30": "307.83600", "2005-06-30": "445.12700", "2005-03-31": "396.76300"}, "Pre-Paid Expenses": {"2020-12-31": "", "2020-09-30": "84.71500", "2020-06-30": "85.91800", "2020-03-31": "68.99300", "2019-12-31": "64.99300", "2019-09-30": "61.31000", "2019-06-30": "59.24500", "2019-03-31": "70.62200", "2018-12-31": "71.17700", "2018-09-30": "67.49200", "2018-06-30": "63.36100", "2018-03-31": "72.12700", "2017-12-31": "62.46200", "2017-09-30": "62.46300", "2017-06-30": "68.02600", "2017-03-31": "48.35600", "2016-12-31": "46.32800", "2016-09-30": "51.10000", "2016-06-30": "45.60200", "2016-03-31": "48.23900", "2015-12-31": "36.13400", "2015-09-30": "29.06000", "2015-06-30": "35.85500", "2015-03-31": "36.42900", "2014-12-31": "53.30600", "2014-09-30": "56.92800", "2014-06-30": "61.37400", "2014-03-31": "63.35800", "2013-12-31": "73.37400", "2013-09-30": "65.14800", "2013-06-30": "63.60000", "2013-03-31": "64.98200", "2012-12-31": "70.26100", "2012-09-30": "51.62800", "2012-06-30": "53.48400", "2012-03-31": "43.49900", "2011-12-31": "42.56500", "2011-09-30": "45.23400", "2011-06-30": "54.46300", "2011-03-31": "47.48200", "2010-12-31": "36.29000", "2010-09-30": "15.30500", "2010-06-30": "17.16700", "2010-03-31": "33.74800", "2009-12-31": "24.68500", "2009-09-30": "23.96300", "2009-06-30": "28.53100", "2009-03-31": "29.05100", "2008-12-31": "31.09300", "2008-09-30": "28.41700", "2008-06-30": "30.23300", "2008-03-31": "29.52500", "2007-12-31": "27.67000", "2007-09-30": "27.34100", "2007-06-30": "32.82700", "2007-03-31": "37.09400", "2006-12-31": "41.99500", "2006-09-30": "20.67600", "2006-06-30": "28.70500", "2006-03-31": "25.14700", "2005-12-31": "27.24400", "2005-09-30": "22.64000", "2005-06-30": "42.52100", "2005-03-31": "48.47700"}, "Other Current Assets": {"2020-12-31": "92.60000", "2020-09-30": "", "2020-06-30": "", "2020-03-31": "", "2019-12-31": "", "2019-09-30": "", "2019-06-30": "", "2019-03-31": "", "2018-12-31": "", "2018-09-30": "", "2018-06-30": "", "2018-03-31": "", "2017-12-31": "", "2017-09-30": "", "2017-06-30": "", "2017-03-31": "", "2016-12-31": "", "2016-09-30": "", "2016-06-30": "", "2016-03-31": "", "2015-12-31": "", "2015-09-30": "", "2015-06-30": "", "2015-03-31": "", "2014-12-31": "", "2014-09-30": "", "2014-06-30": "", "2014-03-31": "", "2013-12-31": "", "2013-09-30": "", "2013-06-30": "", "2013-03-31": "", "2012-12-31": "", "2012-09-30": "", "2012-06-30": "", "2012-03-31": "", "2011-12-31": "", "2011-09-30": "", "2011-06-30": "", "2011-03-31": "", "2010-12-31": "", "2010-09-30": "", "2010-06-30": "", "2010-03-31": "", "2009-12-31": "", "2009-09-30": "", "2009-06-30": "", "2009-03-31": "", "2008-12-31": "", "2008-09-30": "", "2008-06-30": "", "2008-03-31": "", "2007-12-31": "", "2007-09-30": "", "2007-06-30": "", "2007-03-31": "", "2006-12-31": "", "2006-09-30": "", "2006-06-30": "", "2006-03-31": "", "2005-12-31": "", "2005-09-30": "", "2005-06-30": "", "2005-03-31": ""}, "Total Current Assets": {"2020-12-31": "1799.10000", "2020-09-30": "1822.09100", "2020-06-30": "1827.72300", "2020-03-31": "1982.34500", "2019-12-31": "1406.80800", "2019-09-30": "1633.30900", "2019-06-30": "1659.85100", "2019-03-31": "1494.83600", "2018-12-31": "1290.13400", "2018-09-30": "1712.54500", "2018-06-30": "1726.82500", "2018-03-31": "1568.53700", "2017-12-31": "1291.92200", "2017-09-30": "1668.34000", "2017-06-30": "1569.35800", "2017-03-31": "1443.49900", "2016-12-31": "962.17800", "2016-09-30": "1298.35800", "2016-06-30": "1367.41900", "2016-03-31": "1206.75700", "2015-12-31": "1045.25800", "2015-09-30": "1337.13000", "2015-06-30": "1359.80900", "2015-03-31": "1228.49000", "2014-12-31": "1135.39400", "2014-09-30": "1407.45500", "2014-06-30": "1391.21400", "2014-03-31": "1196.22800", "2013-12-31": "1082.44800", "2013-09-30": "1331.80900", "2013-06-30": "1346.37900", "2013-03-31": "1218.66500", "2012-12-31": "1378.48700", "2012-09-30": "1633.34200", "2012-06-30": "1572.34100", "2012-03-31": "1748.10000", "2011-12-31": "1333.72300", "2011-09-30": "1345.63900", "2011-06-30": "1355.90800", "2011-03-31": "1215.62200", "2010-12-31": "864.49500", "2010-09-30": "1309.80500", "2010-06-30": "938.95700", "2010-03-31": "882.71500", "2009-12-31": "914.22600", "2009-09-30": "982.56100", "2009-06-30": "939.84000", "2009-03-31": "940.69800", "2008-12-31": "838.69700", "2008-09-30": "1205.60400", "2008-06-30": "1038.59700", "2008-03-31": "998.47800", "2007-12-31": "771.19300", "2007-09-30": "923.12800", "2007-06-30": "926.72900", "2007-03-31": "829.85300", "2006-12-31": "717.75200", "2006-09-30": "876.73600", "2006-06-30": "849.12200", "2006-03-31": "635.25500", "2005-12-31": "520.54100", "2005-09-30": "747.12600", "2005-06-30": "819.51200", "2005-03-31": "672.04400"}, "Property, Plant, And Equipment": {"2020-12-31": "1840.80000", "2020-09-30": "1785.78700", "2020-06-30": "1729.48100", "2020-03-31": "1553.86700", "2019-12-31": "1570.33100", "2019-09-30": "1522.54100", "2019-06-30": "1523.85000", "2019-03-31": "1511.71800", "2018-12-31": "1517.51000", "2018-09-30": "1502.23100", "2018-06-30": "1480.39000", "2018-03-31": "1502.88000", "2017-12-31": "1489.87200", "2017-09-30": "1472.32100", "2017-06-30": "1452.56900", "2017-03-31": "1166.60900", "2016-12-31": "1156.95200", "2016-09-30": "1171.24000", "2016-06-30": "1165.14100", "2016-03-31": "1152.97500", "2015-12-31": "1125.43300", "2015-09-30": "1099.87300", "2015-06-30": "1082.71200", "2015-03-31": "1049.73000", "2014-12-31": "1063.63100", "2014-09-30": "1080.22600", "2014-06-30": "1103.03000", "2014-03-31": "1102.00000", "2013-12-31": "1118.44300", "2013-09-30": "1052.38200", "2013-06-30": "1051.67500", "2013-03-31": "1070.81400", "2012-12-31": "1098.80900", "2012-09-30": "1092.61000", "2012-06-30": "1036.81900", "2012-03-31": "1066.75000", "2011-12-31": "1064.70800", "2011-09-30": "1071.36700", "2011-06-30": "1085.39000", "2011-03-31": "1081.91600", "2010-12-31": "849.72000", "2010-09-30": "847.57700", "2010-06-30": "842.87900", "2010-03-31": "865.96700", "2009-12-31": "882.31000", "2009-09-30": "889.61000", "2009-06-30": "891.63200", "2009-03-31": "893.97300", "2008-12-31": "917.57900", "2008-09-30": "936.37100", "2008-06-30": "940.28000", "2008-03-31": "937.29300", "2007-12-31": "939.62700", "2007-09-30": "926.46200", "2007-06-30": "913.27100", "2007-03-31": "904.87700", "2006-12-31": "894.64700", "2006-09-30": "874.00300", "2006-06-30": "865.64100", "2006-03-31": "753.22100", "2005-12-31": "758.13500", "2005-09-30": "763.24100", "2005-06-30": "776.14300", "2005-03-31": "785.64200"}, "Long-Term Investments": {"2020-12-31": "", "2020-09-30": "", "2020-06-30": "", "2020-03-31": "", "2019-12-31": "", "2019-09-30": "", "2019-06-30": "", "2019-03-31": "", "2018-12-31": "", "2018-09-30": "", "2018-06-30": "", "2018-03-31": "", "2017-12-31": "", "2017-09-30": "", "2017-06-30": "", "2017-03-31": "", "2016-12-31": "", "2016-09-30": "", "2016-06-30": "", "2016-03-31": "", "2015-12-31": "", "2015-09-30": "", "2015-06-30": "", "2015-03-31": "", "2014-12-31": "", "2014-09-30": "", "2014-06-30": "", "2014-03-31": "", "2013-12-31": "", "2013-09-30": "", "2013-06-30": "", "2013-03-31": "", "2012-12-31": "", "2012-09-30": "", "2012-06-30": "", "2012-03-31": "", "2011-12-31": "", "2011-09-30": "", "2011-06-30": "", "2011-03-31": "", "2010-12-31": "", "2010-09-30": "", "2010-06-30": "", "2010-03-31": "", "2009-12-31": "", "2009-09-30": "", "2009-06-30": "", "2009-03-31": "", "2008-12-31": "", "2008-09-30": "", "2008-06-30": "", "2008-03-31": "", "2007-12-31": "", "2007-09-30": "", "2007-06-30": "", "2007-03-31": "", "2006-12-31": "", "2006-09-30": "", "2006-06-30": "", "2006-03-31": "", "2005-12-31": "", "2005-09-30": "", "2005-06-30": "", "2005-03-31": ""}, "Goodwill And Intangible Assets": {"2020-12-31": "", "2020-09-30": "2335.71900", "2020-06-30": "2303.77000", "2020-03-31": "1505.53300", "2019-12-31": "1496.83800", "2019-09-30": "1486.19700", "2019-06-30": "1515.57300", "2019-03-31": "1516.01100", "2018-12-31": "1531.75000", "2018-09-30": "1548.19500", "2018-06-30": "1558.50000", "2018-03-31": "1596.91800", "2017-12-31": "1588.54200", "2017-09-30": "1582.50300", "2017-06-30": "1585.06100", "2017-03-31": "784.91100", "2016-12-31": "785.49600", "2016-09-30": "800.13300", "2016-06-30": "802.79400", "2016-03-31": "808.41500", "2015-12-31": "807.87900", "2015-09-30": "817.26100", "2015-06-30": "824.34400", "2015-03-31": "816.78900", "2014-12-31": "842.03200", "2014-09-30": "856.31000", "2014-06-30": "871.80700", "2014-03-31": "874.63700", "2013-12-31": "880.21500", "2013-09-30": "680.61210", "2013-06-30": "676.48700", "2013-03-31": "677.38700", "2012-12-31": "682.75300", "2012-09-30": "677.15600", "2012-06-30": "477.16800", "2012-03-31": "490.11700", "2011-12-31": "486.36400", "2011-09-30": "494.82500", "2011-06-30": "494.83000", "2011-03-31": "486.90200", "2010-12-31": "396.81700", "2010-09-30": "352.77500", "2010-06-30": "345.59100", "2010-03-31": "353.92100", "2009-12-31": "359.84700", "2009-09-30": "361.11500", "2009-06-30": "356.55700", "2009-03-31": "350.16100", "2008-12-31": "357.56000", "2008-09-30": "362.26300", "2008-06-30": "373.14400", "2008-03-31": "379.01300", "2007-12-31": "374.21800", "2007-09-30": "368.20400", "2007-06-30": "361.49700", "2007-03-31": "358.95900", "2006-12-31": "352.22600", "2006-09-30": "335.61900", "2006-06-30": "335.05800", "2006-03-31": "216.73500", "2005-12-31": "216.90400", "2005-09-30": "212.58800", "2005-06-30": "212.78100", "2005-03-31": "198.33200"}, "Other Long-Term Assets": {"2020-12-31": "2879.60000", "2020-09-30": "508.98200", "2020-06-30": "512.08200", "2020-03-31": "486.79300", "2019-12-31": "457.08200", "2019-09-30": "431.97000", "2019-06-30": "411.94400", "2019-03-31": "402.00800", "2018-12-31": "239.90000", "2018-09-30": "295.22800", "2018-06-30": "293.96200", "2018-03-31": "284.15200", "2017-12-31": "275.11300", "2017-09-30": "297.92600", "2017-06-30": "287.58400", "2017-03-31": "254.98700", "2016-12-31": "244.76400", "2016-09-30": "231.78800", "2016-06-30": "218.82100", "2016-03-31": "216.31800", "2015-12-31": "214.10900", "2015-09-30": "237.59800", "2015-06-30": "236.25200", "2015-03-31": "235.15000", "2014-12-31": "233.07900", "2014-09-30": "286.18500", "2014-06-30": "274.84700", "2014-03-31": "266.26100", "2013-12-31": "239.97600", "2013-09-30": "138.29600", "2013-06-30": "134.56400", "2013-03-31": "132.78600", "2012-12-31": "133.49400", "2012-09-30": "138.84800", "2012-06-30": "134.66200", "2012-03-31": "112.86100", "2011-12-31": "94.29200", "2011-09-30": "107.75300", "2011-06-30": "71.54400", "2011-03-31": "70.64900", "2010-12-31": "64.98600", "2010-09-30": "63.94300", "2010-06-30": "55.47900", "2010-03-31": "57.40900", "2009-12-31": "57.97100", "2009-09-30": "57.76500", "2009-06-30": "52.40000", "2009-03-31": "50.34300", "2008-12-31": "50.47500", "2008-09-30": "67.93700", "2008-06-30": "76.21200", "2008-03-31": "60.27300", "2007-12-31": "54.97500", "2007-09-30": "51.46600", "2007-06-30": "57.51900", "2007-03-31": "50.36300", "2006-12-31": "43.75400", "2006-09-30": "39.13400", "2006-06-30": "41.00000", "2006-03-31": "38.40400", "2005-12-31": "35.04000", "2005-09-30": "35.79200", "2005-06-30": "25.81300", "2005-03-31": "51.98200"}, "Total Long-Term Assets": {"2020-12-31": "4720.40000", "2020-09-30": "4630.48800", "2020-06-30": "4545.33300", "2020-03-31": "3546.19300", "2019-12-31": "3524.25100", "2019-09-30": "3440.70800", "2019-06-30": "3451.36700", "2019-03-31": "3429.73700", "2018-12-31": "3289.16000", "2018-09-30": "3345.65400", "2018-06-30": "3332.85200", "2018-03-31": "3383.95000", "2017-12-31": "3353.52700", "2017-09-30": "3352.75000", "2017-06-30": "3325.21400", "2017-03-31": "2206.50700", "2016-12-31": "2187.21200", "2016-09-30": "2203.16100", "2016-06-30": "2186.75600", "2016-03-31": "2177.70800", "2015-12-31": "2147.42100", "2015-09-30": "2154.73200", "2015-06-30": "2143.30800", "2015-03-31": "2101.66900", "2014-12-31": "2138.74200", "2014-09-30": "2222.72100", "2014-06-30": "2249.68400", "2014-03-31": "2242.89800", "2013-12-31": "2238.63400", "2013-09-30": "1871.29000", "2013-06-30": "1862.72600", "2013-03-31": "1880.98700", "2012-12-31": "1915.05600", "2012-09-30": "1908.61400", "2012-06-30": "1648.64900", "2012-03-31": "1669.72800", "2011-12-31": "1645.36400", "2011-09-30": "1673.94500", "2011-06-30": "1651.76400", "2011-03-31": "1639.46700", "2010-12-31": "1311.52300", "2010-09-30": "1264.29500", "2010-06-30": "1243.94900", "2010-03-31": "1277.29700", "2009-12-31": "1300.12800", "2009-09-30": "1308.49000", "2009-06-30": "1300.58900", "2009-03-31": "1294.47700", "2008-12-31": "1325.61400", "2008-09-30": "1366.57100", "2008-06-30": "1389.63600", "2008-03-31": "1376.57900", "2007-12-31": "1368.82000", "2007-09-30": "1346.13200", "2007-06-30": "1332.28700", "2007-03-31": "1314.19900", "2006-12-31": "1290.62700", "2006-09-30": "1248.75600", "2006-06-30": "1241.69900", "2006-03-31": "1008.36000", "2005-12-31": "1010.07900", "2005-09-30": "1011.62100", "2005-06-30": "1014.73700", "2005-03-31": "1035.95600"}, "Total Assets": {"2020-12-31": "6519.50000", "2020-09-30": "6452.57900", "2020-06-30": "6373.05600", "2020-03-31": "5528.53800", "2019-12-31": "4931.05900", "2019-09-30": "5074.01700", "2019-06-30": "5111.21800", "2019-03-31": "4924.57300", "2018-12-31": "4579.29400", "2018-09-30": "5058.19900", "2018-06-30": "5059.67700", "2018-03-31": "4952.48700", "2017-12-31": "4645.44900", "2017-09-30": "5021.09000", "2017-06-30": "4894.57200", "2017-03-31": "3650.00600", "2016-12-31": "3149.39000", "2016-09-30": "3501.51900", "2016-06-30": "3554.17500", "2016-03-31": "3384.46500", "2015-12-31": "3192.67900", "2015-09-30": "3491.86200", "2015-06-30": "3503.11700", "2015-03-31": "3330.15900", "2014-12-31": "3274.13600", "2014-09-30": "3630.17600", "2014-06-30": "3640.89800", "2014-03-31": "3439.12600", "2013-12-31": "3321.08200", "2013-09-30": "3203.09900", "2013-06-30": "3209.10500", "2013-03-31": "3099.65200", "2012-12-31": "3293.54300", "2012-09-30": "3541.95600", "2012-06-30": "3220.99000", "2012-03-31": "3417.82800", "2011-12-31": "2979.08700", "2011-09-30": "3019.58400", "2011-06-30": "3007.67200", "2011-03-31": "2855.08900", "2010-12-31": "2176.01800", "2010-09-30": "2574.10000", "2010-06-30": "2182.90600", "2010-03-31": "2160.01200", "2009-12-31": "2214.35400", "2009-09-30": "2291.05100", "2009-06-30": "2240.42900", "2009-03-31": "2235.17500", "2008-12-31": "2164.31100", "2008-09-30": "2572.17500", "2008-06-30": "2428.23300", "2008-03-31": "2375.05700", "2007-12-31": "2140.01300", "2007-09-30": "2269.26000", "2007-06-30": "2259.01600", "2007-03-31": "2144.05200", "2006-12-31": "2008.37900", "2006-09-30": "2125.49200", "2006-06-30": "2090.82100", "2006-03-31": "1643.61500", "2005-12-31": "1530.62000", "2005-09-30": "1758.74700", "2005-06-30": "1834.24900", "2005-03-31": "1708.00000"}, "Total Current Liabilities": {"2020-12-31": "4414.80000", "2020-09-30": "1242.34100", "2020-06-30": "1363.12800", "2020-03-31": "1643.83400", "2019-12-31": "1018.52900", "2019-09-30": "1617.77700", "2019-06-30": "1696.88700", "2019-03-31": "1298.78500", "2018-12-31": "1079.06800", "2018-09-30": "1459.85400", "2018-06-30": "1553.74800", "2018-03-31": "1459.29600", "2017-12-31": "958.27700", "2017-09-30": "1319.33800", "2017-06-30": "1279.20500", "2017-03-31": "1092.99200", "2016-12-31": "861.82500", "2016-09-30": "966.40100", "2016-06-30": "1078.28600", "2016-03-31": "934.35400", "2015-12-31": "781.21300", "2015-09-30": "975.01800", "2015-06-30": "1037.53600", "2015-03-31": "921.38200", "2014-12-31": "664.47900", "2014-09-30": "890.15700", "2014-06-30": "902.59200", "2014-03-31": "735.01400", "2013-12-31": "620.25600", "2013-09-30": "617.20300", "2013-06-30": "1013.15400", "2013-03-31": "915.16300", "2012-12-31": "702.55900", "2012-09-30": "830.61400", "2012-06-30": "622.99600", "2012-03-31": "723.46400", "2011-12-31": "595.48900", "2011-09-30": "621.91300", "2011-06-30": "654.69100", "2011-03-31": "928.80600", "2010-12-31": "413.13500", "2010-09-30": "611.10500", "2010-06-30": "422.89500", "2010-03-31": "415.44300", "2009-12-31": "424.33600", "2009-09-30": "437.17600", "2009-06-30": "479.57800", "2009-03-31": "653.93800", "2008-12-31": "571.15800", "2008-09-30": "833.63900", "2008-06-30": "704.11700", "2008-03-31": "696.54500", "2007-12-31": "490.94400", "2007-09-30": "555.71000", "2007-06-30": "602.79200", "2007-03-31": "532.03400", "2006-12-31": "432.96400", "2006-09-30": "550.14700", "2006-06-30": "543.25500", "2006-03-31": "421.54800", "2005-12-31": "320.18200", "2005-09-30": "524.72800", "2005-06-30": "631.00000", "2005-03-31": "443.58500"}, "Long Term Debt": {"2020-12-31": "", "2020-09-30": "3163.30500", "2020-06-30": "3106.42500", "2020-03-31": "2174.57100", "2019-12-31": "2214.60800", "2019-09-30": "1809.95500", "2019-06-30": "1824.53300", "2019-03-31": "2113.57500", "2018-12-31": "2134.40000", "2018-09-30": "2186.27500", "2018-06-30": "2173.94100", "2018-03-31": "2174.70900", "2017-12-31": "2438.50200", "2017-09-30": "2465.78000", "2017-06-30": "2444.91200", "2017-03-31": "1591.76400", "2016-12-31": "1344.45600", "2016-09-30": "1364.19900", "2016-06-30": "1365.20500", "2016-03-31": "1368.49800", "2015-12-31": "1361.14900", "2015-09-30": "1436.01300", "2015-06-30": "1437.86300", "2015-03-31": "1422.55000", "2014-12-31": "1458.94200", "2014-09-30": "1523.04800", "2014-06-30": "1554.36000", "2014-03-31": "1557.72200", "2013-12-31": "1557.66200", "2013-09-30": "1574.19600", "2013-06-30": "1258.76500", "2013-03-31": "1257.59000", "2012-12-31": "1415.96700", "2012-09-30": "1566.42700", "2012-06-30": "1544.88900", "2012-03-31": "1580.78700", "2011-12-31": "1288.48300", "2011-09-30": "1312.79500", "2011-06-30": "1345.82700", "2011-03-31": "922.71700", "2010-12-31": "890.72500", "2010-09-30": "892.34600", "2010-06-30": "760.46500", "2010-03-31": "764.20600", "2009-12-31": "773.34700", "2009-09-30": "868.32800", "2009-06-30": "856.66900", "2009-03-31": "710.17000", "2008-12-31": "726.03600", "2008-09-30": "866.54400", "2008-06-30": "895.84900", "2008-03-31": "895.32400", "2007-12-31": "879.58100", "2007-09-30": "962.84600", "2007-06-30": "942.60500", "2007-03-31": "934.27400", "2006-12-31": "929.22100", "2006-09-30": "955.42700", "2006-06-30": "953.69200", "2006-03-31": "699.66700", "2005-12-31": "699.53200", "2005-09-30": "751.75000", "2005-06-30": "751.75000", "2005-03-31": "819.86400"}, "Other Non-Current Liabilities": {"2020-12-31": "851.80000", "2020-09-30": "456.10400", "2020-06-30": "456.67800", "2020-03-31": "425.51100", "2019-12-31": "419.76400", "2019-09-30": "403.64800", "2019-06-30": "389.46600", "2019-03-31": "338.66100", "2018-12-31": "216.52500", "2018-09-30": "220.70400", "2018-06-30": "219.89200", "2018-03-31": "225.66800", "2017-12-31": "220.21100", "2017-09-30": "217.68800", "2017-06-30": "211.33000", "2017-03-31": "176.51400", "2016-12-31": "175.27400", "2016-09-30": "168.15300", "2016-06-30": "167.85100", "2016-03-31": "413.58300", "2015-12-31": "411.13300", "2015-09-30": "448.94600", "2015-06-30": "444.69200", "2015-03-31": "443.32400", "2014-12-31": "440.75900", "2014-09-30": "435.67200", "2014-06-30": "426.28800", "2014-03-31": "421.29500", "2013-12-31": "429.32100", "2013-09-30": "382.28700", "2013-06-30": "389.28800", "2013-03-31": "416.00500", "2012-12-31": "421.37400", "2012-09-30": "408.57500", "2012-06-30": "393.60500", "2012-03-31": "419.43700", "2011-12-31": "437.12100", "2011-09-30": "417.36500", "2011-06-30": "371.03100", "2011-03-31": "415.79400", "2010-12-31": "318.55900", "2010-09-30": "275.30300", "2010-06-30": "279.60200", "2010-03-31": "279.04000", "2009-12-31": "330.90900", "2009-09-30": "328.44900", "2009-06-30": "326.75400", "2009-03-31": "333.98000", "2008-12-31": "342.09400", "2008-09-30": "279.38800", "2008-06-30": "271.25900", "2008-03-31": "266.38600", "2007-12-31": "269.40500", "2007-09-30": "282.14100", "2007-06-30": "290.02400", "2007-03-31": "284.58600", "2006-12-31": "279.65400", "2006-09-30": "277.27000", "2006-06-30": "294.63400", "2006-03-31": "236.61400", "2005-12-31": "237.55600", "2005-09-30": "201.41900", "2005-06-30": "218.04800", "2005-03-31": "223.07600"}, "Total Long Term Liabilities": {"2020-12-31": "851.80000", "2020-09-30": "3991.37500", "2020-06-30": "3920.23400", "2020-03-31": "2864.12900", "2019-12-31": "2889.20800", "2019-09-30": "2487.71000", "2019-06-30": "2484.42900", "2019-03-31": "2725.58100", "2018-12-31": "2618.96100", "2018-09-30": "2686.42800", "2018-06-30": "2667.91900", "2018-03-31": "2668.40000", "2017-12-31": "2921.10700", "2017-09-30": "3078.64900", "2017-06-30": "3072.36000", "2017-03-31": "2066.68800", "2016-12-31": "1818.15000", "2016-09-30": "1783.46400", "2016-06-30": "1786.48300", "2016-03-31": "1782.08100", "2015-12-31": "1772.28200", "2015-09-30": "1884.95900", "2015-06-30": "1882.55500", "2015-03-31": "1865.87400", "2014-12-31": "1899.70100", "2014-09-30": "1958.72000", "2014-06-30": "1980.64800", "2014-03-31": "1979.01700", "2013-12-31": "1986.98300", "2013-09-30": "1956.48300", "2013-06-30": "1648.05300", "2013-03-31": "1673.59500", "2012-12-31": "1837.34100", "2012-09-30": "1975.00200", "2012-06-30": "1938.49400", "2012-03-31": "2000.22400", "2011-12-31": "1725.60400", "2011-09-30": "1730.16000", "2011-06-30": "1716.85800", "2011-03-31": "1338.51100", "2010-12-31": "1209.28400", "2010-09-30": "1167.64900", "2010-06-30": "1040.06700", "2010-03-31": "1043.24600", "2009-12-31": "1104.25600", "2009-09-30": "1196.77700", "2009-06-30": "1183.42300", "2009-03-31": "1044.15000", "2008-12-31": "1068.13000", "2008-09-30": "1145.93200", "2008-06-30": "1167.10800", "2008-03-31": "1161.71000", "2007-12-31": "1148.98600", "2007-09-30": "1244.98700", "2007-06-30": "1232.62900", "2007-03-31": "1218.86000", "2006-12-31": "1208.87500", "2006-09-30": "1232.69700", "2006-06-30": "1248.32600", "2006-03-31": "936.28100", "2005-12-31": "937.08800", "2005-09-30": "953.16900", "2005-06-30": "969.79800", "2005-03-31": "1042.94000"}, "Total Liabilities": {"2020-12-31": "5266.60000", "2020-09-30": "5233.71600", "2020-06-30": "5283.36200", "2020-03-31": "4507.96300", "2019-12-31": "3907.73700", "2019-09-30": "4105.48700", "2019-06-30": "4181.31600", "2019-03-31": "4024.36600", "2018-12-31": "3698.02900", "2018-09-30": "4146.28200", "2018-06-30": "4221.66700", "2018-03-31": "4127.69600", "2017-12-31": "3879.38400", "2017-09-30": "4397.98700", "2017-06-30": "4351.56500", "2017-03-31": "3159.68000", "2016-12-31": "2679.97500", "2016-09-30": "2749.86500", "2016-06-30": "2864.76900", "2016-03-31": "2716.43500", "2015-12-31": "2553.49500", "2015-09-30": "2859.97700", "2015-06-30": "2920.09100", "2015-03-31": "2787.25600", "2014-12-31": "2564.18000", "2014-09-30": "2848.87700", "2014-06-30": "2883.24000", "2014-03-31": "2714.03100", "2013-12-31": "2607.23900", "2013-09-30": "2573.68600", "2013-06-30": "2661.20700", "2013-03-31": "2588.75800", "2012-12-31": "2539.90000", "2012-09-30": "2805.61600", "2012-06-30": "2561.49000", "2012-03-31": "2723.68800", "2011-12-31": "2321.09300", "2011-09-30": "2352.07300", "2011-06-30": "2371.54900", "2011-03-31": "2267.31700", "2010-12-31": "1622.41900", "2010-09-30": "1778.75400", "2010-06-30": "1462.96200", "2010-03-31": "1458.68900", "2009-12-31": "1528.59200", "2009-09-30": "1633.95300", "2009-06-30": "1663.00100", "2009-03-31": "1698.08800", "2008-12-31": "1639.28800", "2008-09-30": "1979.57100", "2008-06-30": "1871.22500", "2008-03-31": "1858.25500", "2007-12-31": "1639.93000", "2007-09-30": "1800.69700", "2007-06-30": "1835.42100", "2007-03-31": "1750.89400", "2006-12-31": "1641.83900", "2006-09-30": "1782.84400", "2006-06-30": "1791.58100", "2006-03-31": "1357.82900", "2005-12-31": "1257.27000", "2005-09-30": "1477.89700", "2005-06-30": "1600.79800", "2005-03-31": "1486.52500"}, "Common Stock Net": {"2020-12-31": "", "2020-09-30": "1.75100", "2020-06-30": "1.75100", "2020-03-31": "1.75100", "2019-12-31": "1.75100", "2019-09-30": "1.75100", "2019-06-30": "1.75100", "2019-03-31": "1.75100", "2018-12-31": "1.75100", "2018-09-30": "1.75100", "2018-06-30": "1.75100", "2018-03-31": "1.75100", "2017-12-31": "1.75100", "2017-09-30": "1.75100", "2017-06-30": "1.75100", "2017-03-31": "0.87600", "2016-12-31": "0.87600", "2016-09-30": "0.87600", "2016-06-30": "0.87600", "2016-03-31": "0.87600", "2015-12-31": "0.87600", "2015-09-30": "0.87600", "2015-06-30": "0.87600", "2015-03-31": "0.87600", "2014-12-31": "0.87600", "2014-09-30": "0.87600", "2014-06-30": "0.87600", "2014-03-31": "0.87600", "2013-12-31": "0.87600", "2013-09-30": "0.87600", "2013-06-30": "0.87600", "2013-03-31": "0.87600", "2012-12-31": "0.87600", "2012-09-30": "0.87600", "2012-06-30": "0.87600", "2012-03-31": "0.87600", "2011-12-31": "0.87500", "2011-09-30": "0.87400", "2011-06-30": "0.87300", "2011-03-31": "0.87300", "2010-12-31": "0.87300", "2010-09-30": "0.87100", "2010-06-30": "0.87000", "2010-03-31": "0.87000", "2009-12-31": "0.43500", "2009-09-30": "0.43400", "2009-06-30": "0.43400", "2009-03-31": "0.43400", "2008-12-31": "0.43300", "2008-09-30": "0.43200", "2008-06-30": "0.43200", "2008-03-31": "0.43100", "2007-12-31": "0.43000", "2007-09-30": "0.43000", "2007-06-30": "0.43000", "2007-03-31": "0.43000", "2006-12-31": "0.42900", "2006-09-30": "0.42800", "2006-06-30": "0.42700", "2006-03-31": "0.42600", "2005-12-31": "0.42600", "2005-09-30": "0.42600", "2005-06-30": "0.21300", "2005-03-31": "0.21200"}, "Retained Earnings (Accumulated Deficit)": {"2020-12-31": "", "2020-09-30": "2348.72800", "2020-06-30": "2249.39100", "2020-03-31": "2184.69100", "2019-12-31": "2141.30200", "2019-09-30": "2118.86000", "2019-06-30": "2049.99500", "2019-03-31": "2031.48700", "2018-12-31": "1997.78500", "2018-09-30": "1970.87500", "2018-06-30": "1897.41700", "2018-03-31": "1853.35100", "2017-12-31": "1809.84500", "2017-09-30": "1651.76000", "2017-06-30": "1589.49800", "2017-03-31": "1571.71100", "2016-12-31": "1558.59400", "2016-09-30": "1544.43100", "2016-06-30": "1485.09300", "2016-03-31": "1462.23600", "2015-12-31": "1446.19300", "2015-09-30": "1429.46800", "2015-06-30": "1368.95600", "2015-03-31": "1336.53300", "2014-12-31": "1313.52100", "2014-09-30": "1299.50200", "2014-06-30": "1225.87700", "2014-03-31": "1191.54100", "2013-12-31": "1169.75400", "2013-09-30": "1155.50700", "2013-06-30": "1087.36100", "2013-03-31": "1036.89600", "2012-12-31": "1020.54300", "2012-09-30": "999.60300", "2012-06-30": "929.37000", "2012-03-31": "927.25000", "2011-12-31": "902.98700", "2011-09-30": "873.63700", "2011-06-30": "802.64300", "2011-03-31": "759.23700", "2010-12-31": "740.92300", "2010-09-30": "731.98700", "2010-06-30": "674.92800", "2010-03-31": "646.84600", "2009-12-31": "628.23400", "2009-09-30": "611.65900", "2009-06-30": "545.23300", "2009-03-31": "517.80000", "2008-12-31": "498.17700", "2008-09-30": "479.88900", "2008-06-30": "433.59700", "2008-03-31": "406.77800", "2007-12-31": "392.10800", "2007-09-30": "378.28200", "2007-06-30": "336.73300", "2007-03-31": "316.06000", "2006-12-31": "295.43300", "2006-09-30": "279.18400", "2006-06-30": "234.00900", "2006-03-31": "222.16500", "2005-12-31": "209.45900", "2005-09-30": "199.21300", "2005-06-30": "157.70200", "2005-03-31": "145.99800"}, "Comprehensive Income": {"2020-12-31": "", "2020-09-30": "-272.35200", "2020-06-30": "-297.36000", "2020-03-31": "-297.69700", "2019-12-31": "-259.74200", "2019-09-30": "-287.92300", "2019-06-30": "-265.37300", "2019-03-31": "-272.43100", "2018-12-31": "-268.80800", "2018-09-30": "-212.25600", "2018-06-30": "-208.96300", "2018-03-31": "-174.70700", "2017-12-31": "-188.97300", "2017-09-30": "-170.26300", "2017-06-30": "-185.13900", "2017-03-31": "-216.11000", "2016-12-31": "-223.85600", "2016-09-30": "-195.26200", "2016-06-30": "-202.29600", "2016-03-31": "-197.45600", "2015-12-31": "-208.80600", "2015-09-30": "-196.87800", "2015-06-30": "-182.77900", "2015-03-31": "-195.30100", "2014-12-31": "-165.62400", "2014-09-30": "-78.01600", "2014-06-30": "-44.41300", "2014-03-31": "-47.96300", "2013-12-31": "-38.11900", "2013-09-30": "-106.21900", "2013-06-30": "-119.88200", "2013-03-31": "-118.45200", "2012-12-31": "-109.91300", "2012-09-30": "-104.78000", "2012-06-30": "-121.47800", "2012-03-31": "-99.88800", "2011-12-31": "-115.28200", "2011-09-30": "-71.88000", "2011-06-30": "-44.91800", "2011-03-31": "-47.20400", "2010-12-31": "-63.02600", "2010-09-30": "-55.25600", "2010-06-30": "-70.58700", "2010-03-31": "-59.47200", "2009-12-31": "-55.60100", "2009-09-30": "-64.38600", "2009-06-30": "-74.74000", "2009-03-31": "-86.20100", "2008-12-31": "-75.86100", "2008-09-30": "12.27600", "2008-06-30": "25.72500", "2008-03-31": "15.53600", "2007-12-31": "15.06400", "2007-09-30": "-1.71200", "2007-06-30": "-3.10900", "2007-03-31": "-11.08900", "2006-12-31": "-15.56400", "2006-09-30": "-18.81200", "2006-06-30": "-16.30600", "2006-03-31": "-14.47800", "2005-12-31": "-13.88800", "2005-09-30": "5.13700", "2005-06-30": "0.48500", "2005-03-31": "2.74900"}, "Other Share Holders Equity": {"2020-12-31": "", "2020-09-30": "", "2020-06-30": "", "2020-03-31": "", "2019-12-31": "", "2019-09-30": "", "2019-06-30": "", "2019-03-31": "", "2018-12-31": "", "2018-09-30": "", "2018-06-30": "", "2018-03-31": "", "2017-12-31": "", "2017-09-30": "", "2017-06-30": "", "2017-03-31": "", "2016-12-31": "", "2016-09-30": "", "2016-06-30": "", "2016-03-31": "", "2015-12-31": "", "2015-09-30": "", "2015-06-30": "", "2015-03-31": "", "2014-12-31": "", "2014-09-30": "", "2014-06-30": "", "2014-03-31": "", "2013-12-31": "", "2013-09-30": "", "2013-06-30": "", "2013-03-31": "", "2012-12-31": "", "2012-09-30": "", "2012-06-30": "", "2012-03-31": "", "2011-12-31": "", "2011-09-30": "", "2011-06-30": "", "2011-03-31": "", "2010-12-31": "", "2010-09-30": "", "2010-06-30": "", "2010-03-31": "", "2009-12-31": "", "2009-09-30": "", "2009-06-30": "", "2009-03-31": "", "2008-12-31": "", "2008-09-30": "", "2008-06-30": "", "2008-03-31": "", "2007-12-31": "", "2007-09-30": "", "2007-06-30": "", "2007-03-31": "", "2006-12-31": "", "2006-09-30": "", "2006-06-30": "", "2006-03-31": "", "2005-12-31": "", "2005-09-30": "", "2005-06-30": "", "2005-03-31": ""}, "Share Holder Equity": {"2020-12-31": "1252.90000", "2020-09-30": "1218.86300", "2020-06-30": "1089.69400", "2020-03-31": "1020.57500", "2019-12-31": "1023.32200", "2019-09-30": "968.53000", "2019-06-30": "929.90200", "2019-03-31": "900.20700", "2018-12-31": "881.26500", "2018-09-30": "911.91700", "2018-06-30": "838.01000", "2018-03-31": "824.79100", "2017-12-31": "766.06500", "2017-09-30": "623.10300", "2017-06-30": "543.00700", "2017-03-31": "490.32600", "2016-12-31": "469.41500", "2016-09-30": "751.65400", "2016-06-30": "689.40600", "2016-03-31": "668.03000", "2015-12-31": "639.18400", "2015-09-30": "631.88500", "2015-06-30": "583.02600", "2015-03-31": "542.90300", "2014-12-31": "709.95600", "2014-09-30": "781.29900", "2014-06-30": "757.65800", "2014-03-31": "725.09500", "2013-12-31": "713.84300", "2013-09-30": "629.41300", "2013-06-30": "547.89800", "2013-03-31": "510.89400", "2012-12-31": "753.64300", "2012-09-30": "736.34000", "2012-06-30": "659.50000", "2012-03-31": "694.14000", "2011-12-31": "657.99400", "2011-09-30": "667.51100", "2011-06-30": "636.12300", "2011-03-31": "587.77200", "2010-12-31": "553.59900", "2010-09-30": "795.34600", "2010-06-30": "719.94400", "2010-03-31": "701.32300", "2009-12-31": "685.76200", "2009-09-30": "657.09800", "2009-06-30": "577.42800", "2009-03-31": "537.08700", "2008-12-31": "525.02300", "2008-09-30": "592.60400", "2008-06-30": "557.00800", "2008-03-31": "516.80200", "2007-12-31": "500.08300", "2007-09-30": "468.56300", "2007-06-30": "423.59500", "2007-03-31": "393.15800", "2006-12-31": "366.54000", "2006-09-30": "342.64800", "2006-06-30": "299.24000", "2006-03-31": "285.78600", "2005-12-31": "273.35000", "2005-09-30": "280.85000", "2005-06-30": "233.45100", "2005-03-31": "221.47500"}, "Total Liabilities And Share Holders Equity": {"2020-12-31": "6519.50000", "2020-09-30": "6452.57900", "2020-06-30": "6373.05600", "2020-03-31": "5528.53800", "2019-12-31": "4931.05900", "2019-09-30": "5074.01700", "2019-06-30": "5111.21800", "2019-03-31": "4924.57300", "2018-12-31": "4579.29400", "2018-09-30": "5058.19900", "2018-06-30": "5059.67700", "2018-03-31": "4952.48700", "2017-12-31": "4645.44900", "2017-09-30": "5021.09000", "2017-06-30": "4894.57200", "2017-03-31": "3650.00600", "2016-12-31": "3149.39000", "2016-09-30": "3501.51900", "2016-06-30": "3554.17500", "2016-03-31": "3384.46500", "2015-12-31": "3192.67900", "2015-09-30": "3491.86200", "2015-06-30": "3503.11700", "2015-03-31": "3330.15900", "2014-12-31": "3274.13600", "2014-09-30": "3630.17600", "2014-06-30": "3640.89800", "2014-03-31": "3439.12600", "2013-12-31": "3321.08200", "2013-09-30": "3203.09900", "2013-06-30": "3209.10500", "2013-03-31": "3099.65200", "2012-12-31": "3293.54300", "2012-09-30": "3541.95600", "2012-06-30": "3220.99000", "2012-03-31": "3417.82800", "2011-12-31": "2979.08700", "2011-09-30": "3019.58400", "2011-06-30": "3007.67200", "2011-03-31": "2855.08900", "2010-12-31": "2176.01800", "2010-09-30": "2574.10000", "2010-06-30": "2182.90600", "2010-03-31": "2160.01200", "2009-12-31": "2214.35400", "2009-09-30": "2291.05100", "2009-06-30": "2240.42900", "2009-03-31": "2235.17500", "2008-12-31": "2164.31100", "2008-09-30": "2572.17500", "2008-06-30": "2428.23300", "2008-03-31": "2375.05700", "2007-12-31": "2140.01300", "2007-09-30": "2269.26000", "2007-06-30": "2259.01600", "2007-03-31": "2144.05200", "2006-12-31": "2008.37900", "2006-09-30": "2125.49200", "2006-06-30": "2090.82100", "2006-03-31": "1643.61500", "2005-12-31": "1530.62000", "2005-09-30": "1758.74700", "2005-06-30": "1834.24900", "2005-03-31": "1708.00000"}}, "cash flow statement": {"Net Income/Loss": {"2020-12-31": "308.70000", "2019-12-31": "193.81400", "2018-12-31": "223.99400", "2017-12-31": "269.65900", "2016-12-31": "153.35100", "2015-12-31": "172.41300", "2014-12-31": "182.39100", "2013-12-31": "185.41300", "2012-12-31": "151.34600", "2011-12-31": "193.17300", "2010-12-31": "144.64600", "2009-12-31": "159.40900", "2008-12-31": "124.99200", "2007-12-31": "126.78300", "2006-12-31": "104.01600", "2005-12-31": "87.55000"}, "Total Depreciation And Amortization - Cash Flow": {"2020-12-31": "223.60000", "2019-12-31": "209.94600", "2018-12-31": "195.51100", "2017-12-31": "178.32100", "2016-12-31": "147.19700", "2015-12-31": "146.34800", "2014-12-31": "152.29100", "2013-12-31": "172.20000", "2012-12-31": "169.91200", "2011-12-31": "162.63800", "2010-12-31": "145.83400", "2009-12-31": "147.30900", "2008-12-31": "145.32400", "2007-12-31": "139.33100", "2006-12-31": "127.64000", "2005-12-31": "123.44300"}, "Other Non-Cash Items": {"2020-12-31": "60.40000", "2019-12-31": "54.24600", "2018-12-31": "47.40900", "2017-12-31": "-87.45200", "2016-12-31": "77.09000", "2015-12-31": "13.20600", "2014-12-31": "67.13600", "2013-12-31": "30.72500", "2012-12-31": "45.05700", "2011-12-31": "28.55500", "2010-12-31": "48.44600", "2009-12-31": "15.14000", "2008-12-31": "28.45900", "2007-12-31": "-7.85400", "2006-12-31": "35.98100", "2005-12-31": "44.52700"}, "Total Non-Cash Items": {"2020-12-31": "284.00000", "2019-12-31": "264.19200", "2018-12-31": "242.92000", "2017-12-31": "90.86900", "2016-12-31": "224.28700", "2015-12-31": "159.55400", "2014-12-31": "219.42700", "2013-12-31": "202.92500", "2012-12-31": "214.96900", "2011-12-31": "191.19300", "2010-12-31": "194.28000", "2009-12-31": "162.44900", "2008-12-31": "173.78300", "2007-12-31": "131.47700", "2006-12-31": "163.62100", "2005-12-31": "167.97000"}, "Change In Accounts Receivable": {"2020-12-31": "-49.40000", "2019-12-31": "3.80000", "2018-12-31": "0.51600", "2017-12-31": "-37.10700", "2016-12-31": "-10.86700", "2015-12-31": "12.28700", "2014-12-31": "3.65200", "2013-12-31": "20.38700", "2012-12-31": "34.58400", "2011-12-31": "-53.09100", "2010-12-31": "-19.87500", "2009-12-31": "72.05900", "2008-12-31": "-49.53800", "2007-12-31": "24.34000", "2006-12-31": "-18.66300", "2005-12-31": "-6.66100"}, "Change In Inventories": {"2020-12-31": "11.40000", "2019-12-31": "0.05300", "2018-12-31": "20.36600", "2017-12-31": "-17.22800", "2016-12-31": "19.96000", "2015-12-31": "-97.57600", "2014-12-31": "-54.00200", "2013-12-31": "25.06000", "2012-12-31": "56.82800", "2011-12-31": "-28.09300", "2010-12-31": "-51.80000", "2009-12-31": "-7.89400", "2008-12-31": "48.89800", "2007-12-31": "4.82700", "2006-12-31": "-37.51100", "2005-12-31": "0.56300"}, "Change In Accounts Payable": {"2020-12-31": "47.80000", "2019-12-31": "16.45300", "2018-12-31": "61.09500", "2017-12-31": "84.10200", "2016-12-31": "52.75200", "2015-12-31": "43.82200", "2014-12-31": "86.35700", "2013-12-31": "0.60400", "2012-12-31": "-6.21600", "2011-12-31": "29.65800", "2010-12-31": "4.34200", "2009-12-31": "-62.54700", "2008-12-31": "66.46400", "2007-12-31": "-28.64200", "2006-12-31": "25.64600", "2005-12-31": "-15.50200"}, "Change In Assets/Liabilities": {"2020-12-31": "", "2019-12-31": "15.09300", "2018-12-31": "-45.93500", "2017-12-31": "-4.85100", "2016-12-31": "-24.78700", "2015-12-31": "7.62500", "2014-12-31": "-81.24500", "2013-12-31": "-52.18300", "2012-12-31": "-78.20700", "2011-12-31": "23.35000", "2010-12-31": "-72.17700", "2009-12-31": "-1.52300", "2008-12-31": "-11.39500", "2007-12-31": "28.38300", "2006-12-31": "-14.56200", "2005-12-31": "-17.77100"}, "Total Change In Assets/Liabilities": {"2020-12-31": "9.80000", "2019-12-31": "49.34900", "2018-12-31": "39.60600", "2017-12-31": "29.23700", "2016-12-31": "16.91300", "2015-12-31": "3.79800", "2014-12-31": "-53.57400", "2013-12-31": "-37.63300", "2012-12-31": "-14.65300", "2011-12-31": "-24.78400", "2010-12-31": "-151.61100", "2009-12-31": "0.91600", "2008-12-31": "46.63100", "2007-12-31": "21.44900", "2006-12-31": "-46.00600", "2005-12-31": "-46.37300"}, "Cash Flow From Operating Activities": {"2020-12-31": "602.50000", "2019-12-31": "507.35500", "2018-12-31": "506.52000", "2017-12-31": "389.76500", "2016-12-31": "394.55100", "2015-12-31": "335.76500", "2014-12-31": "348.24400", "2013-12-31": "350.70500", "2012-12-31": "351.66200", "2011-12-31": "359.58200", "2010-12-31": "187.31500", "2009-12-31": "322.77400", "2008-12-31": "345.40600", "2007-12-31": "279.70900", "2006-12-31": "221.63100", "2005-12-31": "209.14700"}, "Net Change In Property, Plant, And Equipment": {"2020-12-31": "-224.20000", "2019-12-31": "-230.94400", "2018-12-31": "-190.97300", "2017-12-31": "-174.42900", "2016-12-31": "-191.89300", "2015-12-31": "-237.30200", "2014-12-31": "-140.42900", "2013-12-31": "-103.13600", "2012-12-31": "-119.24100", "2011-12-31": "-173.00900", "2010-12-31": "-105.39500", "2009-12-31": "-99.58400", "2008-12-31": "-122.90200", "2007-12-31": "-154.94600", "2006-12-31": "-121.67200", "2005-12-31": "-89.13200"}, "Net Change In Intangible Assets": {"2020-12-31": "", "2019-12-31": "", "2018-12-31": "", "2017-12-31": "", "2016-12-31": "", "2015-12-31": "", "2014-12-31": "", "2013-12-31": "", "2012-12-31": "", "2011-12-31": "", "2010-12-31": "", "2009-12-31": "", "2008-12-31": "", "2007-12-31": "", "2006-12-31": "", "2005-12-31": ""}, "Net Acquisitions/Divestitures": {"2020-12-31": "-940.90000", "2019-12-31": "", "2018-12-31": "", "2017-12-31": "-1023.84800", "2016-12-31": "", "2015-12-31": "-0.69000", "2014-12-31": "-17.71400", "2013-12-31": "-281.66700", "2012-12-31": "-319.09000", "2011-12-31": "-290.75100", "2010-12-31": "-47.94600", "2009-12-31": "", "2008-12-31": "-14.54200", "2007-12-31": "-7.84600", "2006-12-31": "-318.23100", "2005-12-31": ""}, "Net Change In Short-term Investments": {"2020-12-31": "", "2019-12-31": "", "2018-12-31": "", "2017-12-31": "", "2016-12-31": "", "2015-12-31": "", "2014-12-31": "", "2013-12-31": "", "2012-12-31": "", "2011-12-31": "", "2010-12-31": "", "2009-12-31": "", "2008-12-31": "", "2007-12-31": "", "2006-12-31": "", "2005-12-31": ""}, "Net Change In Long-Term Investments": {"2020-12-31": "", "2019-12-31": "", "2018-12-31": "", "2017-12-31": "", "2016-12-31": "", "2015-12-31": "", "2014-12-31": "", "2013-12-31": "", "2012-12-31": "", "2011-12-31": "", "2010-12-31": "", "2009-12-31": "", "2008-12-31": "", "2007-12-31": "", "2006-12-31": "", "2005-12-31": ""}, "Net Change In Investments - Total": {"2020-12-31": "", "2019-12-31": "", "2018-12-31": "", "2017-12-31": "", "2016-12-31": "", "2015-12-31": "", "2014-12-31": "", "2013-12-31": "", "2012-12-31": "", "2011-12-31": "", "2010-12-31": "", "2009-12-31": "", "2008-12-31": "", "2007-12-31": "", "2006-12-31": "", "2005-12-31": ""}, "Investing Activities - Other": {"2020-12-31": "1.90000", "2019-12-31": "0.85400", "2018-12-31": "1.05100", "2017-12-31": "0.60000", "2016-12-31": "11.55500", "2015-12-31": "0.90300", "2014-12-31": "1.27300", "2013-12-31": "8.38900", "2012-12-31": "1.55500", "2011-12-31": "3.94300", "2010-12-31": "1.57100", "2009-12-31": "2.89200", "2008-12-31": "1.73200", "2007-12-31": "3.91700", "2006-12-31": "1.45700", "2005-12-31": "3.15400"}, "Cash Flow From Investing Activities": {"2020-12-31": "-1163.20000", "2019-12-31": "-230.09000", "2018-12-31": "-189.92200", "2017-12-31": "-1197.67700", "2016-12-31": "-180.33800", "2015-12-31": "-237.08900", "2014-12-31": "-156.87000", "2013-12-31": "-376.41400", "2012-12-31": "-436.77600", "2011-12-31": "-459.81700", "2010-12-31": "-151.77000", "2009-12-31": "-96.69200", "2008-12-31": "-135.71200", "2007-12-31": "-158.87500", "2006-12-31": "-438.44600", "2005-12-31": "-85.97800"}, "Net Long-Term Debt": {"2020-12-31": "", "2019-12-31": "-57.59200", "2018-12-31": "-233.83610", "2017-12-31": "889.48410", "2016-12-31": "54.96400", "2015-12-31": "-27.51790", "2014-12-31": "-45.74790", "2013-12-31": "19.07610", "2012-12-31": "237.01690", "2011-12-31": "417.43590", "2010-12-31": "114.32200", "2009-12-31": "-94.30800", "2008-12-31": "-80.23200", "2007-12-31": "-12.86690", "2006-12-31": "231.64310", "2005-12-31": "-141.29000"}, "Net Current Debt": {"2020-12-31": "5.20000", "2019-12-31": "-4.66400", "2018-12-31": "-4.12500", "2017-12-31": "8.85100", "2016-12-31": "-22.81900", "2015-12-31": "18.96100", "2014-12-31": "-3.73200", "2013-12-31": "13.09700", "2012-12-31": "-4.79200", "2011-12-31": "-33.73000", "2010-12-31": "7.22000", "2009-12-31": "40.93200", "2008-12-31": "-41.78500", "2007-12-31": "-7.17600", "2006-12-31": "-3.90000", "2005-12-31": "18.93800"}, "Debt Issuance/Retirement Net - Total": {"2020-12-31": "5.20000", "2019-12-31": "-62.25600", "2018-12-31": "-237.96110", "2017-12-31": "898.33510", "2016-12-31": "32.14500", "2015-12-31": "-8.55690", "2014-12-31": "-49.47990", "2013-12-31": "32.17310", "2012-12-31": "232.22490", "2011-12-31": "383.70590", "2010-12-31": "121.54200", "2009-12-31": "-53.37600", "2008-12-31": "-122.01700", "2007-12-31": "-20.04300", "2006-12-31": "227.74300", "2005-12-31": "-122.35210"}, "Net Common Equity Issued/Repurchased": {"2020-12-31": "-35.90000", "2019-12-31": "-27.60400", "2018-12-31": "-7.82800", "2017-12-31": "-4.12300", "2016-12-31": "-280.73600", "2015-12-31": "-173.02400", "2014-12-31": "-36.12300", "2013-12-31": "-270.16700", "2012-12-31": "-35.78500", "2011-12-31": "-19.11900", "2010-12-31": "-246.62400", "2009-12-31": "1.81700", "2008-12-31": "2.07300", "2007-12-31": "0.99100", "2006-12-31": "3.01500", "2005-12-31": "3.82100"}, "Net Total Equity Issued/Repurchased": {"2020-12-31": "-35.90000", "2019-12-31": "-27.60400", "2018-12-31": "-7.82800", "2017-12-31": "-4.12300", "2016-12-31": "-280.73600", "2015-12-31": "-173.02400", "2014-12-31": "-36.12300", "2013-12-31": "-270.16700", "2012-12-31": "-35.78500", "2011-12-31": "-19.11900", "2010-12-31": "-246.62400", "2009-12-31": "1.81700", "2008-12-31": "2.07300", "2007-12-31": "0.99100", "2006-12-31": "3.01500", "2005-12-31": "3.82100"}, "Total Common And Preferred Stock Dividends Paid": {"2020-12-31": "-53.60000", "2019-12-31": "-50.84000", "2018-12-31": "-44.54900", "2017-12-31": "-40.49300", "2016-12-31": "-40.87700", "2015-12-31": "-39.74100", "2014-12-31": "-38.62400", "2013-12-31": "-36.20200", "2012-12-31": "-33.79000", "2011-12-31": "-31.10900", "2010-12-31": "-31.95700", "2009-12-31": "-29.35200", "2008-12-31": "-26.00300", "2007-12-31": "-24.28900", "2006-12-31": "-18.04200", "2005-12-31": "-14.85900"}, "Financial Activities - Other": {"2020-12-31": "844.20000", "2019-12-31": "-4.82500", "2018-12-31": "-3.27200", "2017-12-31": "-16.96400", "2016-12-31": "", "2015-12-31": "", "2014-12-31": "-5.01900", "2013-12-31": "-5.24000", "2012-12-31": "-9.02900", "2011-12-31": "-11.36800", "2010-12-31": "-9.03400", "2009-12-31": "-2.42300", "2008-12-31": "3.31800", "2007-12-31": "1.71100", "2006-12-31": "0.37500", "2005-12-31": "-4.73400"}, "Cash Flow From Financial Activities": {"2020-12-31": "759.90000", "2019-12-31": "-145.52500", "2018-12-31": "-293.61000", "2017-12-31": "836.75500", "2016-12-31": "-289.46800", "2015-12-31": "-221.32200", "2014-12-31": "-129.24600", "2013-12-31": "-279.43600", "2012-12-31": "153.62100", "2011-12-31": "322.11000", "2010-12-31": "-166.07300", "2009-12-31": "-83.33400", "2008-12-31": "-142.62900", "2007-12-31": "-41.63000", "2006-12-31": "213.09100", "2005-12-31": "-138.12400"}, "Net Cash Flow": {"2020-12-31": "205.70000", "2019-12-31": "131.00500", "2018-12-31": "19.28600", "2017-12-31": "28.84300", "2016-12-31": "-75.25500", "2015-12-31": "-122.64600", "2014-12-31": "62.12800", "2013-12-31": "-305.14500", "2012-12-31": "68.50700", "2011-12-31": "221.87500", "2010-12-31": "-130.52800", "2009-12-31": "142.74800", "2008-12-31": "67.06500", "2007-12-31": "79.20400", "2006-12-31": "-3.72400", "2005-12-31": "-14.95500"}, "Stock-Based Compensation": {"2020-12-31": "18.80000", "2019-12-31": "17.07800", "2018-12-31": "14.92300", "2017-12-31": "14.63900", "2016-12-31": "13.01800", "2015-12-31": "12.07700", "2014-12-31": "12.42500", "2013-12-31": "10.00500", "2012-12-31": "", "2011-12-31": "", "2010-12-31": "", "2009-12-31": "", "2008-12-31": "", "2007-12-31": "", "2006-12-31": "", "2005-12-31": ""}, "Common Stock Dividends Paid": {"2020-12-31": "-53.60000", "2019-12-31": "-50.84000", "2018-12-31": "-44.54900", "2017-12-31": "-40.49300", "2016-12-31": "-40.87700", "2015-12-31": "-39.74100", "2014-12-31": "-38.62400", "2013-12-31": "-36.20200", "2012-12-31": "-33.79000", "2011-12-31": "-31.10900", "2010-12-31": "-31.95700", "2009-12-31": "-29.35200", "2008-12-31": "-26.00300", "2007-12-31": "-24.28900", "2006-12-31": "-18.04200", "2005-12-31": "-14.85900"}}, "cash flow statement, quarterly": {"Net Income/Loss": {"2020-12-31": 60.077, "2020-09-30": 112.851, "2020-06-30": 78.172, "2020-03-31": "57.60000", "2019-12-31": 34.844, "2019-09-30": 81.274, "2019-06-30": 30.954, "2019-03-31": "46.74200", "2018-12-31": 38.192, "2018-09-30": 84.735, "2018-06-30": 55.346, "2018-03-31": "45.72100", "2017-12-31": 146.12, "2017-09-30": 72.382, "2017-06-30": 27.925, "2017-03-31": "23.23200", "2016-12-31": 23.696, "2016-09-30": 69.769, "2016-06-30": 33.314, "2016-03-31": "26.57200", "2015-12-31": 26.547, "2015-09-30": 70.318, "2015-06-30": 42.244, "2015-03-31": "33.30400", "2014-12-31": 23.636, "2014-09-30": 83.276, "2014-06-30": 44.003, "2014-03-31": "31.47600", "2013-12-31": 23.276, "2013-09-30": 77.175, "2013-06-30": 59.529, "2013-03-31": "25.43300", "2012-12-31": 29.359, "2012-09-30": 78.657, "2012-06-30": 10.58, "2012-03-31": "32.75000", "2011-12-31": 37.098, "2011-09-30": 78.755, "2011-06-30": 51.208, "2011-03-31": "26.11200", "2010-12-31": 16.38, "2010-09-30": 65.23, "2010-06-30": 36.254, "2010-03-31": "26.78200", "2009-12-31": 23.924, "2009-09-30": 73.787, "2009-06-30": 34.757, "2009-03-31": "26.94100", "2008-12-31": 17.719, "2008-09-30": 52.807, "2008-06-30": 33.314, "2008-03-31": "21.15200", "2007-12-31": 23.912, "2007-09-30": 47.618, "2007-06-30": 26.745, "2007-03-31": "28.50800", "2006-12-31": 20.783, "2006-09-30": 49.688, "2006-06-30": 16.367, "2006-03-31": "17.17800", "2005-12-31": 13.973, "2005-09-30": 45.231, "2005-06-30": 15.417, "2005-03-31": "12.92900"}, "Total Depreciation And Amortization - Cash Flow": {"2020-12-31": 60.146, "2020-09-30": 59.257, "2020-06-30": 53.107, "2020-03-31": "51.09000", "2019-12-31": 53.166, "2019-09-30": 52.678, "2019-06-30": 52.87, "2019-03-31": "51.23200", "2018-12-31": 49.265, "2018-09-30": 48.343, "2018-06-30": 48.972, "2018-03-31": "48.93100", "2017-12-31": 48.587, "2017-09-30": 46.407, "2017-06-30": 45.755, "2017-03-31": "37.57200", "2016-12-31": 36.917, "2016-09-30": 37.261, "2016-06-30": 36.801, "2016-03-31": "36.21800", "2015-12-31": 36.558, "2015-09-30": 36.748, "2015-06-30": 36.366, "2015-03-31": "36.67600", "2014-12-31": 38.08, "2014-09-30": 37.7, "2014-06-30": 38.1, "2014-03-31": "38.41100", "2013-12-31": 45.113, "2013-09-30": 41.451, "2013-06-30": 41.94, "2013-03-31": "43.69600", "2012-12-31": 44.751, "2012-09-30": 41.788, "2012-06-30": 41.197, "2012-03-31": "42.17600", "2011-12-31": 41.745, "2011-09-30": 41.454, "2011-06-30": 41.173, "2011-03-31": "38.26600", "2010-12-31": 36.935, "2010-09-30": 36.377, "2010-06-30": 36.448, "2010-03-31": "36.07400", "2009-12-31": 37.732, "2009-09-30": 36.391, "2009-06-30": 36.358, "2009-03-31": "36.82800", "2008-12-31": 36.994, "2008-09-30": 36.871, "2008-06-30": 35.5, "2008-03-31": "35.95900", "2007-12-31": 37.876, "2007-09-30": 34.672, "2007-06-30": 34.247, "2007-03-31": "32.53600", "2006-12-31": 33.649, "2006-09-30": 31.904, "2006-06-30": 32.071, "2006-03-31": "30.01600", "2005-12-31": 30.606, "2005-09-30": 31.177, "2005-06-30": 30.985, "2005-03-31": "30.67500"}, "Other Non-Cash Items": {"2020-12-31": 37.792, "2020-09-30": 7.33, "2020-06-30": 6.515, "2020-03-31": "8.76300", "2019-12-31": -8.693, "2019-09-30": 9.295, "2019-06-30": 43.652, "2019-03-31": "9.99200", "2018-12-31": 32.271, "2018-09-30": 4.03, "2018-06-30": 6.705, "2018-03-31": "4.40300", "2017-12-31": -110.041, "2017-09-30": 4.412, "2017-06-30": 11.336, "2017-03-31": "6.84100", "2016-12-31": 53.437, "2016-09-30": 11.117, "2016-06-30": 8.406, "2016-03-31": "4.13000", "2015-12-31": -6.646, "2015-09-30": 12.099, "2015-06-30": 3.767, "2015-03-31": "3.98600", "2014-12-31": 64.087, "2014-09-30": 0.163, "2014-06-30": 0.771, "2014-03-31": "2.11500", "2013-12-31": 25.485, "2013-09-30": 1.44, "2013-06-30": 0.912, "2013-03-31": "2.88800", "2012-12-31": 1.973, "2012-09-30": 1.986, "2012-06-30": 38.763, "2012-03-31": "2.33500", "2011-12-31": 24.653, "2011-09-30": 1.501, "2011-06-30": 2.321, "2011-03-31": "0.08000", "2010-12-31": 41.241, "2010-09-30": 4.894, "2010-06-30": 0.615, "2010-03-31": "1.69600", "2009-12-31": 14.958, "2009-09-30": -0.684, "2009-06-30": 0.505, "2009-03-31": "0.36100", "2008-12-31": 21.395, "2008-09-30": 1.738, "2008-06-30": 1.217, "2008-03-31": "4.10900", "2007-12-31": -10.324, "2007-09-30": -0.047, "2007-06-30": 1.877, "2007-03-31": "0.64000", "2006-12-31": 25.891, "2006-09-30": 1.74, "2006-06-30": 6.196, "2006-03-31": "2.15400", "2005-12-31": 33.028, "2005-09-30": 0, "2005-06-30": 11.217, "2005-03-31": "0.28200"}, "Total Non-Cash Items": {"2020-12-31": 97.938, "2020-09-30": 66.587, "2020-06-30": 59.622, "2020-03-31": "59.85300", "2019-12-31": 44.473, "2019-09-30": 61.973, "2019-06-30": 96.522, "2019-03-31": "61.22400", "2018-12-31": 81.536, "2018-09-30": 52.373, "2018-06-30": 55.677, "2018-03-31": "53.33400", "2017-12-31": -61.454, "2017-09-30": 50.819, "2017-06-30": 57.091, "2017-03-31": "44.41300", "2016-12-31": 90.354, "2016-09-30": 48.378, "2016-06-30": 45.207, "2016-03-31": "40.34800", "2015-12-31": 29.912, "2015-09-30": 48.847, "2015-06-30": 40.133, "2015-03-31": "40.66200", "2014-12-31": 102.167, "2014-09-30": 37.863, "2014-06-30": 38.871, "2014-03-31": "40.52600", "2013-12-31": 70.598, "2013-09-30": 42.891, "2013-06-30": 42.852, "2013-03-31": "46.58400", "2012-12-31": 46.724, "2012-09-30": 43.774, "2012-06-30": 79.96, "2012-03-31": "44.51100", "2011-12-31": 66.398, "2011-09-30": 42.955, "2011-06-30": 43.494, "2011-03-31": "38.34600", "2010-12-31": 78.176, "2010-09-30": 41.271, "2010-06-30": 37.063, "2010-03-31": "37.77000", "2009-12-31": 52.69, "2009-09-30": 35.707, "2009-06-30": 36.863, "2009-03-31": "37.18900", "2008-12-31": 58.389, "2008-09-30": 38.609, "2008-06-30": 36.717, "2008-03-31": "40.06800", "2007-12-31": 27.552, "2007-09-30": 34.625, "2007-06-30": 36.124, "2007-03-31": "33.17600", "2006-12-31": 59.54, "2006-09-30": 33.644, "2006-06-30": 38.267, "2006-03-31": "32.17000", "2005-12-31": 63.634, "2005-09-30": 31.177, "2005-06-30": 42.202, "2005-03-31": "30.95700"}, "Change In Accounts Receivable": {"2020-12-31": 261.608, "2020-09-30": -131.059, "2020-06-30": -75.974, "2020-03-31": "-103.97500", "2019-12-31": 254.583, "2019-09-30": -95.585, "2019-06-30": -66.604, "2019-03-31": "-88.59400", "2018-12-31": 272.152, "2018-09-30": -136.675, "2018-06-30": -85.346, "2018-03-31": "-49.61500", "2017-12-31": 248.794, "2017-09-30": -167.385, "2017-06-30": -77.064, "2017-03-31": "-41.45200", "2016-12-31": 220.807, "2016-09-30": -120.074, "2016-06-30": -56.686, "2016-03-31": "-54.91400", "2015-12-31": 337.568, "2015-09-30": -184.855, "2015-06-30": -55.751, "2015-03-31": "-84.67500", "2014-12-31": 295.489, "2014-09-30": -175.478, "2014-06-30": -47.948, "2014-03-31": "-68.41100", "2013-12-31": 278.477, "2013-09-30": -133.329, "2013-06-30": -97.858, "2013-03-31": "-26.90300", "2012-12-31": 273.738, "2012-09-30": -162.184, "2012-06-30": -49.4, "2012-03-31": "-27.57000", "2011-12-31": 233.575, "2011-09-30": -166.235, "2011-06-30": -50.644, "2011-03-31": "-69.78700", "2010-12-31": 260.2, "2010-09-30": -161.179, "2010-06-30": -50.998, "2010-03-31": "-67.89800", "2009-12-31": 319.266, "2009-09-30": -224.01, "2009-06-30": -28.169, "2009-03-31": "4.97200", "2008-12-31": 219.855, "2008-09-30": -150.295, "2008-06-30": -66.403, "2008-03-31": "-52.69500", "2007-12-31": 238.455, "2007-09-30": -131.546, "2007-06-30": -43.026, "2007-03-31": "-39.54300", "2006-12-31": 219.116, "2006-09-30": -138.517, "2006-06-30": -38.47, "2006-03-31": "-60.79200", "2005-12-31": 198.068, "2005-09-30": -103.271, "2005-06-30": -57.417, "2005-03-31": "-44.04100"}, "Change In Inventories": {"2020-12-31": 8.965, "2020-09-30": 150.576, "2020-06-30": -79.176, "2020-03-31": "-68.96500", "2019-12-31": 75.467, "2019-09-30": 112.376, "2019-06-30": -133.997, "2019-03-31": "-53.79300", "2018-12-31": 53.109, "2018-09-30": 143.479, "2018-06-30": -101.771, "2018-03-31": "-74.45100", "2017-12-31": -14.333, "2017-09-30": 131.479, "2017-06-30": -26.928, "2017-03-31": "-107.44600", "2016-12-31": 26.506, "2016-09-30": 169.881, "2016-06-30": -55.616, "2016-03-31": "-120.81100", "2015-12-31": -53.855, "2015-09-30": 169.085, "2015-06-30": -67.854, "2015-03-31": "-144.95200", "2014-12-31": 27.551, "2014-09-30": 153.05, "2014-06-30": -101.205, "2014-03-31": "-133.39800", "2013-12-31": 50.082, "2013-09-30": 182.018, "2013-06-30": -73.045, "2013-03-31": "-133.99500", "2012-12-31": 45.987, "2012-09-30": 204.536, "2012-06-30": -64.17, "2012-03-31": "-129.52500", "2011-12-31": 19.111, "2011-09-30": 152.178, "2011-06-30": -85.161, "2011-03-31": "-114.22100", "2010-12-31": -8.524, "2010-09-30": 141.681, "2010-06-30": -79.522, "2010-03-31": "-105.43500", "2009-12-31": -13.48, "2009-09-30": 169.719, "2009-06-30": -83.46, "2009-03-31": "-80.67300", "2008-12-31": 33.088, "2008-09-30": 147.199, "2008-06-30": -58.055, "2008-03-31": "-73.33400", "2007-12-31": -18.532, "2007-09-30": 140.649, "2007-06-30": -51.019, "2007-03-31": "-66.27100", "2006-12-31": -36.176, "2006-09-30": 115.525, "2006-06-30": -48.788, "2006-03-31": "-68.07200", "2005-12-31": -10.266, "2005-09-30": 137.291, "2005-06-30": -48.364, "2005-03-31": "-78.09800"}, "Change In Accounts Payable": {"2020-12-31": 121.614, "2020-09-30": -5.788, "2020-06-30": 58.702, "2020-03-31": "-126.72800", "2019-12-31": 80.062, "2019-09-30": -44.188, "2019-06-30": 61.821, "2019-03-31": "-81.24200", "2018-12-31": 72.28, "2018-09-30": -56.417, "2018-06-30": 61.309, "2018-03-31": "-16.07700", "2017-12-31": 82.377, "2017-09-30": 29.279, "2017-06-30": 9.252, "2017-03-31": "-36.80600", "2016-12-31": 113.175, "2016-09-30": -49.722, "2016-06-30": 39.601, "2016-03-31": "-50.30200", "2015-12-31": 35.267, "2015-09-30": -30.075, "2015-06-30": 42.152, "2015-03-31": "-3.52200", "2014-12-31": 59.659, "2014-09-30": -16.026, "2014-06-30": 11.336, "2014-03-31": "31.38800", "2013-12-31": 0.112, "2013-09-30": -27.566, "2013-06-30": 25.154, "2013-03-31": "2.90400", "2012-12-31": 1.092, "2012-09-30": -21.887, "2012-06-30": 11.11, "2012-03-31": "3.46900", "2011-12-31": -16.054, "2011-09-30": 3.072, "2011-06-30": -0.684, "2011-03-31": "43.32400", "2010-12-31": -64.644, "2010-09-30": 34.711, "2010-06-30": 14.162, "2010-03-31": "20.11300", "2009-12-31": -21.927, "2009-09-30": -11.683, "2009-06-30": -3.148, "2009-03-31": "-25.78900", "2008-12-31": -3.639, "2008-09-30": 4.121, "2008-06-30": 24.385, "2008-03-31": "41.59700", "2007-12-31": -26.884, "2007-09-30": -2.63, "2007-06-30": -3.883, "2007-03-31": "4.75500", "2006-12-31": -6.789, "2006-09-30": -11.03, "2006-06-30": 20.909, "2006-03-31": "22.55600", "2005-12-31": -27.205, "2005-09-30": 0.469, "2005-06-30": 7.649, "2005-03-31": "3.58500"}, "Change In Assets/Liabilities": {"2020-12-31": -8.981, "2020-09-30": -0.148, "2020-06-30": 15.493, "2020-03-31": "-6.36400", "2019-12-31": -4.088, "2019-09-30": -1.583, "2019-06-30": 9.566, "2019-03-31": "11.19800", "2018-12-31": -38.631, "2018-09-30": 0.582, "2018-06-30": -0.07, "2018-03-31": "-7.81600", "2017-12-31": 4.396, "2017-09-30": -0.324, "2017-06-30": -3.636, "2017-03-31": "-5.28700", "2016-12-31": -13.902, "2016-09-30": -15.952, "2016-06-30": 1.176, "2016-03-31": "3.89100", "2015-12-31": -7.545, "2015-09-30": 4.475, "2015-06-30": 1.768, "2015-03-31": "8.92700", "2014-12-31": -56.336, "2014-09-30": -2.481, "2014-06-30": -1.062, "2014-03-31": "-21.36600", "2013-12-31": -30.858, "2013-09-30": 0.514, "2013-06-30": -23.146, "2013-03-31": "1.30700", "2012-12-31": -12.759, "2012-09-30": 25.381, "2012-06-30": -73.581, "2012-03-31": "-17.24800", "2011-12-31": -18.601, "2011-09-30": 25.375, "2011-06-30": 2.345, "2011-03-31": "14.23100", "2010-12-31": -31.263, "2010-09-30": 4.295, "2010-06-30": 18.847, "2010-03-31": "-64.05600", "2009-12-31": -4.465, "2009-09-30": 6.822, "2009-06-30": 9.872, "2009-03-31": "-13.75200", "2008-12-31": -25.009, "2008-09-30": 10.889, "2008-06-30": 16.017, "2008-03-31": "-13.29200", "2007-12-31": 5.74, "2007-09-30": 5.656, "2007-06-30": 9.097, "2007-03-31": "7.89000", "2006-12-31": -7.691, "2006-09-30": -3.974, "2006-06-30": -0.384, "2006-03-31": "-2.51300", "2005-12-31": -23.169, "2005-09-30": -2.171, "2005-06-30": 3.758, "2005-03-31": "3.81100"}, "Total Change In Assets/Liabilities": {"2020-12-31": 326.019, "2020-09-30": 2.832, "2020-06-30": -33.462, "2020-03-31": "-285.58900", "2019-12-31": 430.449, "2019-09-30": -16.58, "2019-06-30": -100.768, "2019-03-31": "-263.75200", "2018-12-31": 373.701, "2018-09-30": -31.133, "2018-06-30": -113.788, "2018-03-31": "-189.17400", "2017-12-31": 309.552, "2017-09-30": 11.153, "2017-06-30": -82.894, "2017-03-31": "-208.57400", "2016-12-31": 292.07, "2016-09-30": 32.935, "2016-06-30": -90.349, "2016-03-31": "-217.74300", "2015-12-31": 326.803, "2015-09-30": -30.675, "2015-06-30": -74.65, "2015-03-31": "-217.68000", "2014-12-31": 274.987, "2014-09-30": -10.861, "2014-06-30": -142.639, "2014-03-31": "-175.06100", "2013-12-31": 255.792, "2013-09-30": 40.129, "2013-06-30": -192.538, "2013-03-31": "-141.01600", "2012-12-31": 281.542, "2012-09-30": 66.836, "2012-06-30": -180.259, "2012-03-31": "-182.77200", "2011-12-31": 179.931, "2011-09-30": 6.916, "2011-06-30": -88.255, "2011-03-31": "-123.37600", "2010-12-31": 120.342, "2010-09-30": 38.391, "2010-06-30": -91.056, "2010-03-31": "-219.28800", "2009-12-31": 227.442, "2009-09-30": -19.213, "2009-06-30": -106.854, "2009-03-31": "-100.45900", "2008-12-31": 191.305, "2008-09-30": 30.595, "2008-06-30": -99.409, "2008-03-31": "-75.86000", "2007-12-31": 171.023, "2007-09-30": 12.904, "2007-06-30": -78.5, "2007-03-31": "-83.97800", "2006-12-31": 114.741, "2006-09-30": -8.276, "2006-06-30": -58.594, "2006-03-31": "-93.87700", "2005-12-31": 79.267, "2005-09-30": 59.84, "2005-06-30": -87.541, "2005-03-31": "-97.93900"}, "Cash Flow From Operating Activities": {"2020-12-31": 484.034, "2020-09-30": 182.27, "2020-06-30": 104.332, "2020-03-31": "-168.13600", "2019-12-31": 509.766, "2019-09-30": 126.667, "2019-06-30": 26.708, "2019-03-31": "-155.78600", "2018-12-31": 493.429, "2018-09-30": 105.975, "2018-06-30": -2.765, "2018-03-31": "-90.11900", "2017-12-31": 394.218, "2017-09-30": 134.354, "2017-06-30": 2.122, "2017-03-31": "-140.92900", "2016-12-31": 406.12, "2016-09-30": 151.082, "2016-06-30": -11.828, "2016-03-31": "-150.82300", "2015-12-31": 383.262, "2015-09-30": 88.49, "2015-06-30": 7.727, "2015-03-31": "-143.71400", "2014-12-31": 400.79, "2014-09-30": 110.278, "2014-06-30": -59.765, "2014-03-31": "-103.05900", "2013-12-31": 349.666, "2013-09-30": 160.195, "2013-06-30": -90.157, "2013-03-31": "-68.99900", "2012-12-31": 357.625, "2012-09-30": 189.267, "2012-06-30": -89.719, "2012-03-31": "-105.51100", "2011-12-31": 283.427, "2011-09-30": 128.626, "2011-06-30": 6.447, "2011-03-31": "-58.91800", "2010-12-31": 214.898, "2010-09-30": 144.892, "2010-06-30": -17.739, "2010-03-31": "-154.73600", "2009-12-31": 304.056, "2009-09-30": 90.281, "2009-06-30": -35.234, "2009-03-31": "-36.32900", "2008-12-31": 267.413, "2008-09-30": 122.011, "2008-06-30": -29.378, "2008-03-31": "-14.64000", "2007-12-31": 222.487, "2007-09-30": 95.147, "2007-06-30": -15.631, "2007-03-31": "-22.29400", "2006-12-31": 195.064, "2006-09-30": 75.056, "2006-06-30": -3.96, "2006-03-31": "-44.52900", "2005-12-31": 156.874, "2005-09-30": 136.248, "2005-06-30": -29.922, "2005-03-31": "-54.05300"}, "Net Change In Property, Plant, And Equipment": {"2020-12-31": -59.037, "2020-09-30": -58.727, "2020-06-30": -41.289, "2020-03-31": "-65.14700", "2019-12-31": -64.096, "2019-09-30": -50.683, "2019-06-30": -54.419, "2019-03-31": "-61.74600", "2018-12-31": -56.337, "2018-09-30": -43.358, "2018-06-30": -42.082, "2018-03-31": "-49.19600", "2017-12-31": -50.266, "2017-09-30": -42.876, "2017-06-30": -42.394, "2017-03-31": "-38.89300", "2016-12-31": -40.371, "2016-09-30": -39.808, "2016-06-30": -49.74, "2016-03-31": "-61.97400", "2015-12-31": -85.883, "2015-09-30": -53.236, "2015-06-30": -49.377, "2015-03-31": "-48.80600", "2014-12-31": -46.139, "2014-09-30": -34.286, "2014-06-30": -33.006, "2014-03-31": "-26.99800", "2013-12-31": -23.186, "2013-09-30": -26.902, "2013-06-30": -27.997, "2013-03-31": "-25.05100", "2012-12-31": -34.502, "2012-09-30": -25.291, "2012-06-30": -33.116, "2012-03-31": "-26.33200", "2011-12-31": -49.744, "2011-09-30": -39.095, "2011-06-30": -50.707, "2011-03-31": "-33.46300", "2010-12-31": -29.378, "2010-09-30": -27.913, "2010-06-30": -24.018, "2010-03-31": "-24.08600", "2009-12-31": -27.479, "2009-09-30": -23.329, "2009-06-30": -24.86, "2009-03-31": "-23.91600", "2008-12-31": -35.247, "2008-09-30": -32.269, "2008-06-30": -31.553, "2008-03-31": "-23.83300", "2007-12-31": -42.334, "2007-09-30": -37.192, "2007-06-30": -37.877, "2007-03-31": "-37.54300", "2006-12-31": -34.466, "2006-09-30": -28.478, "2006-06-30": -32.062, "2006-03-31": "-26.66600", "2005-12-31": -25.411, "2005-09-30": -19.522, "2005-06-30": -21.195, "2005-03-31": "-23.00400"}, "Net Change In Intangible Assets": {"2020-12-31": 0, "2020-09-30": 0, "2020-06-30": 0, "2020-03-31": "", "2019-12-31": 0, "2019-09-30": 0, "2019-06-30": 0, "2019-03-31": "", "2018-12-31": 0, "2018-09-30": 0, "2018-06-30": 0, "2018-03-31": "", "2017-12-31": 0, "2017-09-30": 0, "2017-06-30": 0, "2017-03-31": "", "2016-12-31": 0, "2016-09-30": 0, "2016-06-30": 0, "2016-03-31": "", "2015-12-31": 0, "2015-09-30": 0, "2015-06-30": 0, "2015-03-31": "", "2014-12-31": 0, "2014-09-30": 0, "2014-06-30": 0, "2014-03-31": "", "2013-12-31": 0, "2013-09-30": 0, "2013-06-30": 0, "2013-03-31": "", "2012-12-31": 0, "2012-09-30": 0, "2012-06-30": 0, "2012-03-31": "", "2011-12-31": 0, "2011-09-30": 0, "2011-06-30": 0, "2011-03-31": "", "2010-12-31": 0, "2010-09-30": 0, "2010-06-30": 0, "2010-03-31": "", "2009-12-31": 0, "2009-09-30": 0, "2009-06-30": 0, "2009-03-31": "", "2008-12-31": 0, "2008-09-30": 0, "2008-06-30": 0, "2008-03-31": "", "2007-12-31": 0, "2007-09-30": 0, "2007-06-30": 0, "2007-03-31": "", "2006-12-31": 0, "2006-09-30": 0, "2006-06-30": 0, "2006-03-31": "", "2005-12-31": 0, "2005-09-30": 0, "2005-06-30": 0, "2005-03-31": ""}, "Net Acquisitions/Divestitures": {"2020-12-31": -0.025, "2020-09-30": 0.227, "2020-06-30": -901.274, "2020-03-31": "-39.82800", "2019-12-31": 0, "2019-09-30": 0, "2019-06-30": 0, "2019-03-31": "", "2018-12-31": 0, "2018-09-30": 0, "2018-06-30": 0, "2018-03-31": "", "2017-12-31": 4.881, "2017-09-30": -6.637, "2017-06-30": -1022.092, "2017-03-31": "", "2016-12-31": 0, "2016-09-30": 0, "2016-06-30": 0, "2016-03-31": "", "2015-12-31": 0, "2015-09-30": 0, "2015-06-30": -0.69, "2015-03-31": "", "2014-12-31": 0, "2014-09-30": -17.714, "2014-06-30": 0, "2014-03-31": "", "2013-12-31": -275.667, "2013-09-30": 0, "2013-06-30": 0, "2013-03-31": "-6.00000", "2012-12-31": -1.544, "2012-09-30": -266.571, "2012-06-30": 0, "2012-03-31": "-50.97500", "2011-12-31": -1.384, "2011-09-30": -25, "2011-06-30": 0, "2011-03-31": "-264.36700", "2010-12-31": -47.946, "2010-09-30": 0, "2010-06-30": 0, "2010-03-31": "", "2009-12-31": 0, "2009-09-30": 0, "2009-06-30": 0, "2009-03-31": "", "2008-12-31": 0, "2008-09-30": 0, "2008-06-30": -4.017, "2008-03-31": "-10.52500", "2007-12-31": 0, "2007-09-30": 0, "2007-06-30": 0, "2007-03-31": "-7.84600", "2006-12-31": -56.453, "2006-09-30": -3.933, "2006-06-30": -257.845, "2006-03-31": "", "2005-12-31": 0, "2005-09-30": 0, "2005-06-30": 0, "2005-03-31": ""}, "Net Change In Short-term Investments": {"2020-12-31": 0, "2020-09-30": 0, "2020-06-30": 0, "2020-03-31": "", "2019-12-31": 0, "2019-09-30": 0, "2019-06-30": 0, "2019-03-31": "", "2018-12-31": 0, "2018-09-30": 0, "2018-06-30": 0, "2018-03-31": "", "2017-12-31": 0, "2017-09-30": 0, "2017-06-30": 0, "2017-03-31": "", "2016-12-31": 0, "2016-09-30": 0, "2016-06-30": 0, "2016-03-31": "", "2015-12-31": 0, "2015-09-30": 0, "2015-06-30": 0, "2015-03-31": "", "2014-12-31": 0, "2014-09-30": 0, "2014-06-30": 0, "2014-03-31": "", "2013-12-31": 0, "2013-09-30": 0, "2013-06-30": 0, "2013-03-31": "", "2012-12-31": 0, "2012-09-30": 0, "2012-06-30": 0, "2012-03-31": "", "2011-12-31": 0, "2011-09-30": 0, "2011-06-30": 0, "2011-03-31": "", "2010-12-31": 0, "2010-09-30": 0, "2010-06-30": 0, "2010-03-31": "", "2009-12-31": 0, "2009-09-30": 0, "2009-06-30": 0, "2009-03-31": "", "2008-12-31": 0, "2008-09-30": 0, "2008-06-30": 0, "2008-03-31": "", "2007-12-31": 0, "2007-09-30": 0, "2007-06-30": 0, "2007-03-31": "", "2006-12-31": 0, "2006-09-30": 0, "2006-06-30": 0, "2006-03-31": "", "2005-12-31": 0, "2005-09-30": 0, "2005-06-30": 0, "2005-03-31": ""}, "Net Change In Long-Term Investments": {"2020-12-31": 0, "2020-09-30": 0, "2020-06-30": 0, "2020-03-31": "", "2019-12-31": 0, "2019-09-30": 0, "2019-06-30": 0, "2019-03-31": "", "2018-12-31": 0, "2018-09-30": 0, "2018-06-30": 0, "2018-03-31": "", "2017-12-31": 0, "2017-09-30": 0, "2017-06-30": 0, "2017-03-31": "", "2016-12-31": 0, "2016-09-30": 0, "2016-06-30": 0, "2016-03-31": "", "2015-12-31": 0, "2015-09-30": 0, "2015-06-30": 0, "2015-03-31": "", "2014-12-31": 0, "2014-09-30": 0, "2014-06-30": 0, "2014-03-31": "", "2013-12-31": 0, "2013-09-30": 0, "2013-06-30": 0, "2013-03-31": "", "2012-12-31": 0, "2012-09-30": 0, "2012-06-30": 0, "2012-03-31": "", "2011-12-31": 0, "2011-09-30": 0, "2011-06-30": 0, "2011-03-31": "", "2010-12-31": 0, "2010-09-30": 0, "2010-06-30": 0, "2010-03-31": "", "2009-12-31": 0, "2009-09-30": 0, "2009-06-30": 0, "2009-03-31": "", "2008-12-31": 0, "2008-09-30": 0, "2008-06-30": 0, "2008-03-31": "", "2007-12-31": 0, "2007-09-30": 0, "2007-06-30": 0, "2007-03-31": "", "2006-12-31": 0, "2006-09-30": 0, "2006-06-30": 0, "2006-03-31": "", "2005-12-31": 0, "2005-09-30": 0, "2005-06-30": 0, "2005-03-31": ""}, "Net Change In Investments - Total": {"2020-12-31": 0, "2020-09-30": 0, "2020-06-30": 0, "2020-03-31": "", "2019-12-31": 0, "2019-09-30": 0, "2019-06-30": 0, "2019-03-31": "", "2018-12-31": 0, "2018-09-30": 0, "2018-06-30": 0, "2018-03-31": "", "2017-12-31": 0, "2017-09-30": 0, "2017-06-30": 0, "2017-03-31": "", "2016-12-31": 0, "2016-09-30": 0, "2016-06-30": 0, "2016-03-31": "", "2015-12-31": 0, "2015-09-30": 0, "2015-06-30": 0, "2015-03-31": "", "2014-12-31": 0, "2014-09-30": 0, "2014-06-30": 0, "2014-03-31": "", "2013-12-31": 0, "2013-09-30": 0, "2013-06-30": 0, "2013-03-31": "", "2012-12-31": 0, "2012-09-30": 0, "2012-06-30": 0, "2012-03-31": "", "2011-12-31": 0, "2011-09-30": 0, "2011-06-30": 0, "2011-03-31": "", "2010-12-31": 0, "2010-09-30": 0, "2010-06-30": 0, "2010-03-31": "", "2009-12-31": 0, "2009-09-30": 0, "2009-06-30": 0, "2009-03-31": "", "2008-12-31": 0, "2008-09-30": 0, "2008-06-30": 0, "2008-03-31": "", "2007-12-31": 0, "2007-09-30": 0, "2007-06-30": 0, "2007-03-31": "", "2006-12-31": 0, "2006-09-30": 0, "2006-06-30": 0, "2006-03-31": "", "2005-12-31": 0, "2005-09-30": 0, "2005-06-30": 0, "2005-03-31": ""}, "Investing Activities - Other": {"2020-12-31": 0.901, "2020-09-30": 0.016, "2020-06-30": 0.449, "2020-03-31": "0.53400", "2019-12-31": 0.345, "2019-09-30": -0.051, "2019-06-30": 0.54, "2019-03-31": "0.02000", "2018-12-31": 0.815, "2018-09-30": -0.25, "2018-06-30": -0.314, "2018-03-31": "0.80000", "2017-12-31": 0.061, "2017-09-30": 0.062, "2017-06-30": 0.091, "2017-03-31": "0.38600", "2016-12-31": 2.629, "2016-09-30": 0.104, "2016-06-30": 7.716, "2016-03-31": "1.10600", "2015-12-31": 0.678, "2015-09-30": 0.097, "2015-06-30": 0.104, "2015-03-31": "0.02400", "2014-12-31": 0.071, "2014-09-30": 0.83, "2014-06-30": 0.209, "2014-03-31": "0.16300", "2013-12-31": 1.667, "2013-09-30": 0.311, "2013-06-30": 6.204, "2013-03-31": "0.20700", "2012-12-31": 0.099, "2012-09-30": 1.121, "2012-06-30": 0.16, "2012-03-31": "0.17500", "2011-12-31": 0.503, "2011-09-30": 0.311, "2011-06-30": 2.976, "2011-03-31": "0.15300", "2010-12-31": 0.895, "2010-09-30": 0.128, "2010-06-30": 0.401, "2010-03-31": "0.14700", "2009-12-31": 0.015, "2009-09-30": 0.421, "2009-06-30": 2.335, "2009-03-31": "0.12100", "2008-12-31": 0.644, "2008-09-30": 0.17, "2008-06-30": 0.668, "2008-03-31": "0.25000", "2007-12-31": 1.062, "2007-09-30": 0.309, "2007-06-30": 2.527, "2007-03-31": "0.01900", "2006-12-31": 0.231, "2006-09-30": 0.837, "2006-06-30": 0.38, "2006-03-31": "0.00900", "2005-12-31": 0.153, "2005-09-30": 2.813, "2005-06-30": 0.124, "2005-03-31": "0.06400"}, "Cash Flow From Investing Activities": {"2020-12-31": -58.161, "2020-09-30": -58.484, "2020-06-30": -942.114, "2020-03-31": "-104.44100", "2019-12-31": -63.751, "2019-09-30": -50.734, "2019-06-30": -53.879, "2019-03-31": "-61.72600", "2018-12-31": -55.522, "2018-09-30": -43.608, "2018-06-30": -42.396, "2018-03-31": "-48.39600", "2017-12-31": -45.324, "2017-09-30": -49.451, "2017-06-30": -1064.395, "2017-03-31": "-38.50700", "2016-12-31": -37.742, "2016-09-30": -39.704, "2016-06-30": -42.024, "2016-03-31": "-60.86800", "2015-12-31": -85.205, "2015-09-30": -53.139, "2015-06-30": -49.963, "2015-03-31": "-48.78200", "2014-12-31": -46.068, "2014-09-30": -51.17, "2014-06-30": -32.797, "2014-03-31": "-26.83500", "2013-12-31": -297.186, "2013-09-30": -26.591, "2013-06-30": -21.793, "2013-03-31": "-30.84400", "2012-12-31": -35.947, "2012-09-30": -290.741, "2012-06-30": -32.956, "2012-03-31": "-77.13200", "2011-12-31": -50.625, "2011-09-30": -63.784, "2011-06-30": -47.731, "2011-03-31": "-297.67700", "2010-12-31": -76.429, "2010-09-30": -27.785, "2010-06-30": -23.617, "2010-03-31": "-23.93900", "2009-12-31": -27.464, "2009-09-30": -22.908, "2009-06-30": -22.525, "2009-03-31": "-23.79500", "2008-12-31": -34.603, "2008-09-30": -32.099, "2008-06-30": -34.902, "2008-03-31": "-34.10800", "2007-12-31": -41.272, "2007-09-30": -36.883, "2007-06-30": -35.35, "2007-03-31": "-45.37000", "2006-12-31": -90.688, "2006-09-30": -31.574, "2006-06-30": -289.527, "2006-03-31": "-26.65700", "2005-12-31": -25.258, "2005-09-30": -16.709, "2005-06-30": -21.071, "2005-03-31": "-22.94000"}, "Net Long-Term Debt": {"2020-12-31": -1118.358, "2020-09-30": -111.48, "2020-06-30": 428.2029, "2020-03-31": "801.63510", "2019-12-31": -424.001, "2019-09-30": -41.421, "2019-06-30": 7.744, "2019-03-31": "400.08600", "2018-12-31": -604.7981, "2018-09-30": -60.7, "2018-06-30": 71.526, "2018-03-31": "360.13600", "2017-12-31": -571.9009, "2017-09-30": -16.785, "2017-06-30": 863.868, "2017-03-31": "614.30200", "2016-12-31": -235.56, "2016-09-30": -120.433, "2016-06-30": 118.172, "2016-03-31": "292.78500", "2015-12-31": -394.2549, "2015-09-30": -47.664, "2015-06-30": 57.153, "2015-03-31": "357.24800", "2014-12-31": -347.8049, "2014-09-30": -16.7421, "2014-06-30": 160.4781, "2014-03-31": "158.32100", "2013-12-31": -104.0279, "2013-09-30": -94.822, "2013-06-30": 89.9, "2013-03-31": "128.02600", "2012-12-31": -330.7061, "2012-09-30": 175.108, "2012-06-30": -128.013, "2012-03-31": "520.62800", "2011-12-31": -28.025, "2011-09-30": -22.6201, "2011-06-30": 38.841, "2011-03-31": "429.24000", "2010-12-31": -201.2329, "2010-09-30": 239.7329, "2010-06-30": 1.862, "2010-03-31": "73.96000", "2009-12-31": -124.763, "2009-09-30": -72.402, "2009-06-30": -52.479, "2009-03-31": "155.33600", "2008-12-31": -404.638, "2008-09-30": 123.071, "2008-06-30": -12.287, "2008-03-31": "213.62200", "2007-12-31": -194.8409, "2007-09-30": -52.017, "2007-06-30": 60.191, "2007-03-31": "173.80000", "2006-12-31": -208.5059, "2006-09-30": -33.774, "2006-06-30": 317.423, "2006-03-31": "156.50000", "2005-12-31": -270.322, "2005-09-30": -133.9, "2005-06-30": 111.932, "2005-03-31": "151.00000"}, "Net Current Debt": {"2020-12-31": 84.206, "2020-09-30": 0, "2020-06-30": 0, "2020-03-31": "-79.00600", "2019-12-31": 79.006, "2019-09-30": 0, "2019-06-30": 0, "2019-03-31": "-83.67000", "2018-12-31": 83.67, "2018-09-30": 0, "2018-06-30": 0, "2018-03-31": "-87.79500", "2017-12-31": 87.795, "2017-09-30": -0.003, "2017-06-30": 0.005, "2017-03-31": "-78.94600", "2016-12-31": 78.946, "2016-09-30": 0, "2016-06-30": 0, "2016-03-31": "-101.76500", "2015-12-31": 101.762, "2015-09-30": 0, "2015-06-30": 0.004, "2015-03-31": "-82.80500", "2014-12-31": 82.806, "2014-09-30": 0, "2014-06-30": -0.054, "2014-03-31": "-86.48400", "2013-12-31": 86.551, "2013-09-30": 0, "2013-06-30": 0, "2013-03-31": "-73.45400", "2012-12-31": 61.386, "2012-09-30": 0.426, "2012-06-30": -3.411, "2012-03-31": "-63.19300", "2011-12-31": 59.198, "2011-09-30": 6.629, "2011-06-30": 1.567, "2011-03-31": "-101.12400", "2010-12-31": 97.002, "2010-09-30": 2.749, "2010-06-30": 0.397, "2010-03-31": "-92.92800", "2009-12-31": 92.722, "2009-09-30": -1.794, "2009-06-30": 1.274, "2009-03-31": "-51.27000", "2008-12-31": 49.772, "2008-09-30": -3.494, "2008-06-30": -2.274, "2008-03-31": "-85.78900", "2007-12-31": 88.698, "2007-09-30": 0.204, "2007-06-30": -1.522, "2007-03-31": "-94.55600", "2006-12-31": 94.234, "2006-09-30": -1.145, "2006-06-30": -4.094, "2006-03-31": "-92.89500", "2005-12-31": 99.118, "2005-09-30": -0.363, "2005-06-30": -7.295, "2005-03-31": "-72.52200"}, "Debt Issuance/Retirement Net - Total": {"2020-12-31": -1034.152, "2020-09-30": -111.48, "2020-06-30": 428.2029, "2020-03-31": "722.62910", "2019-12-31": -344.995, "2019-09-30": -41.421, "2019-06-30": 7.744, "2019-03-31": "316.41600", "2018-12-31": -521.1281, "2018-09-30": -60.7, "2018-06-30": 71.526, "2018-03-31": "272.34100", "2017-12-31": -484.1059, "2017-09-30": -16.788, "2017-06-30": 863.873, "2017-03-31": "535.35600", "2016-12-31": -156.614, "2016-09-30": -120.433, "2016-06-30": 118.172, "2016-03-31": "191.02000", "2015-12-31": -292.4929, "2015-09-30": -47.664, "2015-06-30": 57.157, "2015-03-31": "274.44300", "2014-12-31": -264.9989, "2014-09-30": -16.7421, "2014-06-30": 160.4241, "2014-03-31": "71.83700", "2013-12-31": -17.4769, "2013-09-30": -94.822, "2013-06-30": 89.9, "2013-03-31": "54.57200", "2012-12-31": -269.3201, "2012-09-30": 175.534, "2012-06-30": -131.424, "2012-03-31": "457.43500", "2011-12-31": 31.1729, "2011-09-30": -15.991, "2011-06-30": 40.408, "2011-03-31": "328.11600", "2010-12-31": -104.2309, "2010-09-30": 242.4819, "2010-06-30": 2.259, "2010-03-31": "-18.96800", "2009-12-31": -32.041, "2009-09-30": -74.196, "2009-06-30": -51.205, "2009-03-31": "104.06600", "2008-12-31": -354.866, "2008-09-30": 119.577, "2008-06-30": -14.561, "2008-03-31": "127.83300", "2007-12-31": -106.143, "2007-09-30": -51.813, "2007-06-30": 58.669, "2007-03-31": "79.24400", "2006-12-31": -114.2721, "2006-09-30": -34.9189, "2006-06-30": 313.329, "2006-03-31": "63.60500", "2005-12-31": -171.2041, "2005-09-30": -134.263, "2005-06-30": 104.637, "2005-03-31": "78.47800"}, "Net Common Equity Issued/Repurchased": {"2020-12-31": -22.745, "2020-09-30": 0, "2020-06-30": -0.491, "2020-03-31": "-12.66400", "2019-12-31": -0.24, "2019-09-30": -12.112, "2019-06-30": -0.206, "2019-03-31": "-15.04600", "2018-12-31": -4.771, "2018-09-30": 0, "2018-06-30": -0.311, "2018-03-31": "-2.74600", "2017-12-31": 0, "2017-09-30": -0.892, "2017-06-30": 0, "2017-03-31": "-3.23100", "2016-12-31": -271.102, "2016-09-30": -7.42, "2016-06-30": -0.01, "2016-03-31": "-2.20400", "2015-12-31": 0, "2015-09-30": -0.354, "2015-06-30": -7.502, "2015-03-31": "-165.16800", "2014-12-31": -0.001, "2014-09-30": -23.12, "2014-06-30": -7.622, "2014-03-31": "-5.38000", "2013-12-31": 0, "2013-09-30": -2.667, "2013-06-30": -14.349, "2013-03-31": "-253.15100", "2012-12-31": -0.245, "2012-09-30": -11.957, "2012-06-30": -17.031, "2012-03-31": "-6.55200", "2011-12-31": 0.69, "2011-09-30": -15.384, "2011-06-30": 0.394, "2011-03-31": "-4.81900", "2010-12-31": -246.274, "2010-09-30": 0.695, "2010-06-30": 0.098, "2010-03-31": "-1.14300", "2009-12-31": 0.873, "2009-09-30": 0.496, "2009-06-30": 0.162, "2009-03-31": "0.28600", "2008-12-31": 0.615, "2008-09-30": 0.654, "2008-06-30": 0.772, "2008-03-31": "0.03200", "2007-12-31": 0.026, "2007-09-30": 0.42, "2007-06-30": 0.346, "2007-03-31": "0.19900", "2006-12-31": 1.603, "2006-09-30": -0.121, "2006-06-30": 1.533, "2006-03-31": "", "2005-12-31": 0.516, "2005-09-30": 0.63, "2005-06-30": 1.187, "2005-03-31": "1.48800"}, "Net Total Equity Issued/Repurchased": {"2020-12-31": -22.745, "2020-09-30": 0, "2020-06-30": -0.491, "2020-03-31": "-12.66400", "2019-12-31": -0.24, "2019-09-30": -12.112, "2019-06-30": -0.206, "2019-03-31": "-15.04600", "2018-12-31": -4.771, "2018-09-30": 0, "2018-06-30": -0.311, "2018-03-31": "-2.74600", "2017-12-31": 0, "2017-09-30": -0.892, "2017-06-30": 0, "2017-03-31": "-3.23100", "2016-12-31": -271.102, "2016-09-30": -7.42, "2016-06-30": -0.01, "2016-03-31": "-2.20400", "2015-12-31": 0, "2015-09-30": -0.354, "2015-06-30": -7.502, "2015-03-31": "-165.16800", "2014-12-31": -0.001, "2014-09-30": -23.12, "2014-06-30": -7.622, "2014-03-31": "-5.38000", "2013-12-31": 0, "2013-09-30": -2.667, "2013-06-30": -14.349, "2013-03-31": "-253.15100", "2012-12-31": -0.245, "2012-09-30": -11.957, "2012-06-30": -17.031, "2012-03-31": "-6.55200", "2011-12-31": 0.69, "2011-09-30": -15.384, "2011-06-30": 0.394, "2011-03-31": "-4.81900", "2010-12-31": -246.274, "2010-09-30": 0.695, "2010-06-30": 0.098, "2010-03-31": "-1.14300", "2009-12-31": 0.873, "2009-09-30": 0.496, "2009-06-30": 0.162, "2009-03-31": "0.28600", "2008-12-31": 0.615, "2008-09-30": 0.654, "2008-06-30": 0.772, "2008-03-31": "0.03200", "2007-12-31": 0.026, "2007-09-30": 0.42, "2007-06-30": 0.346, "2007-03-31": "0.19900", "2006-12-31": 1.603, "2006-09-30": -0.121, "2006-06-30": 1.533, "2006-03-31": "", "2005-12-31": 0.516, "2005-09-30": 0.63, "2005-06-30": 1.187, "2005-03-31": "1.48800"}, "Total Common And Preferred Stock Dividends Paid": {"2020-12-31": -13.168, "2020-09-30": -13.311, "2020-06-30": -13.35, "2020-03-31": "-13.77100", "2019-12-31": -12.225, "2019-09-30": -12.2, "2019-06-30": -12.254, "2019-03-31": "-14.16100", "2018-12-31": -10.706, "2018-09-30": -11.426, "2018-06-30": -11.084, "2018-03-31": "-11.33300", "2017-12-31": -10.12, "2017-09-30": -10.12, "2017-06-30": -10.138, "2017-03-31": "-10.11500", "2016-12-31": -9.533, "2016-09-30": -10.431, "2016-06-30": -10.457, "2016-03-31": "-10.45600", "2015-12-31": -9.822, "2015-09-30": -9.806, "2015-06-30": -9.821, "2015-03-31": "-10.29200", "2014-12-31": -9.617, "2014-09-30": -9.651, "2014-06-30": -9.667, "2014-03-31": "-9.68900", "2013-12-31": -9.029, "2013-09-30": -9.029, "2013-06-30": -9.064, "2013-03-31": "-9.08000", "2012-12-31": -8.419, "2012-09-30": -8.424, "2012-06-30": -8.46, "2012-03-31": "-8.48700", "2011-12-31": -7.748, "2011-09-30": -7.761, "2011-06-30": -7.802, "2011-03-31": "-7.79800", "2010-12-31": -7.444, "2010-09-30": -8.171, "2010-06-30": -8.172, "2010-03-31": "-8.17000", "2009-12-31": -7.349, "2009-09-30": -7.361, "2009-06-30": -7.324, "2009-03-31": "-7.31800", "2008-12-31": -6.511, "2008-09-30": -6.515, "2008-06-30": -6.495, "2008-03-31": "-6.48200", "2007-12-31": -6.082, "2007-09-30": -6.069, "2007-06-30": -6.072, "2007-03-31": "-6.06600", "2006-12-31": -4.534, "2006-09-30": -4.513, "2006-06-30": -4.523, "2006-03-31": "-4.47200", "2005-12-31": -3.727, "2005-09-30": -3.72, "2005-06-30": -3.713, "2005-03-31": "-3.69900"}, "Financial Activities - Other": {"2020-12-31": 854.465, "2020-09-30": 0, "2020-06-30": -2.721, "2020-03-31": "-7.54400", "2019-12-31": -4.825, "2019-09-30": 0, "2019-06-30": 0, "2019-03-31": "", "2018-12-31": -0.406, "2018-09-30": 0, "2018-06-30": -2.866, "2018-03-31": "", "2017-12-31": -0.321, "2017-09-30": 0, "2017-06-30": 0, "2017-03-31": "-16.64300", "2016-12-31": 0, "2016-09-30": 0, "2016-06-30": 0, "2016-03-31": "", "2015-12-31": 0, "2015-09-30": 0, "2015-06-30": 0, "2015-03-31": "", "2014-12-31": -3.403, "2014-09-30": 2.366, "2014-06-30": 0.133, "2014-03-31": "-4.11500", "2013-12-31": 0.016, "2013-09-30": -5.808, "2013-06-30": 0.021, "2013-03-31": "0.53100", "2012-12-31": -0.611, "2012-09-30": -0.036, "2012-06-30": -0.007, "2012-03-31": "-8.37500", "2011-12-31": -0.281, "2011-09-30": -12.787, "2011-06-30": 0.048, "2011-03-31": "1.65200", "2010-12-31": 1.574, "2010-09-30": -11.06, "2010-06-30": 0.094, "2010-03-31": "0.35800", "2009-12-31": 0.952, "2009-09-30": 0.777, "2009-06-30": -5.246, "2009-03-31": "1.09400", "2008-12-31": 0.581, "2008-09-30": 0.67, "2008-06-30": 1.499, "2008-03-31": "0.56800", "2007-12-31": 0.133, "2007-09-30": 0.718, "2007-06-30": 0.428, "2007-03-31": "0.43200", "2006-12-31": 1.797, "2006-09-30": -0.062, "2006-06-30": -1.36, "2006-03-31": "", "2005-12-31": -0.588, "2005-09-30": -0.671, "2005-06-30": -3.475, "2005-03-31": ""}, "Cash Flow From Financial Activities": {"2020-12-31": -215.6, "2020-09-30": -124.791, "2020-06-30": 411.641, "2020-03-31": "688.65000", "2019-12-31": -362.285, "2019-09-30": -65.733, "2019-06-30": -4.716, "2019-03-31": "287.20900", "2018-12-31": -537.011, "2018-09-30": -72.126, "2018-06-30": 57.265, "2018-03-31": "258.26200", "2017-12-31": -494.547, "2017-09-30": -27.8, "2017-06-30": 853.735, "2017-03-31": "505.36700", "2016-12-31": -437.249, "2016-09-30": -138.284, "2016-06-30": 107.705, "2016-03-31": "178.36000", "2015-12-31": -302.315, "2015-09-30": -57.824, "2015-06-30": 39.834, "2015-03-31": "98.98300", "2014-12-31": -278.02, "2014-09-30": -47.147, "2014-06-30": 143.268, "2014-03-31": "52.65300", "2013-12-31": -26.49, "2013-09-30": -112.326, "2013-06-30": 66.508, "2013-03-31": "-207.12800", "2012-12-31": -278.595, "2012-09-30": 155.117, "2012-06-30": -156.922, "2012-03-31": "434.02100", "2011-12-31": 23.834, "2011-09-30": -51.923, "2011-06-30": 33.048, "2011-03-31": "317.15100", "2010-12-31": -356.375, "2010-09-30": 223.946, "2010-06-30": -5.721, "2010-03-31": "-27.92300", "2009-12-31": -37.565, "2009-09-30": -80.284, "2009-06-30": -63.613, "2009-03-31": "98.12800", "2008-12-31": -360.181, "2008-09-30": 114.386, "2008-06-30": -18.785, "2008-03-31": "121.95100", "2007-12-31": -112.066, "2007-09-30": -56.744, "2007-06-30": 53.371, "2007-03-31": "73.80900", "2006-12-31": -115.406, "2006-09-30": -39.615, "2006-06-30": 308.979, "2006-03-31": "59.13300", "2005-12-31": -175.003, "2005-09-30": -138.024, "2005-06-30": 98.636, "2005-03-31": "76.26700"}, "Net Cash Flow": {"2020-12-31": 215.765, "2020-09-30": 2.677, "2020-06-30": -423.764, "2020-03-31": "411.02200", "2019-12-31": 86.435, "2019-09-30": 6.048, "2019-06-30": -30.059, "2019-03-31": "68.58100", "2018-12-31": -98.55, "2018-09-30": -9.851, "2018-06-30": 6.68, "2018-03-31": "121.00700", "2017-12-31": -145.653, "2017-09-30": 57.103, "2017-06-30": -208.538, "2017-03-31": "325.93100", "2016-12-31": -68.871, "2016-09-30": -26.906, "2016-06-30": 53.853, "2016-03-31": "-33.33100", "2015-12-31": -4.258, "2015-09-30": -22.473, "2015-06-30": -2.402, "2015-03-31": "-93.51300", "2014-12-31": 76.702, "2014-09-30": 11.961, "2014-06-30": 50.706, "2014-03-31": "-77.24100", "2013-12-31": 25.99, "2013-09-30": 21.278, "2013-06-30": -45.442, "2013-03-31": "-306.97100", "2012-12-31": 43.083, "2012-09-30": 53.643, "2012-06-30": -279.597, "2012-03-31": "251.37800", "2011-12-31": 256.636, "2011-09-30": 12.919, "2011-06-30": -8.236, "2011-03-31": "-39.44400", "2010-12-31": -217.906, "2010-09-30": 341.053, "2010-06-30": -47.077, "2010-03-31": "-206.59800", "2009-12-31": 239.027, "2009-09-30": -12.911, "2009-06-30": -121.372, "2009-03-31": "38.00400", "2008-12-31": -127.371, "2008-09-30": 204.298, "2008-06-30": -83.065, "2008-03-31": "73.20300", "2007-12-31": 69.149, "2007-09-30": 1.52, "2007-06-30": 2.39, "2007-03-31": "6.14500", "2006-12-31": -11.03, "2006-09-30": 3.867, "2006-06-30": 15.492, "2006-03-31": "-12.05300", "2005-12-31": -43.387, "2005-09-30": -18.485, "2005-06-30": 47.643, "2005-03-31": "-0.72600"}, "Stock-Based Compensation": {"2020-12-31": 4.92, "2020-09-30": 4.824, "2020-06-30": 4.573, "2020-03-31": "4.48300", "2019-12-31": 4.409, "2019-09-30": 4.425, "2019-06-30": 4.335, "2019-03-31": "3.90900", "2018-12-31": 3.761, "2018-09-30": 3.742, "2018-06-30": 3.72, "2018-03-31": "3.70000", "2017-12-31": 3.587, "2017-09-30": 3.85, "2017-06-30": 3.923, "2017-03-31": "3.27900", "2016-12-31": 3.294, "2016-09-30": 3.296, "2016-06-30": 3.369, "2016-03-31": "3.05900", "2015-12-31": 2.979, "2015-09-30": 3.029, "2015-06-30": 2.808, "2015-03-31": "3.26100", "2014-12-31": 12.425, "2014-09-30": 0, "2014-06-30": 0, "2014-03-31": "", "2013-12-31": 10.005, "2013-09-30": 0, "2013-06-30": 0, "2013-03-31": "", "2012-12-31": 0, "2012-09-30": 0, "2012-06-30": 0, "2012-03-31": "", "2011-12-31": 0, "2011-09-30": 0, "2011-06-30": 0, "2011-03-31": "", "2010-12-31": 0, "2010-09-30": 0, "2010-06-30": 0, "2010-03-31": "", "2009-12-31": 0, "2009-09-30": 0, "2009-06-30": 0, "2009-03-31": "", "2008-12-31": 0, "2008-09-30": 0, "2008-06-30": 0, "2008-03-31": "", "2007-12-31": 0, "2007-09-30": 0, "2007-06-30": 0, "2007-03-31": "", "2006-12-31": 0, "2006-09-30": 0, "2006-06-30": 0, "2006-03-31": "", "2005-12-31": 0, "2005-09-30": 0, "2005-06-30": 0, "2005-03-31": ""}, "Common Stock Dividends Paid": {"2020-12-31": -13.168, "2020-09-30": -13.311, "2020-06-30": -13.35, "2020-03-31": "-13.77100", "2019-12-31": -12.225, "2019-09-30": -12.2, "2019-06-30": -12.254, "2019-03-31": "-14.16100", "2018-12-31": -10.706, "2018-09-30": -11.426, "2018-06-30": -11.084, "2018-03-31": "-11.33300", "2017-12-31": -10.12, "2017-09-30": -10.12, "2017-06-30": -10.138, "2017-03-31": "-10.11500", "2016-12-31": -9.533, "2016-09-30": -10.431, "2016-06-30": -10.457, "2016-03-31": "-10.45600", "2015-12-31": -9.822, "2015-09-30": -9.806, "2015-06-30": -9.821, "2015-03-31": "-10.29200", "2014-12-31": -9.617, "2014-09-30": -9.651, "2014-06-30": -9.667, "2014-03-31": "-9.68900", "2013-12-31": -9.029, "2013-09-30": -9.029, "2013-06-30": -9.064, "2013-03-31": "-9.08000", "2012-12-31": -8.419, "2012-09-30": -8.424, "2012-06-30": -8.46, "2012-03-31": "-8.48700", "2011-12-31": -7.748, "2011-09-30": -7.761, "2011-06-30": -7.802, "2011-03-31": "-7.79800", "2010-12-31": -7.444, "2010-09-30": -8.171, "2010-06-30": -8.172, "2010-03-31": "-8.17000", "2009-12-31": -7.349, "2009-09-30": -7.361, "2009-06-30": -7.324, "2009-03-31": "-7.31800", "2008-12-31": -6.511, "2008-09-30": -6.515, "2008-06-30": -6.495, "2008-03-31": "-6.48200", "2007-12-31": -6.082, "2007-09-30": -6.069, "2007-06-30": -6.072, "2007-03-31": "-6.06600", "2006-12-31": -4.534, "2006-09-30": -4.513, "2006-06-30": -4.523, "2006-03-31": "-4.47200", "2005-12-31": -3.727, "2005-09-30": -3.72, "2005-06-30": -3.713, "2005-03-31": "-3.69900"}}, "financial ratios": {"Current Ratio": {"2019-12-31": "1.38120", "2018-12-31": "1.19560", "2017-12-31": "1.34820", "2016-12-31": "1.11640", "2015-12-31": "1.33800", "2014-12-31": "1.70870", "2013-12-31": "1.74520", "2012-12-31": "1.96210", "2011-12-31": "2.23970", "2010-12-31": "2.09250", "2009-12-31": "2.15450", "2008-12-31": "1.46840", "2007-12-31": "1.57080", "2006-12-31": "1.65780", "2005-12-31": "1.62580"}, "Long-term Debt / Capital": {"2019-12-31": "0.68400", "2018-12-31": "0.70780", "2017-12-31": "0.76090", "2016-12-31": "0.74120", "2015-12-31": "0.68050", "2014-12-31": "0.67270", "2013-12-31": "0.68570", "2012-12-31": "0.65260", "2011-12-31": "0.66200", "2010-12-31": "0.61670", "2009-12-31": "0.53000", "2008-12-31": "0.58030", "2007-12-31": "0.63750", "2006-12-31": "0.71710", "2005-12-31": "0.71900"}, "Debt/Equity Ratio": {"2019-12-31": "2.19330", "2018-12-31": "2.61510", "2017-12-31": "3.32520", "2016-12-31": "3.32670", "2015-12-31": "2.36790", "2014-12-31": "2.23120", "2013-12-31": "2.38690", "2012-12-31": "2.21760", "2011-12-31": "2.09160", "2010-12-31": "1.63420", "2009-12-31": "1.16570", "2008-12-31": "1.68550", "2007-12-31": "1.98470", "2006-12-31": "2.60720", "2005-12-31": "2.56220"}, "Gross Margin": {"2019-12-31": "15.89660", "2018-12-31": "15.50420", "2017-12-31": "15.51520", "2016-12-31": "14.16720", "2015-12-31": "14.72180", "2014-12-31": "15.33390", "2013-12-31": "14.75640", "2012-12-31": "14.42340", "2011-12-31": "14.77790", "2010-12-31": "15.38080", "2009-12-31": "15.03640", "2008-12-31": "13.66720", "2007-12-31": "14.37850", "2006-12-31": "13.58460", "2005-12-31": "12.98080"}, "Operating Margin": {"2019-12-31": "8.00650", "2018-12-31": "9.26300", "2017-12-31": "8.72870", "2016-12-31": "8.29610", "2015-12-31": "8.49670", "2014-12-31": "9.22480", "2013-12-31": "8.74150", "2012-12-31": "9.07140", "2011-12-31": "10.09110", "2010-12-31": "9.22400", "2009-12-31": "9.73660", "2008-12-31": "8.12990", "2007-12-31": "9.09440", "2006-12-31": "8.04660", "2005-12-31": "8.37510"}, "EBIT Margin": {"2019-12-31": "8.00650", "2018-12-31": "9.26300", "2017-12-31": "8.72870", "2016-12-31": "8.29610", "2015-12-31": "8.49670", "2014-12-31": "9.22480", "2013-12-31": "8.74150", "2012-12-31": "9.07140", "2011-12-31": "10.09110", "2010-12-31": "9.22400", "2009-12-31": "9.73660", "2008-12-31": "8.12990", "2007-12-31": "9.09440", "2006-12-31": "8.04660", "2005-12-31": "8.37510"}, "EBITDA Margin": {"2019-12-31": "12.68240", "2018-12-31": "13.65760", "2017-12-31": "13.08880", "2016-12-31": "12.37030", "2015-12-31": "12.38480", "2014-12-31": "13.11790", "2013-12-31": "13.38490", "2012-12-31": "13.80650", "2011-12-31": "14.72570", "2010-12-31": "13.97190", "2009-12-31": "14.54000", "2008-12-31": "12.78630", "2007-12-31": "13.86110", "2006-12-31": "12.83160", "2005-12-31": "13.32160"}, "Pre-Tax Profit Margin": {"2019-12-31": "5.61560", "2018-12-31": "6.59270", "2017-12-31": "5.86040", "2016-12-31": "6.41910", "2015-12-31": "6.71860", "2014-12-31": "7.27420", "2013-12-31": "6.86850", "2012-12-31": "6.23650", "2011-12-31": "8.26870", "2010-12-31": "7.21720", "2009-12-31": "8.07360", "2008-12-31": "6.20230", "2007-12-31": "6.83630", "2006-12-31": "5.81990", "2005-12-31": "5.94610"}, "Net Profit Margin": {"2019-12-31": "4.31660", "2018-12-31": "5.03480", "2017-12-31": "6.59340", "2016-12-31": "4.24450", "2015-12-31": "4.58060", "2014-12-31": "4.66260", "2013-12-31": "4.99970", "2012-12-31": "4.21770", "2011-12-31": "5.50470", "2010-12-31": "4.70920", "2009-12-31": "5.19800", "2008-12-31": "4.00490", "2007-12-31": "4.33740", "2006-12-31": "3.89940", "2005-12-31": "3.50820"}, "Asset Turnover": {"2019-12-31": "0.91050", "2018-12-31": "0.97150", "2017-12-31": "0.88040", "2016-12-31": "1.14720", "2015-12-31": "1.17890", "2014-12-31": "1.19480", "2013-12-31": "1.11670", "2012-12-31": "1.08950", "2011-12-31": "1.17800", "2010-12-31": "1.41150", "2009-12-31": "1.38490", "2008-12-31": "1.44200", "2007-12-31": "1.36590", "2006-12-31": "1.32820", "2005-12-31": "1.63040"}, "Inventory Turnover Ratio": {"2019-12-31": "5.96550", "2018-12-31": "5.92170", "2017-12-31": "4.79050", "2016-12-31": "5.14300", "2015-12-31": "5.11010", "2014-12-31": "6.03530", "2013-12-31": "6.13160", "2012-12-31": "5.95190", "2011-12-31": "5.39680", "2010-12-31": "5.92680", "2009-12-31": "6.72920", "2008-12-31": "7.13350", "2007-12-31": "5.85010", "2006-12-31": "5.40360", "2005-12-31": "6.82680"}, "Receiveable Turnover": {"2019-12-31": "8.89120", "2018-12-31": "8.70060", "2017-12-31": "8.99590", "2016-12-31": "12.53630", "2015-12-31": "13.39300", "2014-12-31": "12.58900", "2013-12-31": "11.13530", "2012-12-31": "10.98380", "2011-12-31": "10.32400", "2010-12-31": "14.32340", "2009-12-31": "15.60110", "2008-12-31": "11.69440", "2007-12-31": "13.30000", "2006-12-31": "11.47670", "2005-12-31": "16.12800"}, "Days Sales In Receivables": {"2019-12-31": "41.05190", "2018-12-31": "41.95130", "2017-12-31": "40.57420", "2016-12-31": "29.11550", "2015-12-31": "27.25310", "2014-12-31": "28.99370", "2013-12-31": "32.77860", "2012-12-31": "33.23070", "2011-12-31": "35.35450", "2010-12-31": "25.48280", "2009-12-31": "23.39580", "2008-12-31": "31.21160", "2007-12-31": "27.44370", "2006-12-31": "31.80360", "2005-12-31": "22.63140"}, "ROE - Return On Equity": {"2019-12-31": "18.93970", "2018-12-31": "25.41730", "2017-12-31": "35.20060", "2016-12-31": "32.66850", "2015-12-31": "26.97390", "2014-12-31": "25.69050", "2013-12-31": "25.97390", "2012-12-31": "20.08190", "2011-12-31": "29.35790", "2010-12-31": "26.12830", "2009-12-31": "23.24550", "2008-12-31": "23.80700", "2007-12-31": "25.35240", "2006-12-31": "28.37780", "2005-12-31": "32.02850"}, "Return On Tangible Equity": {"2019-12-31": "-40.93080", "2018-12-31": "-34.43490", "2017-12-31": "-32.78620", "2016-12-31": "-48.51630", "2015-12-31": "-102.20390", "2014-12-31": "-138.09550", "2013-12-31": "-111.44480", "2012-12-31": "213.49390", "2011-12-31": "112.55210", "2010-12-31": "92.25930", "2009-12-31": "48.91120", "2008-12-31": "74.63850", "2007-12-31": "100.72940", "2006-12-31": "726.67190", "2005-12-31": "155.10410"}, "ROA - Return On Assets": {"2019-12-31": "3.93050", "2018-12-31": "4.89150", "2017-12-31": "5.80480", "2016-12-31": "4.86920", "2015-12-31": "5.40030", "2014-12-31": "5.57070", "2013-12-31": "5.58290", "2012-12-31": "4.59520", "2011-12-31": "6.48430", "2010-12-31": "6.64730", "2009-12-31": "7.19890", "2008-12-31": "5.77510", "2007-12-31": "5.92440", "2006-12-31": "5.17910", "2005-12-31": "5.71990"}, "ROI - Return On Investment": {"2019-12-31": "5.98570", "2018-12-31": "7.42770", "2017-12-31": "8.41480", "2016-12-31": "8.45440", "2015-12-31": "8.61920", "2014-12-31": "8.40940", "2013-12-31": "8.16260", "2012-12-31": "6.97570", "2011-12-31": "9.92420", "2010-12-31": "10.01480", "2009-12-31": "10.92510", "2008-12-31": "9.99090", "2007-12-31": "9.18940", "2006-12-31": "8.02740", "2005-12-31": "8.99900"}, "Book Value Per Share": {"2019-12-31": "9.23740", "2018-12-31": "7.98030", "2017-12-31": "6.93990", "2016-12-31": "8.52690", "2015-12-31": "5.29190", "2014-12-31": "5.61650", "2013-12-31": "5.62830", "2012-12-31": "5.44510", "2011-12-31": "4.70780", "2010-12-31": "3.96130", "2009-12-31": "8.95620", "2008-12-31": "3.45170", "2007-12-31": "3.31270", "2006-12-31": "2.43790", "2005-12-31": "1.83380"}, "Operating Cash Flow Per Share": {"2019-12-31": 0.0125, "2018-12-31": 1.0374, "2017-12-31": 0.2257, "2016-12-31": 0.5359, "2015-12-31": 0.0069, "2014-12-31": 0.0195, "2013-12-31": 0.1961, "2012-12-31": -0.0386, "2011-12-31": 1.3303, "2010-12-31": -0.8725, "2009-12-31": -0.1587, "2008-12-31": 0.4232, "2007-12-31": 0.3708, "2006-12-31": 0.0702, "2005-12-31": 1.3912}, "Free Cash Flow Per Share": {"2019-12-31": -0.3479, "2018-12-31": 0.8931, "2017-12-31": 0.2518, "2016-12-31": 0.8788, "2015-12-31": -0.827, "2014-12-31": -0.2845, "2013-12-31": 0.2517, "2012-12-31": 0.3374, "2011-12-31": 0.79, "2010-12-31": -0.9144, "2009-12-31": -0.0031, "2008-12-31": 0.6356, "2007-12-31": 0.1582, "2006-12-31": -0.1392, "2005-12-31": 0.7983}}, "financial ratios, quarterly": {"Current Ratio": {"2020-09-30": "1.46670", "2020-06-30": "1.34080", "2020-03-31": "1.20590", "2019-12-31": "1.38120", "2019-09-30": "1.00960", "2019-06-30": "0.97820", "2019-03-31": "1.15100", "2018-12-31": "1.19560", "2018-09-30": "1.17310", "2018-06-30": "1.11140", "2018-03-31": "1.07490", "2017-12-31": "1.34820", "2017-09-30": "1.26450", "2017-06-30": "1.22680", "2017-03-31": "1.32070", "2016-12-31": "1.11640", "2016-09-30": "1.34350", "2016-06-30": "1.26810", "2016-03-31": "1.29150", "2015-12-31": "1.33800", "2015-09-30": "1.37140", "2015-06-30": "1.31060", "2015-03-31": "1.33330", "2014-12-31": "1.70870", "2014-09-30": "1.58110", "2014-06-30": "1.54140", "2014-03-31": "1.62750", "2013-12-31": "1.74520", "2013-09-30": "2.15780", "2013-06-30": "1.32890", "2013-03-31": "1.33160", "2012-12-31": "1.96210", "2012-09-30": "1.96640", "2012-06-30": "2.52380", "2012-03-31": "2.41630", "2011-12-31": "2.23970", "2011-09-30": "2.16370", "2011-06-30": "2.07110", "2011-03-31": "1.30880", "2010-12-31": "2.09250", "2010-09-30": "2.14330", "2010-06-30": "2.22030", "2010-03-31": "2.12480", "2009-12-31": "2.15450", "2009-09-30": "2.24750", "2009-06-30": "1.95970", "2009-03-31": "1.43850", "2008-12-31": "1.46840", "2008-09-30": "1.44620", "2008-06-30": "1.47500", "2008-03-31": "1.43350", "2007-12-31": "1.57080", "2007-09-30": "1.66120", "2007-06-30": "1.53740", "2007-03-31": "1.55980", "2006-12-31": "1.65780", "2006-09-30": "1.59360", "2006-06-30": "1.56300", "2006-03-31": "1.50700", "2005-12-31": "1.62580", "2005-09-30": "1.42380", "2005-06-30": "1.29880", "2005-03-31": "1.51500"}, "Long-term Debt / Capital": {"2020-09-30": "0.72190", "2020-06-30": "0.74030", "2020-03-31": "0.68060", "2019-12-31": "0.68400", "2019-09-30": "0.65140", "2019-06-30": "0.66240", "2019-03-31": "0.70130", "2018-12-31": "0.70780", "2018-09-30": "0.70570", "2018-06-30": "0.72180", "2018-03-31": "0.72500", "2017-12-31": "0.76090", "2017-09-30": "0.79830", "2017-06-30": "0.81830", "2017-03-31": "0.76450", "2016-12-31": "0.74120", "2016-09-30": "0.64480", "2016-06-30": "0.66450", "2016-03-31": "0.67200", "2015-12-31": "0.68050", "2015-09-30": "0.69440", "2015-06-30": "0.71150", "2015-03-31": "0.72380", "2014-12-31": "0.67270", "2014-09-30": "0.66090", "2014-06-30": "0.67230", "2014-03-31": "0.68240", "2013-12-31": "0.68570", "2013-09-30": "0.71440", "2013-06-30": "0.69670", "2013-03-31": "0.71110", "2012-12-31": "0.65260", "2012-09-30": "0.68020", "2012-06-30": "0.70080", "2012-03-31": "0.69490", "2011-12-31": "0.66200", "2011-09-30": "0.66290", "2011-06-30": "0.67900", "2011-03-31": "0.61090", "2010-12-31": "0.61670", "2010-09-30": "0.52870", "2010-06-30": "0.51370", "2010-03-31": "0.52150", "2009-12-31": "0.53000", "2009-09-30": "0.56920", "2009-06-30": "0.59740", "2009-03-31": "0.56940", "2008-12-31": "0.58030", "2008-09-30": "0.59390", "2008-06-30": "0.61660", "2008-03-31": "0.63400", "2007-12-31": "0.63750", "2007-09-30": "0.67270", "2007-06-30": "0.68990", "2007-03-31": "0.70380", "2006-12-31": "0.71710", "2006-09-30": "0.73600", "2006-06-30": "0.76120", "2006-03-31": "0.71000", "2005-12-31": "0.71900", "2005-09-30": "0.72800", "2005-06-30": "0.76300", "2005-03-31": "0.78730"}, "Debt/Equity Ratio": {"2020-09-30": "2.82870", "2020-06-30": "3.20990", "2020-03-31": "2.96820", "2019-12-31": "2.19330", "2019-09-30": "2.73750", "2019-06-30": "2.91540", "2019-03-31": "2.99000", "2018-12-31": "2.61510", "2018-09-30": "3.20170", "2018-06-30": "3.53540", "2018-03-31": "3.55650", "2017-12-31": "3.32520", "2017-09-30": "4.98500", "2017-06-30": "5.69750", "2017-03-31": "4.42970", "2016-12-31": "3.32670", "2016-09-30": "2.41920", "2016-06-30": "2.80690", "2016-03-31": "2.72150", "2015-12-31": "2.36790", "2015-09-30": "3.03680", "2015-06-30": "3.37980", "2015-03-31": "3.49340", "2014-12-31": "2.23120", "2014-09-30": "2.51760", "2014-06-30": "2.66280", "2014-03-31": "2.56490", "2013-12-31": "2.38690", "2013-09-30": "2.85970", "2013-06-30": "3.42810", "2013-03-31": "3.49120", "2012-12-31": "2.21760", "2012-09-30": "2.70220", "2012-06-30": "2.70130", "2012-03-31": "2.75420", "2011-12-31": "2.09160", "2011-09-30": "2.14370", "2011-06-30": "2.34610", "2011-03-31": "2.45500", "2010-12-31": "1.63420", "2010-09-30": "1.39000", "2010-06-30": "1.17900", "2010-03-31": "1.23050", "2009-12-31": "1.16570", "2009-09-30": "1.40750", "2009-06-30": "1.70520", "2009-03-31": "1.89840", "2008-12-31": "1.68550", "2008-09-30": "2.19890", "2008-06-30": "2.18060", "2008-03-31": "2.37180", "2007-12-31": "1.98470", "2007-09-30": "2.50480", "2007-06-30": "2.84300", "2007-03-31": "2.88780", "2006-12-31": "2.60720", "2006-09-30": "3.37790", "2006-06-30": "3.91280", "2006-03-31": "2.99880", "2005-12-31": "2.56220", "2005-09-30": "3.45630", "2005-06-30": "4.73160", "2005-03-31": "4.48210"}, "Gross Margin": {"2020-09-30": "17.35650", "2020-06-30": "19.04810", "2020-03-31": "17.96400", "2019-12-31": "14.94040", "2019-09-30": "15.71240", "2019-06-30": "16.78730", "2019-03-31": "16.16120", "2018-12-31": "14.23380", "2018-09-30": "15.61650", "2018-06-30": "16.35820", "2018-03-31": "15.80930", "2017-12-31": "15.28900", "2017-09-30": "16.23140", "2017-06-30": "15.53060", "2017-03-31": "14.64850", "2016-12-31": "10.96000", "2016-09-30": "15.96460", "2016-06-30": "14.60110", "2016-03-31": "14.36500", "2015-12-31": "13.63600", "2015-09-30": "15.38030", "2015-06-30": "14.61960", "2015-03-31": "14.96900", "2014-12-31": "13.45930", "2014-09-30": "16.73780", "2014-06-30": "15.66570", "2014-03-31": "14.95680", "2013-12-31": "13.87380", "2013-09-30": "16.08200", "2013-06-30": "14.56320", "2013-03-31": "13.98360", "2012-12-31": "12.74030", "2012-09-30": "15.68790", "2012-06-30": "14.03690", "2012-03-31": "14.84270", "2011-12-31": "13.97060", "2011-09-30": "15.93670", "2011-06-30": "14.21670", "2011-03-31": "14.50210", "2010-12-31": "13.78920", "2010-09-30": "16.20720", "2010-06-30": "15.65120", "2010-03-31": "15.55700", "2009-12-31": "13.06930", "2009-09-30": "16.43430", "2009-06-30": "15.48700", "2009-03-31": "14.51090", "2008-12-31": "11.75100", "2008-09-30": "14.65470", "2008-06-30": "14.69190", "2008-03-31": "13.24830", "2007-12-31": "13.25990", "2007-09-30": "14.40050", "2007-06-30": "14.51940", "2007-03-31": "15.37540", "2006-12-31": "14.07030", "2006-09-30": "14.62570", "2006-06-30": "12.60830", "2006-03-31": "12.49410", "2005-12-31": "11.53850", "2005-09-30": "14.58020", "2005-06-30": "13.38170", "2005-03-31": "11.73170"}, "Operating Margin": {"2020-09-30": "11.69190", "2020-06-30": "11.15490", "2020-03-31": "9.91290", "2019-12-31": "6.81580", "2019-09-30": "10.04250", "2019-06-30": "6.27530", "2019-03-31": "8.44510", "2018-12-31": "7.22530", "2018-09-30": "10.59340", "2018-06-30": "9.83070", "2018-03-31": "9.10640", "2017-12-31": "8.68020", "2017-09-30": "10.93720", "2017-06-30": "7.36270", "2017-03-31": "7.04760", "2016-12-31": "6.48050", "2016-09-30": "10.74080", "2016-06-30": "7.73470", "2016-03-31": "7.24650", "2015-12-31": "6.33260", "2015-09-30": "10.13050", "2015-06-30": "8.56360", "2015-03-31": "8.21220", "2014-12-31": "6.49650", "2014-09-30": "12.01810", "2014-06-30": "9.38370", "2014-03-31": "7.94650", "2013-12-31": "6.39340", "2013-09-30": "11.63260", "2013-06-30": "8.51160", "2013-03-31": "7.30440", "2012-12-31": "6.83230", "2012-09-30": "11.62150", "2012-06-30": "8.35420", "2012-03-31": "8.55880", "2011-12-31": "8.37010", "2011-09-30": "11.85110", "2011-06-30": "11.48860", "2011-03-31": "7.62950", "2010-12-31": "5.42450", "2010-09-30": "12.07060", "2010-06-30": "9.66460", "2010-03-31": "8.53960", "2009-12-31": "7.24320", "2009-09-30": "12.62480", "2009-06-30": "9.68460", "2009-03-31": "7.99490", "2008-12-31": "5.30170", "2008-09-30": "10.33260", "2008-06-30": "8.83280", "2008-03-31": "7.33050", "2007-12-31": "7.70180", "2007-09-30": "10.23440", "2007-06-30": "8.55330", "2007-03-31": "9.54080", "2006-12-31": "7.49150", "2006-09-30": "10.15040", "2006-06-30": "6.67620", "2006-03-31": "6.94850", "2005-12-31": "6.78220", "2005-09-30": "10.79530", "2005-06-30": "8.51660", "2005-03-31": "6.34210"}, "EBIT Margin": {"2020-09-30": "11.69190", "2020-06-30": "11.15490", "2020-03-31": "9.91290", "2019-12-31": "6.81580", "2019-09-30": "10.04250", "2019-06-30": "6.27530", "2019-03-31": "8.44510", "2018-12-31": "7.22530", "2018-09-30": "10.59340", "2018-06-30": "9.83070", "2018-03-31": "9.10640", "2017-12-31": "8.68020", "2017-09-30": "10.93720", "2017-06-30": "7.36270", "2017-03-31": "7.04760", "2016-12-31": "6.48050", "2016-09-30": "10.74080", "2016-06-30": "7.73470", "2016-03-31": "7.24650", "2015-12-31": "6.33270", "2015-09-30": "10.13050", "2015-06-30": "8.56360", "2015-03-31": "8.21220", "2014-12-31": "6.49640", "2014-09-30": "12.01810", "2014-06-30": "9.38370", "2014-03-31": "7.94650", "2013-12-31": "6.39340", "2013-09-30": "11.63260", "2013-06-30": "8.51160", "2013-03-31": "7.30440", "2012-12-31": "6.83230", "2012-09-30": "11.62150", "2012-06-30": "8.35420", "2012-03-31": "8.55880", "2011-12-31": "8.37010", "2011-09-30": "11.85110", "2011-06-30": "11.48860", "2011-03-31": "7.62950", "2010-12-31": "5.42450", "2010-09-30": "12.07060", "2010-06-30": "9.66460", "2010-03-31": "8.53960", "2009-12-31": "7.24320", "2009-09-30": "12.62480", "2009-06-30": "9.68460", "2009-03-31": "7.99490", "2008-12-31": "5.30170", "2008-09-30": "10.33260", "2008-06-30": "8.83280", "2008-03-31": "7.33050", "2007-12-31": "7.70170", "2007-09-30": "10.23440", "2007-06-30": "8.55330", "2007-03-31": "9.54080", "2006-12-31": "7.49150", "2006-09-30": "10.15040", "2006-06-30": "6.67620", "2006-03-31": "6.94850", "2005-12-31": "6.78220", "2005-09-30": "10.79530", "2005-06-30": "8.51660", "2005-03-31": "6.34210"}, "EBITDA Margin": {"2020-09-30": "", "2020-06-30": "", "2020-03-31": "", "2019-12-31": "", "2019-09-30": "", "2019-06-30": "", "2019-03-31": "", "2018-12-31": "", "2018-09-30": "", "2018-06-30": "", "2018-03-31": "", "2017-12-31": "", "2017-09-30": "", "2017-06-30": "", "2017-03-31": "", "2016-12-31": "", "2016-09-30": "", "2016-06-30": "", "2016-03-31": "", "2015-12-31": "", "2015-09-30": "", "2015-06-30": "", "2015-03-31": "", "2014-12-31": "", "2014-09-30": "", "2014-06-30": "", "2014-03-31": "", "2013-12-31": "", "2013-09-30": "", "2013-06-30": "", "2013-03-31": "", "2012-12-31": "", "2012-09-30": "", "2012-06-30": "", "2012-03-31": "", "2011-12-31": "", "2011-09-30": "", "2011-06-30": "", "2011-03-31": "", "2010-12-31": "", "2010-09-30": "", "2010-06-30": "", "2010-03-31": "", "2009-12-31": "", "2009-09-30": "", "2009-06-30": "", "2009-03-31": "", "2008-12-31": "", "2008-09-30": "", "2008-06-30": "", "2008-03-31": "", "2007-12-31": "", "2007-09-30": "", "2007-06-30": "", "2007-03-31": "", "2006-12-31": "", "2006-09-30": "", "2006-06-30": "", "2006-03-31": "", "2005-12-31": "", "2005-09-30": "", "2005-06-30": "", "2005-03-31": ""}, "Pre-Tax Profit Margin": {"2020-09-30": "9.82920", "2020-06-30": "8.95880", "2020-03-31": "7.48950", "2019-12-31": "4.58340", "2019-09-30": "7.88990", "2019-06-30": "3.67720", "2019-03-31": "5.80640", "2018-12-31": "4.63730", "2018-09-30": "8.43580", "2018-06-30": "6.77010", "2018-03-31": "6.09530", "2017-12-31": "5.66230", "2017-09-30": "8.52320", "2017-06-30": "4.07620", "2017-03-31": "4.18010", "2016-12-31": "4.35160", "2016-09-30": "9.22120", "2016-06-30": "5.80440", "2016-03-31": "5.17080", "2015-12-31": "4.33630", "2015-09-30": "8.70480", "2015-06-30": "6.73020", "2015-03-31": "6.19860", "2014-12-31": "4.52900", "2014-09-30": "10.44890", "2014-06-30": "7.31710", "2014-03-31": "5.59100", "2013-12-31": "4.12500", "2013-09-30": "10.17850", "2013-06-30": "6.75660", "2013-03-31": "5.11560", "2012-12-31": "5.03950", "2012-09-30": "10.21700", "2012-06-30": "1.69270", "2012-03-31": "6.53000", "2011-12-31": "6.42010", "2011-09-30": "10.34690", "2011-06-30": "9.48840", "2011-03-31": "5.64680", "2010-12-31": "3.08390", "2010-09-30": "10.02710", "2010-06-30": "7.93930", "2010-03-31": "6.65190", "2009-12-31": "5.26530", "2009-09-30": "11.27480", "2009-06-30": "7.81820", "2009-03-31": "6.39950", "2008-12-31": "3.42120", "2008-09-30": "8.76670", "2008-06-30": "6.81970", "2008-03-31": "4.93090", "2007-12-31": "5.40390", "2007-09-30": "8.32450", "2007-06-30": "6.07950", "2007-03-31": "7.06720", "2006-12-31": "5.00270", "2006-09-30": "8.05800", "2006-06-30": "4.29860", "2006-03-31": "4.97430", "2005-12-31": "4.89950", "2005-09-30": "9.21310", "2005-06-30": "4.27200", "2005-03-31": "4.02490"}, "Net Profit Margin": {"2020-09-30": "7.58150", "2020-06-30": "6.64460", "2020-03-31": "5.59010", "2019-12-31": "3.32380", "2019-09-30": "6.15090", "2019-06-30": "2.83170", "2019-03-31": "4.55070", "2018-12-31": "3.56760", "2018-09-30": "6.48350", "2018-06-30": "5.22550", "2018-03-31": "4.51660", "2017-12-31": "14.67500", "2017-09-30": "5.71320", "2017-06-30": "2.73300", "2017-03-31": "2.88450", "2016-12-31": "2.94010", "2016-09-30": "6.12210", "2016-06-30": "3.80900", "2016-03-31": "3.35190", "2015-12-31": "3.20020", "2015-09-30": "5.84250", "2015-06-30": "4.62070", "2015-03-31": "4.07840", "2014-12-31": "2.59690", "2014-09-30": "6.77900", "2014-06-30": "4.79680", "2014-03-31": "3.67780", "2013-12-31": "2.69140", "2013-09-30": "6.60790", "2013-06-30": "6.76440", "2013-03-31": "3.19610", "2012-12-31": "3.41860", "2012-09-30": "6.90250", "2012-06-30": "1.28770", "2012-03-31": "4.26230", "2011-12-31": "4.43820", "2011-09-30": "6.86020", "2011-06-30": "6.22770", "2011-03-31": "3.71390", "2010-12-31": "2.30170", "2010-09-30": "6.50970", "2010-06-30": "5.22510", "2010-03-31": "4.03320", "2009-12-31": "3.39210", "2009-09-30": "7.25870", "2009-06-30": "5.04060", "2009-03-31": "4.11060", "2008-12-31": "2.38990", "2008-09-30": "5.47620", "2008-06-30": "4.53020", "2008-03-31": "3.11140", "2007-12-31": "3.49690", "2007-09-30": "5.26260", "2007-06-30": "3.91280", "2007-03-31": "4.38030", "2006-12-31": "3.22700", "2006-09-30": "5.80180", "2006-06-30": "2.74060", "2006-03-31": "3.01450", "2005-12-31": "2.38090", "2005-09-30": "5.67150", "2005-06-30": "2.65300", "2005-03-31": "2.43920"}, "Asset Turnover": {"2020-09-30": "0.23070", "2020-06-30": "0.18460", "2020-03-31": "0.18640", "2019-12-31": "0.21260", "2019-09-30": "0.26040", "2019-06-30": "0.21390", "2019-03-31": "0.20860", "2018-12-31": "0.23380", "2018-09-30": "0.25840", "2018-06-30": "0.20930", "2018-03-31": "0.20440", "2017-12-31": "0.21430", "2017-09-30": "0.25230", "2017-06-30": "0.20880", "2017-03-31": "0.22070", "2016-12-31": "0.25590", "2016-09-30": "0.32550", "2016-06-30": "0.24610", "2016-03-31": "0.23420", "2015-12-31": "0.25980", "2015-09-30": "0.34470", "2015-06-30": "0.26100", "2015-03-31": "0.24520", "2014-12-31": "0.27800", "2014-09-30": "0.33840", "2014-06-30": "0.25200", "2014-03-31": "0.24890", "2013-12-31": "0.26040", "2013-09-30": "0.36460", "2013-06-30": "0.27420", "2013-03-31": "0.25670", "2012-12-31": "0.26080", "2012-09-30": "0.32170", "2012-06-30": "0.25510", "2012-03-31": "0.22480", "2011-12-31": "0.28060", "2011-09-30": "0.38020", "2011-06-30": "0.27340", "2011-03-31": "0.24630", "2010-12-31": "0.32700", "2010-09-30": "0.38930", "2010-06-30": "0.31790", "2010-03-31": "0.30740", "2009-12-31": "0.31850", "2009-09-30": "0.44370", "2009-06-30": "0.30780", "2009-03-31": "0.29320", "2008-12-31": "0.34260", "2008-09-30": "0.37490", "2008-06-30": "0.30280", "2008-03-31": "0.28620", "2007-12-31": "0.31950", "2007-09-30": "0.39870", "2007-06-30": "0.30260", "2007-03-31": "0.30350", "2006-12-31": "0.32070", "2006-09-30": "0.40290", "2006-06-30": "0.28560", "2006-03-31": "0.34670", "2005-12-31": "0.38340", "2005-09-30": "0.45350", "2005-06-30": "0.31680", "2005-03-31": "0.31030"}, "Inventory Turnover Ratio": {"2020-09-30": "1.81390", "2020-06-30": "1.15940", "2020-03-31": "1.21130", "2019-12-31": "1.40860", "2019-09-30": "1.58380", "2019-06-30": "1.10580", "2019-03-31": "1.25490", "2018-12-31": "1.44630", "2018-09-30": "1.59750", "2018-06-30": "1.06250", "2018-03-31": "1.14660", "2017-12-31": "1.16940", "2017-09-30": "1.50670", "2017-06-30": "1.03880", "2017-03-31": "0.96430", "2016-12-31": "1.19010", "2016-09-30": "1.50090", "2016-06-30": "0.92610", "2016-03-31": "0.90160", "2015-12-31": "1.14070", "2015-09-30": "1.75510", "2015-06-30": "1.03620", "2015-03-31": "1.02090", "2014-12-31": "1.43530", "2014-09-30": "1.73860", "2014-06-30": "1.03400", "2014-03-31": "1.12200", "2013-12-31": "1.44470", "2013-09-30": "1.79990", "2013-06-30": "1.04280", "2013-03-31": "1.05990", "2012-12-31": "1.45250", "2012-09-30": "1.71110", "2012-06-30": "0.95270", "2012-03-31": "0.95110", "2011-12-31": "1.29770", "2011-09-30": "1.66270", "2011-06-30": "0.95000", "2011-03-31": "0.91850", "2010-12-31": "1.39890", "2010-09-30": "1.96340", "2010-06-30": "1.03830", "2010-03-31": "1.14640", "2009-12-31": "1.58340", "2009-09-30": "2.26680", "2009-06-30": "1.07450", "2009-03-31": "1.23360", "2008-12-31": "1.73260", "2008-09-30": "2.06020", "2008-06-30": "1.08870", "2008-03-31": "1.13920", "2007-12-31": "1.38650", "2007-09-30": "1.87670", "2007-06-30": "1.06560", "2007-03-31": "1.11210", "2006-12-31": "1.29730", "2006-09-30": "1.90630", "2006-06-30": "1.05480", "2006-03-31": "1.29130", "2005-12-31": "1.63190", "2005-09-30": "2.21300", "2005-06-30": "1.13090", "2005-03-31": "1.17920"}, "Receiveable Turnover": {"2020-09-30": "1.71990", "2020-06-30": "1.61320", "2020-03-31": "1.71530", "2019-12-31": "2.07590", "2019-09-30": "1.75850", "2019-06-30": "1.63970", "2019-03-31": "1.72160", "2018-12-31": "2.09350", "2018-09-30": "1.66860", "2018-06-30": "1.63310", "2018-03-31": "1.74960", "2017-12-31": "2.19010", "2017-09-30": "1.80400", "2017-06-30": "1.93390", "2017-03-31": "2.42840", "2016-12-31": "2.79630", "2016-09-30": "2.21030", "2016-06-30": "2.21530", "2016-03-31": "2.33890", "2015-12-31": "2.95190", "2015-09-30": "1.93000", "2015-06-30": "2.05930", "2015-03-31": "2.13320", "2014-12-31": "2.92910", "2014-09-30": "1.99310", "2014-06-30": "2.04910", "2014-03-31": "2.13470", "2013-12-31": "2.59680", "2013-09-30": "1.98740", "2013-06-30": "1.96180", "2013-03-31": "2.27830", "2012-12-31": "2.62880", "2012-09-30": "1.90660", "2012-06-30": "2.01080", "2012-03-31": "2.08680", "2011-12-31": "2.45920", "2011-09-30": "1.98100", "2011-06-30": "1.90580", "2011-03-31": "1.86060", "2010-12-31": "3.31840", "2010-09-30": "2.11530", "2010-06-30": "2.26700", "2010-03-31": "2.54740", "2009-12-31": "3.58790", "2009-09-30": "1.96580", "2009-06-30": "2.38340", "2009-03-31": "2.55580", "2008-12-31": "2.77870", "2008-09-30": "1.97870", "2008-06-30": "2.12410", "2008-03-31": "2.40970", "2007-12-31": "3.11140", "2007-09-30": "1.98300", "2007-06-30": "2.13370", "2007-03-31": "2.36960", "2006-12-31": "2.77090", "2006-09-30": "1.92570", "2006-06-30": "1.97940", "2006-03-31": "2.64400", "2005-12-31": "3.79250", "2005-09-30": "2.26050", "2005-06-30": "2.32900", "2005-03-31": "2.75900"}, "Days Sales In Receivables": {"2020-09-30": "52.32740", "2020-06-30": "55.78960", "2020-03-31": "52.46860", "2019-12-31": "43.35510", "2019-09-30": "51.18010", "2019-06-30": "54.88780", "2019-03-31": "52.27580", "2018-12-31": "42.98940", "2018-09-30": "53.93850", "2018-06-30": "55.11010", "2018-03-31": "51.44090", "2017-12-31": "41.09390", "2017-09-30": "49.89040", "2017-06-30": "46.53740", "2017-03-31": "37.06220", "2016-12-31": "32.18520", "2016-09-30": "40.71850", "2016-06-30": "40.62580", "2016-03-31": "38.47930", "2015-12-31": "30.48840", "2015-09-30": "46.63230", "2015-06-30": "43.70340", "2015-03-31": "42.19010", "2014-12-31": "30.72620", "2014-09-30": "45.15580", "2014-06-30": "43.92250", "2014-03-31": "42.16090", "2013-12-31": "34.65860", "2013-09-30": "45.28580", "2013-06-30": "45.87590", "2013-03-31": "39.50390", "2012-12-31": "34.23630", "2012-09-30": "47.20390", "2012-06-30": "44.75790", "2012-03-31": "43.12830", "2011-12-31": "36.59710", "2011-09-30": "45.43200", "2011-06-30": "47.22350", "2011-03-31": "48.37060", "2010-12-31": "27.12170", "2010-09-30": "42.54800", "2010-06-30": "39.70030", "2010-03-31": "35.33080", "2009-12-31": "25.08430", "2009-09-30": "45.78400", "2009-06-30": "37.76100", "2009-03-31": "35.21450", "2008-12-31": "32.38930", "2008-09-30": "45.48480", "2008-06-30": "42.37010", "2008-03-31": "37.34940", "2007-12-31": "28.92590", "2007-09-30": "45.38500", "2007-06-30": "42.17940", "2007-03-31": "37.98080", "2006-12-31": "32.48080", "2006-09-30": "46.73600", "2006-06-30": "45.46900", "2006-03-31": "34.03930", "2005-12-31": "23.73080", "2005-09-30": "39.81400", "2005-06-30": "38.64320", "2005-03-31": "32.62040"}, "ROE - Return On Equity": {"2020-09-30": "9.25870", "2020-06-30": "7.17380", "2020-03-31": "5.64390", "2019-12-31": "3.40490", "2019-09-30": "8.39150", "2019-06-30": "3.32880", "2019-03-31": "5.19240", "2018-12-31": "4.33370", "2018-09-30": "9.29240", "2018-06-30": "6.60410", "2018-03-31": "5.54330", "2017-12-31": "19.07400", "2017-09-30": "11.61640", "2017-06-30": "5.14280", "2017-03-31": "4.73810", "2016-12-31": "5.04760", "2016-09-30": "9.28220", "2016-06-30": "4.83240", "2016-03-31": "3.97770", "2015-12-31": "4.15360", "2015-09-30": "11.12800", "2015-06-30": "7.24560", "2015-03-31": "6.13440", "2014-12-31": "3.32920", "2014-09-30": "10.65870", "2014-06-30": "5.80780", "2014-03-31": "4.34090", "2013-12-31": "3.26070", "2013-09-30": "12.26140", "2013-06-30": "10.86500", "2013-03-31": "4.97810", "2012-12-31": "3.89560", "2012-09-30": "10.68220", "2012-06-30": "1.60420", "2012-03-31": "4.71810", "2011-12-31": "5.63820", "2011-09-30": "11.79850", "2011-06-30": "8.04970", "2011-03-31": "4.44250", "2010-12-31": "2.95860", "2010-09-30": "8.20160", "2010-06-30": "5.03570", "2010-03-31": "3.81880", "2009-12-31": "3.48870", "2009-09-30": "11.22920", "2009-06-30": "6.01930", "2009-03-31": "5.01610", "2008-12-31": "3.37570", "2008-09-30": "8.91100", "2008-06-30": "5.98020", "2008-03-31": "4.09290", "2007-12-31": "4.78160", "2007-09-30": "10.16260", "2007-06-30": "6.31380", "2007-03-31": "7.25100", "2006-12-31": "5.67000", "2006-09-30": "14.50120", "2006-06-30": "5.46950", "2006-03-31": "6.01080", "2005-12-31": "5.11140", "2005-09-30": "16.10500", "2005-06-30": "6.60440", "2005-03-31": "5.83770"}, "Return On Tangible Equity": {"2020-09-30": "-10.10440", "2020-06-30": "-6.43880", "2020-03-31": "-11.87730", "2019-12-31": "-7.35840", "2019-09-30": "-15.70010", "2019-06-30": "-5.28540", "2019-03-31": "-7.59040", "2018-12-31": "-5.87120", "2018-09-30": "-13.31790", "2018-06-30": "-7.68130", "2018-03-31": "-5.92140", "2017-12-31": "-17.76570", "2017-09-30": "-7.54450", "2017-06-30": "-2.67990", "2017-03-31": "-7.88640", "2016-12-31": "-7.49620", "2016-09-30": "-143.91820", "2016-06-30": "-29.38140", "2016-03-31": "-18.92800", "2015-12-31": "-15.73790", "2015-09-30": "-37.93160", "2015-06-30": "-17.50550", "2015-03-31": "-12.15980", "2014-12-31": "-17.89580", "2014-09-30": "-111.01850", "2014-06-30": "-38.54870", "2014-03-31": "-21.04830", "2013-12-31": "-13.99030", "2013-09-30": "-150.73540", "2013-06-30": "-46.29400", "2013-03-31": "-15.27570", "2012-12-31": "41.41480", "2012-09-30": "132.90230", "2012-06-30": "5.80260", "2012-03-31": "16.05210", "2011-12-31": "21.61570", "2011-09-30": "45.60650", "2011-06-30": "36.24100", "2011-03-31": "25.88670", "2010-12-31": "10.44700", "2010-09-30": "14.73910", "2010-06-30": "9.68440", "2010-03-31": "7.70920", "2009-12-31": "7.34060", "2009-09-30": "24.92950", "2009-06-30": "15.73630", "2009-03-31": "14.41270", "2008-12-31": "10.58320", "2008-09-30": "22.92560", "2008-06-30": "18.11670", "2008-03-31": "15.35100", "2007-12-31": "18.99820", "2007-09-30": "47.44770", "2007-06-30": "43.06900", "2007-03-31": "83.35920", "2006-12-31": "145.19330", "2006-09-30": "706.90390", "2006-06-30": "-45.69490", "2006-03-31": "24.87730", "2005-12-31": "24.75290", "2005-09-30": "66.26090", "2005-06-30": "74.59100", "2005-03-31": "55.86580"}, "ROA - Return On Assets": {"2020-09-30": "1.74890", "2020-06-30": "1.22660", "2020-03-31": "1.04190", "2019-12-31": "0.70660", "2019-09-30": "1.60180", "2019-06-30": "0.60560", "2019-03-31": "0.94920", "2018-12-31": "0.83400", "2018-09-30": "1.67530", "2018-06-30": "1.09380", "2018-03-31": "0.92320", "2017-12-31": "3.14540", "2017-09-30": "1.44160", "2017-06-30": "0.57060", "2017-03-31": "0.63650", "2016-12-31": "0.75230", "2016-09-30": "1.99260", "2016-06-30": "0.93730", "2016-03-31": "0.78510", "2015-12-31": "0.83160", "2015-09-30": "2.01370", "2015-06-30": "1.20590", "2015-03-31": "1.00010", "2014-12-31": "0.72190", "2014-09-30": "2.29400", "2014-06-30": "1.20860", "2014-03-31": "0.91520", "2013-12-31": "0.70090", "2013-09-30": "2.40940", "2013-06-30": "1.85500", "2013-03-31": "0.82050", "2012-12-31": "0.89140", "2012-09-30": "2.22070", "2012-06-30": "0.32850", "2012-03-31": "0.95820", "2011-12-31": "1.24530", "2011-09-30": "2.60820", "2011-06-30": "1.70250", "2011-03-31": "0.91460", "2010-12-31": "0.75270", "2010-09-30": "2.53410", "2010-06-30": "1.66080", "2010-03-31": "1.23990", "2009-12-31": "1.08040", "2009-09-30": "3.22070", "2009-06-30": "1.55140", "2009-03-31": "1.20530", "2008-12-31": "0.81890", "2008-09-30": "2.05300", "2008-06-30": "1.37180", "2008-03-31": "0.89060", "2007-12-31": "1.11740", "2007-09-30": "2.09840", "2007-06-30": "1.18390", "2007-03-31": "1.32960", "2006-12-31": "1.03480", "2006-09-30": "2.33770", "2006-06-30": "0.78280", "2006-03-31": "1.04510", "2005-12-31": "0.91280", "2005-09-30": "2.57180", "2005-06-30": "0.84060", "2005-03-31": "0.75700"}, "ROI - Return On Investment": {"2020-09-30": "2.57520", "2020-06-30": "1.86300", "2020-03-31": "1.80270", "2019-12-31": "1.07610", "2019-09-30": "2.92510", "2019-06-30": "1.12380", "2019-03-31": "1.55090", "2018-12-31": "1.26640", "2018-09-30": "2.73510", "2018-06-30": "1.83740", "2018-03-31": "1.52430", "2017-12-31": "4.55970", "2017-09-30": "2.34330", "2017-06-30": "0.93460", "2017-03-31": "1.11580", "2016-12-31": "1.30630", "2016-09-30": "3.29750", "2016-06-30": "1.62150", "2016-03-31": "1.30480", "2015-12-31": "1.32720", "2015-09-30": "3.40040", "2015-06-30": "2.09040", "2015-03-31": "1.69450", "2014-12-31": "1.08980", "2014-09-30": "3.61390", "2014-06-30": "1.90320", "2014-03-31": "1.37880", "2013-12-31": "1.02470", "2013-09-30": "3.50220", "2013-06-30": "3.29500", "2013-03-31": "1.43810", "2012-12-31": "1.35320", "2012-09-30": "3.41580", "2012-06-30": "0.48000", "2012-03-31": "1.43960", "2011-12-31": "1.90600", "2011-09-30": "3.97700", "2011-06-30": "2.58360", "2011-03-31": "1.72870", "2010-12-31": "1.13400", "2010-09-30": "3.86510", "2010-06-30": "2.44890", "2010-03-31": "1.82750", "2009-12-31": "1.63960", "2009-09-30": "4.83710", "2009-06-30": "2.42360", "2009-03-31": "2.16000", "2008-12-31": "1.41660", "2008-09-30": "3.61900", "2008-06-30": "2.29270", "2008-03-31": "1.49790", "2007-12-31": "1.73320", "2007-09-30": "3.32670", "2007-06-30": "1.95760", "2007-03-31": "2.14760", "2006-12-31": "1.60390", "2006-09-30": "3.82780", "2006-06-30": "1.30630", "2006-03-31": "1.74320", "2005-12-31": "1.43610", "2005-09-30": "4.38030", "2005-06-30": "1.56500", "2005-03-31": "1.24160"}, "Book Value Per Share": {"2020-09-30": "10.99200", "2020-06-30": "9.82720", "2020-03-31": "9.20810", "2019-12-31": "9.23740", "2019-09-30": "8.74380", "2019-06-30": "8.36420", "2019-03-31": "8.10060", "2018-12-31": "7.98030", "2018-09-30": "8.24380", "2018-06-30": "7.57570", "2018-03-31": "7.45950", "2017-12-31": "6.93990", "2017-09-30": "5.64540", "2017-06-30": "4.92230", "2017-03-31": "4.44200", "2016-12-31": "8.52690", "2016-09-30": "12.45700", "2016-06-30": "11.39950", "2016-03-31": "5.52380", "2015-12-31": "5.29190", "2015-09-30": "5.23140", "2015-06-30": "4.82810", "2015-03-31": "4.48570", "2014-12-31": "5.61650", "2014-09-30": "6.18090", "2014-06-30": "5.97430", "2014-03-31": "5.70460", "2013-12-31": "5.62830", "2013-09-30": "4.96270", "2013-06-30": "4.31760", "2013-03-31": "4.00710", "2012-12-31": "5.44510", "2012-09-30": "5.31960", "2012-06-30": "4.74530", "2012-03-31": "4.96710", "2011-12-31": "4.70780", "2011-09-30": "4.78160", "2011-06-30": "4.53480", "2011-03-31": "4.19320", "2010-12-31": "3.96130", "2010-09-30": "5.17890", "2010-06-30": "4.69460", "2010-03-31": "4.57400", "2009-12-31": "8.95620", "2009-09-30": "8.59780", "2009-06-30": "7.56950", "2009-03-31": "7.04250", "2008-12-31": "3.45170", "2008-09-30": "3.90250", "2008-06-30": "3.67520", "2008-03-31": "3.41800", "2007-12-31": "3.31270", "2007-09-30": "3.10500", "2007-06-30": "2.81130", "2007-03-31": "2.61200", "2006-12-31": "2.43790", "2006-09-30": "2.28940", "2006-06-30": "2.00030", "2006-03-31": "1.91710", "2005-12-31": "1.83380", "2005-09-30": "1.88720", "2005-06-30": "3.14320", "2005-03-31": "2.99320"}, "Operating Cash Flow Per Share": {"2020-09-30": 1.6345, "2020-06-30": 0.9358, "2020-03-31": "-1.50890", "2019-12-31": 4.5715, "2019-09-30": 1.136, "2019-06-30": 0.2384, "2019-03-31": "-1.39600", "2018-12-31": 4.4202, "2018-09-30": 0.9497, "2018-06-30": -0.0247, "2018-03-31": "-0.80780", "2017-12-31": 3.54, "2017-09-30": 1.2069, "2017-06-30": 0.0203, "2017-03-31": "-1.26720", "2016-12-31": 3.3694, "2016-09-30": 1.2412, "2016-06-30": -0.0965, "2016-03-31": "-1.23980", "2015-12-31": 3.1297, "2015-09-30": 0.7283, "2015-06-30": 0.0195, "2015-03-31": "-1.13910", "2014-12-31": 3.1439, "2014-09-30": 0.8622, "2014-06-30": -0.4685, "2014-03-31": "-0.80610", "2013-12-31": 2.7039, "2013-09-30": 1.2497, "2013-06-30": -0.7252, "2013-03-31": "-0.51640", "2012-12-31": 2.5587, "2012-09-30": 1.3517, "2012-06-30": -0.6437, "2012-03-31": "-0.75080", "2011-12-31": 2.013, "2011-09-30": 0.9136, "2011-06-30": 0.0458, "2011-03-31": "-0.41790", "2010-12-31": 1.4024, "2010-09-30": 0.9376, "2010-06-30": -0.1143, "2010-03-31": "-1.00150", "2009-12-31": 1.9752, "2009-09-30": 0.5869, "2009-06-30": -0.229, "2009-03-31": "-0.23640", "2008-12-31": 1.7466, "2008-09-30": 0.7964, "2008-06-30": -0.1918, "2008-03-31": "-0.09580", "2007-12-31": 1.4575, "2007-09-30": 0.6231, "2007-06-30": -0.1021, "2007-03-31": "-0.14630", "2006-12-31": 1.2863, "2006-09-30": 0.4951, "2006-06-30": -0.0257, "2006-03-31": "-0.29430", "2005-12-31": 1.0441, "2005-09-30": 0.9059, "2005-06-30": -0.1984, "2005-03-31": "-0.36040"}, "Free Cash Flow Per Share": {"2020-09-30": 1.1107, "2020-06-30": 0.5644, "2020-03-31": "-2.09350", "2019-12-31": 3.9965, "2019-09-30": 0.6818, "2019-06-30": -0.2501, "2019-03-31": "-1.94940", "2018-12-31": 3.9149, "2018-09-30": 0.5624, "2018-06-30": -0.4018, "2018-03-31": "-1.24880", "2017-12-31": 3.0879, "2017-09-30": 0.8227, "2017-06-30": -0.3601, "2017-03-31": "-1.61690", "2016-12-31": 3.0224, "2016-09-30": 0.9135, "2016-06-30": -0.5048, "2016-03-31": "-1.74930", "2015-12-31": 2.4416, "2015-09-30": 0.2894, "2015-06-30": -0.402, "2015-03-31": "-1.52600", "2014-12-31": 2.7823, "2014-09-30": 0.592, "2014-06-30": -0.727, "2014-03-31": "-1.01730", "2013-12-31": 2.5323, "2013-09-30": 1.0377, "2013-06-30": -0.9516, "2013-03-31": "-0.70390", "2012-12-31": 2.3136, "2012-09-30": 1.1683, "2012-06-30": -0.8809, "2012-03-31": "-0.93820", "2011-12-31": 1.6604, "2011-09-30": 0.6339, "2011-06-30": -0.3137, "2011-03-31": "-0.65520", "2010-12-31": 1.2049, "2010-09-30": 0.7575, "2010-06-30": -0.2696, "2010-03-31": "-1.15740", "2009-12-31": 1.7964, "2009-09-30": 0.436, "2009-06-30": -0.3906, "2009-03-31": "-0.39200", "2008-12-31": 1.5159, "2008-09-30": 0.5864, "2008-06-30": -0.3975, "2008-03-31": "-0.25190", "2007-12-31": 1.18, "2007-09-30": 0.3798, "2007-06-30": -0.3499, "2007-03-31": "-0.39260", "2006-12-31": 1.0588, "2006-09-30": 0.3079, "2006-06-30": -0.2371, "2006-03-31": "-0.47050", "2005-12-31": 0.8743, "2005-09-30": 0.7769, "2005-06-30": -0.3392, "2005-03-31": "-0.51370"}}, "revenue": {"Silgan Holdings Annual Revenue (Millions of US $)": {"2020": "$4,922", "2019": "$4,490", "2018": "$4,449", "2017": "$4,090", "2016": "$3,613", "2015": "$3,764", "2014": "$3,912", "2013": "$3,709", "2012": "$3,588", "2011": "$3,509", "2010": "$3,072", "2009": "$3,067", "2008": "$3,121", "2007": "$2,923", "2006": "$2,668", "2005": "$2,496"}, "Silgan Holdings Quarterly Revenue (Millions of US $)": {"2020-12-31": "$1,227", "2020-09-30": "$1,488", "2020-06-30": "$1,176", "2020-03-31": "$1,030", "2019-12-31": "$1,048", "2019-09-30": "$1,321", "2019-06-30": "$1,093", "2019-03-31": "$1,027", "2018-12-31": "$1,070", "2018-09-30": "$1,307", "2018-06-30": "$1,059", "2018-03-31": "$1,012", "2017-12-31": "$996", "2017-09-30": "$1,267", "2017-06-30": "$1,022", "2017-03-31": "$805", "2016-12-31": "$806", "2016-09-30": "$1,140", "2016-06-30": "$875", "2016-03-31": "$793", "2015-12-31": "$830", "2015-09-30": "$1,204", "2015-06-30": "$914", "2015-03-31": "$817", "2014-12-31": "$910", "2014-09-30": "$1,228", "2014-06-30": "$917", "2014-03-31": "$856", "2013-12-31": "$865", "2013-09-30": "$1,168", "2013-06-30": "$880", "2013-03-31": "$796", "2012-12-31": "$859", "2012-09-30": "$1,140", "2012-06-30": "$822", "2012-03-31": "$768", "2011-12-31": "$836", "2011-09-30": "$1,148", "2011-06-30": "$822", "2011-03-31": "$703", "2010-12-31": "$712", "2010-09-30": "$1,002", "2010-06-30": "$694", "2010-03-31": "$664", "2009-12-31": "$705", "2009-09-30": "$1,017", "2009-06-30": "$690", "2009-03-31": "$655", "2008-12-31": "$742", "2008-09-30": "$964", "2008-06-30": "$735", "2008-03-31": "$680", "2007-12-31": "$684", "2007-09-30": "$905", "2007-06-30": "$684", "2007-03-31": "$651", "2006-12-31": "$644", "2006-09-30": "$856", "2006-06-30": "$597", "2006-03-31": "$570", "2005-12-31": "$587", "2005-09-30": "$798", "2005-06-30": "$581", "2005-03-31": "$530"}}, "gross-profit": {"Silgan Holdings Annual Gross Profit (Millions of US $)": {"2020": "$867", "2019": "$714", "2018": "$690", "2017": "$635", "2016": "$512", "2015": "$554", "2014": "$600", "2013": "$547", "2012": "$518", "2011": "$519", "2010": "$472", "2009": "$461", "2008": "$427", "2007": "$420", "2006": "$362", "2005": "$324"}, "Silgan Holdings Quarterly Gross Profit (Millions of US $)": {"2020-12-31": "$200", "2020-09-30": "$258", "2020-06-30": "$224", "2020-03-31": "$185", "2019-12-31": "$157", "2019-09-30": "$208", "2019-06-30": "$184", "2019-03-31": "$166", "2018-12-31": "$152", "2018-09-30": "$204", "2018-06-30": "$173", "2018-03-31": "$160", "2017-12-31": "$152", "2017-09-30": "$206", "2017-06-30": "$159", "2017-03-31": "$118", "2016-12-31": "$88", "2016-09-30": "$182", "2016-06-30": "$128", "2016-03-31": "$114", "2015-12-31": "$113", "2015-09-30": "$185", "2015-06-30": "$134", "2015-03-31": "$122", "2014-12-31": "$123", "2014-09-30": "$206", "2014-06-30": "$144", "2014-03-31": "$128", "2013-12-31": "$120", "2013-09-30": "$188", "2013-06-30": "$128", "2013-03-31": "$111", "2012-12-31": "$109", "2012-09-30": "$179", "2012-06-30": "$115", "2012-03-31": "$114", "2011-12-31": "$117", "2011-09-30": "$183", "2011-06-30": "$117", "2011-03-31": "$102", "2010-12-31": "$98", "2010-09-30": "$162", "2010-06-30": "$109", "2010-03-31": "$103", "2009-12-31": "$92", "2009-09-30": "$167", "2009-06-30": "$107", "2009-03-31": "$95", "2008-12-31": "$87", "2008-09-30": "$141", "2008-06-30": "$108", "2008-03-31": "$90", "2007-12-31": "$91", "2007-09-30": "$130", "2007-06-30": "$99", "2007-03-31": "$100", "2006-12-31": "$91", "2006-09-30": "$125", "2006-06-30": "$75", "2006-03-31": "$71", "2005-12-31": "$68", "2005-09-30": "$116", "2005-06-30": "$78", "2005-03-31": "$62"}}, "operating-income": {"Silgan Holdings Annual Operating Income (Millions of US $)": {"2020": "$512", "2019": "$359", "2018": "$412", "2017": "$357", "2016": "$300", "2015": "$320", "2014": "$361", "2013": "$324", "2012": "$326", "2011": "$354", "2010": "$283", "2009": "$299", "2008": "$254", "2007": "$266", "2006": "$215", "2005": "$209"}, "Silgan Holdings Quarterly Operating Income (Millions of US $)": {"2020-12-31": "$105", "2020-09-30": "$174", "2020-06-30": "$131", "2020-03-31": "$102", "2019-12-31": "$71", "2019-09-30": "$133", "2019-06-30": "$69", "2019-03-31": "$87", "2018-12-31": "$77", "2018-09-30": "$138", "2018-06-30": "$104", "2018-03-31": "$92", "2017-12-31": "$86", "2017-09-30": "$139", "2017-06-30": "$75", "2017-03-31": "$57", "2016-12-31": "$52", "2016-09-30": "$122", "2016-06-30": "$68", "2016-03-31": "$57", "2015-12-31": "$53", "2015-09-30": "$122", "2015-06-30": "$78", "2015-03-31": "$67", "2014-12-31": "$59", "2014-09-30": "$148", "2014-06-30": "$86", "2014-03-31": "$68", "2013-12-31": "$55", "2013-09-30": "$136", "2013-06-30": "$75", "2013-03-31": "$58", "2012-12-31": "$59", "2012-09-30": "$132", "2012-06-30": "$69", "2012-03-31": "$66", "2011-12-31": "$70", "2011-09-30": "$136", "2011-06-30": "$94", "2011-03-31": "$54", "2010-12-31": "$39", "2010-09-30": "$121", "2010-06-30": "$67", "2010-03-31": "$57", "2009-12-31": "$51", "2009-09-30": "$128", "2009-06-30": "$67", "2009-03-31": "$52", "2008-12-31": "$39", "2008-09-30": "$100", "2008-06-30": "$65", "2008-03-31": "$50", "2007-12-31": "$53", "2007-09-30": "$93", "2007-06-30": "$58", "2007-03-31": "$62", "2006-12-31": "$48", "2006-09-30": "$87", "2006-06-30": "$40", "2006-03-31": "$40", "2005-12-31": "$40", "2005-09-30": "$86", "2005-06-30": "$49", "2005-03-31": "$34"}}, "ebitda": {"Silgan Holdings Annual EBITDA (Millions of US $)": {"2019": "$569", "2018": "$608", "2017": "$535", "2016": "$447", "2015": "$466", "2014": "$513", "2013": "$496", "2012": "$495", "2011": "$517", "2010": "$429", "2009": "$446", "2008": "$399", "2007": "$405", "2006": "$342", "2005": "$332"}, "Silgan Holdings Quarterly EBITDA (Millions of US $)": {"2020-09-30": "$233", "2020-06-30": "$184", "2020-03-31": "$153", "2019-12-31": "$125", "2019-09-30": "$185", "2019-06-30": "$121", "2019-03-31": "$138", "2018-12-31": "$127", "2018-09-30": "$187", "2018-06-30": "$153", "2018-03-31": "$141", "2017-12-31": "$135", "2017-09-30": "$185", "2017-06-30": "$121", "2017-03-31": "$94", "2016-12-31": "$89", "2016-09-30": "$160", "2016-06-30": "$104", "2016-03-31": "$94", "2015-12-31": "$89", "2015-09-30": "$159", "2015-06-30": "$115", "2015-03-31": "$104", "2014-12-31": "$97", "2014-09-30": "$185", "2014-06-30": "$124", "2014-03-31": "$106", "2013-12-31": "$100", "2013-09-30": "$177", "2013-06-30": "$117", "2013-03-31": "$102", "2012-12-31": "$103", "2012-09-30": "$174", "2012-06-30": "$110", "2012-03-31": "$108", "2011-12-31": "$112", "2011-09-30": "$178", "2011-06-30": "$136", "2011-03-31": "$92", "2010-12-31": "$76", "2010-09-30": "$157", "2010-06-30": "$104", "2010-03-31": "$93", "2009-12-31": "$89", "2009-09-30": "$165", "2009-06-30": "$103", "2009-03-31": "$89", "2008-12-31": "$76", "2008-09-30": "$137", "2008-06-30": "$100", "2008-03-31": "$86", "2007-12-31": "$91", "2007-09-30": "$127", "2007-06-30": "$93", "2007-03-31": "$95", "2006-12-31": "$82", "2006-09-30": "$119", "2006-06-30": "$72", "2006-03-31": "$70", "2005-12-31": "$70", "2005-09-30": "$117", "2005-06-30": "$80", "2005-03-31": "$64"}}, "net-income": {"Silgan Holdings Annual Net Income (Millions of US $)": {"2020": "$309", "2019": "$194", "2018": "$224", "2017": "$270", "2016": "$153", "2015": "$172", "2014": "$182", "2013": "$185", "2012": "$151", "2011": "$193", "2010": "$145", "2009": "$159", "2008": "$125", "2007": "$127", "2006": "$104", "2005": "$88"}, "Silgan Holdings Quarterly Net Income (Millions of US $)": {"2020-12-31": "$60", "2020-09-30": "$113", "2020-06-30": "$78", "2020-03-31": "$58", "2019-12-31": "$35", "2019-09-30": "$81", "2019-06-30": "$31", "2019-03-31": "$47", "2018-12-31": "$38", "2018-09-30": "$85", "2018-06-30": "$55", "2018-03-31": "$46", "2017-12-31": "$146", "2017-09-30": "$72", "2017-06-30": "$28", "2017-03-31": "$23", "2016-12-31": "$24", "2016-09-30": "$70", "2016-06-30": "$33", "2016-03-31": "$27", "2015-12-31": "$27", "2015-09-30": "$70", "2015-06-30": "$42", "2015-03-31": "$33", "2014-12-31": "$24", "2014-09-30": "$83", "2014-06-30": "$44", "2014-03-31": "$31", "2013-12-31": "$23", "2013-09-30": "$77", "2013-06-30": "$60", "2013-03-31": "$25", "2012-12-31": "$29", "2012-09-30": "$79", "2012-06-30": "$11", "2012-03-31": "$33", "2011-12-31": "$37", "2011-09-30": "$79", "2011-06-30": "$51", "2011-03-31": "$26", "2010-12-31": "$16", "2010-09-30": "$65", "2010-06-30": "$36", "2010-03-31": "$27", "2009-12-31": "$24", "2009-09-30": "$74", "2009-06-30": "$35", "2009-03-31": "$27", "2008-12-31": "$18", "2008-09-30": "$53", "2008-06-30": "$33", "2008-03-31": "$21", "2007-12-31": "$24", "2007-09-30": "$48", "2007-06-30": "$27", "2007-03-31": "$29", "2006-12-31": "$21", "2006-09-30": "$50", "2006-06-30": "$16", "2006-03-31": "$17", "2005-12-31": "$14", "2005-09-30": "$45", "2005-06-30": "$15", "2005-03-31": "$13"}}, "eps-earnings-per-share-diluted": {"Silgan Holdings Annual EPS": {"2020": "$2.77", "2019": "$1.74", "2018": "$2.01", "2017": "$2.42", "2016": "$1.27", "2015": "$1.41", "2014": "$1.43", "2013": "$1.44", "2012": "$1.09", "2011": "$1.38", "2010": "$0.95", "2009": "$1.04", "2008": "$0.82", "2007": "$0.83", "2006": "$0.69", "2005": "$0.58"}, "Silgan Holdings Quarterly EPS": {"2020-12-31": "$0.54", "2020-09-30": "$1.01", "2020-06-30": "$0.70", "2020-03-31": "$0.52", "2019-12-31": "$0.31", "2019-09-30": "$0.73", "2019-06-30": "$0.28", "2019-03-31": "$0.42", "2018-12-31": "$0.34", "2018-09-30": "$0.76", "2018-06-30": "$0.50", "2018-03-31": "$0.41", "2017-12-31": "$1.31", "2017-09-30": "$0.65", "2017-06-30": "$0.25", "2017-03-31": "$0.21", "2016-12-31": "$0.21", "2016-09-30": "$0.57", "2016-06-30": "$0.27", "2016-03-31": "$0.22", "2015-12-31": "$0.22", "2015-09-30": "$0.58", "2015-06-30": "$0.35", "2015-03-31": "$0.27", "2014-12-31": "$0.19", "2014-09-30": "$0.66", "2014-06-30": "$0.35", "2014-03-31": "$0.25", "2013-12-31": "$0.18", "2013-09-30": "$0.61", "2013-06-30": "$0.47", "2013-03-31": "$0.19", "2012-12-31": "$0.21", "2012-09-30": "$0.57", "2012-06-30": "$0.08", "2012-03-31": "$0.24", "2011-12-31": "$0.27", "2011-09-30": "$0.56", "2011-06-30": "$0.37", "2011-03-31": "$0.19", "2010-12-31": "$0.12", "2010-09-30": "$0.42", "2010-06-30": "$0.24", "2010-03-31": "$0.18", "2009-12-31": "$0.16", "2009-09-30": "$0.48", "2009-06-30": "$0.23", "2009-03-31": "$0.18", "2008-12-31": "$0.12", "2008-09-30": "$0.35", "2008-06-30": "$0.22", "2008-03-31": "$0.14", "2007-12-31": "$0.16", "2007-09-30": "$0.31", "2007-06-30": "$0.18", "2007-03-31": "$0.19", "2006-12-31": "$0.14", "2006-09-30": "$0.33", "2006-06-30": "$0.11", "2006-03-31": "$0.11", "2005-12-31": "$0.10", "2005-09-30": "$0.30", "2005-06-30": "$0.10", "2005-03-31": "$0.09"}}, "shares-outstanding": {"Silgan Holdings Annual Shares Outstanding (Millions of Shares)": {"2020": "111", "2019": "112", "2018": "112", "2017": "111", "2016": "120", "2015": "123", "2014": "127", "2013": "129", "2012": "140", "2011": "141", "2010": "153", "2009": "154", "2008": "153", "2007": "153", "2006": "152", "2005": "150"}, "Silgan Holdings Quarterly Shares Outstanding (Millions of Shares)": {"2020-12-31": "111", "2020-09-30": "112", "2020-06-30": "111", "2020-03-31": "111", "2019-12-31": "112", "2019-09-30": "112", "2019-06-30": "112", "2019-03-31": "112", "2018-12-31": "112", "2018-09-30": "112", "2018-06-30": "112", "2018-03-31": "112", "2017-12-31": "111", "2017-09-30": "111", "2017-06-30": "111", "2017-03-31": "111", "2016-12-31": "120", "2016-09-30": "122", "2016-06-30": "122", "2016-03-31": "122", "2015-12-31": "123", "2015-09-30": "121", "2015-06-30": "121", "2015-03-31": "126", "2014-12-31": "127", "2014-09-30": "127", "2014-06-30": "128", "2014-03-31": "128", "2013-12-31": "129", "2013-09-30": "128", "2013-06-30": "128", "2013-03-31": "134", "2012-12-31": "140", "2012-09-30": "139", "2012-06-30": "140", "2012-03-31": "141", "2011-12-31": "141", "2011-09-30": "141", "2011-06-30": "141", "2011-03-31": "141", "2010-12-31": "153", "2010-09-30": "155", "2010-06-30": "155", "2010-03-31": "154", "2009-12-31": "154", "2009-09-30": "154", "2009-06-30": "154", "2009-03-31": "154", "2008-12-31": "153", "2008-09-30": "153", "2008-06-30": "153", "2008-03-31": "153", "2007-12-31": "153", "2007-09-30": "153", "2007-06-30": "153", "2007-03-31": "152", "2006-12-31": "152", "2006-09-30": "152", "2006-06-30": "152", "2006-03-31": "151", "2005-12-31": "150", "2005-09-30": "151", "2005-06-30": "150", "2005-03-31": "150"}}, "total-assets": {"Silgan Holdings Annual Total Assets (Millions of US $)": {"2019": "$4,931", "2018": "$4,579", "2017": "$4,645", "2016": "$3,149", "2015": "$3,193", "2014": "$3,274", "2013": "$3,321", "2012": "$3,294", "2011": "$2,979", "2010": "$2,176", "2009": "$2,214", "2008": "$2,164", "2007": "$2,140", "2006": "$2,008", "2005": "$1,531"}, "Silgan Holdings Quarterly Total Assets (Millions of US $)": {"2020-09-30": "$6,453", "2020-06-30": "$6,373", "2020-03-31": "$5,529", "2019-12-31": "$4,931", "2019-09-30": "$5,074", "2019-06-30": "$5,111", "2019-03-31": "$4,925", "2018-12-31": "$4,579", "2018-09-30": "$5,058", "2018-06-30": "$5,060", "2018-03-31": "$4,952", "2017-12-31": "$4,645", "2017-09-30": "$5,021", "2017-06-30": "$4,895", "2017-03-31": "$3,650", "2016-12-31": "$3,149", "2016-09-30": "$3,502", "2016-06-30": "$3,554", "2016-03-31": "$3,384", "2015-12-31": "$3,193", "2015-09-30": "$3,492", "2015-06-30": "$3,503", "2015-03-31": "$3,330", "2014-12-31": "$3,274", "2014-09-30": "$3,630", "2014-06-30": "$3,641", "2014-03-31": "$3,439", "2013-12-31": "$3,321", "2013-09-30": "$3,203", "2013-06-30": "$3,209", "2013-03-31": "$3,100", "2012-12-31": "$3,294", "2012-09-30": "$3,542", "2012-06-30": "$3,221", "2012-03-31": "$3,418", "2011-12-31": "$2,979", "2011-09-30": "$3,020", "2011-06-30": "$3,008", "2011-03-31": "$2,855", "2010-12-31": "$2,176", "2010-09-30": "$2,574", "2010-06-30": "$2,183", "2010-03-31": "$2,160", "2009-12-31": "$2,214", "2009-09-30": "$2,291", "2009-06-30": "$2,240", "2009-03-31": "$2,235", "2008-12-31": "$2,164", "2008-09-30": "$2,572", "2008-06-30": "$2,428", "2008-03-31": "$2,375", "2007-12-31": "$2,140", "2007-09-30": "$2,269", "2007-06-30": "$2,259", "2007-03-31": "$2,144", "2006-12-31": "$2,008", "2006-09-30": "$2,125", "2006-06-30": "$2,091", "2006-03-31": "$1,644", "2005-12-31": "$1,531", "2005-09-30": "$1,759", "2005-06-30": "$1,834", "2005-03-31": "$1,708"}}, "cash-on-hand": {"Silgan Holdings Annual Cash on Hand (Millions of US $)": {"2019": "$204", "2018": "$73", "2017": "$54", "2016": "$25", "2015": "$100", "2014": "$223", "2013": "$160", "2012": "$466", "2011": "$397", "2010": "$175", "2009": "$306", "2008": "$163", "2007": "$96", "2006": "$17", "2005": "$20"}, "Silgan Holdings Quarterly Cash on Hand (Millions of US $)": {"2020-09-30": "$194", "2020-06-30": "$191", "2020-03-31": "$615", "2019-12-31": "$204", "2019-09-30": "$117", "2019-06-30": "$111", "2019-03-31": "$141", "2018-12-31": "$73", "2018-09-30": "$171", "2018-06-30": "$181", "2018-03-31": "$175", "2017-12-31": "$54", "2017-09-30": "$199", "2017-06-30": "$142", "2017-03-31": "$351", "2016-12-31": "$25", "2016-09-30": "$94", "2016-06-30": "$120", "2016-03-31": "$67", "2015-12-31": "$100", "2015-09-30": "$104", "2015-06-30": "$127", "2015-03-31": "$129", "2014-12-31": "$223", "2014-09-30": "$146", "2014-06-30": "$134", "2014-03-31": "$83", "2013-12-31": "$160", "2013-09-30": "$134", "2013-06-30": "$113", "2013-03-31": "$159", "2012-12-31": "$466", "2012-09-30": "$423", "2012-06-30": "$369", "2012-03-31": "$648", "2011-12-31": "$397", "2011-09-30": "$140", "2011-06-30": "$128", "2011-03-31": "$136", "2010-12-31": "$175", "2010-09-30": "$393", "2010-06-30": "$52", "2010-03-31": "$99", "2009-12-31": "$306", "2009-09-30": "$67", "2009-06-30": "$80", "2009-03-31": "$201", "2008-12-31": "$163", "2008-09-30": "$290", "2008-06-30": "$86", "2008-03-31": "$169", "2007-12-31": "$96", "2007-09-30": "$27", "2007-06-30": "$25", "2007-03-31": "$23", "2006-12-31": "$17", "2006-09-30": "$28", "2006-06-30": "$24", "2006-03-31": "$8", "2005-12-31": "$20", "2005-09-30": "$64", "2005-06-30": "$82", "2005-03-31": "$35"}}, "long-term-debt": {"Silgan Holdings Annual Long Term Debt (Millions of US $)": {"2019": "$2,215", "2018": "$2,134", "2017": "$2,439", "2016": "$1,344", "2015": "$1,361", "2014": "$1,459", "2013": "$1,558", "2012": "$1,416", "2011": "$1,288", "2010": "$891", "2009": "$773", "2008": "$726", "2007": "$880", "2006": "$929", "2005": "$700"}, "Silgan Holdings Quarterly Long Term Debt (Millions of US $)": {"2020-09-30": "$3,163", "2020-06-30": "$3,106", "2020-03-31": "$2,175", "2019-12-31": "$2,215", "2019-09-30": "$1,810", "2019-06-30": "$1,825", "2019-03-31": "$2,114", "2018-12-31": "$2,134", "2018-09-30": "$2,186", "2018-06-30": "$2,174", "2018-03-31": "$2,175", "2017-12-31": "$2,439", "2017-09-30": "$2,466", "2017-06-30": "$2,445", "2017-03-31": "$1,592", "2016-12-31": "$1,344", "2016-09-30": "$1,364", "2016-06-30": "$1,365", "2016-03-31": "$1,368", "2015-12-31": "$1,361", "2015-09-30": "$1,436", "2015-06-30": "$1,438", "2015-03-31": "$1,423", "2014-12-31": "$1,459", "2014-09-30": "$1,523", "2014-06-30": "$1,554", "2014-03-31": "$1,558", "2013-12-31": "$1,558", "2013-09-30": "$1,574", "2013-06-30": "$1,259", "2013-03-31": "$1,258", "2012-12-31": "$1,416", "2012-09-30": "$1,566", "2012-06-30": "$1,545", "2012-03-31": "$1,581", "2011-12-31": "$1,288", "2011-09-30": "$1,313", "2011-06-30": "$1,346", "2011-03-31": "$923", "2010-12-31": "$891", "2010-09-30": "$892", "2010-06-30": "$760", "2010-03-31": "$764", "2009-12-31": "$773", "2009-09-30": "$868", "2009-06-30": "$857", "2009-03-31": "$710", "2008-12-31": "$726", "2008-09-30": "$867", "2008-06-30": "$896", "2008-03-31": "$895", "2007-12-31": "$880", "2007-09-30": "$963", "2007-06-30": "$943", "2007-03-31": "$934", "2006-12-31": "$929", "2006-09-30": "$955", "2006-06-30": "$954", "2006-03-31": "$700", "2005-12-31": "$700", "2005-09-30": "$752", "2005-06-30": "$752", "2005-03-31": "$820"}}, "total-liabilities": {"Silgan Holdings Annual Total Liabilities (Millions of US $)": {"2019": "$3,908", "2018": "$3,698", "2017": "$3,879", "2016": "$2,680", "2015": "$2,553", "2014": "$2,564", "2013": "$2,607", "2012": "$2,540", "2011": "$2,321", "2010": "$1,622", "2009": "$1,529", "2008": "$1,639", "2007": "$1,640", "2006": "$1,642", "2005": "$1,257"}, "Silgan Holdings Quarterly Total Liabilities (Millions of US $)": {"2020-09-30": "$5,234", "2020-06-30": "$5,283", "2020-03-31": "$4,508", "2019-12-31": "$3,908", "2019-09-30": "$4,105", "2019-06-30": "$4,181", "2019-03-31": "$4,024", "2018-12-31": "$3,698", "2018-09-30": "$4,146", "2018-06-30": "$4,222", "2018-03-31": "$4,128", "2017-12-31": "$3,879", "2017-09-30": "$4,398", "2017-06-30": "$4,352", "2017-03-31": "$3,160", "2016-12-31": "$2,680", "2016-09-30": "$2,750", "2016-06-30": "$2,865", "2016-03-31": "$2,716", "2015-12-31": "$2,553", "2015-09-30": "$2,860", "2015-06-30": "$2,920", "2015-03-31": "$2,787", "2014-12-31": "$2,564", "2014-09-30": "$2,849", "2014-06-30": "$2,883", "2014-03-31": "$2,714", "2013-12-31": "$2,607", "2013-09-30": "$2,574", "2013-06-30": "$2,661", "2013-03-31": "$2,589", "2012-12-31": "$2,540", "2012-09-30": "$2,806", "2012-06-30": "$2,561", "2012-03-31": "$2,724", "2011-12-31": "$2,321", "2011-09-30": "$2,352", "2011-06-30": "$2,372", "2011-03-31": "$2,267", "2010-12-31": "$1,622", "2010-09-30": "$1,779", "2010-06-30": "$1,463", "2010-03-31": "$1,459", "2009-12-31": "$1,529", "2009-09-30": "$1,634", "2009-06-30": "$1,663", "2009-03-31": "$1,698", "2008-12-31": "$1,639", "2008-09-30": "$1,980", "2008-06-30": "$1,871", "2008-03-31": "$1,858", "2007-12-31": "$1,640", "2007-09-30": "$1,801", "2007-06-30": "$1,835", "2007-03-31": "$1,751", "2006-12-31": "$1,642", "2006-09-30": "$1,783", "2006-06-30": "$1,792", "2006-03-31": "$1,358", "2005-12-31": "$1,257", "2005-09-30": "$1,478", "2005-06-30": "$1,601", "2005-03-31": "$1,487"}}, "total-share-holder-equity": {"Silgan Holdings Annual Share Holder Equity (Millions of US $)": {"2019": "$1,023", "2018": "$881", "2017": "$766", "2016": "$469", "2015": "$639", "2014": "$710", "2013": "$714", "2012": "$754", "2011": "$658", "2010": "$554", "2009": "$686", "2008": "$525", "2007": "$500", "2006": "$367", "2005": "$273"}, "Silgan Holdings Quarterly Share Holder Equity (Millions of US $)": {"2020-09-30": "$1,219", "2020-06-30": "$1,090", "2020-03-31": "$1,021", "2019-12-31": "$1,023", "2019-09-30": "$969", "2019-06-30": "$930", "2019-03-31": "$900", "2018-12-31": "$881", "2018-09-30": "$912", "2018-06-30": "$838", "2018-03-31": "$825", "2017-12-31": "$766", "2017-09-30": "$623", "2017-06-30": "$543", "2017-03-31": "$490", "2016-12-31": "$469", "2016-09-30": "$752", "2016-06-30": "$689", "2016-03-31": "$668", "2015-12-31": "$639", "2015-09-30": "$632", "2015-06-30": "$583", "2015-03-31": "$543", "2014-12-31": "$710", "2014-09-30": "$781", "2014-06-30": "$758", "2014-03-31": "$725", "2013-12-31": "$714", "2013-09-30": "$629", "2013-06-30": "$548", "2013-03-31": "$511", "2012-12-31": "$754", "2012-09-30": "$736", "2012-06-30": "$660", "2012-03-31": "$694", "2011-12-31": "$658", "2011-09-30": "$668", "2011-06-30": "$636", "2011-03-31": "$588", "2010-12-31": "$554", "2010-09-30": "$795", "2010-06-30": "$720", "2010-03-31": "$701", "2009-12-31": "$686", "2009-09-30": "$657", "2009-06-30": "$577", "2009-03-31": "$537", "2008-12-31": "$525", "2008-09-30": "$593", "2008-06-30": "$557", "2008-03-31": "$517", "2007-12-31": "$500", "2007-09-30": "$469", "2007-06-30": "$424", "2007-03-31": "$393", "2006-12-31": "$367", "2006-09-30": "$343", "2006-06-30": "$299", "2006-03-31": "$286", "2005-12-31": "$273", "2005-09-30": "$281", "2005-06-30": "$233", "2005-03-31": "$221"}}, "profit-margins": {"current": "6.27%"}, "gross margin": {"2020-12-31": "17.62%", "2020-09-30": "17.38%", "2020-06-30": "16.92%", "2020-03-31": "16.34%", "2019-12-31": "15.93%", "2019-09-30": "15.74%", "2019-06-30": "15.70%", "2019-03-31": "15.57%", "2018-12-31": "15.49%", "2018-09-30": "15.75%", "2018-06-30": "15.94%", "2018-03-31": "15.76%", "2017-12-31": "15.53%", "2017-09-30": "14.64%", "2017-06-30": "14.50%", "2017-03-31": "14.23%", "2016-12-31": "14.17%", "2016-09-30": "14.76%", "2016-06-30": "14.59%", "2016-03-31": "14.60%", "2015-12-31": "14.71%", "2015-09-30": "14.67%", "2015-06-30": "15.12%", "2015-03-31": "15.37%", "2014-12-31": "15.37%", "2014-09-30": "15.47%", "2014-06-30": "15.24%", "2014-03-31": "14.96%", "2013-12-31": "14.75%", "2013-09-30": "14.47%", "2013-06-30": "14.34%", "2013-03-31": "14.21%", "2012-12-31": "14.41%", "2012-09-30": "14.72%", "2012-06-30": "14.80%", "2012-03-31": "14.86%", "2011-12-31": "14.79%", "2011-09-30": "14.77%", "2011-06-30": "14.79%", "2011-03-31": "15.14%", "2010-12-31": "15.36%", "2010-09-30": "15.20%", "2010-06-30": "15.29%", "2010-03-31": "15.25%", "2009-12-31": "15.03%", "2009-09-30": "14.69%", "2009-06-30": "14.09%", "2009-03-31": "13.92%", "2008-12-31": "13.65%", "2008-09-30": "14.04%", "2008-06-30": "13.95%", "2008-03-31": "13.88%", "2007-12-31": "14.36%", "2007-09-30": "14.56%", "2007-06-30": "14.64%", "2007-03-31": "14.23%", "2006-12-31": "13.57%", "2006-09-30": "12.99%", "2006-06-30": "12.93%", "2006-03-31": "13.13%", "2005-12-31": "12.98%"}, "operating margin": {"2020-12-31": "10.40%", "2020-09-30": "10.08%", "2020-06-30": "9.55%", "2020-03-31": "8.35%", "2019-12-31": "8.02%", "2019-09-30": "8.11%", "2019-06-30": "8.25%", "2019-03-31": "9.10%", "2018-12-31": "9.24%", "2018-09-30": "9.60%", "2018-06-30": "9.71%", "2018-03-31": "9.12%", "2017-12-31": "8.73%", "2017-09-30": "8.28%", "2017-06-30": "8.11%", "2017-03-31": "8.25%", "2016-12-31": "8.27%", "2016-09-30": "8.25%", "2016-06-30": "8.10%", "2016-03-31": "8.29%", "2015-12-31": "8.50%", "2015-09-30": "8.48%", "2015-06-30": "9.10%", "2015-03-31": "9.30%", "2014-12-31": "9.23%", "2014-09-30": "9.23%", "2014-06-30": "9.06%", "2014-03-31": "8.86%", "2013-12-31": "8.74%", "2013-09-30": "8.86%", "2013-06-30": "8.82%", "2013-03-31": "8.79%", "2012-12-31": "9.08%", "2012-09-30": "9.45%", "2012-06-30": "9.54%", "2012-03-31": "10.24%", "2011-12-31": "10.09%", "2011-09-30": "9.54%", "2011-06-30": "9.51%", "2011-03-31": "9.03%", "2010-12-31": "9.24%", "2010-09-30": "9.66%", "2010-06-30": "9.84%", "2010-03-31": "9.85%", "2009-12-31": "9.72%", "2009-09-30": "9.21%", "2009-06-30": "8.46%", "2009-03-31": "8.27%", "2008-12-31": "8.14%", "2008-09-30": "8.75%", "2008-06-30": "8.69%", "2008-03-31": "8.60%", "2007-12-31": "9.10%", "2007-09-30": "9.05%", "2007-06-30": "8.99%", "2007-03-31": "8.62%", "2006-12-31": "8.06%", "2006-09-30": "7.93%", "2006-06-30": "8.07%", "2006-03-31": "8.48%", "2005-12-31": "8.37%"}, "ebitda margin": {"2020-09-30": "14.66%", "2020-06-30": "14.14%", "2020-03-31": "13.00%", "2019-12-31": "12.68%", "2019-09-30": "12.66%", "2019-06-30": "12.74%", "2019-03-31": "13.56%", "2018-12-31": "13.67%", "2018-09-30": "14.08%", "2018-06-30": "14.17%", "2018-03-31": "13.54%", "2017-12-31": "13.08%", "2017-09-30": "12.54%", "2017-06-30": "12.30%", "2017-03-31": "12.33%", "2016-12-31": "12.37%", "2016-09-30": "12.29%", "2016-06-30": "12.05%", "2016-03-31": "12.22%", "2015-12-31": "12.40%", "2015-09-30": "12.35%", "2015-06-30": "12.95%", "2015-03-31": "13.17%", "2014-12-31": "13.09%", "2014-09-30": "13.32%", "2014-06-30": "13.32%", "2014-03-31": "13.27%", "2013-12-31": "13.37%", "2013-09-30": "13.48%", "2013-06-30": "13.50%", "2013-03-31": "13.52%", "2012-12-31": "13.79%", "2012-09-30": "14.13%", "2012-06-30": "14.21%", "2012-03-31": "14.94%", "2011-12-31": "14.76%", "2011-09-30": "14.24%", "2011-06-30": "14.23%", "2011-03-31": "13.79%", "2010-12-31": "14.00%", "2010-09-30": "14.45%", "2010-06-30": "14.64%", "2010-03-31": "14.63%", "2009-12-31": "14.54%", "2009-09-30": "13.95%", "2009-06-30": "13.27%", "2009-03-31": "12.98%", "2008-12-31": "12.78%", "2008-09-30": "13.52%", "2008-06-30": "13.45%", "2008-03-31": "13.44%", "2007-12-31": "13.89%", "2007-09-30": "13.77%", "2007-06-30": "13.72%", "2007-03-31": "13.39%", "2006-12-31": "12.86%", "2006-09-30": "12.68%", "2006-06-30": "12.89%", "2006-03-31": "13.29%", "2005-12-31": "13.26%"}, "pre tax profit margin": {"2020-12-31": "8.25%", "2020-09-30": "7.93%", "2020-06-30": "7.30%", "2020-03-31": "5.99%", "2019-12-31": "5.61%", "2019-09-30": "5.63%", "2019-06-30": "5.78%", "2019-03-31": "6.54%", "2018-12-31": "6.61%", "2018-09-30": "6.86%", "2018-06-30": "6.88%", "2018-03-31": "6.24%", "2017-12-31": "5.87%", "2017-09-30": "5.62%", "2017-06-30": "5.72%", "2017-03-31": "6.21%", "2016-12-31": "6.42%", "2016-09-30": "6.40%", "2016-06-30": "6.29%", "2016-03-31": "6.52%", "2015-12-31": "6.75%", "2015-09-30": "6.74%", "2015-06-30": "7.29%", "2015-03-31": "7.41%", "2014-12-31": "7.26%", "2014-09-30": "7.22%", "2014-06-30": "7.09%", "2014-03-31": "6.95%", "2013-12-31": "6.88%", "2013-09-30": "7.08%", "2013-06-30": "7.05%", "2013-03-31": "5.92%", "2012-12-31": "6.21%", "2012-09-30": "6.56%", "2012-06-30": "6.63%", "2012-03-31": "8.42%", "2011-12-31": "8.29%", "2011-09-30": "7.65%", "2011-06-30": "7.41%", "2011-03-31": "6.98%", "2010-12-31": "7.19%", "2010-09-30": "7.70%", "2010-06-30": "8.15%", "2010-03-31": "8.13%", "2009-12-31": "8.09%", "2009-09-30": "7.60%", "2009-06-30": "6.75%", "2009-03-31": "6.52%", "2008-12-31": "6.22%", "2008-09-30": "6.73%", "2008-06-30": "6.52%", "2008-03-31": "6.37%", "2007-12-31": "6.84%", "2007-09-30": "6.76%", "2007-06-30": "6.67%", "2007-03-31": "6.30%", "2006-12-31": "5.81%", "2006-09-30": "5.82%", "2006-06-30": "6.11%", "2006-03-31": "6.11%", "2005-12-31": "5.93%"}, "net profit margin": {"2020-12-31": "6.28%", "2020-09-30": "5.99%", "2020-06-30": "5.51%", "2020-03-31": "4.56%", "2019-12-31": "4.32%", "2019-09-30": "4.37%", "2019-06-30": "4.47%", "2019-03-31": "5.04%", "2018-12-31": "5.04%", "2018-09-30": "7.59%", "2018-06-30": "7.36%", "2018-03-31": "6.80%", "2017-12-31": "6.58%", "2017-09-30": "3.77%", "2017-06-30": "3.84%", "2017-03-31": "4.14%", "2016-12-31": "4.26%", "2016-09-30": "4.32%", "2016-06-30": "4.24%", "2016-03-31": "4.44%", "2015-12-31": "4.57%", "2015-09-30": "4.40%", "2015-06-30": "4.70%", "2015-03-31": "4.75%", "2014-12-31": "4.65%", "2014-09-30": "4.68%", "2014-06-30": "4.60%", "2014-03-31": "5.07%", "2013-12-31": "4.99%", "2013-09-30": "5.16%", "2013-06-30": "5.25%", "2013-03-31": "3.98%", "2012-12-31": "4.24%", "2012-09-30": "4.49%", "2012-06-30": "4.48%", "2012-03-31": "5.60%", "2011-12-31": "5.50%", "2011-09-30": "5.08%", "2011-06-30": "4.88%", "2011-03-31": "4.60%", "2010-12-31": "4.69%", "2010-09-30": "4.96%", "2010-06-30": "5.23%", "2010-03-31": "5.20%", "2009-12-31": "5.22%", "2009-09-30": "4.96%", "2009-06-30": "4.36%", "2009-03-31": "4.23%", "2008-12-31": "4.01%", "2008-09-30": "4.28%", "2008-06-30": "4.19%", "2008-03-31": "4.06%", "2007-12-31": "4.38%", "2007-09-30": "4.33%", "2007-06-30": "4.48%", "2007-03-31": "4.22%", "2006-12-31": "3.90%", "2006-09-30": "3.72%", "2006-06-30": "3.61%", "2006-03-31": "3.59%", "2005-12-31": "3.49%"}, "pe ratio": {"current": "12.32", "2021-02-05": "16.90", "2020-12-31": "16.63", "2020-09-30": "14.43", "2020-06-30": "14.24", "2020-03-31": "15.61", "2019-12-31": "17.60", "2019-09-30": "16.66", "2019-06-30": "16.63", "2019-03-31": "14.29", "2018-12-31": "11.41", "2018-09-30": "9.02", "2018-06-30": "9.01", "2018-03-31": "10.20", "2017-12-31": "11.62", "2017-09-30": "21.34", "2017-06-30": "24.37", "2017-03-31": "22.24", "2016-12-31": "18.97", "2016-09-30": "18.47", "2016-06-30": "18.65", "2016-03-31": "18.16", "2015-12-31": "17.70", "2015-09-30": "17.53", "2015-06-30": "16.81", "2015-03-31": "18.53", "2014-12-31": "17.27", "2014-09-30": "15.16", "2014-06-30": "16.93", "2014-03-31": "15.13", "2013-12-31": "15.18", "2013-09-30": "14.51", "2013-06-30": "14.86", "2013-03-31": "20.51", "2012-12-31": "17.22", "2012-09-30": "17.12", "2012-06-30": "16.83", "2012-03-31": "13.84", "2011-12-31": "12.50", "2011-09-30": "13.36", "2011-06-30": "16.78", "2011-03-31": "17.71", "2010-12-31": "16.80", "2010-09-30": "14.15", "2010-06-30": "11.92", "2010-03-31": "12.79", "2009-12-31": "12.16", "2009-09-30": "10.98", "2009-06-30": "11.66", "2009-03-31": "12.48", "2008-12-31": "11.87", "2008-09-30": "13.09", "2008-06-30": "13.49", "2008-03-31": "13.89", "2007-12-31": "13.59", "2007-09-30": "13.89", "2007-06-30": "13.98", "2007-03-31": "14.04", "2006-12-31": "13.29"}, "price sales": {"2021-02-05": "0.85", "2020-12-31": "0.84", "2020-09-30": "0.86", "2020-06-30": "0.78", "2020-03-31": "0.71", "2019-12-31": "0.76", "2019-09-30": "0.73", "2019-06-30": "0.74", "2019-03-31": "0.72", "2018-12-31": "0.58", "2018-09-30": "0.69", "2018-06-30": "0.66", "2018-03-31": "0.69", "2017-12-31": "0.77", "2017-09-30": "0.81", "2017-06-30": "0.93", "2017-03-31": "0.92", "2016-12-31": "0.81", "2016-09-30": "0.80", "2016-06-30": "0.80", "2016-03-31": "0.81", "2015-12-31": "0.82", "2015-09-30": "0.78", "2015-06-30": "0.79", "2015-03-31": "0.88", "2014-12-31": "0.81", "2014-09-30": "0.72", "2014-06-30": "0.78", "2014-03-31": "0.77", "2013-12-31": "0.76", "2013-09-30": "0.76", "2013-06-30": "0.78", "2013-03-31": "0.82", "2012-12-31": "0.73", "2012-09-30": "0.77", "2012-06-30": "0.75", "2012-03-31": "0.78", "2011-12-31": "0.69", "2011-09-30": "0.69", "2011-06-30": "0.83", "2011-03-31": "0.82", "2010-12-31": "0.79", "2010-09-30": "0.70", "2010-06-30": "0.62", "2010-03-31": "0.66", "2009-12-31": "0.63", "2009-09-30": "0.56", "2009-06-30": "0.53", "2009-03-31": "0.56", "2008-12-31": "0.50", "2008-09-30": "0.54", "2008-06-30": "0.55", "2008-03-31": "0.54", "2007-12-31": "0.57", "2007-09-30": "0.60", "2007-06-30": "0.62", "2007-03-31": "0.59", "2006-12-31": "0.52"}, "price book": {"current": "3.33", "2021-02-05": "3.43", "2020-09-30": "3.33", "2020-06-30": "3.27", "2020-03-31": "3.12", "2019-12-31": "3.32", "2019-09-30": "3.37", "2019-06-30": "3.58", "2019-03-31": "3.56", "2018-12-31": "2.87", "2018-09-30": "3.26", "2018-06-30": "3.41", "2018-03-31": "3.58", "2017-12-31": "4.05", "2017-09-30": "4.97", "2017-06-30": "6.14", "2017-03-31": "6.33", "2016-12-31": "2.84", "2016-09-30": "1.91", "2016-06-30": "2.12", "2016-03-31": "4.50", "2015-12-31": "4.73", "2015-09-30": "4.62", "2015-06-30": "5.07", "2015-03-31": "5.99", "2014-12-31": "4.40", "2014-09-30": "3.49", "2014-06-30": "3.90", "2014-03-31": "3.96", "2013-12-31": "3.88", "2013-09-30": "4.30", "2013-06-30": "4.92", "2013-03-31": "5.32", "2012-12-31": "3.43", "2012-09-30": "3.67", "2012-06-30": "4.02", "2012-03-31": "3.97", "2011-12-31": "3.65", "2011-09-30": "3.41", "2011-06-30": "4.00", "2011-03-31": "4.01", "2010-12-31": "3.98", "2010-09-30": "2.68", "2010-06-30": "2.64", "2010-03-31": "2.87", "2009-12-31": "1.40", "2009-09-30": "1.33", "2009-06-30": "1.39", "2009-03-31": "1.60", "2008-12-31": "2.96", "2008-09-30": "2.78", "2008-06-30": "2.93", "2008-03-31": "3.07", "2007-12-31": "3.30", "2007-09-30": "3.63", "2007-06-30": "4.12", "2007-03-31": "4.08", "2006-12-31": "3.75", "2006-09-30": "3.40", "2006-06-30": "3.83", "2006-03-31": "4.32"}, "price fcf": {"2021-02-05": "", "2020-09-30": "$3.58", "2020-06-30": "$3.15", "2020-03-31": "$2.33", "2019-12-31": "$2.48", "2019-09-30": "$2.40", "2019-06-30": "$2.28", "2019-03-31": "$2.13", "2018-12-31": "$2.83", "2018-09-30": "$2.00", "2018-06-30": "$2.26", "2018-03-31": "$2.30", "2017-12-31": "$1.93", "2017-09-30": "$1.87", "2017-06-30": "$1.96", "2017-03-31": "$1.81", "2016-12-31": "$1.68", "2016-09-30": "$1.10", "2016-06-30": "$0.48", "2016-03-31": "$0.58", "2015-12-31": "$0.80", "2015-09-30": "$1.14", "2015-06-30": "$1.45", "2015-03-31": "$1.12", "2014-12-31": "$1.63", "2014-09-30": "$1.38", "2014-06-30": "$1.83", "2014-03-31": "$1.60", "2013-12-31": "$1.91", "2013-09-30": "$1.70", "2013-06-30": "$1.83", "2013-03-31": "$1.90", "2012-12-31": "$1.66", "2012-09-30": "$1.01", "2012-06-30": "$0.48", "2012-03-31": "$1.04", "2011-12-31": "$1.33", "2011-09-30": "$0.87", "2011-06-30": "$0.99", "2011-03-31": "$1.04", "2010-12-31": "$0.54", "2010-09-30": "$1.13", "2010-06-30": "$0.81", "2010-03-31": "$0.68", "2009-12-31": "$1.45", "2009-09-30": "$1.17", "2009-06-30": "$1.32", "2009-03-31": "$1.31", "2008-12-31": "$1.45", "2008-09-30": "$1.12", "2008-06-30": "$0.91", "2008-03-31": "$0.96", "2007-12-31": "$0.82", "2007-09-30": "$0.70", "2007-06-30": "$0.62", "2007-03-31": "$0.74", "2006-12-31": "$0.66"}, "net worth": {"value": "$4.17B"}, "current ratio": {"2020-12-31": "0.41", "2020-09-30": "1.47", "2020-06-30": "1.34", "2020-03-31": "1.21", "2019-12-31": "1.38", "2019-09-30": "1.01", "2019-06-30": "0.98", "2019-03-31": "1.15", "2018-12-31": "1.20", "2018-09-30": "1.17", "2018-06-30": "1.11", "2018-03-31": "1.08", "2017-12-31": "1.35", "2017-09-30": "1.27", "2017-06-30": "1.23", "2017-03-31": "1.32", "2016-12-31": "1.12", "2016-09-30": "1.34", "2016-06-30": "1.27", "2016-03-31": "1.29", "2015-12-31": "1.34", "2015-09-30": "1.37", "2015-06-30": "1.31", "2015-03-31": "1.33", "2014-12-31": "1.71", "2014-09-30": "1.58", "2014-06-30": "1.54", "2014-03-31": "1.63", "2013-12-31": "1.75", "2013-09-30": "2.16", "2013-06-30": "1.33", "2013-03-31": "1.33", "2012-12-31": "1.96", "2012-09-30": "1.97", "2012-06-30": "2.52", "2012-03-31": "2.42", "2011-12-31": "2.24", "2011-09-30": "2.16", "2011-06-30": "2.07", "2011-03-31": "1.31", "2010-12-31": "2.09", "2010-09-30": "2.14", "2010-06-30": "2.22", "2010-03-31": "2.13", "2009-12-31": "2.15", "2009-09-30": "2.25", "2009-06-30": "1.96", "2009-03-31": "1.44", "2008-12-31": "1.47", "2008-09-30": "1.45", "2008-06-30": "1.48", "2008-03-31": "1.43", "2007-12-31": "1.57", "2007-09-30": "1.66", "2007-06-30": "1.54", "2007-03-31": "1.56", "2006-12-31": "1.66", "2006-09-30": "1.59", "2006-06-30": "1.56", "2006-03-31": "1.51", "2005-12-31": "1.63", "2005-09-30": "1.42", "2005-06-30": "1.30", "2005-03-31": "1.52"}, "quick ratio": {"2020-12-31": "0.25", "2020-09-30": "0.92", "2020-06-30": "0.74", "2020-03-31": "0.78", "2019-12-31": "0.76", "2019-09-30": "0.58", "2019-06-30": "0.49", "2019-03-31": "0.62", "2018-12-31": "0.61", "2018-09-30": "0.70", "2018-06-30": "0.58", "2018-03-31": "0.57", "2017-12-31": "0.60", "2017-09-30": "0.73", "2017-06-30": "0.58", "2017-03-31": "0.67", "2016-12-31": "0.42", "2016-09-30": "0.68", "2016-06-30": "0.52", "2016-03-31": "0.49", "2015-12-31": "0.53", "2015-09-30": "0.78", "2015-06-30": "0.59", "2015-03-31": "0.60", "2014-12-31": "0.88", "2014-09-30": "0.92", "2014-06-30": "0.71", "2014-03-31": "0.75", "2013-12-31": "0.91", "2013-09-30": "1.28", "2013-06-30": "0.62", "2013-03-31": "0.63", "2012-12-31": "1.23", "2012-09-30": "1.29", "2012-06-30": "1.33", "2012-03-31": "1.47", "2011-12-31": "1.31", "2011-09-30": "1.23", "2011-06-30": "0.94", "2011-03-31": "0.60", "2010-12-31": "1.03", "2010-09-30": "1.44", "2010-06-30": "0.89", "2010-03-31": "0.95", "2009-12-31": "1.24", "2009-09-30": "1.39", "2009-06-30": "0.83", "2009-03-31": "0.74", "2008-12-31": "0.81", "2008-09-30": "0.97", "2008-06-30": "0.66", "2008-03-31": "0.69", "2007-12-31": "0.70", "2007-09-30": "0.92", "2007-06-30": "0.63", "2007-03-31": "0.63", "2006-12-31": "0.67", "2006-09-30": "0.90", "2006-06-30": "0.65", "2006-03-31": "0.59", "2005-12-31": "0.63", "2005-09-30": "0.84", "2005-06-30": "0.59", "2005-03-31": "0.62"}, "debt equity ratio": {"current": "2.60", "2020-12-31": "4.20", "2020-09-30": "4.29", "2020-06-30": "4.85", "2020-03-31": "4.42", "2019-12-31": "3.82", "2019-09-30": "4.24", "2019-06-30": "4.50", "2019-03-31": "4.47", "2018-12-31": "4.20", "2018-09-30": "4.55", "2018-06-30": "5.04", "2018-03-31": "5.01", "2017-12-31": "5.06", "2017-09-30": "7.06", "2017-06-30": "8.01", "2017-03-31": "6.44", "2016-12-31": "5.71", "2016-09-30": "3.66", "2016-06-30": "4.16", "2016-03-31": "4.07", "2015-12-31": "4.00", "2015-09-30": "4.53", "2015-06-30": "5.01", "2015-03-31": "5.13", "2014-12-31": "3.61", "2014-09-30": "3.65", "2014-06-30": "3.81", "2014-03-31": "3.74", "2013-12-31": "3.65", "2013-09-30": "4.09", "2013-06-30": "4.86", "2013-03-31": "5.07", "2012-12-31": "3.37", "2012-09-30": "3.81", "2012-06-30": "3.88", "2012-03-31": "3.92", "2011-12-31": "3.53", "2011-09-30": "3.52", "2011-06-30": "3.73", "2011-03-31": "3.86", "2010-12-31": "2.93", "2010-09-30": "2.24", "2010-06-30": "2.03", "2010-03-31": "2.08", "2009-12-31": "2.23", "2009-09-30": "2.49", "2009-06-30": "2.88", "2009-03-31": "3.16", "2008-12-31": "3.12", "2008-09-30": "3.34", "2008-06-30": "3.36", "2008-03-31": "3.60", "2007-12-31": "3.28", "2007-09-30": "3.84", "2007-06-30": "4.33", "2007-03-31": "4.45", "2006-12-31": "4.48", "2006-09-30": "5.20", "2006-06-30": "5.99", "2006-03-31": "4.75", "2005-12-31": "4.60", "2005-09-30": "5.26", "2005-06-30": "6.86", "2005-03-31": "6.71"}, "return on equity": {"2020-12-31": "26.97%", "2020-09-30": "26.10%", "2020-06-30": "24.57%", "2020-03-31": "20.80%", "2019-12-31": "20.30%", "2019-09-30": "21.41%", "2019-06-30": "22.19%", "2019-03-31": "25.49%", "2018-12-31": "25.93%", "2018-09-30": "39.75%", "2018-06-30": "41.81%", "2018-03-31": "42.36%", "2017-12-31": "44.43%", "2017-09-30": "27.67%", "2017-06-30": "25.73%", "2017-03-31": "25.00%", "2016-12-31": "23.89%", "2016-09-30": "22.85%", "2016-06-30": "23.90%", "2016-03-31": "26.33%", "2015-12-31": "28.70%", "2015-09-30": "27.39%", "2015-06-30": "27.82%", "2015-03-31": "26.36%", "2014-12-31": "24.48%", "2014-09-30": "24.31%", "2014-06-30": "24.77%", "2014-03-31": "29.20%", "2013-12-31": "30.81%", "2013-09-30": "31.29%", "2013-06-30": "30.29%", "2013-03-31": "21.65%", "2012-12-31": "21.38%", "2012-09-30": "23.29%", "2012-06-30": "23.88%", "2012-03-31": "30.12%", "2011-12-31": "30.27%", "2011-09-30": "28.13%", "2011-06-30": "24.56%", "2011-03-31": "21.53%", "2010-12-31": "20.79%", "2010-09-30": "20.95%", "2010-06-30": "23.30%", "2010-03-31": "24.42%", "2009-12-31": "26.05%", "2009-09-30": "26.83%", "2009-06-30": "23.84%", "2009-03-31": "23.69%", "2008-12-31": "22.81%", "2008-09-30": "24.18%", "2008-06-30": "24.67%", "2008-03-31": "25.13%", "2007-12-31": "28.67%", "2007-09-30": "30.25%", "2007-06-30": "33.27%", "2007-03-31": "33.10%", "2006-12-31": "32.12%", "2006-09-30": "32.31%", "2006-06-30": "32.31%", "2006-03-31": "33.92%", "2005-12-31": "34.52%"}, "return on assets": {"2020-12-31": "4.97%", "2020-09-30": "4.88%", "2020-06-30": "4.60%", "2020-03-31": "3.97%", "2019-12-31": "3.87%", "2019-09-30": "4.00%", "2019-06-30": "4.09%", "2019-03-31": "4.59%", "2018-12-31": "4.56%", "2018-09-30": "6.74%", "2018-06-30": "6.48%", "2018-03-31": "5.99%", "2017-12-31": "5.91%", "2017-09-30": "3.52%", "2017-06-30": "3.82%", "2017-03-31": "4.33%", "2016-12-31": "4.53%", "2016-09-30": "4.61%", "2016-06-30": "4.61%", "2016-03-31": "4.89%", "2015-12-31": "5.09%", "2015-09-30": "4.97%", "2015-06-30": "5.30%", "2015-03-31": "5.30%", "2014-12-31": "5.21%", "2014-09-30": "5.16%", "2014-06-30": "5.15%", "2014-03-31": "5.80%", "2013-12-31": "5.77%", "2013-09-30": "5.97%", "2013-06-30": "5.87%", "2013-03-31": "4.38%", "2012-12-31": "4.51%", "2012-09-30": "4.86%", "2012-06-30": "5.06%", "2012-03-31": "6.44%", "2011-12-31": "6.51%", "2011-09-30": "6.22%", "2011-06-30": "5.95%", "2011-03-31": "5.84%", "2010-12-31": "6.33%", "2010-09-30": "6.66%", "2010-06-30": "7.28%", "2010-03-31": "7.19%", "2009-12-31": "7.13%", "2009-09-30": "6.90%", "2009-06-30": "5.78%", "2009-03-31": "5.58%", "2008-12-31": "5.24%", "2008-09-30": "5.51%", "2008-06-30": "5.47%", "2008-03-31": "5.31%", "2007-12-31": "5.81%", "2007-09-30": "5.76%", "2007-06-30": "5.95%", "2007-03-31": "5.54%", "2006-12-31": "5.29%", "2006-09-30": "5.25%", "2006-06-30": "5.24%", "2006-03-31": "5.38%", "2005-12-31": "5.09%"}, "return on investments": {"2020-12-31": "17.40%", "2020-09-30": "12.74%", "2020-06-30": "13.04%", "2020-03-31": "12.54%", "2019-12-31": "12.22%", "2019-09-30": "12.66%", "2019-06-30": "12.49%", "2019-03-31": "13.38%", "2018-12-31": "13.56%", "2018-09-30": "13.64%", "2018-06-30": "13.68%", "2018-03-31": "12.77%", "2017-12-31": "12.57%", "2017-09-30": "12.95%", "2017-06-30": "13.60%", "2017-03-31": "14.83%", "2016-12-31": "14.91%", "2016-09-30": "14.62%", "2016-06-30": "14.71%", "2016-03-31": "15.26%", "2015-12-31": "15.89%", "2015-09-30": "15.86%", "2015-06-30": "16.64%", "2015-03-31": "16.46%", "2014-12-31": "15.92%", "2014-09-30": "15.57%", "2014-06-30": "15.21%", "2014-03-31": "15.60%", "2013-12-31": "16.10%", "2013-09-30": "16.51%", "2013-06-30": "16.10%", "2013-03-31": "15.06%", "2012-12-31": "14.57%", "2012-09-30": "15.44%", "2012-06-30": "16.23%", "2012-03-31": "17.89%", "2011-12-31": "19.09%", "2011-09-30": "18.68%", "2011-06-30": "18.60%", "2011-03-31": "18.36%", "2010-12-31": "18.69%", "2010-09-30": "19.43%", "2010-06-30": "20.44%", "2010-03-31": "20.60%", "2009-12-31": "21.04%", "2009-09-30": "20.96%", "2009-06-30": "19.14%", "2009-03-31": "18.93%", "2008-12-31": "18.22%", "2008-09-30": "18.79%", "2008-06-30": "18.39%", "2008-03-31": "18.18%", "2007-12-31": "19.33%", "2007-09-30": "19.26%", "2007-06-30": "19.29%", "2007-03-31": "18.32%", "2006-12-31": "17.80%", "2006-09-30": "18.36%", "2006-06-30": "19.42%", "2006-03-31": "21.63%", "2005-12-31": "20.73%"}, "return on tangible equity": {"2020-09-30": "-34.53%", "2020-06-30": "-37.46%", "2020-03-31": "-39.75%", "2019-12-31": "-35.37%", "2019-09-30": "-33.25%", "2019-06-30": "-32.32%", "2019-03-31": "-34.32%", "2018-12-31": "-32.25%", "2018-09-30": "-45.02%", "2018-06-30": "-38.99%", "2018-03-31": "-32.49%", "2017-12-31": "-34.51%", "2017-09-30": "-22.51%", "2017-06-30": "-34.10%", "2017-03-31": "-77.72%", "2016-12-31": "-99.84%", "2016-09-30": "-133.62%", "2016-06-30": "-103.46%", "2016-03-31": "-90.34%", "2015-12-31": "-79.17%", "2015-09-30": "-81.25%", "2015-06-30": "-100.83%", "2015-03-31": "-123.70%", "2014-12-31": "-154.56%", "2014-09-30": "-143.37%", "2014-06-30": "-145.53%", "2014-03-31": "-154.03%", "2013-12-31": "-144.53%", "2013-09-30": "-277.82%", "2013-06-30": "-467.88%", "2013-03-31": "394.52%", "2012-12-31": "117.83%", "2012-09-30": "103.73%", "2012-06-30": "87.55%", "2012-03-31": "115.94%", "2011-12-31": "131.52%", "2011-09-30": "120.28%", "2011-06-30": "75.06%", "2011-03-31": "53.21%", "2010-12-31": "43.60%", "2010-09-30": "40.81%", "2010-06-30": "47.95%", "2010-03-31": "53.78%", "2009-12-31": "62.14%", "2009-09-30": "70.72%", "2009-06-30": "66.09%", "2009-03-31": "68.23%", "2008-12-31": "69.54%", "2008-09-30": "77.29%", "2008-06-30": "91.97%", "2008-03-31": "112.68%", "2007-12-31": "159.01%", "2007-09-30": "238.10%", "2007-06-30": "434.19%", "2007-03-31": "2442.11%", "2006-12-31": "770.37%", "2006-09-30": "404.17%", "2006-06-30": "234.39%", "2006-03-31": "170.09%", "2005-12-31": "207.14%"}, "dividend yield history": {"last payout": "$0.48", "last yield": "1.27%"}}