{"ticker": "SIRI", "price": {"title": "Sirius XM Holdings Historical Annual Stock Price Data", "value": 6.11, "historical": {"2021": {"Average Stock Price": "6.1448", "Year Open": "6.1700", "Year High": "6.8700", "Year Low": "5.8000", "Year Close": "6.1050", "Annual % Change": "-4.16%"}, "2020": {"Average Stock Price": "6.0017", "Year Open": "7.1300", "Year High": "7.3400", "Year Low": "4.4400", "Year Close": "6.3700", "Annual % Change": "-10.91%"}, "2019": {"Average Stock Price": "6.1380", "Year Open": "5.9000", "Year High": "7.1800", "Year Low": "5.2700", "Year Close": "7.1500", "Annual % Change": "25.22%"}, "2018": {"Average Stock Price": "6.4543", "Year Open": "5.2100", "Year High": "7.6400", "Year Low": "5.2100", "Year Close": "5.7100", "Annual % Change": "6.53%"}, "2017": {"Average Stock Price": "5.2715", "Year Open": "4.4400", "Year High": "5.8600", "Year Low": "4.4400", "Year Close": "5.3600", "Annual % Change": "20.45%"}, "2016": {"Average Stock Price": "4.0493", "Year Open": "3.9500", "Year High": "4.6100", "Year Low": "3.3500", "Year Close": "4.4500", "Annual % Change": "9.34%"}, "2015": {"Average Stock Price": "3.8769", "Year Open": "3.4750", "Year High": "4.1900", "Year Low": "3.3500", "Year Close": "4.0700", "Annual % Change": "16.29%"}, "2014": {"Average Stock Price": "3.4300", "Year Open": "3.5000", "Year High": "3.8600", "Year Low": "3.0650", "Year Close": "3.5000", "Annual % Change": "0.29%"}, "2013": {"Average Stock Price": "3.4742", "Year Open": "3.0200", "Year High": "4.1250", "Year Low": "2.9850", "Year Close": "3.4900", "Annual % Change": "20.76%"}, "2012": {"Average Stock Price": "2.3369", "Year Open": "1.8600", "Year High": "2.9900", "Year Low": "1.8150", "Year Close": "2.8900", "Annual % Change": "58.79%"}, "2011": {"Average Stock Price": "1.8472", "Year Open": "1.6915", "Year High": "2.3700", "Year Low": "1.4500", "Year Close": "1.8200", "Annual % Change": "11.65%"}, "2010": {"Average Stock Price": "1.0864", "Year Open": "0.6450", "Year High": "1.6500", "Year Low": "0.6450", "Year Close": "1.6301", "Annual % Change": "171.68%"}, "2009": {"Average Stock Price": "0.4298", "Year Open": "0.1220", "Year High": "0.7250", "Year Low": "0.0550", "Year Close": "0.6000", "Annual % Change": "400.00%"}, "2008": {"Average Stock Price": "1.7996", "Year Open": "3.0500", "Year High": "3.3099", "Year Low": "0.1160", "Year Close": "0.1200", "Annual % Change": "-96.04%"}, "2007": {"Average Stock Price": "3.2663", "Year Open": "3.7400", "Year High": "4.1500", "Year Low": "2.6900", "Year Close": "3.0300", "Annual % Change": "-14.41%"}, "2006": {"Average Stock Price": "4.4931", "Year Open": "6.5200", "Year High": "6.5700", "Year Low": "3.5400", "Year Close": "3.5400", "Annual % Change": "-47.16%"}, "2005": {"Average Stock Price": "6.2744", "Year Open": "7.4800", "Year High": "7.8700", "Year Low": "4.6700", "Year Close": "6.7000", "Annual % Change": "-12.07%"}, "2004": {"Average Stock Price": "3.6013", "Year Open": "3.8200", "Year High": "9.0140", "Year Low": "2.0500", "Year Close": "7.6200", "Annual % Change": "141.14%"}, "2003": {"Average Stock Price": "1.5185", "Year Open": "0.6100", "Year High": "3.1600", "Year Low": "0.4100", "Year Close": "3.1600", "Annual % Change": "393.75%"}, "2002": {"Average Stock Price": "3.2780", "Year Open": "10.8800", "Year High": "10.8800", "Year Low": "0.5200", "Year Close": "0.6400", "Annual % Change": "-94.50%"}, "2001": {"Average Stock Price": "12.4923", "Year Open": "26.5000", "Year High": "35.0000", "Year Low": "2.2900", "Year Close": "11.6300", "Annual % Change": "-61.16%"}, "2000": {"Average Stock Price": "44.5991", "Year Open": "41.1300", "Year High": "66.5000", "Year Low": "21.5000", "Year Close": "29.9400", "Annual % Change": "-32.72%"}, "1999": {"Average Stock Price": "27.9471", "Year Open": "35.6900", "Year High": "44.5000", "Year Low": "21.0000", "Year Close": "44.5000", "Annual % Change": "29.93%"}, "1998": {"Average Stock Price": "26.5424", "Year Open": "16.1200", "Year High": "41.5000", "Year Low": "12.5000", "Year Close": "34.2500", "Annual % Change": "102.18%"}, "1997": {"Average Stock Price": "14.7108", "Year Open": "4.5000", "Year High": "24.6200", "Year Low": "3.8800", "Year Close": "16.9400", "Annual % Change": "310.17%"}, "1996": {"Average Stock Price": "7.2536", "Year Open": "4.1900", "Year High": "14.0000", "Year Low": "3.0600", "Year Close": "4.1300", "Annual % Change": "-6.98%"}, "1995": {"Average Stock Price": "3.7359", "Year Open": "2.1300", "Year High": "4.8800", "Year Low": "1.8700", "Year Close": "4.4400", "Annual % Change": "118.72%"}}}, "market cap": {"value": "$25.27B"}, "income statement": {"Revenue": {"2020-12-31": "8040.00000", "2019-12-31": "7794.00000", "2018-12-31": "5771.00000", "2017-12-31": "5425.00000", "2016-12-31": "5017.22000", "2015-12-31": "4570.05800", "2014-12-31": "4181.09500", "2013-12-31": "3799.09500", "2012-12-31": "3402.04000", "2011-12-31": "3014.52400", "2010-12-31": "2816.99200", "2009-12-31": "2472.63800", "2008-12-31": "1663.99200", "2007-12-31": "922.06600", "2006-12-31": "637.23500", "2005-12-31": "242.24500"}, "Cost Of Goods Sold": {"2020-12-31": "3579.00000", "2019-12-31": "3427.00000", "2018-12-31": "2309.00000", "2017-12-31": "2101.00000", "2016-12-31": "1993.32700", "2015-12-31": "1843.16400", "2014-12-31": "1608.33600", "2013-12-31": "1394.49000", "2012-12-31": "1229.37000", "2011-12-31": "1121.09900", "2010-12-31": "1099.23200", "2009-12-31": "1064.00800", "2008-12-31": "863.44700", "2007-12-31": "540.31500", "2006-12-31": "743.83400", "2005-12-31": "226.28000"}, "Gross Profit": {"2020-12-31": "4461.00000", "2019-12-31": "4367.00000", "2018-12-31": "3462.00000", "2017-12-31": "3324.00000", "2016-12-31": "3023.89300", "2015-12-31": "2726.89400", "2014-12-31": "2572.75900", "2013-12-31": "2404.60500", "2012-12-31": "2172.67000", "2011-12-31": "1893.42500", "2010-12-31": "1717.76000", "2009-12-31": "1408.63000", "2008-12-31": "800.54490", "2007-12-31": "381.75100", "2006-12-31": "-106.59900", "2005-12-31": "15.96500"}, "Research And Development Expenses": {"2020-12-31": "", "2019-12-31": "", "2018-12-31": "", "2017-12-31": "", "2016-12-31": "", "2015-12-31": "", "2014-12-31": "", "2013-12-31": "", "2012-12-31": "", "2011-12-31": "", "2010-12-31": "", "2009-12-31": "", "2008-12-31": "", "2007-12-31": "", "2006-12-31": "", "2005-12-31": ""}, "SG&A Expenses": {"2020-12-31": "2093.00000", "2019-12-31": "2168.00000", "2018-12-31": "1431.00000", "2017-12-31": "1384.00000", "2016-12-31": "1322.78500", "2015-12-31": "1275.99200", "2014-12-31": "1186.66600", "2013-12-31": "1106.73800", "2012-12-31": "1034.35000", "2011-12-31": "949.42800", "2010-12-31": "914.85500", "2009-12-31": "838.04700", "2008-12-31": "856.91800", "2007-12-31": "788.06100", "2006-12-31": "855.37600", "2005-12-31": "746.55000"}, "Other Operating Income Or Expenses": {"2020-12-31": "-976.00000", "2019-12-31": "", "2018-12-31": "", "2017-12-31": "", "2016-12-31": "", "2015-12-31": "", "2014-12-31": "", "2013-12-31": "", "2012-12-31": "", "2011-12-31": "", "2010-12-31": "", "2009-12-31": "", "2008-12-31": "", "2007-12-31": "", "2006-12-31": "", "2005-12-31": ""}, "Operating Expenses": {"2020-12-31": "7182.00000", "2019-12-31": "6147.00000", "2018-12-31": "4044.00000", "2017-12-31": "3784.00000", "2016-12-31": "3585.09100", "2015-12-31": "3391.37000", "2014-12-31": "3061.42500", "2013-12-31": "2754.54200", "2012-12-31": "2530.01500", "2011-12-31": "2338.40700", "2010-12-31": "2351.57800", "2009-12-31": "2244.31200", "2008-12-31": "6700.74100", "2007-12-31": "1435.15600", "2006-12-31": "1704.95900", "2005-12-31": "1071.38500"}, "Operating Income": {"2020-12-31": "858.00000", "2019-12-31": "1647.00000", "2018-12-31": "1727.00000", "2017-12-31": "1641.00000", "2016-12-31": "1432.12900", "2015-12-31": "1178.68800", "2014-12-31": "1119.67000", "2013-12-31": "1044.55300", "2012-12-31": "872.02490", "2011-12-31": "676.11690", "2010-12-31": "465.41380", "2009-12-31": "228.32620", "2008-12-31": "-5036.74900", "2007-12-31": "-513.09000", "2006-12-31": "-1067.72400", "2005-12-31": "-829.14000"}, "Total Non-Operating Income/Expense": {"2020-12-31": "-428.00000", "2019-12-31": "-450.00000", "2018-12-31": "-306.00000", "2017-12-31": "-377.00000", "2016-12-31": "-340.46900", "2015-12-31": "-286.72400", "2014-12-31": "-288.88400", "2013-12-31": "-407.46100", "2012-12-31": "-397.55700", "2011-12-31": "-234.92200", "2010-12-31": "-417.73900", "2009-12-31": "-574.38300", "2008-12-31": "-277.68500", "2007-12-31": "-49.72700", "2006-12-31": "-35.07800", "2005-12-31": "-31.54600"}, "Pre-Tax Income": {"2020-12-31": "430.00000", "2019-12-31": "1197.00000", "2018-12-31": "1421.00000", "2017-12-31": "1264.00000", "2016-12-31": "1091.66000", "2015-12-31": "891.96400", "2014-12-31": "830.78600", "2013-12-31": "637.09200", "2012-12-31": "474.46800", "2011-12-31": "441.19500", "2010-12-31": "47.67500", "2009-12-31": "-346.05700", "2008-12-31": "-5314.43400", "2007-12-31": "-562.81700", "2006-12-31": "-1102.80200", "2005-12-31": "-860.68600"}, "Income Taxes": {"2020-12-31": "299.00000", "2019-12-31": "283.00000", "2018-12-31": "245.00000", "2017-12-31": "616.00000", "2016-12-31": "345.72700", "2015-12-31": "382.24000", "2014-12-31": "337.54500", "2013-12-31": "259.87700", "2012-12-31": "-2998.23400", "2011-12-31": "14.23400", "2010-12-31": "4.62000", "2009-12-31": "5.98100", "2008-12-31": "2.47600", "2007-12-31": "2.43500", "2006-12-31": "2.06500", "2005-12-31": "2.31100"}, "Income After Taxes": {"2020-12-31": "131.00000", "2019-12-31": "914.00000", "2018-12-31": "1176.00000", "2017-12-31": "648.00000", "2016-12-31": "745.93300", "2015-12-31": "509.72400", "2014-12-31": "493.24100", "2013-12-31": "377.21500", "2012-12-31": "3472.70200", "2011-12-31": "426.96100", "2010-12-31": "43.05500", "2009-12-31": "-352.03800", "2008-12-31": "-5316.91000", "2007-12-31": "-565.25200", "2006-12-31": "-1104.86700", "2005-12-31": "-862.99690"}, "Other Income": {"2020-12-31": "", "2019-12-31": "", "2018-12-31": "", "2017-12-31": "", "2016-12-31": "", "2015-12-31": "", "2014-12-31": "", "2013-12-31": "", "2012-12-31": "", "2011-12-31": "", "2010-12-31": "", "2009-12-31": "", "2008-12-31": "", "2007-12-31": "", "2006-12-31": "", "2005-12-31": ""}, "Income From Continuous Operations": {"2020-12-31": "131.00000", "2019-12-31": "914.00000", "2018-12-31": "1176.00000", "2017-12-31": "648.00000", "2016-12-31": "745.93300", "2015-12-31": "509.72400", "2014-12-31": "493.24100", "2013-12-31": "377.21500", "2012-12-31": "3472.70200", "2011-12-31": "426.96100", "2010-12-31": "43.05500", "2009-12-31": "-352.03800", "2008-12-31": "-5316.91000", "2007-12-31": "-565.25200", "2006-12-31": "-1104.86700", "2005-12-31": "-862.99690"}, "Income From Discontinued Operations": {"2020-12-31": "", "2019-12-31": "", "2018-12-31": "", "2017-12-31": "", "2016-12-31": "", "2015-12-31": "", "2014-12-31": "", "2013-12-31": "", "2012-12-31": "", "2011-12-31": "", "2010-12-31": "", "2009-12-31": "", "2008-12-31": "", "2007-12-31": "", "2006-12-31": "", "2005-12-31": ""}, "Net Income": {"2020-12-31": "131.00000", "2019-12-31": "914.00000", "2018-12-31": "1176.00000", "2017-12-31": "648.00000", "2016-12-31": "745.93300", "2015-12-31": "509.72400", "2014-12-31": "493.24100", "2013-12-31": "373.39000", "2012-12-31": "2323.13200", "2011-12-31": "252.51200", "2010-12-31": "25.32000", "2009-12-31": "-538.22600", "2008-12-31": "-5316.91000", "2007-12-31": "-565.25200", "2006-12-31": "-1104.86700", "2005-12-31": "-862.99700"}, "EBITDA": {"2020-12-31": "1417.00000", "2019-12-31": "2168.00000", "2018-12-31": "2025.00000", "2017-12-31": "1937.00000", "2016-12-31": "1698.33600", "2015-12-31": "1448.12600", "2014-12-31": "1383.31700", "2013-12-31": "1295.09100", "2012-12-31": "1135.54400", "2011-12-31": "941.22090", "2010-12-31": "736.32890", "2009-12-31": "535.00020", "2008-12-31": "-67.96290", "2007-12-31": "-406.31000", "2006-12-31": "-961.97500", "2005-12-31": "-730.58500"}, "EBIT": {"2020-12-31": "858.00000", "2019-12-31": "1647.00000", "2018-12-31": "1727.00000", "2017-12-31": "1641.00000", "2016-12-31": "1432.12900", "2015-12-31": "1178.68800", "2014-12-31": "1119.67000", "2013-12-31": "1044.55300", "2012-12-31": "872.02490", "2011-12-31": "676.11690", "2010-12-31": "465.41380", "2009-12-31": "228.32620", "2008-12-31": "-5036.74900", "2007-12-31": "-513.09000", "2006-12-31": "-1067.72400", "2005-12-31": "-829.14000"}, "Basic Shares Outstanding": {"2020-12-31": "4330.00000", "2019-12-31": "4501.00000", "2018-12-31": "4462.00000", "2017-12-31": "4638.00000", "2016-12-31": "4917.05000", "2015-12-31": "5375.70700", "2014-12-31": "5788.94400", "2013-12-31": "6227.64600", "2012-12-31": "4209.07300", "2011-12-31": "3744.60600", "2010-12-31": "3693.25900", "2009-12-31": "3585.86400", "2008-12-31": "2169.48900", "2007-12-31": "1462.96700", "2006-12-31": "1402.61900", "2005-12-31": "1325.73900"}, "Shares Outstanding": {"2020-12-31": "4429.00000", "2019-12-31": "4616.00000", "2018-12-31": "4561.00000", "2017-12-31": "4724.00000", "2016-12-31": "4964.72800", "2015-12-31": "5435.16600", "2014-12-31": "5862.02000", "2013-12-31": "6384.79100", "2012-12-31": "6873.78600", "2011-12-31": "6500.82200", "2010-12-31": "6391.07100", "2009-12-31": "3585.86400", "2008-12-31": "2169.48900", "2007-12-31": "1462.96700", "2006-12-31": "1402.61900", "2005-12-31": "1325.73900"}, "Basic EPS": {"2020-12-31": "0.03000", "2019-12-31": "0.20000", "2018-12-31": "0.26000", "2017-12-31": "0.14000", "2016-12-31": "0.15000", "2015-12-31": "0.09000", "2014-12-31": "0.09000", "2013-12-31": "0.06000", "2012-12-31": "0.55000", "2011-12-31": "0.07000", "2010-12-31": "0.01000", "2009-12-31": "-0.15000", "2008-12-31": "-2.45000", "2007-12-31": "-0.39000", "2006-12-31": "-0.79000", "2005-12-31": "-0.65000"}, "EPS - Earnings Per Share": {"2020-12-31": "0.03000", "2019-12-31": "0.20000", "2018-12-31": "0.26000", "2017-12-31": "0.14000", "2016-12-31": "0.15000", "2015-12-31": "0.09000", "2014-12-31": "0.08000", "2013-12-31": "0.06000", "2012-12-31": "0.51000", "2011-12-31": "0.07000", "2010-12-31": "0.01000", "2009-12-31": "-0.15000", "2008-12-31": "-2.45000", "2007-12-31": "-0.39000", "2006-12-31": "-0.79000", "2005-12-31": "-0.65000"}}, "income statement, quarterly": {"Revenue": {"2020-12-31": "2189.00000", "2020-09-30": "2025.00000", "2020-06-30": "1874.00000", "2020-03-31": "1952.00000", "2019-12-31": "2062.00000", "2019-09-30": "2011.00000", "2019-06-30": "1977.00000", "2019-03-31": "1744.00000", "2018-12-31": "1497.00000", "2018-09-30": "1467.00000", "2018-06-30": "1432.00000", "2018-03-31": "1375.00000", "2017-12-31": "1403.76900", "2017-09-30": "1379.59600", "2017-06-30": "1347.56900", "2017-03-31": "1294.06600", "2016-12-31": "1302.99800", "2016-09-30": "1277.64600", "2016-06-30": "1235.56600", "2016-03-31": "1201.01000", "2015-12-31": "1196.14600", "2015-09-30": "1169.71200", "2015-06-30": "1123.21000", "2015-03-31": "1080.99000", "2014-12-31": "1090.95200", "2014-09-30": "1057.08700", "2014-06-30": "1035.34500", "2014-03-31": "997.71100", "2013-12-31": "1000.07800", "2013-09-30": "961.50900", "2013-06-30": "940.11000", "2013-03-31": "897.39800", "2012-12-31": "892.41520", "2012-09-30": "867.36000", "2012-06-30": "837.54300", "2012-03-31": "804.72200", "2011-12-31": "783.73790", "2011-09-30": "762.55000", "2011-06-30": "744.39700", "2011-03-31": "723.83900", "2010-12-31": "735.89890", "2010-09-30": "717.54800", "2010-06-30": "699.76100", "2010-03-31": "663.78400", "2009-12-31": "676.17400", "2009-09-30": "618.65600", "2009-06-30": "590.82900", "2009-03-31": "586.97900", "2008-12-31": "622.18200", "2008-09-30": "488.44300", "2008-06-30": "283.01700", "2008-03-31": "270.35000", "2007-12-31": "249.81600", "2007-09-30": "241.78600", "2007-06-30": "226.42700", "2007-03-31": "204.03700", "2006-12-31": "193.38000", "2006-09-30": "167.11300", "2006-06-30": "150.07800", "2006-03-31": "126.66400", "2005-12-31": "80.00400", "2005-09-30": "66.83100", "2005-06-30": "52.19400", "2005-03-31": "43.21600"}, "Cost Of Goods Sold": {"2020-12-31": "968.00000", "2020-09-30": "895.00000", "2020-06-30": "866.00000", "2020-03-31": "850.00000", "2019-12-31": "916.00000", "2019-09-30": "881.00000", "2019-06-30": "882.00000", "2019-03-31": "748.00000", "2018-12-31": "573.00000", "2018-09-30": "565.00000", "2018-06-30": "637.00000", "2018-03-31": "534.00000", "2017-12-31": "571.42300", "2017-09-30": "519.02400", "2017-06-30": "513.44600", "2017-03-31": "497.10700", "2016-12-31": "551.32290", "2016-09-30": "488.65900", "2016-06-30": "486.31700", "2016-03-31": "467.02800", "2015-12-31": "470.52290", "2015-09-30": "440.80800", "2015-06-30": "525.46300", "2015-03-31": "406.37000", "2014-12-31": "421.09790", "2014-09-30": "403.51900", "2014-06-30": "393.18500", "2014-03-31": "390.53400", "2013-12-31": "396.30400", "2013-09-30": "336.46400", "2013-06-30": "331.46500", "2013-03-31": "330.25700", "2012-12-31": "328.88200", "2012-09-30": "314.20400", "2012-06-30": "293.97500", "2012-03-31": "292.30900", "2011-12-31": "299.71900", "2011-09-30": "277.36000", "2011-06-30": "273.33100", "2011-03-31": "270.68900", "2010-12-31": "291.69900", "2010-09-30": "280.54500", "2010-06-30": "266.12100", "2010-03-31": "260.86700", "2009-12-31": "273.33400", "2009-09-30": "266.88800", "2009-06-30": "254.43200", "2009-03-31": "269.35400", "2008-12-31": "302.81000", "2008-09-30": "272.36000", "2008-06-30": "141.93300", "2008-03-31": "146.34400", "2007-12-31": "169.84700", "2007-09-30": "126.54600", "2007-06-30": "120.49300", "2007-03-31": "123.42900", "2006-12-31": "157.01100", "2006-09-30": "120.62300", "2006-06-30": "123.40900", "2006-03-31": "342.79100", "2005-12-31": "94.30200", "2005-09-30": "47.10100", "2005-06-30": "37.73200", "2005-03-31": "47.14500"}, "Gross Profit": {"2020-12-31": "1221.00000", "2020-09-30": "1130.00000", "2020-06-30": "1008.00000", "2020-03-31": "1102.00000", "2019-12-31": "1146.00000", "2019-09-30": "1130.00000", "2019-06-30": "1095.00000", "2019-03-31": "996.00000", "2018-12-31": "924.00000", "2018-09-30": "902.00000", "2018-06-30": "795.00000", "2018-03-31": "841.00000", "2017-12-31": "832.34590", "2017-09-30": "860.57200", "2017-06-30": "834.12300", "2017-03-31": "796.95900", "2016-12-31": "751.67540", "2016-09-30": "788.98690", "2016-06-30": "749.24900", "2016-03-31": "733.98210", "2015-12-31": "725.62330", "2015-09-30": "728.90410", "2015-06-30": "597.74690", "2015-03-31": "674.62000", "2014-12-31": "669.85450", "2014-09-30": "653.56810", "2014-06-30": "642.16000", "2014-03-31": "607.17700", "2013-12-31": "603.77390", "2013-09-30": "625.04500", "2013-06-30": "608.64500", "2013-03-31": "567.14100", "2012-12-31": "563.53320", "2012-09-30": "553.15600", "2012-06-30": "543.56810", "2012-03-31": "512.41300", "2011-12-31": "484.01900", "2011-09-30": "485.19000", "2011-06-30": "471.06590", "2011-03-31": "453.15000", "2010-12-31": "444.19980", "2010-09-30": "437.00300", "2010-06-30": "433.64000", "2010-03-31": "402.91700", "2009-12-31": "402.83990", "2009-09-30": "351.76800", "2009-06-30": "336.39700", "2009-03-31": "317.62500", "2008-12-31": "319.37200", "2008-09-30": "216.08300", "2008-06-30": "141.08400", "2008-03-31": "124.00600", "2007-12-31": "79.96900", "2007-09-30": "115.24000", "2007-06-30": "105.93400", "2007-03-31": "80.60800", "2006-12-31": "36.36900", "2006-09-30": "46.49000", "2006-06-30": "26.66900", "2006-03-31": "-216.12700", "2005-12-31": "-14.29800", "2005-09-30": "19.73000", "2005-06-30": "14.46200", "2005-03-31": "-3.92900"}, "Research And Development Expenses": {"2020-12-31": "", "2020-09-30": "", "2020-06-30": "", "2020-03-31": "", "2019-12-31": "", "2019-09-30": "", "2019-06-30": "", "2019-03-31": "", "2018-12-31": "", "2018-09-30": "", "2018-06-30": "", "2018-03-31": "", "2017-12-31": "", "2017-09-30": "", "2017-06-30": "", "2017-03-31": "", "2016-12-31": "", "2016-09-30": "", "2016-06-30": "", "2016-03-31": "", "2015-12-31": "", "2015-09-30": "", "2015-06-30": "", "2015-03-31": "", "2014-12-31": "", "2014-09-30": "", "2014-06-30": "", "2014-03-31": "", "2013-12-31": "", "2013-09-30": "", "2013-06-30": "", "2013-03-31": "", "2012-12-31": "", "2012-09-30": "", "2012-06-30": "", "2012-03-31": "", "2011-12-31": "", "2011-09-30": "", "2011-06-30": "", "2011-03-31": "", "2010-12-31": "", "2010-09-30": "", "2010-06-30": "", "2010-03-31": "", "2009-12-31": "", "2009-09-30": "", "2009-06-30": "", "2009-03-31": "", "2008-12-31": "", "2008-09-30": "", "2008-06-30": "", "2008-03-31": "", "2007-12-31": "", "2007-09-30": "", "2007-06-30": "", "2007-03-31": "", "2006-12-31": "", "2006-09-30": "", "2006-06-30": "", "2006-03-31": "", "2005-12-31": "", "2005-09-30": "", "2005-06-30": "", "2005-03-31": ""}, "SG&A Expenses": {"2020-12-31": "619.00000", "2020-09-30": "527.00000", "2020-06-30": "445.00000", "2020-03-31": "502.00000", "2019-12-31": "622.00000", "2019-09-30": "536.00000", "2019-06-30": "530.00000", "2019-03-31": "480.00000", "2018-12-31": "384.00000", "2018-09-30": "343.00000", "2018-06-30": "358.00000", "2018-03-31": "346.00000", "2017-12-31": "366.64010", "2017-09-30": "346.69400", "2017-06-30": "344.25100", "2017-03-31": "326.41500", "2016-12-31": "355.35100", "2016-09-30": "328.92800", "2016-06-30": "320.38500", "2016-03-31": "318.12100", "2015-12-31": "362.06690", "2015-09-30": "306.91600", "2015-06-30": "311.22200", "2015-03-31": "295.78700", "2014-12-31": "309.79510", "2014-09-30": "294.99000", "2014-06-30": "290.37800", "2014-03-31": "291.50300", "2013-12-31": "298.06910", "2013-09-30": "281.98300", "2013-06-30": "273.49400", "2013-03-31": "253.19200", "2012-12-31": "283.62300", "2012-09-30": "254.83600", "2012-06-30": "248.83300", "2012-03-31": "247.05800", "2011-12-31": "262.52900", "2011-09-30": "235.29900", "2011-06-30": "231.02200", "2011-03-31": "220.57800", "2010-12-31": "246.15300", "2010-09-30": "224.21700", "2010-06-30": "236.97300", "2010-03-31": "207.51200", "2009-12-31": "238.70100", "2009-09-30": "210.75900", "2009-06-30": "195.00400", "2009-03-31": "193.58300", "2008-12-31": "271.17590", "2008-09-30": "217.99700", "2008-06-30": "182.02000", "2008-03-31": "185.72500", "2007-12-31": "202.08500", "2007-09-30": "194.85900", "2007-06-30": "202.25000", "2007-03-31": "188.86700", "2006-12-31": "245.80310", "2006-09-30": "173.06100", "2006-06-30": "231.40300", "2006-03-31": "205.10900", "2005-12-31": "258.16700", "2005-09-30": "162.09000", "2005-06-30": "164.46400", "2005-03-31": "161.82900"}, "Other Operating Income Or Expenses": {"2020-12-31": "", "2020-09-30": "", "2020-06-30": "", "2020-03-31": "", "2019-12-31": "", "2019-09-30": "", "2019-06-30": "", "2019-03-31": "", "2018-12-31": "", "2018-09-30": "", "2018-06-30": "", "2018-03-31": "", "2017-12-31": "", "2017-09-30": "", "2017-06-30": "", "2017-03-31": "", "2016-12-31": "", "2016-09-30": "", "2016-06-30": "", "2016-03-31": "", "2015-12-31": "", "2015-09-30": "", "2015-06-30": "", "2015-03-31": "", "2014-12-31": "", "2014-09-30": "", "2014-06-30": "", "2014-03-31": "", "2013-12-31": "", "2013-09-30": "", "2013-06-30": "", "2013-03-31": "", "2012-12-31": "", "2012-09-30": "", "2012-06-30": "", "2012-03-31": "", "2011-12-31": "", "2011-09-30": "", "2011-06-30": "", "2011-03-31": "", "2010-12-31": "", "2010-09-30": "", "2010-06-30": "", "2010-03-31": "", "2009-12-31": "", "2009-09-30": "", "2009-06-30": "", "2009-03-31": "", "2008-12-31": "", "2008-09-30": "", "2008-06-30": "", "2008-03-31": "", "2007-12-31": "", "2007-09-30": "", "2007-06-30": "", "2007-03-31": "", "2006-12-31": "", "2006-09-30": "", "2006-06-30": "", "2006-03-31": "", "2005-12-31": "", "2005-09-30": "", "2005-06-30": "", "2005-03-31": ""}, "Operating Expenses": {"2020-12-31": "2692.00000", "2020-09-30": "1547.00000", "2020-06-30": "1459.00000", "2020-03-31": "1484.00000", "2019-12-31": "1663.00000", "2019-09-30": "1535.00000", "2019-06-30": "1538.00000", "2019-03-31": "1411.00000", "2018-12-31": "1038.00000", "2018-09-30": "984.00000", "2018-06-30": "1070.00000", "2018-03-31": "952.00000", "2017-12-31": "1006.92700", "2017-09-30": "945.63100", "2017-06-30": "931.21590", "2017-03-31": "900.22600", "2016-12-31": "973.43790", "2016-09-30": "885.46700", "2016-06-30": "873.41000", "2016-03-31": "852.77600", "2015-12-31": "902.27700", "2015-09-30": "818.12800", "2015-06-30": "903.78100", "2015-03-31": "767.18400", "2014-12-31": "797.29510", "2014-09-30": "763.05900", "2014-06-30": "750.76700", "2014-03-31": "750.30400", "2013-12-31": "754.72090", "2013-09-30": "676.98000", "2013-06-30": "672.37400", "2013-03-31": "650.46700", "2012-12-31": "679.31910", "2012-09-30": "635.61100", "2012-06-30": "609.60100", "2012-03-31": "605.48400", "2011-12-31": "629.26290", "2011-09-30": "578.06200", "2011-06-30": "571.41500", "2011-03-31": "559.66700", "2010-12-31": "664.32810", "2010-09-30": "574.47900", "2010-06-30": "574.12700", "2010-03-31": "538.64400", "2009-12-31": "592.49870", "2009-09-30": "552.30100", "2009-06-30": "553.59400", "2009-03-31": "545.91800", "2008-12-31": "675.27980", "2008-09-30": "5315.42000", "2008-06-30": "351.06600", "2008-03-31": "358.97500", "2007-12-31": "399.57000", "2007-09-30": "347.47700", "2007-06-30": "349.02700", "2007-03-31": "339.08200", "2006-12-31": "430.30900", "2006-09-30": "321.26700", "2006-06-30": "380.55000", "2006-03-31": "572.83300", "2005-12-31": "377.38400", "2005-09-30": "233.75000", "2005-06-30": "226.77600", "2005-03-31": "233.47500"}, "Operating Income": {"2020-12-31": "-503.00000", "2020-09-30": "478.00000", "2020-06-30": "415.00000", "2020-03-31": "468.00000", "2019-12-31": "399.00000", "2019-09-30": "476.00000", "2019-06-30": "439.00000", "2019-03-31": "333.00000", "2018-12-31": "459.00000", "2018-09-30": "483.00000", "2018-06-30": "362.00000", "2018-03-31": "423.00000", "2017-12-31": "396.84170", "2017-09-30": "433.96500", "2017-06-30": "416.35300", "2017-03-31": "393.84010", "2016-12-31": "329.56040", "2016-09-30": "392.17900", "2016-06-30": "362.15610", "2016-03-31": "348.23400", "2015-12-31": "293.86930", "2015-09-30": "351.58400", "2015-06-30": "219.42900", "2015-03-31": "313.80600", "2014-12-31": "293.65730", "2014-09-30": "294.02810", "2014-06-30": "284.57790", "2014-03-31": "247.40700", "2013-12-31": "245.35700", "2013-09-30": "284.52900", "2013-06-30": "267.73600", "2013-03-31": "246.93100", "2012-12-31": "213.09610", "2012-09-30": "231.74900", "2012-06-30": "227.94210", "2012-03-31": "199.23800", "2011-12-31": "154.47500", "2011-09-30": "184.48800", "2011-06-30": "172.98200", "2011-03-31": "164.17200", "2010-12-31": "71.57070", "2010-09-30": "143.06900", "2010-06-30": "125.63400", "2010-03-31": "125.14000", "2009-12-31": "83.67520", "2009-09-30": "66.35500", "2009-06-30": "37.23500", "2009-03-31": "41.06100", "2008-12-31": "-53.09780", "2008-09-30": "-4826.97700", "2008-06-30": "-68.04900", "2008-03-31": "-88.62500", "2007-12-31": "-149.75400", "2007-09-30": "-105.69100", "2007-06-30": "-122.60000", "2007-03-31": "-135.04500", "2006-12-31": "-236.92900", "2006-09-30": "-154.15400", "2006-06-30": "-230.47200", "2006-03-31": "-446.16900", "2005-12-31": "-297.38000", "2005-09-30": "-166.91900", "2005-06-30": "-174.58200", "2005-03-31": "-190.25900"}, "Total Non-Operating Income/Expense": {"2020-12-31": "-101.00000", "2020-09-30": "-134.00000", "2020-06-30": "-98.00000", "2020-03-31": "-95.00000", "2019-12-31": "-100.00000", "2019-09-30": "-160.00000", "2019-06-30": "-100.00000", "2019-03-31": "-90.00000", "2018-12-31": "-126.00000", "2018-09-30": "-128.00000", "2018-06-30": "2.00000", "2018-03-31": "-54.00000", "2017-12-31": "-160.13300", "2017-09-30": "-49.34200", "2017-06-30": "-94.73100", "2017-03-31": "-72.79400", "2016-12-31": "-105.31400", "2016-09-30": "-86.72200", "2016-06-30": "-80.88100", "2016-03-31": "-67.55200", "2015-12-31": "-73.88900", "2015-09-30": "-72.49100", "2015-06-30": "-71.15900", "2015-03-31": "-69.18500", "2014-12-31": "-65.60400", "2014-09-30": "-68.81400", "2014-06-30": "-77.79500", "2014-03-31": "-76.67100", "2013-12-31": "-137.14000", "2013-09-30": "-160.47700", "2013-06-30": "-65.55500", "2013-03-31": "-44.28900", "2012-12-31": "-41.22600", "2012-09-30": "-177.34800", "2012-06-30": "-90.32100", "2012-03-31": "-88.66200", "2011-12-31": "-78.81100", "2011-09-30": "-74.58900", "2011-06-30": "2.95700", "2011-03-31": "-84.47900", "2010-12-31": "-154.45600", "2010-09-30": "-72.01200", "2010-06-30": "-108.89600", "2010-03-31": "-82.37500", "2009-12-31": "-69.25800", "2009-09-30": "-216.76700", "2009-06-30": "-195.76400", "2009-03-31": "-92.59400", "2008-12-31": "-196.19300", "2008-09-30": "-51.23500", "2008-06-30": "-15.30700", "2008-03-31": "-14.95000", "2007-12-31": "-15.69900", "2007-09-30": "-13.89100", "2007-06-30": "-10.99200", "2007-03-31": "-9.14500", "2006-12-31": "-8.51200", "2006-09-30": "-8.16600", "2006-06-30": "-6.77800", "2006-03-31": "-11.62200", "2005-12-31": "-13.37800", "2005-09-30": "-12.97100", "2005-06-30": "-2.40400", "2005-03-31": "-2.79300"}, "Pre-Tax Income": {"2020-12-31": "-604.00000", "2020-09-30": "344.00000", "2020-06-30": "317.00000", "2020-03-31": "373.00000", "2019-12-31": "299.00000", "2019-09-30": "316.00000", "2019-06-30": "339.00000", "2019-03-31": "243.00000", "2018-12-31": "333.00000", "2018-09-30": "355.00000", "2018-06-30": "364.00000", "2018-03-31": "369.00000", "2017-12-31": "236.70900", "2017-09-30": "384.62300", "2017-06-30": "321.62200", "2017-03-31": "321.04600", "2016-12-31": "224.24600", "2016-09-30": "305.45700", "2016-06-30": "281.27500", "2016-03-31": "280.68200", "2015-12-31": "219.97990", "2015-09-30": "279.09300", "2015-06-30": "148.27000", "2015-03-31": "244.62100", "2014-12-31": "228.05300", "2014-09-30": "225.21400", "2014-06-30": "206.78300", "2014-03-31": "170.73600", "2013-12-31": "108.21700", "2013-09-30": "124.05200", "2013-06-30": "202.18100", "2013-03-31": "202.64200", "2012-12-31": "171.87000", "2012-09-30": "54.40100", "2012-06-30": "137.62100", "2012-03-31": "110.57600", "2011-12-31": "75.66400", "2011-09-30": "109.89900", "2011-06-30": "175.93900", "2011-03-31": "79.69300", "2010-12-31": "-82.88500", "2010-09-30": "71.05700", "2010-06-30": "16.73800", "2010-03-31": "42.76500", "2009-12-31": "14.41700", "2009-09-30": "-150.41200", "2009-06-30": "-158.52900", "2009-03-31": "-51.53300", "2008-12-31": "-249.29120", "2008-09-30": "-4878.21200", "2008-06-30": "-83.35600", "2008-03-31": "-103.57500", "2007-12-31": "-165.45300", "2007-09-30": "-119.58200", "2007-06-30": "-133.59200", "2007-03-31": "-144.19000", "2006-12-31": "-245.44100", "2006-09-30": "-162.32000", "2006-06-30": "-237.25000", "2006-03-31": "-457.79100", "2005-12-31": "-310.75800", "2005-09-30": "-179.89000", "2005-06-30": "-176.98600", "2005-03-31": "-193.05200"}, "Income Taxes": {"2020-12-31": "73.00000", "2020-09-30": "72.00000", "2020-06-30": "74.00000", "2020-03-31": "80.00000", "2019-12-31": "56.00000", "2019-09-30": "70.00000", "2019-06-30": "76.00000", "2019-03-31": "81.00000", "2018-12-31": "82.00000", "2018-09-30": "12.00000", "2018-06-30": "71.00000", "2018-03-31": "80.00000", "2017-12-31": "273.61300", "2017-09-30": "108.90100", "2017-06-30": "119.51300", "2017-03-31": "113.97300", "2016-12-31": "19.61900", "2016-09-30": "111.55600", "2016-06-30": "106.31000", "2016-03-31": "108.24200", "2015-12-31": "85.34700", "2015-09-30": "112.54300", "2015-06-30": "45.42100", "2015-03-31": "138.92900", "2014-12-31": "84.93100", "2014-09-30": "89.04400", "2014-06-30": "86.82200", "2014-03-31": "76.74800", "2013-12-31": "43.02000", "2013-09-30": "61.15800", "2013-06-30": "76.65900", "2013-03-31": "79.04000", "2012-12-31": "15.62620", "2012-09-30": "-20.11300", "2012-06-30": "-2996.54900", "2012-03-31": "2.80200", "2011-12-31": "4.32800", "2011-09-30": "5.71400", "2011-06-30": "2.62000", "2011-03-31": "1.57200", "2010-12-31": "-1.44100", "2010-09-30": "3.42800", "2010-06-30": "1.46600", "2010-03-31": "1.16700", "2009-12-31": "2.63600", "2009-09-30": "1.11500", "2009-06-30": "1.11500", "2009-03-31": "1.11500", "2008-12-31": "0.17500", "2008-09-30": "1.21500", "2008-06-30": "0.54300", "2008-03-31": "0.54300", "2007-12-31": "0.77000", "2007-09-30": "0.55500", "2007-06-30": "0.55500", "2007-03-31": "0.55500", "2006-12-31": "0.15600", "2006-09-30": "0.57800", "2006-06-30": "0.57800", "2006-03-31": "0.75300", "2005-12-31": "0.63100", "2005-09-30": "0.56000", "2005-06-30": "0.56000", "2005-03-31": "0.56000"}, "Income After Taxes": {"2020-12-31": "-677.00000", "2020-09-30": "272.00000", "2020-06-30": "243.00000", "2020-03-31": "293.00000", "2019-12-31": "243.00000", "2019-09-30": "246.00000", "2019-06-30": "263.00000", "2019-03-31": "162.00000", "2018-12-31": "251.00000", "2018-09-30": "343.00000", "2018-06-30": "293.00000", "2018-03-31": "289.00000", "2017-12-31": "-36.90400", "2017-09-30": "275.72200", "2017-06-30": "202.10900", "2017-03-31": "207.07300", "2016-12-31": "204.62700", "2016-09-30": "193.90100", "2016-06-30": "174.96500", "2016-03-31": "172.44000", "2015-12-31": "134.63300", "2015-09-30": "166.55000", "2015-06-30": "102.84900", "2015-03-31": "105.69200", "2014-12-31": "143.12200", "2014-09-30": "136.17000", "2014-06-30": "119.96100", "2014-03-31": "93.98800", "2013-12-31": "65.19700", "2013-09-30": "62.89400", "2013-06-30": "125.52200", "2013-03-31": "123.60200", "2012-12-31": "156.24380", "2012-09-30": "74.51400", "2012-06-30": "3134.17000", "2012-03-31": "107.77400", "2011-12-31": "71.33600", "2011-09-30": "104.18500", "2011-06-30": "173.31900", "2011-03-31": "78.12100", "2010-12-31": "-81.44400", "2010-09-30": "67.62900", "2010-06-30": "15.27200", "2010-03-31": "41.59800", "2009-12-31": "11.78100", "2009-09-30": "-151.52700", "2009-06-30": "-159.64400", "2009-03-31": "-52.64800", "2008-12-31": "-249.46640", "2008-09-30": "-4879.42700", "2008-06-30": "-83.89900", "2008-03-31": "-104.11800", "2007-12-31": "-166.22300", "2007-09-30": "-120.13700", "2007-06-30": "-134.14700", "2007-03-31": "-144.74500", "2006-12-31": "-245.59700", "2006-09-30": "-162.89800", "2006-06-30": "-237.82800", "2006-03-31": "-458.54400", "2005-12-31": "-311.38890", "2005-09-30": "-180.45000", "2005-06-30": "-177.54600", "2005-03-31": "-193.61200"}, "Other Income": {"2020-12-31": "", "2020-09-30": "", "2020-06-30": "", "2020-03-31": "", "2019-12-31": "", "2019-09-30": "", "2019-06-30": "", "2019-03-31": "", "2018-12-31": "", "2018-09-30": "", "2018-06-30": "", "2018-03-31": "", "2017-12-31": "", "2017-09-30": "", "2017-06-30": "", "2017-03-31": "", "2016-12-31": "", "2016-09-30": "", "2016-06-30": "", "2016-03-31": "", "2015-12-31": "", "2015-09-30": "", "2015-06-30": "", "2015-03-31": "", "2014-12-31": "", "2014-09-30": "", "2014-06-30": "", "2014-03-31": "", "2013-12-31": "", "2013-09-30": "", "2013-06-30": "", "2013-03-31": "", "2012-12-31": "", "2012-09-30": "", "2012-06-30": "", "2012-03-31": "", "2011-12-31": "", "2011-09-30": "", "2011-06-30": "", "2011-03-31": "", "2010-12-31": "", "2010-09-30": "", "2010-06-30": "", "2010-03-31": "", "2009-12-31": "", "2009-09-30": "", "2009-06-30": "", "2009-03-31": "", "2008-12-31": "", "2008-09-30": "", "2008-06-30": "", "2008-03-31": "", "2007-12-31": "", "2007-09-30": "", "2007-06-30": "", "2007-03-31": "", "2006-12-31": "", "2006-09-30": "", "2006-06-30": "", "2006-03-31": "", "2005-12-31": "", "2005-09-30": "", "2005-06-30": "", "2005-03-31": ""}, "Income From Continuous Operations": {"2020-12-31": "-677.00000", "2020-09-30": "272.00000", "2020-06-30": "243.00000", "2020-03-31": "293.00000", "2019-12-31": "243.00000", "2019-09-30": "246.00000", "2019-06-30": "263.00000", "2019-03-31": "162.00000", "2018-12-31": "251.00000", "2018-09-30": "343.00000", "2018-06-30": "293.00000", "2018-03-31": "289.00000", "2017-12-31": "-36.90400", "2017-09-30": "275.72200", "2017-06-30": "202.10900", "2017-03-31": "207.07300", "2016-12-31": "204.62700", "2016-09-30": "193.90100", "2016-06-30": "174.96500", "2016-03-31": "172.44000", "2015-12-31": "134.63300", "2015-09-30": "166.55000", "2015-06-30": "102.84900", "2015-03-31": "105.69200", "2014-12-31": "143.12200", "2014-09-30": "136.17000", "2014-06-30": "119.96100", "2014-03-31": "93.98800", "2013-12-31": "65.19700", "2013-09-30": "62.89400", "2013-06-30": "125.52200", "2013-03-31": "123.60200", "2012-12-31": "156.24380", "2012-09-30": "74.51400", "2012-06-30": "3134.17000", "2012-03-31": "107.77400", "2011-12-31": "71.33600", "2011-09-30": "104.18500", "2011-06-30": "173.31900", "2011-03-31": "78.12100", "2010-12-31": "-81.44400", "2010-09-30": "67.62900", "2010-06-30": "15.27200", "2010-03-31": "41.59800", "2009-12-31": "11.78100", "2009-09-30": "-151.52700", "2009-06-30": "-159.64400", "2009-03-31": "-52.64800", "2008-12-31": "-249.46640", "2008-09-30": "-4879.42700", "2008-06-30": "-83.89900", "2008-03-31": "-104.11800", "2007-12-31": "-166.22300", "2007-09-30": "-120.13700", "2007-06-30": "-134.14700", "2007-03-31": "-144.74500", "2006-12-31": "-245.59700", "2006-09-30": "-162.89800", "2006-06-30": "-237.82800", "2006-03-31": "-458.54400", "2005-12-31": "-311.38890", "2005-09-30": "-180.45000", "2005-06-30": "-177.54600", "2005-03-31": "-193.61200"}, "Income From Discontinued Operations": {"2020-12-31": "", "2020-09-30": "", "2020-06-30": "", "2020-03-31": "", "2019-12-31": "", "2019-09-30": "", "2019-06-30": "", "2019-03-31": "", "2018-12-31": "", "2018-09-30": "", "2018-06-30": "", "2018-03-31": "", "2017-12-31": "", "2017-09-30": "", "2017-06-30": "", "2017-03-31": "", "2016-12-31": "", "2016-09-30": "", "2016-06-30": "", "2016-03-31": "", "2015-12-31": "", "2015-09-30": "", "2015-06-30": "", "2015-03-31": "", "2014-12-31": "", "2014-09-30": "", "2014-06-30": "", "2014-03-31": "", "2013-12-31": "", "2013-09-30": "", "2013-06-30": "", "2013-03-31": "", "2012-12-31": "", "2012-09-30": "", "2012-06-30": "", "2012-03-31": "", "2011-12-31": "", "2011-09-30": "", "2011-06-30": "", "2011-03-31": "", "2010-12-31": "", "2010-09-30": "", "2010-06-30": "", "2010-03-31": "", "2009-12-31": "", "2009-09-30": "", "2009-06-30": "", "2009-03-31": "", "2008-12-31": "", "2008-09-30": "", "2008-06-30": "", "2008-03-31": "", "2007-12-31": "", "2007-09-30": "", "2007-06-30": "", "2007-03-31": "", "2006-12-31": "", "2006-09-30": "", "2006-06-30": "", "2006-03-31": "", "2005-12-31": "", "2005-09-30": "", "2005-06-30": "", "2005-03-31": ""}, "Net Income": {"2020-12-31": "-677.00000", "2020-09-30": "272.00000", "2020-06-30": "243.00000", "2020-03-31": "293.00000", "2019-12-31": "243.00000", "2019-09-30": "246.00000", "2019-06-30": "263.00000", "2019-03-31": "162.00000", "2018-12-31": "251.00000", "2018-09-30": "343.00000", "2018-06-30": "293.00000", "2018-03-31": "289.00000", "2017-12-31": "-36.90400", "2017-09-30": "275.72200", "2017-06-30": "202.10900", "2017-03-31": "207.07300", "2016-12-31": "204.62700", "2016-09-30": "193.90100", "2016-06-30": "174.96500", "2016-03-31": "172.44000", "2015-12-31": "134.63300", "2015-09-30": "166.55000", "2015-06-30": "102.84900", "2015-03-31": "105.69200", "2014-12-31": "143.12200", "2014-09-30": "136.17000", "2014-06-30": "119.96100", "2014-03-31": "93.98800", "2013-12-31": "66.27700", "2013-09-30": "62.89400", "2013-06-30": "125.52200", "2013-03-31": "118.69700", "2012-12-31": "354.71710", "2012-09-30": "46.68900", "2012-06-30": "1857.82800", "2012-03-31": "63.89800", "2011-12-31": "-70.18800", "2011-09-30": "61.63500", "2011-06-30": "182.94400", "2011-03-31": "78.12100", "2010-12-31": "-99.17900", "2010-09-30": "67.62900", "2010-06-30": "15.27200", "2010-03-31": "41.59800", "2009-12-31": "11.78100", "2009-09-30": "-151.52700", "2009-06-30": "-159.64400", "2009-03-31": "-238.83600", "2008-12-31": "-249.46640", "2008-09-30": "-4879.42700", "2008-06-30": "-83.89900", "2008-03-31": "-104.11800", "2007-12-31": "-166.22300", "2007-09-30": "-120.13700", "2007-06-30": "-134.14700", "2007-03-31": "-144.74500", "2006-12-31": "-245.59690", "2006-09-30": "-162.89800", "2006-06-30": "-237.82800", "2006-03-31": "-458.54400", "2005-12-31": "-311.38900", "2005-09-30": "-180.45000", "2005-06-30": "-177.54600", "2005-03-31": "-193.61200"}, "EBITDA": {"2020-12-31": "-365.00000", "2020-09-30": "644.00000", "2020-06-30": "539.00000", "2020-03-31": "599.00000", "2019-12-31": "562.00000", "2019-09-30": "609.00000", "2019-06-30": "558.00000", "2019-03-31": "439.00000", "2018-12-31": "537.00000", "2018-09-30": "557.00000", "2018-06-30": "437.00000", "2018-03-31": "494.00000", "2017-12-31": "464.78770", "2017-09-30": "513.18400", "2017-06-30": "489.17800", "2017-03-31": "469.85010", "2016-12-31": "395.63440", "2016-09-30": "459.36490", "2016-06-30": "428.17010", "2016-03-31": "415.16700", "2015-12-31": "362.86220", "2015-09-30": "421.29400", "2015-06-30": "285.83100", "2015-03-31": "378.13900", "2014-12-31": "359.36430", "2014-09-30": "357.88510", "2014-06-30": "351.08800", "2014-03-31": "314.98000", "2013-12-31": "305.01100", "2013-09-30": "342.36800", "2013-06-30": "334.45700", "2013-03-31": "313.25500", "2012-12-31": "279.21610", "2012-09-30": "297.62600", "2012-06-30": "294.04110", "2012-03-31": "264.66100", "2011-12-31": "220.79600", "2011-09-30": "249.19700", "2011-06-30": "239.35000", "2011-03-31": "231.87800", "2010-12-31": "137.62170", "2010-09-30": "210.57500", "2010-06-30": "194.92100", "2010-03-31": "193.21100", "2009-12-31": "160.80730", "2009-09-30": "137.76100", "2009-06-30": "113.69800", "2009-03-31": "122.73400", "2008-12-31": "50.37780", "2008-09-30": "-15.68560", "2008-06-30": "-40.93600", "2008-03-31": "-61.71900", "2007-12-31": "-122.11600", "2007-09-30": "-79.61900", "2007-06-30": "-96.31600", "2007-03-31": "-108.25900", "2006-12-31": "-209.43410", "2006-09-30": "-126.57100", "2006-06-30": "-204.73400", "2006-03-31": "-421.23600", "2005-12-31": "-272.46500", "2005-09-30": "-142.36000", "2005-06-30": "-150.00200", "2005-03-31": "-165.75800"}, "EBIT": {"2020-12-31": "-503.00000", "2020-09-30": "478.00000", "2020-06-30": "415.00000", "2020-03-31": "468.00000", "2019-12-31": "399.00000", "2019-09-30": "476.00000", "2019-06-30": "439.00000", "2019-03-31": "333.00000", "2018-12-31": "459.00000", "2018-09-30": "483.00000", "2018-06-30": "362.00000", "2018-03-31": "423.00000", "2017-12-31": "396.84190", "2017-09-30": "433.96500", "2017-06-30": "416.35300", "2017-03-31": "393.84010", "2016-12-31": "329.56040", "2016-09-30": "392.17900", "2016-06-30": "362.15610", "2016-03-31": "348.23400", "2015-12-31": "293.86920", "2015-09-30": "351.58400", "2015-06-30": "219.42900", "2015-03-31": "313.80600", "2014-12-31": "293.65720", "2014-09-30": "294.02810", "2014-06-30": "284.57790", "2014-03-31": "247.40700", "2013-12-31": "245.35710", "2013-09-30": "284.52900", "2013-06-30": "267.73600", "2013-03-31": "246.93100", "2012-12-31": "213.09590", "2012-09-30": "231.74900", "2012-06-30": "227.94210", "2012-03-31": "199.23800", "2011-12-31": "154.47500", "2011-09-30": "184.48800", "2011-06-30": "172.98200", "2011-03-31": "164.17200", "2010-12-31": "71.57090", "2010-09-30": "143.06900", "2010-06-30": "125.63400", "2010-03-31": "125.14000", "2009-12-31": "83.67520", "2009-09-30": "66.35500", "2009-06-30": "37.23500", "2009-03-31": "41.06100", "2008-12-31": "-53.09790", "2008-09-30": "-4826.97700", "2008-06-30": "-68.04900", "2008-03-31": "-88.62500", "2007-12-31": "-149.75410", "2007-09-30": "-105.69100", "2007-06-30": "-122.60000", "2007-03-31": "-135.04500", "2006-12-31": "-236.92900", "2006-09-30": "-154.15400", "2006-06-30": "-230.47200", "2006-03-31": "-446.16900", "2005-12-31": "-297.38000", "2005-09-30": "-166.91900", "2005-06-30": "-174.58200", "2005-03-31": "-190.25900"}, "Basic Shares Outstanding": {"2020-12-31": "4330.00000", "2020-09-30": "4326.00000", "2020-06-30": "4369.00000", "2020-03-31": "4405.00000", "2019-12-31": "4501.00000", "2019-09-30": "4450.00000", "2019-06-30": "4568.00000", "2019-03-31": "4571.00000", "2018-12-31": "4462.00000", "2018-09-30": "4474.00000", "2018-06-30": "4482.00000", "2018-03-31": "4491.00000", "2017-12-31": "4638.00000", "2017-09-30": "4618.36800", "2017-06-30": "4652.42600", "2017-03-31": "4710.34000", "2016-12-31": "4917.05000", "2016-09-30": "4870.28100", "2016-06-30": "4938.82000", "2016-03-31": "5065.31900", "2015-12-31": "5375.70700", "2015-09-30": "5297.79700", "2015-06-30": "5443.59000", "2015-03-31": "5570.74800", "2014-12-31": "5788.94400", "2014-09-30": "5626.07800", "2014-06-30": "5865.03200", "2014-03-31": "6094.78400", "2013-12-31": "6227.64600", "2013-09-30": "6184.21600", "2013-06-30": "6354.75500", "2013-03-31": "6259.80300", "2012-12-31": "4209.07300", "2012-09-30": "4034.12200", "2012-06-30": "3765.57300", "2012-03-31": "3767.44300", "2011-12-31": "3744.60600", "2011-09-30": "3747.38100", "2011-06-30": "3744.37500", "2011-03-31": "3735.13600", "2010-12-31": "3693.25900", "2010-09-30": "3689.24500", "2010-06-30": "3683.59500", "2010-03-31": "3677.89700", "2009-12-31": "3585.86400", "2009-09-30": "3621.06200", "2009-06-30": "3586.74200", "2009-03-31": "3523.88800", "2008-12-31": "2169.48900", "2008-09-30": "2527.69200", "2008-06-30": "1499.72300", "2008-03-31": "1475.49600", "2007-12-31": "1462.96700", "2007-09-30": "1464.14700", "2007-06-30": "1462.36200", "2007-03-31": "1457.01100", "2006-12-31": "1402.61900", "2006-09-30": "1405.28100", "2006-06-30": "1404.02200", "2006-03-31": "1386.98200", "2005-12-31": "1325.73900", "2005-09-30": "1328.45800", "2005-06-30": "1324.27000", "2005-03-31": "1314.31200"}, "Shares Outstanding": {"2020-12-31": "4429.00000", "2020-09-30": "4415.00000", "2020-06-30": "4457.00000", "2020-03-31": "4515.00000", "2019-12-31": "4616.00000", "2019-09-30": "4564.00000", "2019-06-30": "4675.00000", "2019-03-31": "4678.00000", "2018-12-31": "4561.00000", "2018-09-30": "4574.00000", "2018-06-30": "4589.00000", "2018-03-31": "4586.00000", "2017-12-31": "4724.00000", "2017-09-30": "4704.57100", "2017-06-30": "4735.59200", "2017-03-31": "4784.42000", "2016-12-31": "4964.72800", "2016-09-30": "4919.82900", "2016-06-30": "4988.24700", "2016-03-31": "5110.61800", "2015-12-31": "5435.16600", "2015-09-30": "5346.43800", "2015-06-30": "5507.60100", "2015-03-31": "5639.83800", "2014-12-31": "5862.02000", "2014-09-30": "5974.04700", "2014-06-30": "6210.07800", "2014-03-31": "6173.84800", "2013-12-31": "6384.79100", "2013-09-30": "6287.35300", "2013-06-30": "6447.51700", "2013-03-31": "6606.27600", "2012-12-31": "6873.78600", "2012-09-30": "6577.65400", "2012-06-30": "6506.15900", "2012-03-31": "6537.72800", "2011-12-31": "6500.82200", "2011-09-30": "6507.37000", "2011-06-30": "6804.29700", "2011-03-31": "6481.38400", "2010-12-31": "6391.07100", "2010-09-30": "6369.83100", "2010-06-30": "6363.95500", "2010-03-31": "6335.11400", "2009-12-31": "3585.86400", "2009-09-30": "3621.06200", "2009-06-30": "3586.74200", "2009-03-31": "3523.88800", "2008-12-31": "2169.48900", "2008-09-30": "2527.69200", "2008-06-30": "1499.72300", "2008-03-31": "1475.49600", "2007-12-31": "1462.96700", "2007-09-30": "1464.14700", "2007-06-30": "1462.36200", "2007-03-31": "1457.01100", "2006-12-31": "1402.61900", "2006-09-30": "1405.28100", "2006-06-30": "1404.02200", "2006-03-31": "1386.98200", "2005-12-31": "1325.73900", "2005-09-30": "1328.45800", "2005-06-30": "1324.27000", "2005-03-31": "1314.31200"}, "Basic EPS": {"2020-12-31": "-0.16000", "2020-09-30": "0.06000", "2020-06-30": "0.06000", "2020-03-31": "0.07000", "2019-12-31": "0.04000", "2019-09-30": "0.06000", "2019-06-30": "0.06000", "2019-03-31": "0.04000", "2018-12-31": "0.05000", "2018-09-30": "0.08000", "2018-06-30": "0.07000", "2018-03-31": "0.06000", "2017-12-31": "", "2017-09-30": "0.06000", "2017-06-30": "0.04000", "2017-03-31": "0.04000", "2016-12-31": "0.04000", "2016-09-30": "0.04000", "2016-06-30": "0.04000", "2016-03-31": "0.03000", "2015-12-31": "0.02000", "2015-09-30": "0.03000", "2015-06-30": "0.02000", "2015-03-31": "0.02000", "2014-12-31": "0.03000", "2014-09-30": "0.02000", "2014-06-30": "0.02000", "2014-03-31": "0.02000", "2013-12-31": "0.01000", "2013-09-30": "0.01000", "2013-06-30": "0.02000", "2013-03-31": "0.02000", "2012-12-31": "0.03000", "2012-09-30": "0.01000", "2012-06-30": "0.49000", "2012-03-31": "0.02000", "2011-12-31": "-0.02000", "2011-09-30": "0.02000", "2011-06-30": "0.05000", "2011-03-31": "0.02000", "2010-12-31": "-0.02000", "2010-09-30": "0.02000", "2010-06-30": "0.00000", "2010-03-31": "0.01000", "2009-12-31": "0.00000", "2009-09-30": "-0.04000", "2009-06-30": "-0.04000", "2009-03-31": "-0.07000", "2008-12-31": "-0.39000", "2008-09-30": "-1.93000", "2008-06-30": "-0.06000", "2008-03-31": "-0.07000", "2007-12-31": "-0.12000", "2007-09-30": "-0.08000", "2007-06-30": "-0.09000", "2007-03-31": "-0.10000", "2006-12-31": "-0.17000", "2006-09-30": "-0.12000", "2006-06-30": "-0.17000", "2006-03-31": "-0.33000", "2005-12-31": "-0.23000", "2005-09-30": "-0.14000", "2005-06-30": "-0.13000", "2005-03-31": "-0.15000"}, "EPS - Earnings Per Share": {"2020-12-31": "-0.15000", "2020-09-30": "0.06000", "2020-06-30": "0.05000", "2020-03-31": "0.07000", "2019-12-31": "0.06000", "2019-09-30": "0.05000", "2019-06-30": "0.06000", "2019-03-31": "0.03000", "2018-12-31": "0.07000", "2018-09-30": "0.07000", "2018-06-30": "0.06000", "2018-03-31": "0.06000", "2017-12-31": "0.00000", "2017-09-30": "0.06000", "2017-06-30": "0.04000", "2017-03-31": "0.04000", "2016-12-31": "0.04000", "2016-09-30": "0.04000", "2016-06-30": "0.04000", "2016-03-31": "0.03000", "2015-12-31": "0.02000", "2015-09-30": "0.03000", "2015-06-30": "0.02000", "2015-03-31": "0.02000", "2014-12-31": "0.02000", "2014-09-30": "0.02000", "2014-06-30": "0.02000", "2014-03-31": "0.02000", "2013-12-31": "0.01000", "2013-09-30": "0.01000", "2013-06-30": "0.02000", "2013-03-31": "0.02000", "2012-12-31": "0.00000", "2012-09-30": "0.01000", "2012-06-30": "0.48000", "2012-03-31": "0.02000", "2011-12-31": "0.01000", "2011-09-30": "0.02000", "2011-06-30": "0.03000", "2011-03-31": "0.01000", "2010-12-31": "-0.01000", "2010-09-30": "0.01000", "2010-06-30": "0.00000", "2010-03-31": "0.01000", "2009-12-31": "0.00000", "2009-09-30": "-0.04000", "2009-06-30": "-0.04000", "2009-03-31": "-0.07000", "2008-12-31": "-0.39000", "2008-09-30": "-1.93000", "2008-06-30": "-0.06000", "2008-03-31": "-0.07000", "2007-12-31": "-0.12000", "2007-09-30": "-0.08000", "2007-06-30": "-0.09000", "2007-03-31": "-0.10000", "2006-12-31": "-0.17000", "2006-09-30": "-0.12000", "2006-06-30": "-0.17000", "2006-03-31": "-0.33000", "2005-12-31": "-0.23000", "2005-09-30": "-0.14000", "2005-06-30": "-0.13000", "2005-03-31": "-0.15000"}}, "balance sheet": {"Cash On Hand": {"2020-12-31": "71.00000", "2019-12-31": "106.00000", "2018-12-31": "54.00000", "2017-12-31": "69.02200", "2016-12-31": "213.93900", "2015-12-31": "111.83800", "2014-12-31": "147.72400", "2013-12-31": "134.80500", "2012-12-31": "520.94500", "2011-12-31": "773.99000", "2010-12-31": "586.69100", "2009-12-31": "383.48900", "2008-12-31": "380.44600", "2007-12-31": "473.82000", "2006-12-31": "433.92100", "2005-12-31": "904.42200"}, "Receivables": {"2020-12-31": "672.00000", "2019-12-31": "670.00000", "2018-12-31": "233.00000", "2017-12-31": "241.72700", "2016-12-31": "223.02900", "2015-12-31": "234.78200", "2014-12-31": "220.57900", "2013-12-31": "192.91200", "2012-12-31": "210.56700", "2011-12-31": "186.52200", "2010-12-31": "189.23400", "2009-12-31": "162.31800", "2008-12-31": "147.97400", "2007-12-31": "104.07200", "2006-12-31": "71.01400", "2005-12-31": "58.20100"}, "Inventory": {"2020-12-31": "10.00000", "2019-12-31": "11.00000", "2018-12-31": "22.00000", "2017-12-31": "20.19900", "2016-12-31": "20.36300", "2015-12-31": "22.29500", "2014-12-31": "19.39700", "2013-12-31": "13.86300", "2012-12-31": "25.33700", "2011-12-31": "36.71100", "2010-12-31": "21.91800", "2009-12-31": "16.19300", "2008-12-31": "24.46200", "2007-12-31": "29.53700", "2006-12-31": "34.50200", "2005-12-31": "14.25600"}, "Pre-Paid Expenses": {"2020-12-31": "194.00000", "2019-12-31": "194.00000", "2018-12-31": "158.00000", "2017-12-31": "129.66900", "2016-12-31": "179.14800", "2015-12-31": "187.03300", "2014-12-31": "119.09900", "2013-12-31": "110.53000", "2012-12-31": "122.15700", "2011-12-31": "125.96700", "2010-12-31": "134.99400", "2009-12-31": "100.27300", "2008-12-31": "67.20300", "2007-12-31": "31.39200", "2006-12-31": "52.58800", "2005-12-31": "18.24800"}, "Other Current Assets": {"2020-12-31": "20.00000", "2019-12-31": "22.00000", "2018-12-31": "11.00000", "2017-12-31": "10.28400", "2016-12-31": "6.17000", "2015-12-31": "5.94100", "2014-12-31": "4.34400", "2013-12-31": "29.30500", "2012-12-31": "25.20400", "2011-12-31": "21.03700", "2010-12-31": "14.15100", "2009-12-31": "124.86700", "2008-12-31": "137.90100", "2007-12-31": "40.03600", "2006-12-31": "25.24100", "2005-12-31": "16.32100"}, "Total Current Assets": {"2020-12-31": "967.00000", "2019-12-31": "1003.00000", "2018-12-31": "478.00000", "2017-12-31": "470.90100", "2016-12-31": "642.64900", "2015-12-31": "561.88900", "2014-12-31": "1549.74600", "2013-12-31": "1419.01300", "2012-12-31": "1828.18200", "2011-12-31": "1276.95400", "2010-12-31": "991.77500", "2009-12-31": "859.78000", "2008-12-31": "789.25600", "2007-12-31": "678.85700", "2006-12-31": "617.26600", "2005-12-31": "1011.44800"}, "Property, Plant, And Equipment": {"2020-12-31": "1629.00000", "2019-12-31": "1626.00000", "2018-12-31": "1513.00000", "2017-12-31": "1462.76600", "2016-12-31": "1398.69300", "2015-12-31": "1415.40100", "2014-12-31": "1510.11200", "2013-12-31": "1594.57400", "2012-12-31": "1571.92200", "2011-12-31": "1673.91900", "2010-12-31": "1761.27400", "2009-12-31": "1711.00300", "2008-12-31": "1703.47600", "2007-12-31": "806.26300", "2006-12-31": "810.38900", "2005-12-31": "828.35700"}, "Long-Term Investments": {"2020-12-31": "", "2019-12-31": "", "2018-12-31": "", "2017-12-31": "", "2016-12-31": "", "2015-12-31": "", "2014-12-31": "5.92200", "2013-12-31": "5.71800", "2012-12-31": "3.99900", "2011-12-31": "3.97300", "2010-12-31": "3.39600", "2009-12-31": "3.40000", "2008-12-31": "141.25000", "2007-12-31": "18.00000", "2006-12-31": "52.85000", "2005-12-31": "82.45000"}, "Goodwill And Intangible Assets": {"2020-12-31": "6462.00000", "2019-12-31": "7310.00000", "2018-12-31": "4791.00000", "2017-12-31": "4809.42800", "2016-12-31": "4749.90800", "2015-12-31": "4798.45300", "2014-12-31": "4850.15300", "2013-12-31": "4904.61500", "2012-12-31": "4334.97500", "2011-12-31": "4408.49400", "2010-12-31": "4467.54400", "2009-12-31": "4529.97100", "2008-12-31": "4607.18100", "2007-12-31": "83.65400", "2006-12-31": "83.65400", "2005-12-31": "83.65400"}, "Other Long-Term Assets": {"2020-12-31": "737.00000", "2019-12-31": "591.00000", "2018-12-31": "1098.00000", "2017-12-31": "1080.75100", "2016-12-31": "128.01500", "2015-12-31": "155.18800", "2014-12-31": "15.39600", "2013-12-31": "40.19900", "2012-12-31": "57.83200", "2011-12-31": "90.61000", "2010-12-31": "104.96200", "2009-12-31": "151.64500", "2008-12-31": "209.37600", "2007-12-31": "93.51100", "2006-12-31": "81.20300", "2005-12-31": "63.15000"}, "Total Long-Term Assets": {"2020-12-31": "9366.00000", "2019-12-31": "10146.00000", "2018-12-31": "7695.00000", "2017-12-31": "7858.47300", "2016-12-31": "7360.94600", "2015-12-31": "7484.77300", "2014-12-31": "6819.31900", "2013-12-31": "7425.76800", "2012-12-31": "7226.66100", "2011-12-31": "6219.04200", "2010-12-31": "6391.31100", "2009-12-31": "6462.42600", "2008-12-31": "6670.47900", "2007-12-31": "1015.29200", "2006-12-31": "1041.26200", "2005-12-31": "1073.91400"}, "Total Assets": {"2020-12-31": "10333.00000", "2019-12-31": "11149.00000", "2018-12-31": "8173.00000", "2017-12-31": "8329.37400", "2016-12-31": "8003.59500", "2015-12-31": "8046.66200", "2014-12-31": "8369.06500", "2013-12-31": "8844.78000", "2012-12-31": "9054.84300", "2011-12-31": "7495.99600", "2010-12-31": "7383.08600", "2009-12-31": "7322.20600", "2008-12-31": "7459.73600", "2007-12-31": "1694.14900", "2006-12-31": "1658.52800", "2005-12-31": "2085.36200"}, "Total Current Liabilities": {"2020-12-31": "3167.00000", "2019-12-31": "3293.00000", "2018-12-31": "2803.00000", "2017-12-31": "2821.53800", "2016-12-31": "2668.60100", "2015-12-31": "2496.48700", "2014-12-31": "2313.79200", "2013-12-31": "2738.90400", "2012-12-31": "2314.58800", "2011-12-31": "2247.59600", "2010-12-31": "2349.70900", "2009-12-31": "2076.64100", "2008-12-31": "2407.33600", "2007-12-31": "1074.99400", "2006-12-31": "875.06500", "2005-12-31": "606.96700"}, "Long Term Debt": {"2020-12-31": "8499.00000", "2019-12-31": "7842.00000", "2018-12-31": "6885.00000", "2017-12-31": "6741.24300", "2016-12-31": "5842.76400", "2015-12-31": "5443.61400", "2014-12-31": "4487.41900", "2013-12-31": "3093.82100", "2012-12-31": "2430.98600", "2011-12-31": "3012.35100", "2010-12-31": "3021.76300", "2009-12-31": "3063.28100", "2008-12-31": "2820.78100", "2007-12-31": "1278.61700", "2006-12-31": "1068.24900", "2005-12-31": "1084.43700"}, "Other Non-Current Liabilities": {"2020-12-31": "149.00000", "2019-12-31": "94.00000", "2018-12-31": "106.00000", "2017-12-31": "107.71900", "2016-12-31": "101.50800", "2015-12-31": "108.76200", "2014-12-31": "106.11600", "2013-12-31": "117.28700", "2012-12-31": "110.20300", "2011-12-31": "322.68500", "2010-12-31": "615.36800", "2009-12-31": "891.43100", "2008-12-31": "1080.74000", "2007-12-31": "9.97900", "2006-12-31": "27.70500", "2005-12-31": "12.51100"}, "Total Long Term Liabilities": {"2020-12-31": "9451.00000", "2019-12-31": "8592.00000", "2018-12-31": "7187.00000", "2017-12-31": "7031.71000", "2016-12-31": "6127.00900", "2015-12-31": "5716.66600", "2014-12-31": "4745.43600", "2013-12-31": "3360.13400", "2012-12-31": "2700.69000", "2011-12-31": "4544.25500", "2010-12-31": "4825.74100", "2009-12-31": "5150.04300", "2008-12-31": "5043.86300", "2007-12-31": "1411.89200", "2006-12-31": "1172.53400", "2005-12-31": "1153.42700"}, "Total Liabilities": {"2020-12-31": "12618.00000", "2019-12-31": "11885.00000", "2018-12-31": "9990.00000", "2017-12-31": "9853.24800", "2016-12-31": "8795.61000", "2015-12-31": "8213.15300", "2014-12-31": "7059.22800", "2013-12-31": "6099.03800", "2012-12-31": "5015.27800", "2011-12-31": "6791.85100", "2010-12-31": "7175.45000", "2009-12-31": "7226.68400", "2008-12-31": "7451.19900", "2007-12-31": "2486.88600", "2006-12-31": "2047.59900", "2005-12-31": "1760.39400"}, "Common Stock Net": {"2020-12-31": "4.00000", "2019-12-31": "4.00000", "2018-12-31": "4.00000", "2017-12-31": "4.53000", "2016-12-31": "4.74500", "2015-12-31": "5.15300", "2014-12-31": "5.65300", "2013-12-31": "6.09600", "2012-12-31": "5.26300", "2011-12-31": "3.75300", "2010-12-31": "3.93300", "2009-12-31": "3.88200", "2008-12-31": "3.65200", "2007-12-31": "1.47100", "2006-12-31": "1.43500", "2005-12-31": "1.34600"}, "Retained Earnings (Accumulated Deficit)": {"2020-12-31": "-2285.00000", "2019-12-31": "-1143.00000", "2018-12-31": "-2057.00000", "2017-12-31": "-3243.47300", "2016-12-31": "-3891.38100", "2015-12-31": "-4931.21000", "2014-12-31": "-5440.93400", "2013-12-31": "-5934.17500", "2012-12-31": "-6311.39000", "2011-12-31": "-9784.09200", "2010-12-31": "-10211.05000", "2009-12-31": "-10254.11000", "2008-12-31": "-9712.26000", "2007-12-31": "-4398.97200", "2006-12-31": "-3833.72000", "2005-12-31": "-2728.85300"}, "Comprehensive Income": {"2020-12-31": "15.00000", "2019-12-31": "8.00000", "2018-12-31": "-6.00000", "2017-12-31": "18.40700", "2016-12-31": "-0.13900", "2015-12-31": "-0.50200", "2014-12-31": "-0.40200", "2013-12-31": "-0.30800", "2012-12-31": "0.12000", "2011-12-31": "0.07100", "2010-12-31": "-5.86100", "2009-12-31": "-6.58100", "2008-12-31": "-7.87100", "2007-12-31": "", "2006-12-31": "", "2005-12-31": ""}, "Other Share Holders Equity": {"2020-12-31": "", "2019-12-31": "", "2018-12-31": "", "2017-12-31": "", "2016-12-31": "", "2015-12-31": "", "2014-12-31": "", "2013-12-31": "", "2012-12-31": "", "2011-12-31": "", "2010-12-31": "", "2009-12-31": "", "2008-12-31": "", "2007-12-31": "", "2006-12-31": "", "2005-12-31": ""}, "Share Holder Equity": {"2020-12-31": "-2285.00000", "2019-12-31": "-736.00000", "2018-12-31": "-1817.00000", "2017-12-31": "-1523.87400", "2016-12-31": "-792.01500", "2015-12-31": "-166.49100", "2014-12-31": "1309.83700", "2013-12-31": "2745.74200", "2012-12-31": "4039.56500", "2011-12-31": "704.14500", "2010-12-31": "207.63600", "2009-12-31": "95.52200", "2008-12-31": "8.53700", "2007-12-31": "-792.73700", "2006-12-31": "-389.07100", "2005-12-31": "324.96800"}, "Total Liabilities And Share Holders Equity": {"2020-12-31": "10333.00000", "2019-12-31": "11149.00000", "2018-12-31": "8173.00000", "2017-12-31": "8329.37400", "2016-12-31": "8003.59500", "2015-12-31": "8046.66200", "2014-12-31": "8369.06500", "2013-12-31": "8844.78000", "2012-12-31": "9054.84300", "2011-12-31": "7495.99600", "2010-12-31": "7383.08600", "2009-12-31": "7322.20600", "2008-12-31": "7459.73600", "2007-12-31": "1694.14900", "2006-12-31": "1658.52800", "2005-12-31": "2085.36200"}}, "balance sheet, quarterly": {"Cash On Hand": {"2020-12-31": "71.00000", "2020-09-30": "33.00000", "2020-06-30": "1770.00000", "2020-03-31": "40.00000", "2019-12-31": "106.00000", "2019-09-30": "79.00000", "2019-06-30": "215.00000", "2019-03-31": "62.00000", "2018-12-31": "54.00000", "2018-09-30": "46.04400", "2018-06-30": "63.51600", "2018-03-31": "78.53900", "2017-12-31": "69.02200", "2017-09-30": "73.55300", "2017-06-30": "42.73800", "2017-03-31": "230.48800", "2016-12-31": "213.93900", "2016-09-30": "572.38200", "2016-06-30": "476.45300", "2016-03-31": "101.95200", "2015-12-31": "111.83800", "2015-09-30": "152.54500", "2015-06-30": "294.05300", "2015-03-31": "482.04300", "2014-12-31": "147.72400", "2014-09-30": "103.58500", "2014-06-30": "169.98000", "2014-03-31": "121.17100", "2013-12-31": "134.80500", "2013-09-30": "716.78400", "2013-06-30": "651.76900", "2013-03-31": "206.72700", "2012-12-31": "520.94500", "2012-09-30": "556.27000", "2012-06-30": "868.33000", "2012-03-31": "746.57600", "2011-12-31": "773.99000", "2011-09-30": "604.59200", "2011-06-30": "528.32700", "2011-03-31": "433.69500", "2010-12-31": "586.69100", "2010-09-30": "316.25500", "2010-06-30": "258.85400", "2010-03-31": "802.76290", "2009-12-31": "383.48900", "2009-09-30": "380.37200", "2009-06-30": "541.68800", "2009-03-31": "375.48600", "2008-12-31": "380.44600", "2008-09-30": "359.65700", "2008-06-30": "255.59800", "2008-03-31": "287.96900", "2007-12-31": "473.82000", "2007-09-30": "397.67800", "2007-06-30": "454.71300", "2007-03-31": "289.12200", "2006-12-31": "433.92100", "2006-09-30": "377.30100", "2006-06-30": "608.75300", "2006-03-31": "740.39600", "2005-12-31": "904.42200", "2005-09-30": "959.54800", "2005-06-30": "577.36900", "2005-03-31": "640.82300"}, "Receivables": {"2020-12-31": "672.00000", "2020-09-30": "582.00000", "2020-06-30": "497.00000", "2020-03-31": "604.00000", "2019-12-31": "670.00000", "2019-09-30": "632.00000", "2019-06-30": "628.00000", "2019-03-31": "592.00000", "2018-12-31": "233.00000", "2018-09-30": "245.76800", "2018-06-30": "247.14800", "2018-03-31": "244.77900", "2017-12-31": "241.72700", "2017-09-30": "225.00100", "2017-06-30": "234.35200", "2017-03-31": "234.34800", "2016-12-31": "223.02900", "2016-09-30": "233.41900", "2016-06-30": "225.38000", "2016-03-31": "228.17000", "2015-12-31": "234.78200", "2015-09-30": "237.20000", "2015-06-30": "240.32500", "2015-03-31": "219.42100", "2014-12-31": "220.57900", "2014-09-30": "206.79300", "2014-06-30": "202.27600", "2014-03-31": "193.35800", "2013-12-31": "192.91200", "2013-09-30": "183.59700", "2013-06-30": "212.49100", "2013-03-31": "210.63700", "2012-12-31": "210.56700", "2012-09-30": "190.73600", "2012-06-30": "210.78100", "2012-03-31": "204.37200", "2011-12-31": "186.52200", "2011-09-30": "176.83900", "2011-06-30": "181.84800", "2011-03-31": "177.30200", "2010-12-31": "189.23400", "2010-09-30": "189.37400", "2010-06-30": "196.54900", "2010-03-31": "170.64500", "2009-12-31": "162.31800", "2009-09-30": "128.90300", "2009-06-30": "110.93600", "2009-03-31": "140.37700", "2008-12-31": "147.97400", "2008-09-30": "127.89400", "2008-06-30": "99.01700", "2008-03-31": "92.73500", "2007-12-31": "104.07200", "2007-09-30": "80.01000", "2007-06-30": "85.56200", "2007-03-31": "69.85600", "2006-12-31": "71.01400", "2006-09-30": "17.29100", "2006-06-30": "18.92200", "2006-03-31": "19.95900", "2005-12-31": "58.20100", "2005-09-30": "", "2005-06-30": "", "2005-03-31": ""}, "Inventory": {"2020-12-31": "10.00000", "2020-09-30": "10.00000", "2020-06-30": "12.00000", "2020-03-31": "12.00000", "2019-12-31": "11.00000", "2019-09-30": "14.00000", "2019-06-30": "17.00000", "2019-03-31": "20.00000", "2018-12-31": "22.00000", "2018-09-30": "19.51400", "2018-06-30": "18.96700", "2018-03-31": "17.35300", "2017-12-31": "20.19900", "2017-09-30": "22.46900", "2017-06-30": "19.58100", "2017-03-31": "16.97200", "2016-12-31": "20.36300", "2016-09-30": "28.03000", "2016-06-30": "26.27600", "2016-03-31": "21.75500", "2015-12-31": "22.29500", "2015-09-30": "26.74300", "2015-06-30": "24.59900", "2015-03-31": "22.93700", "2014-12-31": "19.39700", "2014-09-30": "24.35000", "2014-06-30": "21.55500", "2014-03-31": "18.98700", "2013-12-31": "13.86300", "2013-09-30": "14.24200", "2013-06-30": "16.68800", "2013-03-31": "20.09500", "2012-12-31": "25.33700", "2012-09-30": "35.82300", "2012-06-30": "36.88400", "2012-03-31": "36.79100", "2011-12-31": "36.71100", "2011-09-30": "36.19600", "2011-06-30": "32.31700", "2011-03-31": "29.24800", "2010-12-31": "21.91800", "2010-09-30": "18.03600", "2010-06-30": "13.72600", "2010-03-31": "13.96800", "2009-12-31": "16.19300", "2009-09-30": "20.99600", "2009-06-30": "27.88600", "2009-03-31": "19.88900", "2008-12-31": "24.46200", "2008-09-30": "31.93500", "2008-06-30": "23.61600", "2008-03-31": "25.34400", "2007-12-31": "29.53700", "2007-09-30": "37.03500", "2007-06-30": "41.93700", "2007-03-31": "34.97500", "2006-12-31": "34.50200", "2006-09-30": "44.97900", "2006-06-30": "25.11000", "2006-03-31": "15.45400", "2005-12-31": "14.25600", "2005-09-30": "", "2005-06-30": "", "2005-03-31": ""}, "Pre-Paid Expenses": {"2020-12-31": "194.00000", "2020-09-30": "194.00000", "2020-06-30": "205.00000", "2020-03-31": "212.00000", "2019-12-31": "194.00000", "2019-09-30": "200.00000", "2019-06-30": "211.00000", "2019-03-31": "221.00000", "2018-12-31": "158.00000", "2018-09-30": "173.03500", "2018-06-30": "138.01500", "2018-03-31": "147.07700", "2017-12-31": "129.66900", "2017-09-30": "163.16400", "2017-06-30": "186.48100", "2017-03-31": "187.07800", "2016-12-31": "179.14800", "2016-09-30": "202.28900", "2016-06-30": "200.35600", "2016-03-31": "204.84900", "2015-12-31": "187.03300", "2015-09-30": "189.85700", "2015-06-30": "122.99600", "2015-03-31": "135.96000", "2014-12-31": "119.09900", "2014-09-30": "126.13100", "2014-06-30": "110.99400", "2014-03-31": "123.23900", "2013-12-31": "110.53000", "2013-09-30": "130.79400", "2013-06-30": "149.40800", "2013-03-31": "171.24800", "2012-12-31": "122.15700", "2012-09-30": "150.39700", "2012-06-30": "163.00900", "2012-03-31": "177.51500", "2011-12-31": "125.96700", "2011-09-30": "146.94600", "2011-06-30": "156.53000", "2011-03-31": "175.82900", "2010-12-31": "134.99400", "2010-09-30": "167.73400", "2010-06-30": "193.44000", "2010-03-31": "119.18500", "2009-12-31": "100.27300", "2009-09-30": "107.35000", "2009-06-30": "120.27300", "2009-03-31": "124.21200", "2008-12-31": "67.20300", "2008-09-30": "84.44800", "2008-06-30": "33.13900", "2008-03-31": "34.77900", "2007-12-31": "31.39200", "2007-09-30": "37.81600", "2007-06-30": "40.84700", "2007-03-31": "53.93900", "2006-12-31": "52.58800", "2006-09-30": "64.43200", "2006-06-30": "52.77600", "2006-03-31": "37.01600", "2005-12-31": "18.24800", "2005-09-30": "20.54600", "2005-06-30": "15.75700", "2005-03-31": "12.07200"}, "Other Current Assets": {"2020-12-31": "20.00000", "2020-09-30": "10.00000", "2020-06-30": "11.00000", "2020-03-31": "15.00000", "2019-12-31": "22.00000", "2019-09-30": "11.00000", "2019-06-30": "11.00000", "2019-03-31": "12.00000", "2018-12-31": "11.00000", "2018-09-30": "10.08700", "2018-06-30": "13.69200", "2018-03-31": "12.87700", "2017-12-31": "10.28400", "2017-09-30": "12.37500", "2017-06-30": "12.08500", "2017-03-31": "6.84600", "2016-12-31": "6.17000", "2016-09-30": "5.24900", "2016-06-30": "4.91200", "2016-03-31": "5.42700", "2015-12-31": "5.94100", "2015-09-30": "8.72500", "2015-06-30": "45.01700", "2015-03-31": "5.61600", "2014-12-31": "4.34400", "2014-09-30": "14.45000", "2014-06-30": "18.70100", "2014-03-31": "24.64400", "2013-12-31": "29.30500", "2013-09-30": "18.66600", "2013-06-30": "19.30400", "2013-03-31": "20.31500", "2012-12-31": "25.20400", "2012-09-30": "16.49200", "2012-06-30": "15.92600", "2012-03-31": "27.04200", "2011-12-31": "21.03700", "2011-09-30": "10.13600", "2011-06-30": "11.43100", "2011-03-31": "10.18600", "2010-12-31": "14.15100", "2010-09-30": "12.88400", "2010-06-30": "20.03300", "2010-03-31": "123.30200", "2009-12-31": "124.86700", "2009-09-30": "173.48900", "2009-06-30": "166.14000", "2009-03-31": "179.51000", "2008-12-31": "137.90100", "2008-09-30": "134.83000", "2008-06-30": "18.18900", "2008-03-31": "17.93700", "2007-12-31": "40.03600", "2007-09-30": "24.26700", "2007-06-30": "26.22800", "2007-03-31": "31.91000", "2006-12-31": "25.24100", "2006-09-30": "30.97300", "2006-06-30": "43.59700", "2006-03-31": "45.60000", "2005-12-31": "16.32100", "2005-09-30": "52.79900", "2005-06-30": "47.35400", "2005-03-31": "37.20400"}, "Total Current Assets": {"2020-12-31": "967.00000", "2020-09-30": "829.00000", "2020-06-30": "2495.00000", "2020-03-31": "883.00000", "2019-12-31": "1003.00000", "2019-09-30": "936.00000", "2019-06-30": "1082.00000", "2019-03-31": "907.00000", "2018-12-31": "478.00000", "2018-09-30": "494.44800", "2018-06-30": "481.33800", "2018-03-31": "500.62500", "2017-12-31": "470.90100", "2017-09-30": "496.56200", "2017-06-30": "495.23700", "2017-03-31": "675.73200", "2016-12-31": "642.64900", "2016-09-30": "1041.36900", "2016-06-30": "933.37700", "2016-03-31": "562.15300", "2015-12-31": "561.88900", "2015-09-30": "1416.12200", "2015-06-30": "1630.36600", "2015-03-31": "1803.74400", "2014-12-31": "1549.74600", "2014-09-30": "1259.45200", "2014-06-30": "1370.11800", "2014-03-31": "1377.78500", "2013-12-31": "1419.01300", "2013-09-30": "1951.26500", "2013-06-30": "1943.96300", "2013-03-31": "1599.25300", "2012-12-31": "1828.18200", "2012-09-30": "1862.72800", "2012-06-30": "2194.41500", "2012-03-31": "1337.09400", "2011-12-31": "1276.95400", "2011-09-30": "1033.20200", "2011-06-30": "965.28100", "2011-03-31": "878.51400", "2010-12-31": "991.77500", "2010-09-30": "778.61500", "2010-06-30": "760.17200", "2010-03-31": "1304.88500", "2009-12-31": "859.78000", "2009-09-30": "811.11000", "2009-06-30": "966.92300", "2009-03-31": "839.47400", "2008-12-31": "789.25600", "2008-09-30": "738.76400", "2008-06-30": "429.55900", "2008-03-31": "458.76400", "2007-12-31": "678.85700", "2007-09-30": "576.80600", "2007-06-30": "649.28700", "2007-03-31": "479.80200", "2006-12-31": "617.26600", "2006-09-30": "534.97600", "2006-06-30": "749.15800", "2006-03-31": "858.42500", "2005-12-31": "1011.44800", "2005-09-30": "1032.89300", "2005-06-30": "640.48000", "2005-03-31": "690.09900"}, "Property, Plant, And Equipment": {"2020-12-31": "1629.00000", "2020-09-30": "1587.00000", "2020-06-30": "1592.00000", "2020-03-31": "1609.00000", "2019-12-31": "1626.00000", "2019-09-30": "1609.00000", "2019-06-30": "1583.00000", "2019-03-31": "1586.00000", "2018-12-31": "1513.00000", "2018-09-30": "1498.29700", "2018-06-30": "1468.93000", "2018-03-31": "1464.39400", "2017-12-31": "1462.76600", "2017-09-30": "1427.61400", "2017-06-30": "1410.26500", "2017-03-31": "1408.15200", "2016-12-31": "1398.69300", "2016-09-30": "1381.11400", "2016-06-30": "1373.87400", "2016-03-31": "1400.75500", "2015-12-31": "1415.40100", "2015-09-30": "1440.36800", "2015-06-30": "1463.82700", "2015-03-31": "1477.65700", "2014-12-31": "1510.11200", "2014-09-30": "1522.63500", "2014-06-30": "1549.88100", "2014-03-31": "1571.46000", "2013-12-31": "1594.57400", "2013-09-30": "1542.88700", "2013-06-30": "1523.61500", "2013-03-31": "1542.97000", "2012-12-31": "1571.92200", "2012-09-30": "1601.36300", "2012-06-30": "1631.11000", "2012-03-31": "1645.61000", "2011-12-31": "1673.91900", "2011-09-30": "1702.56600", "2011-06-30": "1722.67300", "2011-03-31": "1744.53900", "2010-12-31": "1761.27400", "2010-09-30": "1798.40600", "2010-06-30": "1765.34700", "2010-03-31": "1730.14100", "2009-12-31": "1711.00300", "2009-09-30": "1694.23500", "2009-06-30": "1690.86400", "2009-03-31": "1696.86400", "2008-12-31": "1703.47600", "2008-09-30": "1700.27900", "2008-06-30": "812.30700", "2008-03-31": "798.85200", "2007-12-31": "806.26300", "2007-09-30": "796.62500", "2007-06-30": "792.10900", "2007-03-31": "795.01800", "2006-12-31": "810.38900", "2006-09-30": "833.59900", "2006-06-30": "794.44100", "2006-03-31": "806.47800", "2005-12-31": "828.35700", "2005-09-30": "822.00400", "2005-06-30": "839.56900", "2005-03-31": "860.03100"}, "Long-Term Investments": {"2020-12-31": "", "2020-09-30": "", "2020-06-30": "", "2020-03-31": "", "2019-12-31": "", "2019-09-30": "", "2019-06-30": "", "2019-03-31": "", "2018-12-31": "", "2018-09-30": "", "2018-06-30": "", "2018-03-31": "", "2017-12-31": "", "2017-09-30": "", "2017-06-30": "173.10400", "2017-03-31": "", "2016-12-31": "", "2016-09-30": "", "2016-06-30": "", "2016-03-31": "", "2015-12-31": "", "2015-09-30": "9.88800", "2015-06-30": "9.88800", "2015-03-31": "9.88800", "2014-12-31": "5.92200", "2014-09-30": "5.92200", "2014-06-30": "5.71800", "2014-03-31": "5.71800", "2013-12-31": "5.71800", "2013-09-30": "5.71800", "2013-06-30": "3.99900", "2013-03-31": "3.99900", "2012-12-31": "3.99900", "2012-09-30": "3.97300", "2012-06-30": "3.97300", "2012-03-31": "3.97300", "2011-12-31": "3.97300", "2011-09-30": "3.14600", "2011-06-30": "3.14600", "2011-03-31": "3.39600", "2010-12-31": "3.39600", "2010-09-30": "3.39600", "2010-06-30": "3.39600", "2010-03-31": "3.40000", "2009-12-31": "3.40000", "2009-09-30": "3.40000", "2009-06-30": "3.40000", "2009-03-31": "3.25000", "2008-12-31": "141.25000", "2008-09-30": "141.25000", "2008-06-30": "21.00000", "2008-03-31": "21.00000", "2007-12-31": "18.00000", "2007-09-30": "17.70000", "2007-06-30": "52.85000", "2007-03-31": "52.85000", "2006-12-31": "52.85000", "2006-09-30": "58.30000", "2006-06-30": "83.15000", "2006-03-31": "83.15000", "2005-12-31": "82.45000", "2005-09-30": "67.45000", "2005-06-30": "92.61500", "2005-03-31": "92.61500"}, "Goodwill And Intangible Assets": {"2020-12-31": "6462.00000", "2020-09-30": "7220.00000", "2020-06-30": "7258.00000", "2020-03-31": "7272.00000", "2019-12-31": "7310.00000", "2019-09-30": "7361.00000", "2019-06-30": "7395.00000", "2019-03-31": "7412.00000", "2018-12-31": "4791.00000", "2018-09-30": "4795.36900", "2018-06-30": "4797.70300", "2018-03-31": "4803.56600", "2017-12-31": "4809.42800", "2017-09-30": "4815.26800", "2017-06-30": "4826.91500", "2017-03-31": "4738.38000", "2016-12-31": "4749.90800", "2016-09-30": "4761.67500", "2016-06-30": "4773.75500", "2016-03-31": "4786.01300", "2015-12-31": "4798.45300", "2015-09-30": "4811.08500", "2015-06-30": "4823.90900", "2015-03-31": "4836.93000", "2014-12-31": "4850.15300", "2014-09-30": "4863.58300", "2014-06-30": "4875.52700", "2014-03-31": "4889.38700", "2013-12-31": "4904.61500", "2013-09-30": "4297.73200", "2013-06-30": "4309.83900", "2013-03-31": "4322.38400", "2012-12-31": "4334.97500", "2012-09-30": "4348.12800", "2012-06-30": "4361.73400", "2012-03-31": "4394.56800", "2011-12-31": "4408.49400", "2011-09-30": "4422.71100", "2011-06-30": "4437.28100", "2011-03-31": "4452.24100", "2010-12-31": "4467.54400", "2010-09-30": "4479.68700", "2010-06-30": "4495.85700", "2010-03-31": "4512.67500", "2009-12-31": "4529.97100", "2009-09-30": "4547.79800", "2009-06-30": "4566.44600", "2009-03-31": "4586.75100", "2008-12-31": "4607.18100", "2008-09-30": "4653.51100", "2008-06-30": "83.65400", "2008-03-31": "83.65400", "2007-12-31": "83.65400", "2007-09-30": "83.65400", "2007-06-30": "83.65400", "2007-03-31": "83.65400", "2006-12-31": "83.65400", "2006-09-30": "83.65400", "2006-06-30": "83.65400", "2006-03-31": "83.65400", "2005-12-31": "83.65400", "2005-09-30": "83.65400", "2005-06-30": "83.65400", "2005-03-31": "83.65400"}, "Other Long-Term Assets": {"2020-12-31": "737.00000", "2020-09-30": "643.00000", "2020-06-30": "641.00000", "2020-03-31": "630.00000", "2019-12-31": "591.00000", "2019-09-30": "586.00000", "2019-06-30": "596.00000", "2019-03-31": "594.00000", "2018-12-31": "1098.00000", "2018-09-30": "1154.39500", "2018-06-30": "1179.88000", "2018-03-31": "1100.08400", "2017-12-31": "1080.75100", "2017-09-30": "1135.97000", "2017-06-30": "569.15900", "2017-03-31": "132.71700", "2016-12-31": "128.01500", "2016-09-30": "137.65500", "2016-06-30": "148.32900", "2016-03-31": "166.67200", "2015-12-31": "155.18800", "2015-09-30": "58.84200", "2015-06-30": "69.48000", "2015-03-31": "6.60200", "2014-12-31": "15.39600", "2014-09-30": "9.93900", "2014-06-30": "8.87700", "2014-03-31": "43.17400", "2013-12-31": "40.19900", "2013-09-30": "42.62500", "2013-06-30": "48.03200", "2013-03-31": "52.40400", "2012-12-31": "57.83200", "2012-09-30": "61.30800", "2012-06-30": "70.90400", "2012-03-31": "81.63100", "2011-12-31": "90.61000", "2011-09-30": "118.11900", "2011-06-30": "127.34200", "2011-03-31": "99.77600", "2010-12-31": "104.96200", "2010-09-30": "115.19200", "2010-06-30": "116.93600", "2010-03-31": "127.36600", "2009-12-31": "151.64500", "2009-09-30": "176.51100", "2009-06-30": "216.42000", "2009-03-31": "313.26600", "2008-12-31": "209.37600", "2008-09-30": "223.30100", "2008-06-30": "98.82200", "2008-03-31": "95.76800", "2007-12-31": "93.51100", "2007-09-30": "96.67800", "2007-06-30": "93.96400", "2007-03-31": "82.42200", "2006-12-31": "81.20300", "2006-09-30": "85.96400", "2006-06-30": "86.08500", "2006-03-31": "60.70400", "2005-12-31": "63.15000", "2005-09-30": "69.05500", "2005-06-30": "73.41400", "2005-03-31": "75.33600"}, "Total Long-Term Assets": {"2020-12-31": "9366.00000", "2020-09-30": "9873.00000", "2020-06-30": "9970.00000", "2020-03-31": "10052.00000", "2019-12-31": "10146.00000", "2019-09-30": "10152.00000", "2019-06-30": "10234.00000", "2019-03-31": "10318.00000", "2018-12-31": "7695.00000", "2018-09-30": "7779.05900", "2018-06-30": "7817.81600", "2018-03-31": "7798.66300", "2017-12-31": "7858.47300", "2017-09-30": "8155.85400", "2017-06-30": "7852.46700", "2017-03-31": "7256.07400", "2016-12-31": "7360.94600", "2016-09-30": "7381.45800", "2016-06-30": "7206.46800", "2016-03-31": "7366.08800", "2015-12-31": "7484.77300", "2015-09-30": "6724.75900", "2015-06-30": "6777.70500", "2015-03-31": "6746.26500", "2014-12-31": "6819.31900", "2014-09-30": "7189.90500", "2014-06-30": "7254.41600", "2014-03-31": "7356.38900", "2013-12-31": "7425.76800", "2013-09-30": "6955.04700", "2013-06-30": "7007.22300", "2013-03-31": "7043.94300", "2012-12-31": "7226.66100", "2012-09-30": "7292.31400", "2012-06-30": "7340.66600", "2012-03-31": "6164.63000", "2011-12-31": "6219.04200", "2011-09-30": "6291.63500", "2011-06-30": "6338.50400", "2011-03-31": "6350.90600", "2010-12-31": "6391.31100", "2010-09-30": "6453.17000", "2010-06-30": "6440.76000", "2010-03-31": "6435.46900", "2009-12-31": "6462.42600", "2009-09-30": "6457.83300", "2009-06-30": "6540.40900", "2009-03-31": "6645.44400", "2008-12-31": "6670.47900", "2008-09-30": "6764.31000", "2008-06-30": "1026.92600", "2008-03-31": "1011.05900", "2007-12-31": "1015.29200", "2007-09-30": "1010.32200", "2007-06-30": "1038.98500", "2007-03-31": "1026.34500", "2006-12-31": "1041.26200", "2006-09-30": "1075.64000", "2006-06-30": "1062.23800", "2006-03-31": "1049.67900", "2005-12-31": "1073.91400", "2005-09-30": "1059.49600", "2005-06-30": "1101.05400", "2005-03-31": "1124.13000"}, "Total Assets": {"2020-12-31": "10333.00000", "2020-09-30": "10702.00000", "2020-06-30": "12465.00000", "2020-03-31": "10935.00000", "2019-12-31": "11149.00000", "2019-09-30": "11088.00000", "2019-06-30": "11316.00000", "2019-03-31": "11225.00000", "2018-12-31": "8173.00000", "2018-09-30": "8273.50700", "2018-06-30": "8299.15400", "2018-03-31": "8299.28800", "2017-12-31": "8329.37400", "2017-09-30": "8652.41600", "2017-06-30": "8347.70400", "2017-03-31": "7931.80600", "2016-12-31": "8003.59500", "2016-09-30": "8422.82700", "2016-06-30": "8139.84500", "2016-03-31": "7928.24200", "2015-12-31": "8046.66200", "2015-09-30": "8140.88100", "2015-06-30": "8408.07100", "2015-03-31": "8550.00900", "2014-12-31": "8369.06500", "2014-09-30": "8449.35700", "2014-06-30": "8624.53400", "2014-03-31": "8734.17500", "2013-12-31": "8844.78000", "2013-09-30": "8906.31200", "2013-06-30": "8951.18600", "2013-03-31": "8643.19700", "2012-12-31": "9054.84300", "2012-09-30": "9155.04200", "2012-06-30": "9535.08100", "2012-03-31": "7501.72400", "2011-12-31": "7495.99600", "2011-09-30": "7324.83700", "2011-06-30": "7303.78500", "2011-03-31": "7229.42000", "2010-12-31": "7383.08600", "2010-09-30": "7231.78500", "2010-06-30": "7200.93200", "2010-03-31": "7740.35400", "2009-12-31": "7322.20600", "2009-09-30": "7268.94300", "2009-06-30": "7507.33200", "2009-03-31": "7484.91800", "2008-12-31": "7459.73600", "2008-09-30": "7503.07400", "2008-06-30": "1456.48500", "2008-03-31": "1469.82300", "2007-12-31": "1694.14900", "2007-09-30": "1587.12800", "2007-06-30": "1688.27200", "2007-03-31": "1506.14700", "2006-12-31": "1658.52800", "2006-09-30": "1610.61600", "2006-06-30": "1811.39600", "2006-03-31": "1908.10400", "2005-12-31": "2085.36200", "2005-09-30": "2092.38900", "2005-06-30": "1741.53400", "2005-03-31": "1814.22900"}, "Total Current Liabilities": {"2020-12-31": "3167.00000", "2020-09-30": "3014.00000", "2020-06-30": "4552.00000", "2020-03-31": "3102.00000", "2019-12-31": "3293.00000", "2019-09-30": "3251.00000", "2019-06-30": "3264.00000", "2019-03-31": "3206.00000", "2018-12-31": "2803.00000", "2018-09-30": "2814.37500", "2018-06-30": "2943.49100", "2018-03-31": "2767.79600", "2017-12-31": "2821.53800", "2017-09-30": "2682.84400", "2017-06-30": "2644.12600", "2017-03-31": "2576.68300", "2016-12-31": "2668.60100", "2016-09-30": "2901.96800", "2016-06-30": "2538.82800", "2016-03-31": "2504.45800", "2015-12-31": "2496.48700", "2015-09-30": "2421.85000", "2015-06-30": "2591.27600", "2015-03-31": "2298.06100", "2014-12-31": "2313.79200", "2014-09-30": "2755.81600", "2014-06-30": "2768.63100", "2014-03-31": "2799.49400", "2013-12-31": "2738.90400", "2013-09-30": "2653.50400", "2013-06-30": "2212.27600", "2013-03-31": "2255.13300", "2012-12-31": "2314.58800", "2012-09-30": "2298.63800", "2012-06-30": "2295.02000", "2012-03-31": "2236.58000", "2011-12-31": "2247.59600", "2011-09-30": "2157.57800", "2011-06-30": "2170.96200", "2011-03-31": "2211.50000", "2010-12-31": "2349.70900", "2010-09-30": "2056.40100", "2010-06-30": "2041.87100", "2010-03-31": "2448.60600", "2009-12-31": "2076.64100", "2009-09-30": "2016.44400", "2009-06-30": "2171.46000", "2009-03-31": "2340.21700", "2008-12-31": "2407.33600", "2008-09-30": "2404.08000", "2008-06-30": "1251.89900", "2008-03-31": "1199.98200", "2007-12-31": "1074.99400", "2007-09-30": "838.69900", "2007-06-30": "825.06000", "2007-03-31": "750.70200", "2006-12-31": "875.06500", "2006-09-30": "641.40500", "2006-06-30": "681.51200", "2006-03-31": "591.76900", "2005-12-31": "606.96700", "2005-09-30": "380.39100", "2005-06-30": "334.09600", "2005-03-31": "278.18900"}, "Long Term Debt": {"2020-12-31": "8499.00000", "2020-09-30": "7845.00000", "2020-06-30": "7841.00000", "2020-03-31": "7847.00000", "2019-12-31": "7842.00000", "2019-09-30": "7904.00000", "2019-06-30": "7843.00000", "2019-03-31": "7181.00000", "2018-12-31": "6885.00000", "2018-09-30": "6562.15200", "2018-06-30": "6443.28900", "2018-03-31": "6807.44800", "2017-12-31": "6741.24300", "2017-09-30": "6728.34900", "2017-06-30": "6453.75700", "2017-03-31": "5983.21300", "2016-12-31": "5842.76400", "2016-09-30": "5743.38900", "2016-06-30": "6096.80800", "2016-03-31": "5709.31900", "2015-12-31": "5443.61400", "2015-09-30": "5400.32100", "2015-06-30": "5108.33600", "2015-03-31": "5101.88600", "2014-12-31": "4487.41900", "2014-09-30": "4259.64600", "2014-06-30": "4115.42900", "2014-03-31": "2943.20200", "2013-12-31": "3093.82100", "2013-09-30": "3172.32000", "2013-06-30": "3245.90400", "2013-03-31": "2384.34300", "2012-12-31": "2430.98600", "2012-09-30": "2430.42700", "2012-06-30": "2873.64200", "2012-03-31": "2955.10900", "2011-12-31": "3012.35100", "2011-09-30": "3005.57900", "2011-06-30": "2999.06600", "2011-03-31": "2992.79100", "2010-12-31": "3021.76300", "2010-09-30": "3021.88900", "2010-06-30": "3019.95000", "2010-03-31": "3121.20000", "2009-12-31": "3063.28100", "2009-09-30": "3140.05000", "2009-06-30": "3029.36700", "2009-03-31": "2714.49300", "2008-12-31": "2820.78100", "2008-09-30": "2800.10700", "2008-06-30": "977.36900", "2008-03-31": "977.99400", "2007-12-31": "1278.61700", "2007-09-30": "1281.74200", "2007-06-30": "1281.74200", "2007-03-31": "1067.33900", "2006-12-31": "1068.24900", "2006-09-30": "1083.92900", "2006-06-30": "1083.92900", "2006-03-31": "1083.92900", "2005-12-31": "1084.43700", "2005-09-30": "1096.78900", "2005-06-30": "654.30700", "2005-03-31": "656.31800"}, "Other Non-Current Liabilities": {"2020-12-31": "149.00000", "2020-09-30": "126.00000", "2020-06-30": "117.00000", "2020-03-31": "93.00000", "2019-12-31": "94.00000", "2019-09-30": "92.00000", "2019-06-30": "92.00000", "2019-03-31": "94.00000", "2018-12-31": "106.00000", "2018-09-30": "110.04100", "2018-06-30": "114.48700", "2018-03-31": "114.38700", "2017-12-31": "107.71900", "2017-09-30": "106.72600", "2017-06-30": "104.44600", "2017-03-31": "106.57900", "2016-12-31": "101.50800", "2016-09-30": "106.64100", "2016-06-30": "109.26100", "2016-03-31": "111.39500", "2015-12-31": "108.76200", "2015-09-30": "103.32500", "2015-06-30": "104.96600", "2015-03-31": "105.78200", "2014-12-31": "106.11600", "2014-09-30": "112.00600", "2014-06-30": "109.86800", "2014-03-31": "118.67800", "2013-12-31": "117.28700", "2013-09-30": "100.16400", "2013-06-30": "101.24600", "2013-03-31": "103.87900", "2012-12-31": "110.20300", "2012-09-30": "111.57900", "2012-06-30": "182.30400", "2012-03-31": "252.29200", "2011-12-31": "322.68500", "2011-09-30": "103.48300", "2011-06-30": "105.55400", "2011-03-31": "106.54500", "2010-12-31": "615.36800", "2010-09-30": "85.75500", "2010-06-30": "88.31200", "2010-03-31": "89.27100", "2009-12-31": "891.43100", "2009-09-30": "60.93300", "2009-06-30": "59.05200", "2009-03-31": "48.63000", "2008-12-31": "1080.74000", "2008-09-30": "904.47200", "2008-06-30": "24.27200", "2008-03-31": "19.42400", "2007-12-31": "9.97900", "2007-09-30": "16.74000", "2007-06-30": "38.06000", "2007-03-31": "35.96200", "2006-12-31": "27.70500", "2006-09-30": "16.04600", "2006-06-30": "32.11400", "2006-03-31": "30.48400", "2005-12-31": "12.51100", "2005-09-30": "11.86200", "2005-06-30": "11.28300", "2005-03-31": "12.74200"}, "Total Long Term Liabilities": {"2020-12-31": "9451.00000", "2020-09-30": "8599.00000", "2020-06-30": "8581.00000", "2020-03-31": "8580.00000", "2019-12-31": "8592.00000", "2019-09-30": "8585.00000", "2019-06-30": "8541.00000", "2019-03-31": "7865.00000", "2018-12-31": "7187.00000", "2018-09-30": "6834.50700", "2018-06-30": "6726.23100", "2018-03-31": "7095.96000", "2017-12-31": "7031.71000", "2017-09-30": "7019.67300", "2017-06-30": "6745.26800", "2017-03-31": "6276.20100", "2016-12-31": "6127.00900", "2016-09-30": "6027.37400", "2016-06-30": "6376.13700", "2016-03-31": "5987.72800", "2015-12-31": "5716.66600", "2015-09-30": "5658.11900", "2015-06-30": "5369.53100", "2015-03-31": "5363.77100", "2014-12-31": "4745.43600", "2014-09-30": "4520.12600", "2014-06-30": "4370.01400", "2014-03-31": "3209.26800", "2013-12-31": "3360.13400", "2013-09-30": "3418.14000", "2013-06-30": "3500.06400", "2013-03-31": "2650.68300", "2012-12-31": "2700.69000", "2012-09-30": "2700.22900", "2012-06-30": "3226.47100", "2012-03-31": "4415.56500", "2011-12-31": "4544.25500", "2011-09-30": "4552.24700", "2011-06-30": "4638.21200", "2011-03-31": "4719.29400", "2010-12-31": "4825.74100", "2010-09-30": "4906.29200", "2010-06-30": "4978.63300", "2010-03-31": "5139.72900", "2009-12-31": "5150.04300", "2009-09-30": "5244.85400", "2009-06-30": "5192.16800", "2009-03-31": "4900.17300", "2008-12-31": "5043.86300", "2008-09-30": "5083.24500", "2008-06-30": "1111.70500", "2008-03-31": "1109.27500", "2007-12-31": "1411.89200", "2007-09-30": "1388.94200", "2007-06-30": "1402.68800", "2007-03-31": "1177.35500", "2006-12-31": "1172.53400", "2006-09-30": "1169.51100", "2006-06-30": "1187.00700", "2006-03-31": "1181.63200", "2005-12-31": "1153.42700", "2005-09-30": "1137.19200", "2005-06-30": "690.38700", "2005-03-31": "687.87100"}, "Total Liabilities": {"2020-12-31": "12618.00000", "2020-09-30": "11613.00000", "2020-06-30": "13133.00000", "2020-03-31": "11682.00000", "2019-12-31": "11885.00000", "2019-09-30": "11836.00000", "2019-06-30": "11805.00000", "2019-03-31": "11071.00000", "2018-12-31": "9990.00000", "2018-09-30": "9648.88200", "2018-06-30": "9669.72200", "2018-03-31": "9863.75600", "2017-12-31": "9853.24800", "2017-09-30": "9702.51700", "2017-06-30": "9389.39400", "2017-03-31": "8852.88400", "2016-12-31": "8795.61000", "2016-09-30": "8929.34100", "2016-06-30": "8914.96400", "2016-03-31": "8492.18600", "2015-12-31": "8213.15300", "2015-09-30": "8079.96900", "2015-06-30": "7960.80700", "2015-03-31": "7661.83100", "2014-12-31": "7059.22800", "2014-09-30": "7275.94200", "2014-06-30": "7138.64500", "2014-03-31": "6008.76200", "2013-12-31": "6099.03800", "2013-09-30": "6071.64400", "2013-06-30": "5712.34000", "2013-03-31": "4905.81600", "2012-12-31": "5015.27800", "2012-09-30": "4998.86700", "2012-06-30": "5521.49100", "2012-03-31": "6652.14500", "2011-12-31": "6791.85100", "2011-09-30": "6709.82500", "2011-06-30": "6809.17400", "2011-03-31": "6930.79400", "2010-12-31": "7175.45000", "2010-09-30": "6962.69300", "2010-06-30": "7020.50400", "2010-03-31": "7588.33500", "2009-12-31": "7226.68400", "2009-09-30": "7261.29800", "2009-06-30": "7363.62800", "2009-03-31": "7240.39000", "2008-12-31": "7451.19900", "2008-09-30": "7487.32500", "2008-06-30": "2363.60400", "2008-03-31": "2309.25700", "2007-12-31": "2486.88600", "2007-09-30": "2227.64100", "2007-06-30": "2227.74800", "2007-03-31": "1928.05700", "2006-12-31": "2047.59900", "2006-09-30": "1810.91600", "2006-06-30": "1868.51900", "2006-03-31": "1773.40100", "2005-12-31": "1760.39400", "2005-09-30": "1517.58300", "2005-06-30": "1024.48300", "2005-03-31": "966.06000"}, "Common Stock Net": {"2020-12-31": "4.00000", "2020-09-30": "4.00000", "2020-06-30": "4.00000", "2020-03-31": "4.00000", "2019-12-31": "4.00000", "2019-09-30": "4.00000", "2019-06-30": "4.00000", "2019-03-31": "5.00000", "2018-12-31": "4.00000", "2018-09-30": "4.44900", "2018-06-30": "4.48500", "2018-03-31": "4.48000", "2017-12-31": "4.53000", "2017-09-30": "4.60400", "2017-06-30": "4.62800", "2017-03-31": "4.68500", "2016-12-31": "4.74500", "2016-09-30": "4.84600", "2016-06-30": "4.89300", "2016-03-31": "4.99400", "2015-12-31": "5.15300", "2015-09-30": "5.24000", "2015-06-30": "5.37900", "2015-03-31": "5.51400", "2014-12-31": "5.65300", "2014-09-30": "5.54300", "2014-06-30": "5.71200", "2014-03-31": "6.07400", "2013-12-31": "6.09600", "2013-09-30": "6.13500", "2013-06-30": "6.25800", "2013-03-31": "6.44300", "2012-12-31": "5.26300", "2012-09-30": "5.19200", "2012-06-30": "3.82400", "2012-03-31": "3.78900", "2011-12-31": "3.75300", "2011-09-30": "3.95200", "2011-06-30": "3.94900", "2011-03-31": "3.94300", "2010-12-31": "3.93300", "2010-09-30": "3.92300", "2010-06-30": "3.88500", "2010-03-31": "3.88500", "2009-12-31": "3.88200", "2009-09-30": "3.85800", "2009-06-30": "3.88400", "2009-03-31": "3.85600", "2008-12-31": "3.65200", "2008-09-30": "3.25000", "2008-06-30": "1.50100", "2008-03-31": "1.49900", "2007-12-31": "1.47100", "2007-09-30": "1.46500", "2007-06-30": "1.46400", "2007-03-31": "1.46100", "2006-12-31": "1.43500", "2006-09-30": "1.40600", "2006-06-30": "1.40500", "2006-03-31": "1.40200", "2005-12-31": "1.34600", "2005-09-30": "1.33100", "2005-06-30": "1.32700", "2005-03-31": "1.32100"}, "Retained Earnings (Accumulated Deficit)": {"2020-12-31": "-2285.00000", "2020-09-30": "-891.00000", "2020-06-30": "-607.00000", "2020-03-31": "-850.00000", "2019-12-31": "-1143.00000", "2019-09-30": "-1386.00000", "2019-06-30": "-1632.00000", "2019-03-31": "-1895.00000", "2018-12-31": "-2057.00000", "2018-09-30": "-2308.36100", "2018-06-30": "-2647.27700", "2018-03-31": "-2939.62900", "2017-12-31": "-3243.47300", "2017-09-30": "-3206.47700", "2017-06-30": "-3482.19900", "2017-03-31": "-3684.30800", "2016-12-31": "-3891.38100", "2016-09-30": "-4096.00800", "2016-06-30": "-4586.85600", "2016-03-31": "-4759.87100", "2015-12-31": "-4931.21000", "2015-09-30": "-5065.84300", "2015-06-30": "-5232.39300", "2015-03-31": "-5335.24200", "2014-12-31": "-5440.93400", "2014-09-30": "-5584.05600", "2014-06-30": "-5720.22600", "2014-03-31": "-5840.18700", "2013-12-31": "-5934.17500", "2013-09-30": "-5999.37200", "2013-06-30": "-6062.26600", "2013-03-31": "-6187.78800", "2012-12-31": "-6311.39000", "2012-09-30": "-6467.63500", "2012-06-30": "-6542.14800", "2012-03-31": "-9676.31800", "2011-12-31": "-9784.09200", "2011-09-30": "-9855.42900", "2011-06-30": "-9959.61300", "2011-03-31": "-10132.93000", "2010-12-31": "-10211.05000", "2010-09-30": "-10129.61000", "2010-06-30": "-10197.24000", "2010-03-31": "-10212.51000", "2009-12-31": "-10254.11000", "2009-09-30": "-10255.41000", "2009-06-30": "-10106.21000", "2009-03-31": "-9948.85900", "2008-12-31": "-9712.26000", "2008-09-30": "-9466.41600", "2008-06-30": "-4586.98900", "2008-03-31": "-4503.09000", "2007-12-31": "-4398.97200", "2007-09-30": "-4232.74900", "2007-06-30": "-4112.61200", "2007-03-31": "-3978.46500", "2006-12-31": "-3833.72000", "2006-09-30": "-3588.12300", "2006-06-30": "-3425.22500", "2006-03-31": "-3187.39700", "2005-12-31": "-2728.85300", "2005-09-30": "-2417.46400", "2005-06-30": "-2237.01400", "2005-03-31": "-2059.46800"}, "Comprehensive Income": {"2020-12-31": "15.00000", "2020-09-30": "", "2020-06-30": "-7.00000", "2020-03-31": "-17.00000", "2019-12-31": "8.00000", "2019-09-30": "3.00000", "2019-06-30": "8.00000", "2019-03-31": "1.00000", "2018-12-31": "-6.00000", "2018-09-30": "12.44800", "2018-06-30": "4.59400", "2018-03-31": "12.83600", "2017-12-31": "18.40700", "2017-09-30": "6.28700", "2017-06-30": "2.60700", "2017-03-31": "-0.15600", "2016-12-31": "-0.13900", "2016-09-30": "-0.08200", "2016-06-30": "-0.06800", "2016-03-31": "-0.05300", "2015-12-31": "-0.50200", "2015-09-30": "-0.50200", "2015-06-30": "-0.41100", "2015-03-31": "-0.40200", "2014-12-31": "-0.40200", "2014-09-30": "-0.28800", "2014-06-30": "-0.23000", "2014-03-31": "-0.19000", "2013-12-31": "-0.30800", "2013-09-30": "-0.17200", "2013-06-30": "-0.16100", "2013-03-31": "-0.05200", "2012-12-31": "0.12000", "2012-09-30": "0.03300", "2012-06-30": "0.03300", "2012-03-31": "0.01500", "2011-12-31": "0.07100", "2011-09-30": "0.39800", "2011-06-30": "0.28800", "2011-03-31": "-5.79400", "2010-12-31": "-5.86100", "2010-09-30": "-5.82300", "2010-06-30": "-5.98700", "2010-03-31": "-5.97600", "2009-12-31": "-6.58100", "2009-09-30": "-6.59800", "2009-06-30": "-6.98600", "2009-03-31": "-7.43900", "2008-12-31": "-7.87100", "2008-09-30": "-0.76400", "2008-06-30": "", "2008-03-31": "", "2007-12-31": "", "2007-09-30": "", "2007-06-30": "", "2007-03-31": "", "2006-12-31": "", "2006-09-30": "", "2006-06-30": "", "2006-03-31": "", "2005-12-31": "", "2005-09-30": "", "2005-06-30": "", "2005-03-31": ""}, "Other Share Holders Equity": {"2020-12-31": "", "2020-09-30": "", "2020-06-30": "", "2020-03-31": "", "2019-12-31": "", "2019-09-30": "", "2019-06-30": "", "2019-03-31": "", "2018-12-31": "", "2018-09-30": "", "2018-06-30": "", "2018-03-31": "", "2017-12-31": "", "2017-09-30": "", "2017-06-30": "", "2017-03-31": "", "2016-12-31": "", "2016-09-30": "", "2016-06-30": "", "2016-03-31": "", "2015-12-31": "", "2015-09-30": "", "2015-06-30": "", "2015-03-31": "", "2014-12-31": "", "2014-09-30": "", "2014-06-30": "", "2014-03-31": "", "2013-12-31": "", "2013-09-30": "", "2013-06-30": "", "2013-03-31": "", "2012-12-31": "", "2012-09-30": "", "2012-06-30": "", "2012-03-31": "", "2011-12-31": "", "2011-09-30": "", "2011-06-30": "", "2011-03-31": "", "2010-12-31": "", "2010-09-30": "", "2010-06-30": "", "2010-03-31": "", "2009-12-31": "", "2009-09-30": "", "2009-06-30": "", "2009-03-31": "", "2008-12-31": "", "2008-09-30": "", "2008-06-30": "", "2008-03-31": "", "2007-12-31": "", "2007-09-30": "", "2007-06-30": "", "2007-03-31": "", "2006-12-31": "", "2006-09-30": "", "2006-06-30": "", "2006-03-31": "", "2005-12-31": "", "2005-09-30": "", "2005-06-30": "", "2005-03-31": ""}, "Share Holder Equity": {"2020-12-31": "-2285.00000", "2020-09-30": "-911.00000", "2020-06-30": "-668.00000", "2020-03-31": "-747.00000", "2019-12-31": "-736.00000", "2019-09-30": "-748.00000", "2019-06-30": "-489.00000", "2019-03-31": "154.00000", "2018-12-31": "-1817.00000", "2018-09-30": "-1375.37500", "2018-06-30": "-1370.56800", "2018-03-31": "-1564.46800", "2017-12-31": "-1523.87400", "2017-09-30": "-1050.10100", "2017-06-30": "-1041.69000", "2017-03-31": "-921.07800", "2016-12-31": "-792.01500", "2016-09-30": "-506.51400", "2016-06-30": "-775.11900", "2016-03-31": "-563.94400", "2015-12-31": "-166.49100", "2015-09-30": "60.91200", "2015-06-30": "447.26400", "2015-03-31": "888.17800", "2014-12-31": "1309.83700", "2014-09-30": "1173.41500", "2014-06-30": "1485.88900", "2014-03-31": "2725.41300", "2013-12-31": "2745.74200", "2013-09-30": "2834.66800", "2013-06-30": "3238.84600", "2013-03-31": "3737.38100", "2012-12-31": "4039.56500", "2012-09-30": "4156.17500", "2012-06-30": "4013.59000", "2012-03-31": "849.57900", "2011-12-31": "704.14500", "2011-09-30": "615.01200", "2011-06-30": "494.61100", "2011-03-31": "298.62600", "2010-12-31": "207.63600", "2010-09-30": "269.09200", "2010-06-30": "180.42800", "2010-03-31": "152.01900", "2009-12-31": "95.52200", "2009-09-30": "7.64500", "2009-06-30": "143.70400", "2009-03-31": "244.52800", "2008-12-31": "8.53700", "2008-09-30": "15.74900", "2008-06-30": "-907.11900", "2008-03-31": "-839.43400", "2007-12-31": "-792.73700", "2007-09-30": "-640.51300", "2007-06-30": "-539.47600", "2007-03-31": "-421.91000", "2006-12-31": "-389.07100", "2006-09-30": "-200.30000", "2006-06-30": "-57.12300", "2006-03-31": "134.70300", "2005-12-31": "324.96800", "2005-09-30": "574.80600", "2005-06-30": "717.05100", "2005-03-31": "848.16900"}, "Total Liabilities And Share Holders Equity": {"2020-12-31": "10333.00000", "2020-09-30": "10702.00000", "2020-06-30": "12465.00000", "2020-03-31": "10935.00000", "2019-12-31": "11149.00000", "2019-09-30": "11088.00000", "2019-06-30": "11316.00000", "2019-03-31": "11225.00000", "2018-12-31": "8173.00000", "2018-09-30": "8273.50700", "2018-06-30": "8299.15400", "2018-03-31": "8299.28800", "2017-12-31": "8329.37400", "2017-09-30": "8652.41600", "2017-06-30": "8347.70400", "2017-03-31": "7931.80600", "2016-12-31": "8003.59500", "2016-09-30": "8422.82700", "2016-06-30": "8139.84500", "2016-03-31": "7928.24200", "2015-12-31": "8046.66200", "2015-09-30": "8140.88100", "2015-06-30": "8408.07100", "2015-03-31": "8550.00900", "2014-12-31": "8369.06500", "2014-09-30": "8449.35700", "2014-06-30": "8624.53400", "2014-03-31": "8734.17500", "2013-12-31": "8844.78000", "2013-09-30": "8906.31200", "2013-06-30": "8951.18600", "2013-03-31": "8643.19700", "2012-12-31": "9054.84300", "2012-09-30": "9155.04200", "2012-06-30": "9535.08100", "2012-03-31": "7501.72400", "2011-12-31": "7495.99600", "2011-09-30": "7324.83700", "2011-06-30": "7303.78500", "2011-03-31": "7229.42000", "2010-12-31": "7383.08600", "2010-09-30": "7231.78500", "2010-06-30": "7200.93200", "2010-03-31": "7740.35400", "2009-12-31": "7322.20600", "2009-09-30": "7268.94300", "2009-06-30": "7507.33200", "2009-03-31": "7484.91800", "2008-12-31": "7459.73600", "2008-09-30": "7503.07400", "2008-06-30": "1456.48500", "2008-03-31": "1469.82300", "2007-12-31": "1694.14900", "2007-09-30": "1587.12800", "2007-06-30": "1688.27200", "2007-03-31": "1506.14700", "2006-12-31": "1658.52800", "2006-09-30": "1610.61600", "2006-06-30": "1811.39600", "2006-03-31": "1908.10400", "2005-12-31": "2085.36200", "2005-09-30": "2092.38900", "2005-06-30": "1741.53400", "2005-03-31": "1814.22900"}}, "cash flow statement": {"Net Income/Loss": {"2020-12-31": "131.00000", "2019-12-31": "914.00000", "2018-12-31": "1176.00000", "2017-12-31": "648.00000", "2016-12-31": "745.93300", "2015-12-31": "509.72400", "2014-12-31": "493.24100", "2013-12-31": "377.21500", "2012-12-31": "3472.70200", "2011-12-31": "426.96100", "2010-12-31": "43.05500", "2009-12-31": "-352.03800", "2008-12-31": "-5316.91000", "2007-12-31": "-565.25200", "2006-12-31": "-1104.86700", "2005-12-31": "-862.99700"}, "Total Depreciation And Amortization - Cash Flow": {"2020-12-31": "559.00000", "2019-12-31": "521.00000", "2018-12-31": "298.00000", "2017-12-31": "296.00000", "2016-12-31": "266.20700", "2015-12-31": "269.43800", "2014-12-31": "263.64700", "2013-12-31": "250.53800", "2012-12-31": "263.51900", "2011-12-31": "265.10400", "2010-12-31": "270.91500", "2009-12-31": "306.67400", "2008-12-31": "4968.78600", "2007-12-31": "106.78000", "2006-12-31": "105.74900", "2005-12-31": "98.55500"}, "Other Non-Cash Items": {"2020-12-31": "1596.00000", "2019-12-31": "656.00000", "2018-12-31": "420.00000", "2017-12-31": "816.00000", "2016-12-31": "528.48700", "2015-12-31": "525.69600", "2014-12-31": "513.84900", "2013-12-31": "408.69300", "2012-12-31": "-3021.58600", "2011-12-31": "-198.12900", "2010-12-31": "86.82800", "2009-12-31": "258.22800", "2008-12-31": "172.53200", "2007-12-31": "94.17800", "2006-12-31": "469.48300", "2005-12-31": "181.54700"}, "Total Non-Cash Items": {"2020-12-31": "2155.00000", "2019-12-31": "1177.00000", "2018-12-31": "718.00000", "2017-12-31": "1112.00000", "2016-12-31": "794.69400", "2015-12-31": "795.13390", "2014-12-31": "777.49600", "2013-12-31": "659.23100", "2012-12-31": "-2758.06700", "2011-12-31": "66.97500", "2010-12-31": "357.74310", "2009-12-31": "564.90200", "2008-12-31": "5141.31800", "2007-12-31": "200.95800", "2006-12-31": "575.23200", "2005-12-31": "280.10200"}, "Change In Accounts Receivable": {"2020-12-31": "-36.00000", "2019-12-31": "-137.00000", "2018-12-31": "-42.00000", "2017-12-31": "-74.00000", "2016-12-31": "-44.18800", "2015-12-31": "-61.44000", "2014-12-31": "-72.62800", "2013-12-31": "-15.24500", "2012-12-31": "-58.59300", "2011-12-31": "-30.45200", "2010-12-31": "-50.25900", "2009-12-31": "-44.94600", "2008-12-31": "-17.72000", "2007-12-31": "-42.06000", "2006-12-31": "-22.18300", "2005-12-31": "-45.70500"}, "Change In Inventories": {"2020-12-31": "-2.00000", "2019-12-31": "11.00000", "2018-12-31": "-2.00000", "2017-12-31": "2.00000", "2016-12-31": "1.93200", "2015-12-31": "-2.89800", "2014-12-31": "-5.53400", "2013-12-31": "11.47400", "2012-12-31": "11.37400", "2011-12-31": "-14.79300", "2010-12-31": "-5.72500", "2009-12-31": "8.26900", "2008-12-31": "8.29100", "2007-12-31": "4.96500", "2006-12-31": "-20.24600", "2005-12-31": "-6.31300"}, "Change In Accounts Payable": {"2020-12-31": "", "2019-12-31": "", "2018-12-31": "", "2017-12-31": "", "2016-12-31": "", "2015-12-31": "", "2014-12-31": "", "2013-12-31": "", "2012-12-31": "", "2011-12-31": "", "2010-12-31": "", "2009-12-31": "", "2008-12-31": "", "2007-12-31": "", "2006-12-31": "", "2005-12-31": ""}, "Change In Assets/Liabilities": {"2020-12-31": "-285.00000", "2019-12-31": "-89.00000", "2018-12-31": "59.00000", "2017-12-31": "104.00000", "2016-12-31": "118.96800", "2015-12-31": "-60.38000", "2014-12-31": "39.50500", "2013-12-31": "106.03500", "2012-12-31": "129.75700", "2011-12-31": "128.99700", "2010-12-31": "163.54500", "2009-12-31": "301.85900", "2008-12-31": "90.53700", "2007-12-31": "209.05100", "2006-12-31": "122.75700", "2005-12-31": "202.05400"}, "Total Change In Assets/Liabilities": {"2020-12-31": "-268.00000", "2019-12-31": "-74.00000", "2018-12-31": "-14.00000", "2017-12-31": "96.00000", "2016-12-31": "178.61000", "2015-12-31": "-60.80700", "2014-12-31": "-17.49300", "2013-12-31": "66.38600", "2012-12-31": "92.13000", "2011-12-31": "49.69400", "2010-12-31": "112.09700", "2009-12-31": "220.96600", "2008-12-31": "21.15200", "2007-12-31": "215.52800", "2006-12-31": "107.93300", "2005-12-31": "312.90100"}, "Cash Flow From Operating Activities": {"2020-12-31": "2018.00000", "2019-12-31": "2017.00000", "2018-12-31": "1880.00000", "2017-12-31": "1856.00000", "2016-12-31": "1719.23700", "2015-12-31": "1244.05100", "2014-12-31": "1253.24400", "2013-12-31": "1102.83200", "2012-12-31": "806.76500", "2011-12-31": "543.63000", "2010-12-31": "512.89500", "2009-12-31": "433.83000", "2008-12-31": "-152.79700", "2007-12-31": "-148.76600", "2006-12-31": "-421.70200", "2005-12-31": "-269.99400"}, "Net Change In Property, Plant, And Equipment": {"2020-12-31": "-350.00000", "2019-12-31": "-363.00000", "2018-12-31": "-355.00000", "2017-12-31": "-288.00000", "2016-12-31": "-205.82900", "2015-12-31": "-134.89200", "2014-12-31": "-121.64600", "2013-12-31": "-173.61700", "2012-12-31": "-97.29300", "2011-12-31": "-137.42900", "2010-12-31": "-311.86800", "2009-12-31": "-248.51100", "2008-12-31": "-130.44600", "2007-12-31": "-64.62300", "2006-12-31": "-92.54700", "2005-12-31": "-49.81600"}, "Net Change In Intangible Assets": {"2020-12-31": "", "2019-12-31": "", "2018-12-31": "", "2017-12-31": "", "2016-12-31": "", "2015-12-31": "", "2014-12-31": "", "2013-12-31": "", "2012-12-31": "", "2011-12-31": "", "2010-12-31": "", "2009-12-31": "", "2008-12-31": "", "2007-12-31": "", "2006-12-31": "", "2005-12-31": ""}, "Net Acquisitions/Divestitures": {"2020-12-31": "-300.00000", "2019-12-31": "313.00000", "2018-12-31": "-2.00000", "2017-12-31": "-108.00000", "2016-12-31": "", "2015-12-31": "", "2014-12-31": "1.14400", "2013-12-31": "-525.35200", "2012-12-31": "", "2011-12-31": "", "2010-12-31": "", "2009-12-31": "", "2008-12-31": "819.52100", "2007-12-31": "", "2006-12-31": "", "2005-12-31": ""}, "Net Change In Short-term Investments": {"2020-12-31": "11.00000", "2019-12-31": "73.00000", "2018-12-31": "3.00000", "2017-12-31": "", "2016-12-31": "", "2015-12-31": "", "2014-12-31": "", "2013-12-31": "", "2012-12-31": "", "2011-12-31": "", "2010-12-31": "", "2009-12-31": "", "2008-12-31": "", "2007-12-31": "40.19100", "2006-12-31": "132.21500", "2005-12-31": "-111.96500"}, "Net Change In Long-Term Investments": {"2020-12-31": "-102.00000", "2019-12-31": "-26.00000", "2018-12-31": "-25.00000", "2017-12-31": "-620.00000", "2016-12-31": "-4.29500", "2015-12-31": "-3.96600", "2014-12-31": "24.17800", "2013-12-31": "-1.71900", "2012-12-31": "-0.02600", "2011-12-31": "9.54100", "2010-12-31": "9.45400", "2009-12-31": "", "2008-12-31": "62.86900", "2007-12-31": "-0.31000", "2006-12-31": "-12.33900", "2005-12-31": "-14.04000"}, "Net Change In Investments - Total": {"2020-12-31": "-91.00000", "2019-12-31": "47.00000", "2018-12-31": "-22.00000", "2017-12-31": "-620.00000", "2016-12-31": "-4.29500", "2015-12-31": "-3.96600", "2014-12-31": "24.17800", "2013-12-31": "-1.71900", "2012-12-31": "-0.02600", "2011-12-31": "9.54100", "2010-12-31": "9.45400", "2009-12-31": "", "2008-12-31": "62.86900", "2007-12-31": "39.88100", "2006-12-31": "119.87600", "2005-12-31": "-126.00500"}, "Investing Activities - Other": {"2020-12-31": "", "2019-12-31": "", "2018-12-31": "", "2017-12-31": "-131.00000", "2016-12-31": "", "2015-12-31": "", "2014-12-31": "", "2013-12-31": "", "2012-12-31": "", "2011-12-31": "", "2010-12-31": "", "2009-12-31": "", "2008-12-31": "-23.51900", "2007-12-31": "-29.44400", "2006-12-31": "", "2005-12-31": ""}, "Cash Flow From Investing Activities": {"2020-12-31": "-741.00000", "2019-12-31": "-3.00000", "2018-12-31": "-379.00000", "2017-12-31": "-1147.00000", "2016-12-31": "-210.12400", "2015-12-31": "-138.85800", "2014-12-31": "-96.32400", "2013-12-31": "-700.68800", "2012-12-31": "-97.31900", "2011-12-31": "-127.88800", "2010-12-31": "-302.41400", "2009-12-31": "-248.51100", "2008-12-31": "728.42500", "2007-12-31": "-54.18600", "2006-12-31": "27.32900", "2005-12-31": "-175.82100"}, "Net Long-Term Debt": {"2020-12-31": "623.00000", "2019-12-31": "610.00000", "2018-12-31": "120.00000", "2017-12-31": "870.00000", "2016-12-31": "357.06110", "2015-12-31": "931.45400", "2014-12-31": "1389.78500", "2013-12-31": "998.45000", "2012-12-31": "-758.79800", "2011-12-31": "-239.99600", "2010-12-31": "-18.11790", "2009-12-31": "-178.56400", "2008-12-31": "-572.59300", "2007-12-31": "244.25400", "2006-12-31": "", "2005-12-31": "435.39600"}, "Net Current Debt": {"2020-12-31": "", "2019-12-31": "", "2018-12-31": "", "2017-12-31": "", "2016-12-31": "", "2015-12-31": "", "2014-12-31": "", "2013-12-31": "", "2012-12-31": "", "2011-12-31": "", "2010-12-31": "", "2009-12-31": "", "2008-12-31": "", "2007-12-31": "", "2006-12-31": "", "2005-12-31": ""}, "Debt Issuance/Retirement Net - Total": {"2020-12-31": "623.00000", "2019-12-31": "610.00000", "2018-12-31": "120.00000", "2017-12-31": "870.00000", "2016-12-31": "357.06110", "2015-12-31": "931.45400", "2014-12-31": "1389.78500", "2013-12-31": "998.45000", "2012-12-31": "-758.79800", "2011-12-31": "-239.99600", "2010-12-31": "-18.11790", "2009-12-31": "-178.56400", "2008-12-31": "-572.59300", "2007-12-31": "244.25400", "2006-12-31": "", "2005-12-31": "435.39600"}, "Net Common Equity Issued/Repurchased": {"2020-12-31": "-1555.00000", "2019-12-31": "-2151.00000", "2018-12-31": "-1314.00000", "2017-12-31": "-1408.00000", "2016-12-31": "-1673.17000", "2015-12-31": "-2017.99400", "2014-12-31": "-2496.46800", "2013-12-31": "-1740.39200", "2012-12-31": "123.36900", "2011-12-31": "11.55300", "2010-12-31": "10.83900", "2009-12-31": "", "2008-12-31": "0.47100", "2007-12-31": "4.09700", "2006-12-31": "25.78700", "2005-12-31": "18.54300"}, "Net Total Equity Issued/Repurchased": {"2020-12-31": "-1555.00000", "2019-12-31": "-2151.00000", "2018-12-31": "-1314.00000", "2017-12-31": "-1408.00000", "2016-12-31": "-1673.17000", "2015-12-31": "-2017.99400", "2014-12-31": "-2496.46800", "2013-12-31": "-1740.39200", "2012-12-31": "123.36900", "2011-12-31": "11.55300", "2010-12-31": "10.83900", "2009-12-31": "-3.71200", "2008-12-31": "0.47100", "2007-12-31": "4.09700", "2006-12-31": "25.78700", "2005-12-31": "18.54300"}, "Total Common And Preferred Stock Dividends Paid": {"2020-12-31": "-237.00000", "2019-12-31": "-226.00000", "2018-12-31": "-201.00000", "2017-12-31": "-190.00000", "2016-12-31": "-48.07900", "2015-12-31": "", "2014-12-31": "", "2013-12-31": "", "2012-12-31": "-327.06200", "2011-12-31": "", "2010-12-31": "", "2009-12-31": "", "2008-12-31": "", "2007-12-31": "", "2006-12-31": "", "2005-12-31": ""}, "Financial Activities - Other": {"2020-12-31": "-145.00000", "2019-12-31": "-192.00000", "2018-12-31": "-120.00000", "2017-12-31": "-126.00000", "2016-12-31": "-42.82400", "2015-12-31": "-54.53900", "2014-12-31": "-37.31800", "2013-12-31": "-46.34200", "2012-12-31": "", "2011-12-31": "", "2010-12-31": "", "2009-12-31": "", "2008-12-31": "-61.88000", "2007-12-31": "", "2006-12-31": "", "2005-12-31": "-0.00800"}, "Cash Flow From Financial Activities": {"2020-12-31": "-1314.00000", "2019-12-31": "-1959.00000", "2018-12-31": "-1515.00000", "2017-12-31": "-854.00000", "2016-12-31": "-1407.01200", "2015-12-31": "-1141.07900", "2014-12-31": "-1144.00100", "2013-12-31": "-788.28400", "2012-12-31": "-962.49100", "2011-12-31": "-228.44300", "2010-12-31": "-7.27900", "2009-12-31": "-182.27600", "2008-12-31": "-634.00200", "2007-12-31": "248.35100", "2006-12-31": "25.78700", "2005-12-31": "453.93100"}, "Net Cash Flow": {"2020-12-31": "-37.00000", "2019-12-31": "55.00000", "2018-12-31": "-14.00000", "2017-12-31": "-145.00000", "2016-12-31": "102.10100", "2015-12-31": "-35.88600", "2014-12-31": "12.91900", "2013-12-31": "-386.14000", "2012-12-31": "-253.04500", "2011-12-31": "187.29900", "2010-12-31": "203.20200", "2009-12-31": "3.04300", "2008-12-31": "-58.37400", "2007-12-31": "45.39900", "2006-12-31": "-368.58600", "2005-12-31": "8.11600"}, "Stock-Based Compensation": {"2020-12-31": "223.00000", "2019-12-31": "250.00000", "2018-12-31": "133.00000", "2017-12-31": "124.00000", "2016-12-31": "108.60400", "2015-12-31": "84.31000", "2014-12-31": "78.21200", "2013-12-31": "68.87600", "2012-12-31": "63.82200", "2011-12-31": "53.19000", "2010-12-31": "60.43700", "2009-12-31": "73.98100", "2008-12-31": "87.40500", "2007-12-31": "78.90000", "2006-12-31": "437.91800", "2005-12-31": "163.07800"}, "Common Stock Dividends Paid": {"2020-12-31": "-237.00000", "2019-12-31": "-226.00000", "2018-12-31": "-201.00000", "2017-12-31": "-190.00000", "2016-12-31": "-48.07900", "2015-12-31": "0.00000", "2014-12-31": "0.00000", "2013-12-31": "", "2012-12-31": "-327.06200", "2011-12-31": "0.00000", "2010-12-31": "", "2009-12-31": "", "2008-12-31": "", "2007-12-31": "", "2006-12-31": "", "2005-12-31": ""}}, "cash flow statement, quarterly": {"Net Income/Loss": {"2020-12-31": -677, "2020-09-30": 272, "2020-06-30": 243, "2020-03-31": "293.00000", "2019-12-31": 243, "2019-09-30": 246, "2019-06-30": 263, "2019-03-31": "162.00000", "2018-12-31": 251, "2018-09-30": 343, "2018-06-30": 293, "2018-03-31": "289.00000", "2017-12-31": -36.904, "2017-09-30": 275.722, "2017-06-30": 202.109, "2017-03-31": "207.07300", "2016-12-31": 204.627, "2016-09-30": 193.901, "2016-06-30": 174.965, "2016-03-31": "172.44000", "2015-12-31": 134.633, "2015-09-30": 166.55, "2015-06-30": 102.849, "2015-03-31": "105.69200", "2014-12-31": 143.122, "2014-09-30": 136.17, "2014-06-30": 119.961, "2014-03-31": "93.98800", "2013-12-31": 65.197, "2013-09-30": 62.894, "2013-06-30": 125.522, "2013-03-31": "123.60200", "2012-12-31": 156.245, "2012-09-30": 74.513, "2012-06-30": 3134.17, "2012-03-31": "107.77400", "2011-12-31": 71.337, "2011-09-30": 104.184, "2011-06-30": 173.319, "2011-03-31": "78.12100", "2010-12-31": -81.444, "2010-09-30": 67.629, "2010-06-30": 15.272, "2010-03-31": "41.59800", "2009-12-31": 11.779, "2009-09-30": -151.527, "2009-06-30": -159.642, "2009-03-31": "-52.64800", "2008-12-31": -249.466, "2008-09-30": -4879.427, "2008-06-30": -83.899, "2008-03-31": "-104.11800", "2007-12-31": -166.223, "2007-09-30": -120.137, "2007-06-30": -134.147, "2007-03-31": "-144.74500", "2006-12-31": -245.597, "2006-09-30": -162.898, "2006-06-30": -237.828, "2006-03-31": "-458.54400", "2005-12-31": -311.389, "2005-09-30": -180.45, "2005-06-30": -177.546, "2005-03-31": "-193.61200"}, "Total Depreciation And Amortization - Cash Flow": {"2020-12-31": 138, "2020-09-30": 166, "2020-06-30": 124, "2020-03-31": "131.00000", "2019-12-31": 163, "2019-09-30": 133, "2019-06-30": 119, "2019-03-31": "106.00000", "2018-12-31": 78, "2018-09-30": 74, "2018-06-30": 75, "2018-03-31": "71.00000", "2017-12-31": 67.946, "2017-09-30": 79.219, "2017-06-30": 72.825, "2017-03-31": "76.01000", "2016-12-31": 66.074, "2016-09-30": 67.186, "2016-06-30": 66.014, "2016-03-31": "66.93300", "2015-12-31": 68.993, "2015-09-30": 69.71, "2015-06-30": 66.402, "2015-03-31": "64.33300", "2014-12-31": 65.707, "2014-09-30": 63.857, "2014-06-30": 66.51, "2014-03-31": "67.57300", "2013-12-31": 59.654, "2013-09-30": 57.839, "2013-06-30": 66.721, "2013-03-31": "66.32400", "2012-12-31": 66.12, "2012-09-30": 65.877, "2012-06-30": 66.099, "2012-03-31": "65.42300", "2011-12-31": 66.321, "2011-09-30": 64.709, "2011-06-30": 66.368, "2011-03-31": "67.70600", "2010-12-31": 66.051, "2010-09-30": 67.506, "2010-06-30": 69.287, "2010-03-31": "68.07100", "2009-12-31": 77.132, "2009-09-30": 71.406, "2009-06-30": 76.463, "2009-03-31": "81.67300", "2008-12-31": 103.475, "2008-09-30": 4811.292, "2008-06-30": 27.113, "2008-03-31": "26.90600", "2007-12-31": 27.638, "2007-09-30": 26.072, "2007-06-30": 26.284, "2007-03-31": "26.78600", "2006-12-31": 27.495, "2006-09-30": 27.583, "2006-06-30": 25.738, "2006-03-31": "24.93300", "2005-12-31": 24.915, "2005-09-30": 24.559, "2005-06-30": 24.58, "2005-03-31": "24.50100"}, "Other Non-Cash Items": {"2020-12-31": 1121, "2020-09-30": 175, "2020-06-30": 142, "2020-03-31": "158.00000", "2019-12-31": 131, "2019-09-30": 209, "2019-06-30": 148, "2019-03-31": "168.00000", "2018-12-31": 172, "2018-09-30": 132, "2018-06-30": 28, "2018-03-31": "88.00000", "2017-12-31": 386.663, "2017-09-30": 111.828, "2017-06-30": 163.818, "2017-03-31": "153.69100", "2016-12-31": 85.437, "2016-09-30": 151.452, "2016-06-30": 153.704, "2016-03-31": "137.89400", "2015-12-31": 128.136, "2015-09-30": 148.81, "2015-06-30": 77.36, "2015-03-31": "171.39000", "2014-12-31": 120.115, "2014-09-30": 127.493, "2014-06-30": 131.597, "2014-03-31": "134.64400", "2013-12-31": 162.092, "2013-09-30": 135.864, "2013-06-30": 57.742, "2013-03-31": "52.99500", "2012-12-31": -23.636, "2012-09-30": 50.563, "2012-06-30": -3018.328, "2012-03-31": "-30.18500", "2011-12-31": -32.435, "2011-09-30": -28.275, "2011-06-30": -112.449, "2011-03-31": "-24.97000", "2010-12-31": 109.561, "2010-09-30": -18.08, "2010-06-30": 12.015, "2010-03-31": "-16.66800", "2009-12-31": -35.518, "2009-09-30": 119.582, "2009-06-30": 153.916, "2009-03-31": "20.24800", "2008-12-31": 113.424, "2008-09-30": 11.59, "2008-06-30": 21.149, "2008-03-31": "26.36900", "2007-12-31": 19.302, "2007-09-30": 26.47, "2007-06-30": 20.753, "2007-03-31": "27.65300", "2006-12-31": 48.011, "2006-09-30": 47.036, "2006-06-30": 81.893, "2006-03-31": "292.54300", "2005-12-31": 56.328, "2005-09-30": 40.106, "2005-06-30": 43.558, "2005-03-31": "41.55500"}, "Total Non-Cash Items": {"2020-12-31": 1259, "2020-09-30": 341, "2020-06-30": 266, "2020-03-31": "289.00000", "2019-12-31": 294, "2019-09-30": 342, "2019-06-30": 267, "2019-03-31": "274.00000", "2018-12-31": 250, "2018-09-30": 206, "2018-06-30": 103, "2018-03-31": "159.00000", "2017-12-31": 454.609, "2017-09-30": 191.047, "2017-06-30": 236.643, "2017-03-31": "229.70100", "2016-12-31": 151.511, "2016-09-30": 218.638, "2016-06-30": 219.718, "2016-03-31": "204.82700", "2015-12-31": 197.129, "2015-09-30": 218.5199, "2015-06-30": 143.762, "2015-03-31": "235.72300", "2014-12-31": 185.822, "2014-09-30": 191.35, "2014-06-30": 198.107, "2014-03-31": "202.21700", "2013-12-31": 221.746, "2013-09-30": 193.703, "2013-06-30": 124.463, "2013-03-31": "119.31900", "2012-12-31": 42.484, "2012-09-30": 116.44, "2012-06-30": -2952.229, "2012-03-31": "35.23800", "2011-12-31": 33.886, "2011-09-30": 36.434, "2011-06-30": -46.081, "2011-03-31": "42.73600", "2010-12-31": 175.6121, "2010-09-30": 49.426, "2010-06-30": 81.302, "2010-03-31": "51.40300", "2009-12-31": 41.614, "2009-09-30": 190.988, "2009-06-30": 230.379, "2009-03-31": "101.92100", "2008-12-31": 216.9, "2008-09-30": 4822.881, "2008-06-30": 48.262, "2008-03-31": "53.27500", "2007-12-31": 46.94, "2007-09-30": 52.542, "2007-06-30": 47.037, "2007-03-31": "54.43900", "2006-12-31": 75.506, "2006-09-30": 74.619, "2006-06-30": 107.631, "2006-03-31": "317.47600", "2005-12-31": 81.243, "2005-09-30": 64.665, "2005-06-30": 68.138, "2005-03-31": "66.05600"}, "Change In Accounts Receivable": {"2020-12-31": -75, "2020-09-30": -95, "2020-06-30": 87, "2020-03-31": "47.00000", "2019-12-31": -52, "2019-09-30": -16, "2019-06-30": -56, "2019-03-31": "-13.00000", "2018-12-31": 0, "2018-09-30": -13, "2018-06-30": -15, "2018-03-31": "-14.00000", "2017-12-31": -30.335, "2017-09-30": -5.602, "2017-06-30": -12.7, "2017-03-31": "-25.36300", "2016-12-31": -5.922, "2016-09-30": -21.961, "2016-06-30": -9.862, "2016-03-31": "-6.44300", "2015-12-31": -10.789, "2015-09-30": -8.986, "2015-06-30": -31.938, "2015-03-31": "-9.72700", "2014-12-31": -25.872, "2014-09-30": -16.105, "2014-06-30": -19.571, "2014-03-31": "-11.08000", "2013-12-31": -13.644, "2013-09-30": 20.476, "2013-06-30": -10.597, "2013-03-31": "-11.48000", "2012-12-31": -29.426, "2012-09-30": 9.971, "2012-06-30": -15.08, "2012-03-31": "-24.05800", "2011-12-31": -16.638, "2011-09-30": -3.456, "2011-06-30": -12.667, "2011-03-31": "2.30900", "2010-12-31": -8.939, "2010-09-30": -0.369, "2010-06-30": -25.122, "2010-03-31": "-15.82900", "2009-12-31": -40.139, "2009-09-30": -25.567, "2009-06-30": 21.38, "2009-03-31": "-0.62000", "2008-12-31": -28.89, "2008-09-30": 10.438, "2008-06-30": -8.045, "2008-03-31": "8.77700", "2007-12-31": -26.401, "2007-09-30": 3.243, "2007-06-30": -17.972, "2007-03-31": "-0.93000", "2006-12-31": -38.728, "2006-09-30": 13.382, "2006-06-30": 1.898, "2006-03-31": "1.26500", "2005-12-31": -36.25, "2005-09-30": -3.399, "2005-06-30": -5.716, "2005-03-31": "-0.34000"}, "Change In Inventories": {"2020-12-31": 0, "2020-09-30": 2, "2020-06-30": -3, "2020-03-31": "-1.00000", "2019-12-31": 3, "2019-09-30": 2, "2019-06-30": 4, "2019-03-31": "2.00000", "2018-12-31": -3, "2018-09-30": 0, "2018-06-30": -2, "2018-03-31": "3.00000", "2017-12-31": 2.396, "2017-09-30": -2.888, "2017-06-30": -0.899, "2017-03-31": "3.39100", "2016-12-31": 7.667, "2016-09-30": -1.754, "2016-06-30": -4.521, "2016-03-31": "0.54000", "2015-12-31": 4.448, "2015-09-30": -2.144, "2015-06-30": -1.662, "2015-03-31": "-3.54000", "2014-12-31": 4.953, "2014-09-30": -2.795, "2014-06-30": -2.568, "2014-03-31": "-5.12400", "2013-12-31": 0.379, "2013-09-30": 2.446, "2013-06-30": 3.407, "2013-03-31": "5.24200", "2012-12-31": 10.486, "2012-09-30": 1.061, "2012-06-30": -0.093, "2012-03-31": "-0.08000", "2011-12-31": -0.515, "2011-09-30": -3.879, "2011-06-30": -3.069, "2011-03-31": "-7.33000", "2010-12-31": -3.882, "2010-09-30": -4.31, "2010-06-30": 10.402, "2010-03-31": "-7.93500", "2009-12-31": 4.803, "2009-09-30": 6.89, "2009-06-30": -7.997, "2009-03-31": "4.57300", "2008-12-31": 5.339, "2008-09-30": -2.969, "2008-06-30": 1.728, "2008-03-31": "4.19300", "2007-12-31": 7.498, "2007-09-30": 4.902, "2007-06-30": -6.962, "2007-03-31": "-0.47300", "2006-12-31": 10.477, "2006-09-30": -19.869, "2006-06-30": -9.656, "2006-03-31": "-1.19800", "2005-12-31": -0.916, "2005-09-30": -0.98, "2005-06-30": -4.449, "2005-03-31": "0.03200"}, "Change In Accounts Payable": {"2020-12-31": 0, "2020-09-30": 0, "2020-06-30": 0, "2020-03-31": "", "2019-12-31": 0, "2019-09-30": 0, "2019-06-30": 0, "2019-03-31": "", "2018-12-31": 0, "2018-09-30": 0, "2018-06-30": 0, "2018-03-31": "", "2017-12-31": 0, "2017-09-30": 0, "2017-06-30": 0, "2017-03-31": "", "2016-12-31": 0, "2016-09-30": 0, "2016-06-30": 0, "2016-03-31": "", "2015-12-31": 0, "2015-09-30": 0, "2015-06-30": 0, "2015-03-31": "", "2014-12-31": 0, "2014-09-30": 0, "2014-06-30": 0, "2014-03-31": "", "2013-12-31": 0, "2013-09-30": 0, "2013-06-30": 0, "2013-03-31": "", "2012-12-31": 0, "2012-09-30": 0, "2012-06-30": 0, "2012-03-31": "", "2011-12-31": 0, "2011-09-30": 0, "2011-06-30": 0, "2011-03-31": "", "2010-12-31": 0, "2010-09-30": 0, "2010-06-30": 0, "2010-03-31": "", "2009-12-31": 0, "2009-09-30": 0, "2009-06-30": 0, "2009-03-31": "", "2008-12-31": 0, "2008-09-30": 0, "2008-06-30": 0, "2008-03-31": "", "2007-12-31": 0, "2007-09-30": 0, "2007-06-30": 0, "2007-03-31": "", "2006-12-31": 0, "2006-09-30": 0, "2006-06-30": 0, "2006-03-31": "", "2005-12-31": 0, "2005-09-30": 0, "2005-06-30": 0, "2005-03-31": ""}, "Change In Assets/Liabilities": {"2020-12-31": -153, "2020-09-30": -57, "2020-06-30": -56, "2020-03-31": "-19.00000", "2019-12-31": -42, "2019-09-30": -43, "2019-06-30": -2, "2019-03-31": "-2.00000", "2018-12-31": 20, "2018-09-30": -60, "2018-06-30": 30, "2018-03-31": "69.00000", "2017-12-31": 68.327, "2017-09-30": 6.972, "2017-06-30": 1.725, "2017-03-31": "26.97600", "2016-12-31": 58.226, "2016-09-30": 10.697, "2016-06-30": 39.211, "2016-03-31": "10.83400", "2015-12-31": -4.728, "2015-09-30": -10.499, "2015-06-30": -67.642, "2015-03-31": "22.48900", "2014-12-31": 32.925, "2014-09-30": -36.717, "2014-06-30": 19.031, "2014-03-31": "24.26600", "2013-12-31": 82.059, "2013-09-30": -4.009, "2013-06-30": 29.27, "2013-03-31": "-1.28500", "2012-12-31": 70.528, "2012-09-30": -7.882, "2012-06-30": 56.335, "2012-03-31": "10.77600", "2011-12-31": 66.954, "2011-09-30": -27.549, "2011-06-30": 85.043, "2011-03-31": "4.54900", "2010-12-31": 71.581, "2010-09-30": 21.128, "2010-06-30": 50.919, "2010-03-31": "19.91700", "2009-12-31": 132.147, "2009-09-30": 65.155, "2009-06-30": 19.486, "2009-03-31": "85.07100", "2008-12-31": 54.49, "2008-09-30": -10.109, "2008-06-30": 18.949, "2008-03-31": "27.20700", "2007-12-31": 131.743, "2007-09-30": 12.994, "2007-06-30": 44.077, "2007-03-31": "20.23700", "2006-12-31": 119.212, "2006-09-30": -24.15, "2006-06-30": -11.814, "2006-03-31": "39.50900", "2005-12-31": 135.253, "2005-09-30": 27.196, "2005-06-30": 26.044, "2005-03-31": "13.56100"}, "Total Change In Assets/Liabilities": {"2020-12-31": -14, "2020-09-30": -170, "2020-06-30": 82, "2020-03-31": "-166.00000", "2019-12-31": -5, "2019-09-30": -44, "2019-06-30": 15, "2019-03-31": "-40.00000", "2018-12-31": 33, "2018-09-30": -197, "2018-06-30": 183, "2018-03-31": "-33.00000", "2017-12-31": 124.531, "2017-09-30": 54.459, "2017-06-30": 44.459, "2017-03-31": "-127.44900", "2016-12-31": 146.995, "2016-09-30": 9.277, "2016-06-30": 37.419, "2016-03-31": "-15.08100", "2015-12-31": 11.335, "2015-09-30": -196.457, "2015-06-30": 155.701, "2015-03-31": "-31.38600", "2014-12-31": 36.132, "2014-09-30": -31.424, "2014-06-30": 22.614, "2014-03-31": "-44.81500", "2013-12-31": 71.632, "2013-09-30": 45.639, "2013-06-30": 23.121, "2013-03-31": "-74.00600", "2012-12-31": 94.504, "2012-09-30": 28.856, "2012-06-30": 71.834, "2012-03-31": "-103.06400", "2011-12-31": 109.773, "2011-09-30": -25.474, "2011-06-30": 68.143, "2011-03-31": "-102.74800", "2010-12-31": 127.681, "2010-09-30": 33.004, "2010-06-30": 82.101, "2010-03-31": "-130.68900", "2009-12-31": 127.33, "2009-09-30": 76.787, "2009-06-30": -0.749, "2009-03-31": "17.59800", "2008-12-31": 96.762, "2008-09-30": -31.009, "2008-06-30": 43.848, "2008-03-31": "-88.44900", "2007-12-31": 222.951, "2007-09-30": 5.008, "2007-06-30": 28.309, "2007-03-31": "-40.74000", "2006-12-31": 197.806, "2006-09-30": -95.051, "2006-06-30": 21.282, "2006-03-31": "-16.10400", "2005-12-31": 218.28, "2005-09-30": 39.462, "2005-06-30": 44.771, "2005-03-31": "10.38800"}, "Cash Flow From Operating Activities": {"2020-12-31": 568, "2020-09-30": 443, "2020-06-30": 591, "2020-03-31": "416.00000", "2019-12-31": 532, "2019-09-30": 544, "2019-06-30": 545, "2019-03-31": "396.00000", "2018-12-31": 534, "2018-09-30": 352, "2018-06-30": 579, "2018-03-31": "415.00000", "2017-12-31": 542.236, "2017-09-30": 521.228, "2017-06-30": 483.211, "2017-03-31": "309.32500", "2016-12-31": 503.133, "2016-09-30": 421.816, "2016-06-30": 432.102, "2016-03-31": "362.18600", "2015-12-31": 343.097, "2015-09-30": 188.613, "2015-06-30": 402.312, "2015-03-31": "310.02900", "2014-12-31": 365.076, "2014-09-30": 296.096, "2014-06-30": 340.682, "2014-03-31": "251.39000", "2013-12-31": 358.575, "2013-09-30": 302.236, "2013-06-30": 273.106, "2013-03-31": "168.91500", "2012-12-31": 293.233, "2012-09-30": 219.809, "2012-06-30": 253.775, "2012-03-31": "39.94800", "2011-12-31": 214.996, "2011-09-30": 115.144, "2011-06-30": 195.381, "2011-03-31": "18.10900", "2010-12-31": 221.849, "2010-09-30": 150.059, "2010-06-30": 178.675, "2010-03-31": "-37.68800", "2009-12-31": 180.723, "2009-09-30": 116.248, "2009-06-30": 69.988, "2009-03-31": "66.87100", "2008-12-31": 64.195, "2008-09-30": -85.911, "2008-06-30": 8.211, "2008-03-31": "-139.29200", "2007-12-31": 103.668, "2007-09-30": -62.587, "2007-06-30": -58.801, "2007-03-31": "-131.04600", "2006-12-31": 27.715, "2006-09-30": -183.33, "2006-06-30": -108.915, "2006-03-31": "-157.17200", "2005-12-31": -11.866, "2005-09-30": -76.323, "2005-06-30": -64.637, "2005-03-31": "-117.16800"}, "Net Change In Property, Plant, And Equipment": {"2020-12-31": -120, "2020-09-30": -81, "2020-06-30": -87, "2020-03-31": "-62.00000", "2019-12-31": -124, "2019-09-30": -79, "2019-06-30": -70, "2019-03-31": "-90.00000", "2018-12-31": -117, "2018-09-30": -64, "2018-06-30": -93, "2018-03-31": "-81.00000", "2017-12-31": -81.283, "2017-09-30": -87.2, "2017-06-30": -66.152, "2017-03-31": "-53.36500", "2016-12-31": -73.583, "2016-09-30": -65.074, "2016-06-30": -37.001, "2016-03-31": "-30.17100", "2015-12-31": -43.949, "2015-09-30": -29.714, "2015-06-30": -31.398, "2015-03-31": "-29.83100", "2014-12-31": -34.402, "2014-09-30": -28.827, "2014-06-30": -29.816, "2014-03-31": "-28.60100", "2013-12-31": -55.382, "2013-09-30": -55.255, "2013-06-30": -36.546, "2013-03-31": "-26.43400", "2012-12-31": -23.747, "2012-09-30": -24.602, "2012-06-30": -23.757, "2012-03-31": "-25.18700", "2011-12-31": -22.364, "2011-09-30": -39.767, "2011-06-30": -40.315, "2011-03-31": "-34.98300", "2010-12-31": -54.494, "2010-09-30": -88.061, "2010-06-30": -70.348, "2010-03-31": "-98.96500", "2009-12-31": -31.176, "2009-09-30": -89.524, "2009-06-30": -56.671, "2009-03-31": "-71.14000", "2008-12-31": -27.846, "2008-09-30": -28.902, "2008-06-30": -34.473, "2008-03-31": "-39.22500", "2007-12-31": 2.062, "2007-09-30": -30.193, "2007-06-30": -24.13, "2007-03-31": "-12.36200", "2006-12-31": 1.698, "2006-09-30": -66.588, "2006-06-30": -22.213, "2006-03-31": "-5.44400", "2005-12-31": -31.932, "2005-09-30": -7.08, "2005-06-30": -3.928, "2005-03-31": "-6.87600"}, "Net Change In Intangible Assets": {"2020-12-31": 0, "2020-09-30": 0, "2020-06-30": 0, "2020-03-31": "", "2019-12-31": 0, "2019-09-30": 0, "2019-06-30": 0, "2019-03-31": "", "2018-12-31": 0, "2018-09-30": 0, "2018-06-30": 0, "2018-03-31": "", "2017-12-31": 0, "2017-09-30": 0, "2017-06-30": 0, "2017-03-31": "", "2016-12-31": 0, "2016-09-30": 0, "2016-06-30": 0, "2016-03-31": "", "2015-12-31": 0, "2015-09-30": 0, "2015-06-30": 0, "2015-03-31": "", "2014-12-31": 0, "2014-09-30": 0, "2014-06-30": 0, "2014-03-31": "", "2013-12-31": 0, "2013-09-30": 0, "2013-06-30": 0, "2013-03-31": "", "2012-12-31": 0, "2012-09-30": 0, "2012-06-30": 0, "2012-03-31": "", "2011-12-31": 0, "2011-09-30": 0, "2011-06-30": 0, "2011-03-31": "", "2010-12-31": 0, "2010-09-30": 0, "2010-06-30": 0, "2010-03-31": "", "2009-12-31": 0, "2009-09-30": 0, "2009-06-30": 0, "2009-03-31": "", "2008-12-31": 0, "2008-09-30": 0, "2008-06-30": 0, "2008-03-31": "", "2007-12-31": 0, "2007-09-30": 0, "2007-06-30": 0, "2007-03-31": "", "2006-12-31": 0, "2006-09-30": 0, "2006-06-30": 0, "2006-03-31": "", "2005-12-31": 0, "2005-09-30": 0, "2005-06-30": 0, "2005-03-31": ""}, "Net Acquisitions/Divestitures": {"2020-12-31": -272, "2020-09-30": 0, "2020-06-30": -28, "2020-03-31": "", "2019-12-31": 0, "2019-09-30": 0, "2019-06-30": 0, "2019-03-31": "313.00000", "2018-12-31": -1, "2018-09-30": -1, "2018-06-30": 0, "2018-03-31": "", "2017-12-31": -0.649, "2017-09-30": -0.295, "2017-06-30": -107.056, "2017-03-31": "", "2016-12-31": 0, "2016-09-30": 0, "2016-06-30": 0, "2016-03-31": "", "2015-12-31": 0, "2015-09-30": 0, "2015-06-30": 0, "2015-03-31": "", "2014-12-31": 0, "2014-09-30": 0, "2014-06-30": 0, "2014-03-31": "1.14400", "2013-12-31": -525.352, "2013-09-30": 0, "2013-06-30": 0, "2013-03-31": "", "2012-12-31": 0, "2012-09-30": 0, "2012-06-30": 0, "2012-03-31": "", "2011-12-31": 0, "2011-09-30": 0, "2011-06-30": 0, "2011-03-31": "", "2010-12-31": 0, "2010-09-30": 0, "2010-06-30": 0, "2010-03-31": "", "2009-12-31": 0, "2009-09-30": 0, "2009-06-30": 0, "2009-03-31": "", "2008-12-31": 0, "2008-09-30": 819.521, "2008-06-30": 0, "2008-03-31": "", "2007-12-31": 0, "2007-09-30": 0, "2007-06-30": 0, "2007-03-31": "", "2006-12-31": 0, "2006-09-30": 0, "2006-06-30": 0, "2006-03-31": "", "2005-12-31": 0, "2005-09-30": 0, "2005-06-30": 0, "2005-03-31": ""}, "Net Change In Short-term Investments": {"2020-12-31": 0, "2020-09-30": 11, "2020-06-30": 0, "2020-03-31": "", "2019-12-31": 0, "2019-09-30": 1, "2019-06-30": 0, "2019-03-31": "72.00000", "2018-12-31": 3, "2018-09-30": 0, "2018-06-30": 0, "2018-03-31": "", "2017-12-31": 0, "2017-09-30": 0, "2017-06-30": 0, "2017-03-31": "", "2016-12-31": 0, "2016-09-30": 0, "2016-06-30": 0, "2016-03-31": "", "2015-12-31": 0, "2015-09-30": 0, "2015-06-30": 0, "2015-03-31": "", "2014-12-31": 0, "2014-09-30": 0, "2014-06-30": 0, "2014-03-31": "", "2013-12-31": 0, "2013-09-30": 0, "2013-06-30": 0, "2013-03-31": "", "2012-12-31": 0, "2012-09-30": 0, "2012-06-30": 0, "2012-03-31": "", "2011-12-31": 0, "2011-09-30": 0, "2011-06-30": 0, "2011-03-31": "", "2010-12-31": 0, "2010-09-30": 0, "2010-06-30": 0, "2010-03-31": "", "2009-12-31": 0, "2009-09-30": 0, "2009-06-30": 0, "2009-03-31": "", "2008-12-31": 0, "2008-09-30": 0, "2008-06-30": -5.008, "2008-03-31": "5.00800", "2007-12-31": 4.349, "2007-09-30": 24.996, "2007-06-30": -0.004, "2007-03-31": "10.85000", "2006-12-31": 49.375, "2006-09-30": 14.215, "2006-06-30": 35.775, "2006-03-31": "32.85000", "2005-12-31": 6.8, "2005-09-30": -123.6, "2005-06-30": 0, "2005-03-31": "4.83500"}, "Net Change In Long-Term Investments": {"2020-12-31": -5, "2020-09-30": -6, "2020-06-30": -5, "2020-03-31": "-86.00000", "2019-12-31": -5, "2019-09-30": -5, "2019-06-30": -5, "2019-03-31": "-11.00000", "2018-12-31": -10, "2018-09-30": -2, "2018-06-30": -6, "2018-03-31": "-7.00000", "2017-12-31": -0.2, "2017-09-30": -309.919, "2017-06-30": -302.86, "2017-03-31": "-7.02100", "2016-12-31": -0.127, "2016-09-30": -0.215, "2016-06-30": -0.155, "2016-03-31": "-3.79800", "2015-12-31": 0, "2015-09-30": 0, "2015-06-30": 0, "2015-03-31": "-3.96600", "2014-12-31": 0, "2014-09-30": 0, "2014-06-30": 24.178, "2014-03-31": "", "2013-12-31": 0, "2013-09-30": -1.719, "2013-06-30": 0, "2013-03-31": "", "2012-12-31": -0.026, "2012-09-30": 0, "2012-06-30": 0, "2012-03-31": "", "2011-12-31": -0.826, "2011-09-30": 0, "2011-06-30": 10.367, "2011-03-31": "", "2010-12-31": 0, "2010-09-30": 0, "2010-06-30": 0.004, "2010-03-31": "9.45000", "2009-12-31": 0, "2009-09-30": 0, "2009-06-30": 0, "2009-03-31": "", "2008-12-31": 0.227, "2008-09-30": 60.638, "2008-06-30": 5.004, "2008-03-31": "-3.00000", "2007-12-31": 0, "2007-09-30": 0, "2007-06-30": 0, "2007-03-31": "-0.31000", "2006-12-31": -25, "2006-09-30": 17.562, "2006-06-30": -2.032, "2006-03-31": "-2.86900", "2005-12-31": -18.746, "2005-09-30": 0, "2005-06-30": 10.997, "2005-03-31": "-6.29100"}, "Net Change In Investments - Total": {"2020-12-31": -5, "2020-09-30": 5, "2020-06-30": -5, "2020-03-31": "-86.00000", "2019-12-31": -5, "2019-09-30": -4, "2019-06-30": -5, "2019-03-31": "61.00000", "2018-12-31": -7, "2018-09-30": -2, "2018-06-30": -6, "2018-03-31": "-7.00000", "2017-12-31": -0.2, "2017-09-30": -309.919, "2017-06-30": -302.86, "2017-03-31": "-7.02100", "2016-12-31": -0.127, "2016-09-30": -0.215, "2016-06-30": -0.155, "2016-03-31": "-3.79800", "2015-12-31": 0, "2015-09-30": 0, "2015-06-30": 0, "2015-03-31": "-3.96600", "2014-12-31": 0, "2014-09-30": 0, "2014-06-30": 24.178, "2014-03-31": "", "2013-12-31": 0, "2013-09-30": -1.719, "2013-06-30": 0, "2013-03-31": "", "2012-12-31": -0.026, "2012-09-30": 0, "2012-06-30": 0, "2012-03-31": "", "2011-12-31": -0.826, "2011-09-30": 0, "2011-06-30": 10.367, "2011-03-31": "", "2010-12-31": 0, "2010-09-30": 0, "2010-06-30": 0.004, "2010-03-31": "9.45000", "2009-12-31": 0, "2009-09-30": 0, "2009-06-30": 0, "2009-03-31": "", "2008-12-31": 0.227, "2008-09-30": 60.638, "2008-06-30": -0.004, "2008-03-31": "2.00800", "2007-12-31": 4.349, "2007-09-30": 24.996, "2007-06-30": -0.004, "2007-03-31": "10.54000", "2006-12-31": 24.375, "2006-09-30": 31.777, "2006-06-30": 33.743, "2006-03-31": "29.98100", "2005-12-31": -11.946, "2005-09-30": -123.6, "2005-06-30": 10.997, "2005-03-31": "-1.45600"}, "Investing Activities - Other": {"2020-12-31": 0, "2020-09-30": -3, "2020-06-30": 0, "2020-03-31": "3.00000", "2019-12-31": 0, "2019-09-30": 0, "2019-06-30": 0, "2019-03-31": "", "2018-12-31": -3, "2018-09-30": 0, "2018-06-30": 0, "2018-03-31": "3.00000", "2017-12-31": -0.206, "2017-09-30": 0, "2017-06-30": -130.794, "2017-03-31": "", "2016-12-31": 0, "2016-09-30": 0, "2016-06-30": 0, "2016-03-31": "", "2015-12-31": 0, "2015-09-30": 0, "2015-06-30": 0, "2015-03-31": "", "2014-12-31": 0, "2014-09-30": 0, "2014-06-30": 0, "2014-03-31": "", "2013-12-31": 0, "2013-09-30": 0, "2013-06-30": 0, "2013-03-31": "", "2012-12-31": 0, "2012-09-30": 0, "2012-06-30": 0, "2012-03-31": "", "2011-12-31": 0, "2011-09-30": 0, "2011-06-30": 0, "2011-03-31": "", "2010-12-31": 0, "2010-09-30": 0, "2010-06-30": 0, "2010-03-31": "", "2009-12-31": 0, "2009-09-30": 0, "2009-06-30": -0.623, "2009-03-31": "0.62300", "2008-12-31": -10.472, "2008-09-30": 1.796, "2008-06-30": -4.825, "2008-03-31": "-10.01800", "2007-12-31": -29.444, "2007-09-30": 0, "2007-06-30": 2.901, "2007-03-31": "-2.90100", "2006-12-31": 0, "2006-09-30": 0, "2006-06-30": 0, "2006-03-31": "", "2005-12-31": 0, "2005-09-30": 0, "2005-06-30": 0, "2005-03-31": ""}, "Cash Flow From Investing Activities": {"2020-12-31": -397, "2020-09-30": -79, "2020-06-30": -120, "2020-03-31": "-145.00000", "2019-12-31": -129, "2019-09-30": -83, "2019-06-30": -75, "2019-03-31": "284.00000", "2018-12-31": -128, "2018-09-30": -67, "2018-06-30": -99, "2018-03-31": "-85.00000", "2017-12-31": -82.338, "2017-09-30": -397.414, "2017-06-30": -606.862, "2017-03-31": "-60.38600", "2016-12-31": -73.71, "2016-09-30": -65.289, "2016-06-30": -37.156, "2016-03-31": "-33.96900", "2015-12-31": -43.949, "2015-09-30": -29.714, "2015-06-30": -31.398, "2015-03-31": "-33.79700", "2014-12-31": -34.402, "2014-09-30": -28.827, "2014-06-30": -5.638, "2014-03-31": "-27.45700", "2013-12-31": -580.734, "2013-09-30": -56.974, "2013-06-30": -36.546, "2013-03-31": "-26.43400", "2012-12-31": -23.773, "2012-09-30": -24.602, "2012-06-30": -23.757, "2012-03-31": "-25.18700", "2011-12-31": -23.19, "2011-09-30": -39.767, "2011-06-30": -29.948, "2011-03-31": "-34.98300", "2010-12-31": -54.494, "2010-09-30": -88.061, "2010-06-30": -70.344, "2010-03-31": "-89.51500", "2009-12-31": -31.176, "2009-09-30": -89.524, "2009-06-30": -57.294, "2009-03-31": "-70.51700", "2008-12-31": -38.091, "2008-09-30": 853.053, "2008-06-30": -39.302, "2008-03-31": "-47.23500", "2007-12-31": -23.033, "2007-09-30": -5.197, "2007-06-30": -21.233, "2007-03-31": "-4.72300", "2006-12-31": 26.073, "2006-09-30": -34.811, "2006-06-30": 11.53, "2006-03-31": "24.53700", "2005-12-31": -43.878, "2005-09-30": -130.68, "2005-06-30": 7.069, "2005-03-31": "-8.33200"}, "Net Long-Term Debt": {"2020-12-31": 648, "2020-09-30": -1503, "2020-06-30": 1480, "2020-03-31": "-2.00000", "2019-12-31": -68, "2019-09-30": 37, "2019-06-30": 650, "2019-03-31": "-9.00000", "2018-12-31": 316, "2018-09-30": 115, "2018-06-30": -372, "2018-03-31": "61.00000", "2017-12-31": 6.4039, "2017-09-30": 259.5961, "2017-06-30": 467.669, "2017-03-31": "136.33100", "2016-12-31": -281.3319, "2016-09-30": -4.07, "2016-06-30": 384.762, "2016-03-31": "257.70100", "2015-12-31": 45.587, "2015-09-30": 287.0701, "2015-06-30": -7.2171, "2015-03-31": "606.01400", "2014-12-31": 232.352, "2014-09-30": 142.018, "2014-06-30": 1167.943, "2014-03-31": "-152.52800", "2013-12-31": -181.54, "2013-09-30": 326.53, "2013-06-30": 855.393, "2013-03-31": "-1.93300", "2012-12-31": -11.8419, "2012-09-30": -557.8461, "2012-06-30": -124.17, "2012-03-31": "-64.94000", "2011-12-31": -24.916, "2011-09-30": -1.236, "2011-06-30": -76.65, "2011-03-31": "-137.19400", "2010-12-31": 97.1481, "2010-09-30": -9.503, "2010-06-30": -118.015, "2010-03-31": "12.25200", "2009-12-31": -161.2849, "2009-09-30": -189.7571, "2009-06-30": 160.008, "2009-03-31": "12.47000", "2008-12-31": -24.106, "2008-09-30": -547.237, "2008-06-30": -0.625, "2008-03-31": "-0.62500", "2007-12-31": -0.945, "2007-09-30": 0, "2007-06-30": 245.199, "2007-03-31": "", "2006-12-31": 0, "2006-09-30": 0, "2006-06-30": 0, "2006-03-31": "", "2005-12-31": 0, "2005-09-30": 435.396, "2005-06-30": 0, "2005-03-31": ""}, "Net Current Debt": {"2020-12-31": 0, "2020-09-30": 0, "2020-06-30": 0, "2020-03-31": "", "2019-12-31": 0, "2019-09-30": 0, "2019-06-30": 0, "2019-03-31": "", "2018-12-31": 0, "2018-09-30": 0, "2018-06-30": 0, "2018-03-31": "", "2017-12-31": 0, "2017-09-30": 0, "2017-06-30": 0, "2017-03-31": "", "2016-12-31": 0, "2016-09-30": 0, "2016-06-30": 0, "2016-03-31": "", "2015-12-31": 0, "2015-09-30": 0, "2015-06-30": 0, "2015-03-31": "", "2014-12-31": 0, "2014-09-30": 0, "2014-06-30": 0, "2014-03-31": "", "2013-12-31": 0, "2013-09-30": 0, "2013-06-30": 0, "2013-03-31": "", "2012-12-31": 0, "2012-09-30": 0, "2012-06-30": 0, "2012-03-31": "", "2011-12-31": 0, "2011-09-30": 0, "2011-06-30": 0, "2011-03-31": "", "2010-12-31": 0, "2010-09-30": 0, "2010-06-30": 0, "2010-03-31": "", "2009-12-31": -2.22, "2009-09-30": 2.22, "2009-06-30": 0, "2009-03-31": "", "2008-12-31": 0, "2008-09-30": 0, "2008-06-30": 0, "2008-03-31": "", "2007-12-31": 0, "2007-09-30": 0, "2007-06-30": 0, "2007-03-31": "", "2006-12-31": 0, "2006-09-30": 0, "2006-06-30": 0, "2006-03-31": "", "2005-12-31": 0, "2005-09-30": 0, "2005-06-30": 0, "2005-03-31": ""}, "Debt Issuance/Retirement Net - Total": {"2020-12-31": 648, "2020-09-30": -1503, "2020-06-30": 1480, "2020-03-31": "-2.00000", "2019-12-31": -68, "2019-09-30": 37, "2019-06-30": 650, "2019-03-31": "-9.00000", "2018-12-31": 316, "2018-09-30": 115, "2018-06-30": -372, "2018-03-31": "61.00000", "2017-12-31": 6.4039, "2017-09-30": 259.5961, "2017-06-30": 467.669, "2017-03-31": "136.33100", "2016-12-31": -281.3319, "2016-09-30": -4.07, "2016-06-30": 384.762, "2016-03-31": "257.70100", "2015-12-31": 45.587, "2015-09-30": 287.0701, "2015-06-30": -7.2171, "2015-03-31": "606.01400", "2014-12-31": 232.352, "2014-09-30": 142.018, "2014-06-30": 1167.943, "2014-03-31": "-152.52800", "2013-12-31": -181.54, "2013-09-30": 326.53, "2013-06-30": 855.393, "2013-03-31": "-1.93300", "2012-12-31": -11.8419, "2012-09-30": -557.8461, "2012-06-30": -124.17, "2012-03-31": "-64.94000", "2011-12-31": -24.916, "2011-09-30": -1.236, "2011-06-30": -76.65, "2011-03-31": "-137.19400", "2010-12-31": 97.1481, "2010-09-30": -9.503, "2010-06-30": -118.015, "2010-03-31": "12.25200", "2009-12-31": -163.5049, "2009-09-30": -187.5371, "2009-06-30": 160.008, "2009-03-31": "12.47000", "2008-12-31": -24.106, "2008-09-30": -547.237, "2008-06-30": -0.625, "2008-03-31": "-0.62500", "2007-12-31": -0.945, "2007-09-30": 0, "2007-06-30": 245.199, "2007-03-31": "", "2006-12-31": 0, "2006-09-30": 0, "2006-06-30": 0, "2006-03-31": "", "2005-12-31": 0, "2005-09-30": 435.396, "2005-06-30": 0, "2005-03-31": ""}, "Net Common Equity Issued/Repurchased": {"2020-12-31": -685, "2020-09-30": -471, "2020-06-30": -156, "2020-03-31": "-243.00000", "2019-12-31": -200, "2019-09-30": -478, "2019-06-30": -897, "2019-03-31": "-576.00000", "2018-12-31": -652, "2018-09-30": -328, "2018-06-30": -25, "2018-03-31": "-309.00000", "2017-12-31": -412.511, "2017-09-30": -211.665, "2017-06-30": -477.849, "2017-03-31": "-305.97500", "2016-12-31": -448.234, "2016-09-30": -229.304, "2016-06-30": -401.182, "2016-03-31": "-594.45000", "2015-12-31": -370.525, "2015-09-30": -563.275, "2015-06-30": -548.978, "2015-03-31": "-535.21600", "2014-12-31": -506.35, "2014-09-30": -458.214, "2014-06-30": -1451.094, "2014-03-31": "-80.81000", "2013-12-31": -159.851, "2013-09-30": -493.583, "2013-06-30": -632.192, "2013-03-31": "-454.76600", "2012-12-31": 34.119, "2012-09-30": 50.579, "2012-06-30": 15.906, "2012-03-31": "22.76500", "2011-12-31": 2.508, "2011-09-30": 2.124, "2011-06-30": 5.849, "2011-03-31": "1.07200", "2010-12-31": 5.933, "2010-09-30": 4.906, "2010-06-30": 0, "2010-03-31": "", "2009-12-31": 0, "2009-09-30": 0, "2009-06-30": 0, "2009-03-31": "", "2008-12-31": 0, "2008-09-30": 0.29, "2008-06-30": -0.659, "2008-03-31": "0.84000", "2007-12-31": 1.42, "2007-09-30": 0.745, "2007-06-30": 0.422, "2007-03-31": "1.51000", "2006-12-31": 21.757, "2006-09-30": 1.054, "2006-06-30": 1.517, "2006-03-31": "1.45900", "2005-12-31": 7.418, "2005-09-30": 5.021, "2005-06-30": 5.111, "2005-03-31": "0.99300"}, "Net Total Equity Issued/Repurchased": {"2020-12-31": -685, "2020-09-30": -471, "2020-06-30": -156, "2020-03-31": "-243.00000", "2019-12-31": -200, "2019-09-30": -478, "2019-06-30": -897, "2019-03-31": "-576.00000", "2018-12-31": -652, "2018-09-30": -328, "2018-06-30": -25, "2018-03-31": "-309.00000", "2017-12-31": -412.511, "2017-09-30": -211.665, "2017-06-30": -477.849, "2017-03-31": "-305.97500", "2016-12-31": -448.234, "2016-09-30": -229.304, "2016-06-30": -401.182, "2016-03-31": "-594.45000", "2015-12-31": -370.525, "2015-09-30": -563.275, "2015-06-30": -548.978, "2015-03-31": "-535.21600", "2014-12-31": -506.35, "2014-09-30": -458.214, "2014-06-30": -1451.094, "2014-03-31": "-80.81000", "2013-12-31": -159.851, "2013-09-30": -493.583, "2013-06-30": -632.192, "2013-03-31": "-454.76600", "2012-12-31": 34.119, "2012-09-30": 50.579, "2012-06-30": 15.906, "2012-03-31": "22.76500", "2011-12-31": 2.508, "2011-09-30": 2.124, "2011-06-30": 5.849, "2011-03-31": "1.07200", "2010-12-31": 5.933, "2010-09-30": 4.906, "2010-06-30": 0, "2010-03-31": "", "2009-12-31": 0, "2009-09-30": 0, "2009-06-30": 0, "2009-03-31": "-3.71200", "2008-12-31": 0, "2008-09-30": 0.29, "2008-06-30": -0.659, "2008-03-31": "0.84000", "2007-12-31": 1.42, "2007-09-30": 0.745, "2007-06-30": 0.422, "2007-03-31": "1.51000", "2006-12-31": 21.757, "2006-09-30": 1.054, "2006-06-30": 1.517, "2006-03-31": "1.45900", "2005-12-31": 7.418, "2005-09-30": 5.021, "2005-06-30": 5.111, "2005-03-31": "0.99300"}, "Total Common And Preferred Stock Dividends Paid": {"2020-12-31": -62, "2020-09-30": -58, "2020-06-30": -58, "2020-03-31": "-59.00000", "2019-12-31": -59, "2019-09-30": -54, "2019-06-30": -56, "2019-03-31": "-57.00000", "2018-12-31": -53, "2018-09-30": -49, "2018-06-30": -50, "2018-03-31": "-49.00000", "2017-12-31": -50.146, "2017-09-30": -46.216, "2017-06-30": -46.501, "2017-03-31": "-47.13700", "2016-12-31": -48.079, "2016-09-30": 0, "2016-06-30": 0, "2016-03-31": "", "2015-12-31": 0, "2015-09-30": 0, "2015-06-30": 0, "2015-03-31": "", "2014-12-31": 0, "2014-09-30": 0, "2014-06-30": 0, "2014-03-31": "", "2013-12-31": 0, "2013-09-30": 0, "2013-06-30": 0, "2013-03-31": "", "2012-12-31": -327.062, "2012-09-30": 0, "2012-06-30": 0, "2012-03-31": "", "2011-12-31": 0, "2011-09-30": 0, "2011-06-30": 0, "2011-03-31": "", "2010-12-31": 0, "2010-09-30": 0, "2010-06-30": 0, "2010-03-31": "", "2009-12-31": 0, "2009-09-30": 0, "2009-06-30": 0, "2009-03-31": "", "2008-12-31": 0, "2008-09-30": 0, "2008-06-30": 0, "2008-03-31": "", "2007-12-31": 0, "2007-09-30": 0, "2007-06-30": 0, "2007-03-31": "", "2006-12-31": 0, "2006-09-30": 0, "2006-06-30": 0, "2006-03-31": "", "2005-12-31": 0, "2005-09-30": 0, "2005-06-30": 0, "2005-03-31": ""}, "Financial Activities - Other": {"2020-12-31": -33, "2020-09-30": -69, "2020-06-30": -8, "2020-03-31": "-35.00000", "2019-12-31": -46, "2019-09-30": -102, "2019-06-30": -14, "2019-03-31": "-30.00000", "2018-12-31": -9, "2018-09-30": -40, "2018-06-30": -48, "2018-03-31": "-23.00000", "2017-12-31": -8.644, "2017-09-30": -94.761, "2017-06-30": -6.986, "2017-03-31": "-15.60900", "2016-12-31": -10.221, "2016-09-30": -27.224, "2016-06-30": -4.025, "2016-03-31": "-1.35400", "2015-12-31": -14.917, "2015-09-30": -24.202, "2015-06-30": -2.709, "2015-03-31": "-12.71100", "2014-12-31": -12.537, "2014-09-30": -17.468, "2014-06-30": -3.084, "2014-03-31": "-4.22900", "2013-12-31": -18.429, "2013-09-30": -13.194, "2013-06-30": -14.719, "2013-03-31": "", "2012-12-31": 0, "2012-09-30": 0, "2012-06-30": 0, "2012-03-31": "", "2011-12-31": 0, "2011-09-30": 0, "2011-06-30": 0, "2011-03-31": "", "2010-12-31": 0, "2010-09-30": 0, "2010-06-30": 0, "2010-03-31": "", "2009-12-31": 17.075, "2009-09-30": -0.503, "2009-06-30": -6.5, "2009-03-31": "-10.07200", "2008-12-31": 18.791, "2008-09-30": -80.671, "2008-06-30": 0, "2008-03-31": "", "2007-12-31": 0, "2007-09-30": 0, "2007-06-30": 0, "2007-03-31": "", "2006-12-31": 0, "2006-09-30": 0, "2006-06-30": 0, "2006-03-31": "", "2005-12-31": 0, "2005-09-30": 0, "2005-06-30": 0, "2005-03-31": "-0.00800"}, "Cash Flow From Financial Activities": {"2020-12-31": -132, "2020-09-30": -2101, "2020-06-30": 1258, "2020-03-31": "-339.00000", "2019-12-31": -373, "2019-09-30": -597, "2019-06-30": -317, "2019-03-31": "-672.00000", "2018-12-31": -398, "2018-09-30": -302, "2018-06-30": -495, "2018-03-31": "-320.00000", "2017-12-31": -464.897, "2017-09-30": -93.046, "2017-06-30": -63.667, "2017-03-31": "-232.39000", "2016-12-31": -787.866, "2016-09-30": -260.598, "2016-06-30": -20.445, "2016-03-31": "-338.10300", "2015-12-31": -339.855, "2015-09-30": -300.407, "2015-06-30": -558.904, "2015-03-31": "58.08700", "2014-12-31": -286.535, "2014-09-30": -333.664, "2014-06-30": -286.235, "2014-03-31": "-237.56700", "2013-12-31": -359.82, "2013-09-30": -180.247, "2013-06-30": 208.482, "2013-03-31": "-456.69900", "2012-12-31": -304.785, "2012-09-30": -507.267, "2012-06-30": -108.264, "2012-03-31": "-42.17500", "2011-12-31": -22.408, "2011-09-30": 0.888, "2011-06-30": -70.801, "2011-03-31": "-136.12200", "2010-12-31": 103.081, "2010-09-30": -4.597, "2010-06-30": -118.015, "2010-03-31": "12.25200", "2009-12-31": -146.43, "2009-09-30": -188.04, "2009-06-30": 153.508, "2009-03-31": "-1.31400", "2008-12-31": -5.315, "2008-09-30": -627.618, "2008-06-30": -1.284, "2008-03-31": "0.21500", "2007-12-31": 0.475, "2007-09-30": 0.745, "2007-06-30": 245.621, "2007-03-31": "1.51000", "2006-12-31": 21.757, "2006-09-30": 1.054, "2006-06-30": 1.517, "2006-03-31": "1.45900", "2005-12-31": 7.418, "2005-09-30": 440.417, "2005-06-30": 5.111, "2005-03-31": "0.98500"}, "Net Cash Flow": {"2020-12-31": 39, "2020-09-30": -1737, "2020-06-30": 1729, "2020-03-31": "-68.00000", "2019-12-31": 30, "2019-09-30": -136, "2019-06-30": 153, "2019-03-31": "8.00000", "2018-12-31": 8, "2018-09-30": -17, "2018-06-30": -15, "2018-03-31": "10.00000", "2017-12-31": -4.999, "2017-09-30": 30.768, "2017-06-30": -187.318, "2017-03-31": "16.54900", "2016-12-31": -358.443, "2016-09-30": 95.929, "2016-06-30": 374.501, "2016-03-31": "-9.88600", "2015-12-31": -40.707, "2015-09-30": -141.508, "2015-06-30": -187.99, "2015-03-31": "334.31900", "2014-12-31": 44.139, "2014-09-30": -66.395, "2014-06-30": 48.809, "2014-03-31": "-13.63400", "2013-12-31": -581.979, "2013-09-30": 65.015, "2013-06-30": 445.042, "2013-03-31": "-314.21800", "2012-12-31": -35.325, "2012-09-30": -312.06, "2012-06-30": 121.754, "2012-03-31": "-27.41400", "2011-12-31": 169.398, "2011-09-30": 76.265, "2011-06-30": 94.632, "2011-03-31": "-152.99600", "2010-12-31": 270.436, "2010-09-30": 57.401, "2010-06-30": -9.684, "2010-03-31": "-114.95100", "2009-12-31": 3.117, "2009-09-30": -161.316, "2009-06-30": 166.202, "2009-03-31": "-4.96000", "2008-12-31": 20.789, "2008-09-30": 139.524, "2008-06-30": -32.375, "2008-03-31": "-186.31200", "2007-12-31": 81.11, "2007-09-30": -67.039, "2007-06-30": 165.587, "2007-03-31": "-134.25900", "2006-12-31": 75.545, "2006-09-30": -217.087, "2006-06-30": -95.868, "2006-03-31": "-131.17600", "2005-12-31": -48.326, "2005-09-30": 233.414, "2005-06-30": -52.457, "2005-03-31": "-124.51500"}, "Stock-Based Compensation": {"2020-12-31": 58, "2020-09-30": 58, "2020-06-30": 52, "2020-03-31": "55.00000", "2019-12-31": 58, "2019-09-30": 65, "2019-06-30": 57, "2019-03-31": "70.00000", "2018-12-31": 33, "2018-09-30": 30, "2018-06-30": 36, "2018-03-31": "34.00000", "2017-12-31": 29.412, "2017-09-30": 34.891, "2017-06-30": 30.251, "2017-03-31": "29.44600", "2016-12-31": 30.714, "2016-09-30": 30.02, "2016-06-30": 24.177, "2016-03-31": "23.69300", "2015-12-31": 21.976, "2015-09-30": 23.393, "2015-06-30": 19.524, "2015-03-31": "19.41700", "2014-12-31": 20.38, "2014-09-30": 21.805, "2014-06-30": 17.787, "2014-03-31": "18.24000", "2013-12-31": 19.102, "2013-09-30": 19.762, "2013-06-30": 15.494, "2013-03-31": "14.51800", "2012-12-31": 17.461, "2012-09-30": 17.492, "2012-06-30": 13.918, "2012-03-31": "14.95100", "2011-12-31": 15.616, "2011-09-30": 13.983, "2011-06-30": 10.735, "2011-03-31": "12.85600", "2010-12-31": 9.493, "2010-09-30": 17.861, "2010-06-30": 15.901, "2010-03-31": "17.18200", "2009-12-31": 6.428, "2009-09-30": 17.675, "2009-06-30": 29.699, "2009-03-31": "20.17900", "2008-12-31": 23.988, "2008-09-30": 24.004, "2008-06-30": 17.151, "2008-03-31": "22.26200", "2007-12-31": 14.896, "2007-09-30": 22.727, "2007-06-30": 17.017, "2007-03-31": "24.26000", "2006-12-31": 42.625, "2006-09-30": 43.418, "2006-06-30": 67.289, "2006-03-31": "284.58600", "2005-12-31": 163.078, "2005-09-30": 0, "2005-06-30": 0, "2005-03-31": ""}, "Common Stock Dividends Paid": {"2020-12-31": -62, "2020-09-30": -58, "2020-06-30": -58, "2020-03-31": "-59.00000", "2019-12-31": -59, "2019-09-30": -54, "2019-06-30": -56, "2019-03-31": "-57.00000", "2018-12-31": -53, "2018-09-30": -49, "2018-06-30": -50, "2018-03-31": "-49.00000", "2017-12-31": -50.146, "2017-09-30": -46.216, "2017-06-30": -46.501, "2017-03-31": "-47.13700", "2016-12-31": -48.079, "2016-09-30": 0, "2016-06-30": 0, "2016-03-31": "0.00000", "2015-12-31": 0, "2015-09-30": 0, "2015-06-30": 0, "2015-03-31": "", "2014-12-31": 0, "2014-09-30": 0, "2014-06-30": 0, "2014-03-31": "", "2013-12-31": 0, "2013-09-30": 0, "2013-06-30": 0, "2013-03-31": "", "2012-12-31": -327.062, "2012-09-30": 0, "2012-06-30": 0, "2012-03-31": "", "2011-12-31": 0, "2011-09-30": 0, "2011-06-30": 0, "2011-03-31": "", "2010-12-31": 0, "2010-09-30": 0, "2010-06-30": 0, "2010-03-31": "", "2009-12-31": 0, "2009-09-30": 0, "2009-06-30": 0, "2009-03-31": "", "2008-12-31": 0, "2008-09-30": 0, "2008-06-30": 0, "2008-03-31": "", "2007-12-31": 0, "2007-09-30": 0, "2007-06-30": 0, "2007-03-31": "", "2006-12-31": 0, "2006-09-30": 0, "2006-06-30": 0, "2006-03-31": "", "2005-12-31": 0, "2005-09-30": 0, "2005-06-30": 0, "2005-03-31": ""}}, "financial ratios": {"Current Ratio": {"2020-12-31": "0.30530", "2019-12-31": "0.30460", "2018-12-31": "0.17050", "2017-12-31": "0.16690", "2016-12-31": "0.24080", "2015-12-31": "0.22510", "2014-12-31": "0.66980", "2013-12-31": "0.51810", "2012-12-31": "0.78990", "2011-12-31": "0.56810", "2010-12-31": "0.42210", "2009-12-31": "0.41400", "2008-12-31": "0.32790", "2007-12-31": "0.63150", "2006-12-31": "0.70540", "2005-12-31": "1.66640"}, "Long-term Debt / Capital": {"2020-12-31": "1.36770", "2019-12-31": "1.10360", "2018-12-31": "1.35850", "2017-12-31": "1.29210", "2016-12-31": "1.15680", "2015-12-31": "1.03160", "2014-12-31": "0.77410", "2013-12-31": "0.52980", "2012-12-31": "0.37570", "2011-12-31": "0.81050", "2010-12-31": "0.93570", "2009-12-31": "0.96980", "2008-12-31": "0.99700", "2007-12-31": "2.63150", "2006-12-31": "1.57290", "2005-12-31": "0.76940"}, "Debt/Equity Ratio": {"2020-12-31": "-3.71990", "2019-12-31": "-10.65760", "2018-12-31": "-3.79090", "2017-12-31": "-4.42710", "2016-12-31": "-7.38400", "2015-12-31": "-32.72480", "2014-12-31": "3.43160", "2013-12-31": "1.31170", "2012-12-31": "0.60280", "2011-12-31": "4.28030", "2010-12-31": "15.49620", "2009-12-31": "32.21420", "2008-12-31": "377.24110", "2007-12-31": "-1.65810", "2006-12-31": "-2.74560", "2005-12-31": "3.33710"}, "Gross Margin": {"2020-12-31": "55.48510", "2019-12-31": "56.03030", "2018-12-31": "59.98960", "2017-12-31": "61.27190", "2016-12-31": "60.27030", "2015-12-31": "59.66870", "2014-12-31": "61.53310", "2013-12-31": "63.29420", "2012-12-31": "63.86370", "2011-12-31": "62.81010", "2010-12-31": "60.97850", "2009-12-31": "56.96870", "2008-12-31": "48.10990", "2007-12-31": "41.40170", "2006-12-31": "-16.72840", "2005-12-31": "6.59040"}, "Operating Margin": {"2020-12-31": "10.67160", "2019-12-31": "21.13160", "2018-12-31": "29.92550", "2017-12-31": "30.24890", "2016-12-31": "28.54430", "2015-12-31": "25.79150", "2014-12-31": "26.77940", "2013-12-31": "27.49480", "2012-12-31": "25.63240", "2011-12-31": "22.42870", "2010-12-31": "16.52170", "2009-12-31": "9.23410", "2008-12-31": "-302.69070", "2007-12-31": "-55.64570", "2006-12-31": "-167.55580", "2005-12-31": "-342.27330"}, "EBIT Margin": {"2020-12-31": "10.67160", "2019-12-31": "21.13160", "2018-12-31": "29.92550", "2017-12-31": "30.24890", "2016-12-31": "28.54430", "2015-12-31": "25.79150", "2014-12-31": "26.77940", "2013-12-31": "27.49480", "2012-12-31": "25.63240", "2011-12-31": "22.42870", "2010-12-31": "16.52170", "2009-12-31": "9.23410", "2008-12-31": "-302.69070", "2007-12-31": "-55.64570", "2006-12-31": "-167.55580", "2005-12-31": "-342.27330"}, "EBITDA Margin": {"2020-12-31": "17.62440", "2019-12-31": "27.81630", "2018-12-31": "35.08920", "2017-12-31": "35.70510", "2016-12-31": "33.85020", "2015-12-31": "31.68730", "2014-12-31": "33.08500", "2013-12-31": "34.08950", "2012-12-31": "33.37830", "2011-12-31": "31.22290", "2010-12-31": "26.13880", "2009-12-31": "21.63680", "2008-12-31": "-4.08430", "2007-12-31": "-44.06520", "2006-12-31": "-150.96080", "2005-12-31": "-301.58930"}, "Pre-Tax Profit Margin": {"2020-12-31": "5.34830", "2019-12-31": "15.35800", "2018-12-31": "24.62310", "2017-12-31": "23.29950", "2016-12-31": "21.75830", "2015-12-31": "19.51760", "2014-12-31": "19.87010", "2013-12-31": "16.76960", "2012-12-31": "13.94660", "2011-12-31": "14.63560", "2010-12-31": "1.69240", "2009-12-31": "-13.99550", "2008-12-31": "-319.37860", "2007-12-31": "-61.03870", "2006-12-31": "-173.06050", "2005-12-31": "-355.29570"}, "Net Profit Margin": {"2020-12-31": "1.62940", "2019-12-31": "11.72700", "2018-12-31": "20.37780", "2017-12-31": "11.94470", "2016-12-31": "14.86750", "2015-12-31": "11.15360", "2014-12-31": "11.79690", "2013-12-31": "9.82840", "2012-12-31": "68.28650", "2011-12-31": "8.37650", "2010-12-31": "0.89880", "2009-12-31": "-21.76730", "2008-12-31": "-319.52740", "2007-12-31": "-61.30280", "2006-12-31": "-173.38450", "2005-12-31": "-356.24970"}, "Asset Turnover": {"2020-12-31": "0.77810", "2019-12-31": "0.69910", "2018-12-31": "0.70610", "2017-12-31": "0.65130", "2016-12-31": "0.62690", "2015-12-31": "0.56790", "2014-12-31": "0.49960", "2013-12-31": "0.42950", "2012-12-31": "0.37570", "2011-12-31": "0.40220", "2010-12-31": "0.38150", "2009-12-31": "0.33770", "2008-12-31": "0.22310", "2007-12-31": "0.54430", "2006-12-31": "0.38420", "2005-12-31": "0.11620"}, "Inventory Turnover Ratio": {"2020-12-31": "357.90000", "2019-12-31": "311.54540", "2018-12-31": "104.95450", "2017-12-31": "104.01510", "2016-12-31": "97.88960", "2015-12-31": "82.67160", "2014-12-31": "82.91670", "2013-12-31": "100.59080", "2012-12-31": "48.52070", "2011-12-31": "30.53850", "2010-12-31": "50.15200", "2009-12-31": "65.70790", "2008-12-31": "35.29750", "2007-12-31": "18.29280", "2006-12-31": "21.55920", "2005-12-31": "15.87260"}, "Receiveable Turnover": {"2020-12-31": "11.96430", "2019-12-31": "11.63280", "2018-12-31": "24.76820", "2017-12-31": "22.44270", "2016-12-31": "22.49580", "2015-12-31": "19.46510", "2014-12-31": "18.95510", "2013-12-31": "19.69340", "2012-12-31": "16.15660", "2011-12-31": "16.16180", "2010-12-31": "14.88630", "2009-12-31": "15.23330", "2008-12-31": "11.24520", "2007-12-31": "8.85990", "2006-12-31": "8.97340", "2005-12-31": "4.16220"}, "Days Sales In Receivables": {"2020-12-31": "30.50750", "2019-12-31": "31.37670", "2018-12-31": "14.73660", "2017-12-31": "16.26370", "2016-12-31": "16.22520", "2015-12-31": "18.75150", "2014-12-31": "19.25600", "2013-12-31": "18.53410", "2012-12-31": "22.59140", "2011-12-31": "22.58420", "2010-12-31": "24.51920", "2009-12-31": "23.96070", "2008-12-31": "32.45840", "2007-12-31": "41.19690", "2006-12-31": "40.67590", "2005-12-31": "87.69370"}, "ROE - Return On Equity": {"2020-12-31": "-5.73300", "2019-12-31": "-124.18480", "2018-12-31": "-64.72210", "2017-12-31": "-42.52320", "2016-12-31": "-94.18170", "2015-12-31": "-306.15670", "2014-12-31": "37.65670", "2013-12-31": "13.73820", "2012-12-31": "85.96740", "2011-12-31": "60.63650", "2010-12-31": "20.73720", "2009-12-31": "-368.69010", "2008-12-31": "-62457.91000", "2007-12-31": "71.30380", "2006-12-31": "283.97580", "2005-12-31": "-265.56380"}, "Return On Tangible Equity": {"2020-12-31": "-1.49770", "2019-12-31": "-11.35970", "2018-12-31": "-17.79660", "2017-12-31": "-10.23160", "2016-12-31": "-13.45980", "2015-12-31": "-10.26650", "2014-12-31": "-13.93210", "2013-12-31": "-17.47280", "2012-12-31": "-1175.55300", "2011-12-31": "-11.52590", "2010-12-31": "-1.01070", "2009-12-31": "7.93870", "2008-12-31": "115.61910", "2007-12-31": "64.49770", "2006-12-31": "233.72290", "2005-12-31": "-357.62400"}, "ROA - Return On Assets": {"2020-12-31": "1.26780", "2019-12-31": "8.19800", "2018-12-31": "14.38880", "2017-12-31": "7.77970", "2016-12-31": "9.32000", "2015-12-31": "6.33460", "2014-12-31": "5.89360", "2013-12-31": "4.26480", "2012-12-31": "38.35190", "2011-12-31": "5.69590", "2010-12-31": "0.58320", "2009-12-31": "-4.80780", "2008-12-31": "-71.27480", "2007-12-31": "-33.36500", "2006-12-31": "-66.61730", "2005-12-31": "-41.38360"}, "ROI - Return On Investment": {"2020-12-31": "2.10810", "2019-12-31": "12.86240", "2018-12-31": "23.20440", "2017-12-31": "12.42010", "2016-12-31": "14.76880", "2015-12-31": "9.65910", "2014-12-31": "8.50820", "2013-12-31": "6.45960", "2012-12-31": "53.66930", "2011-12-31": "11.48830", "2010-12-31": "1.33320", "2009-12-31": "-11.14470", "2008-12-31": "-187.92200", "2007-12-31": "-116.33570", "2006-12-31": "-162.67710", "2005-12-31": "-61.23130"}, "Book Value Per Share": {"2020-12-31": "-0.54760", "2019-12-31": "-0.16680", "2018-12-31": "-0.41810", "2017-12-31": "-0.33660", "2016-12-31": "-0.16710", "2015-12-31": "-0.03230", "2014-12-31": "0.23200", "2013-12-31": "0.45040", "2012-12-31": "0.76760", "2011-12-31": "0.18760", "2010-12-31": "0.05280", "2009-12-31": "0.02460", "2008-12-31": "0.00230", "2007-12-31": "-0.53890", "2006-12-31": "-0.27120", "2005-12-31": "0.24140"}, "Operating Cash Flow Per Share": {"2020-12-31": 0.0186, "2019-12-31": 0.0248, "2018-12-31": 0.0193, "2017-12-31": 0.0466, "2016-12-31": 0.1174, "2015-12-31": 0.0151, "2014-12-31": 0.0411, "2013-12-31": 0.0553, "2012-12-31": 0.0338, "2011-12-31": 0.0033, "2010-12-31": -0.0407, "2009-12-31": 0.1914, "2008-12-31": 0.0313, "2007-12-31": 0.199, "2006-12-31": -0.097, "2005-12-31": -0.2037}, "Free Cash Flow Per Share": {"2020-12-31": 0.0183, "2019-12-31": 0.0239, "2018-12-31": 0.0025, "2017-12-31": 0.0271, "2016-12-31": 0.1007, "2015-12-31": 0.0111, "2014-12-31": 0.0475, "2013-12-31": 0.0423, "2012-12-31": 0.0407, "2011-12-31": 0.031, "2010-12-31": -0.0202, "2009-12-31": 0.1823, "2008-12-31": 0.0153, "2007-12-31": 0.2207, "2006-12-31": -0.1254, "2005-12-31": -0.2412}}, "financial ratios, quarterly": {"Current Ratio": {"2020-12-31": "0.30530", "2020-09-30": "0.27500", "2020-06-30": "0.54810", "2020-03-31": "0.28470", "2019-12-31": "0.30460", "2019-09-30": "0.28790", "2019-06-30": "0.33150", "2019-03-31": "0.28290", "2018-12-31": "0.17050", "2018-09-30": "0.17570", "2018-06-30": "0.16350", "2018-03-31": "0.18090", "2017-12-31": "0.16690", "2017-09-30": "0.18510", "2017-06-30": "0.18730", "2017-03-31": "0.26220", "2016-12-31": "0.24080", "2016-09-30": "0.35880", "2016-06-30": "0.36760", "2016-03-31": "0.22450", "2015-12-31": "0.22510", "2015-09-30": "0.58470", "2015-06-30": "0.62920", "2015-03-31": "0.78490", "2014-12-31": "0.66980", "2014-09-30": "0.45700", "2014-06-30": "0.49490", "2014-03-31": "0.49220", "2013-12-31": "0.51810", "2013-09-30": "0.73540", "2013-06-30": "0.87870", "2013-03-31": "0.70920", "2012-12-31": "0.78990", "2012-09-30": "0.81040", "2012-06-30": "0.95620", "2012-03-31": "0.59780", "2011-12-31": "0.56810", "2011-09-30": "0.47890", "2011-06-30": "0.44460", "2011-03-31": "0.39720", "2010-12-31": "0.42210", "2010-09-30": "0.37860", "2010-06-30": "0.37230", "2010-03-31": "0.53290", "2009-12-31": "0.41400", "2009-09-30": "0.40220", "2009-06-30": "0.44530", "2009-03-31": "0.35870", "2008-12-31": "0.32790", "2008-09-30": "0.30730", "2008-06-30": "0.34310", "2008-03-31": "0.38230", "2007-12-31": "0.63150", "2007-09-30": "0.68770", "2007-06-30": "0.78700", "2007-03-31": "0.63910", "2006-12-31": "0.70540", "2006-09-30": "0.83410", "2006-06-30": "1.09930", "2006-03-31": "1.45060", "2005-12-31": "1.66640", "2005-09-30": "2.71530", "2005-06-30": "1.91710", "2005-03-31": "2.48070"}, "Long-term Debt / Capital": {"2020-12-31": "1.36770", "2020-09-30": "1.13140", "2020-06-30": "1.09310", "2020-03-31": "1.10520", "2019-12-31": "1.10360", "2019-09-30": "1.10450", "2019-06-30": "1.06650", "2019-03-31": "0.97900", "2018-12-31": "1.35850", "2018-09-30": "1.26520", "2018-06-30": "1.27020", "2018-03-31": "1.29840", "2017-12-31": "1.29210", "2017-09-30": "1.18490", "2017-06-30": "1.19250", "2017-03-31": "1.18200", "2016-12-31": "1.15680", "2016-09-30": "1.09670", "2016-06-30": "1.14570", "2016-03-31": "1.10960", "2015-12-31": "1.03160", "2015-09-30": "0.98880", "2015-06-30": "0.91950", "2015-03-31": "0.85170", "2014-12-31": "0.77410", "2014-09-30": "0.78400", "2014-06-30": "0.73470", "2014-03-31": "0.51920", "2013-12-31": "0.52980", "2013-09-30": "0.52810", "2013-06-30": "0.50050", "2013-03-31": "0.38950", "2012-12-31": "0.37570", "2012-09-30": "0.36900", "2012-06-30": "0.41720", "2012-03-31": "0.77670", "2011-12-31": "0.81050", "2011-09-30": "0.83010", "2011-06-30": "0.85840", "2011-03-31": "0.90930", "2010-12-31": "0.93570", "2010-09-30": "0.91820", "2010-06-30": "0.94360", "2010-03-31": "0.95360", "2009-12-31": "0.96980", "2009-09-30": "0.99760", "2009-06-30": "0.95470", "2009-03-31": "0.91740", "2008-12-31": "0.99700", "2008-09-30": "0.99440", "2008-06-30": "13.91270", "2008-03-31": "7.05830", "2007-12-31": "2.63150", "2007-09-30": "1.99890", "2007-06-30": "1.72680", "2007-03-31": "1.65370", "2006-12-31": "1.57290", "2006-09-30": "1.22670", "2006-06-30": "1.05560", "2006-03-31": "0.88950", "2005-12-31": "0.76940", "2005-09-30": "0.65610", "2005-06-30": "0.47710", "2005-03-31": "0.43620"}, "Debt/Equity Ratio": {"2020-12-31": "-3.71990", "2020-09-30": "-8.61360", "2020-06-30": "-13.97160", "2020-03-31": "-10.50740", "2019-12-31": "-10.65760", "2019-09-30": "-10.56950", "2019-06-30": "-16.04500", "2019-03-31": "46.65590", "2018-12-31": "-3.79090", "2018-09-30": "-4.77440", "2018-06-30": "-4.70460", "2018-03-31": "-4.35440", "2017-12-31": "-4.42710", "2017-09-30": "-6.41140", "2017-06-30": "-6.20040", "2017-03-31": "-6.50090", "2016-12-31": "-7.38400", "2016-09-30": "-12.04720", "2016-06-30": "-7.87290", "2016-03-31": "-10.13370", "2015-12-31": "-32.72480", "2015-09-30": "88.75040", "2015-06-30": "11.43940", "2015-03-31": "5.75270", "2014-12-31": "3.43160", "2014-09-30": "4.06430", "2014-06-30": "3.11210", "2014-03-31": "1.26650", "2013-12-31": "1.31170", "2013-09-30": "1.30920", "2013-06-30": "1.00340", "2013-03-31": "0.63900", "2012-12-31": "0.60280", "2012-09-30": "0.58580", "2012-06-30": "0.71730", "2012-03-31": "3.48010", "2011-12-31": "4.28030", "2011-09-30": "4.92860", "2011-06-30": "6.11580", "2011-03-31": "10.35880", "2010-12-31": "15.49620", "2010-09-30": "11.25030", "2010-06-30": "16.78360", "2010-03-31": "23.87170", "2009-12-31": "32.21420", "2009-09-30": "424.29350", "2009-06-30": "23.07660", "2009-03-31": "12.64600", "2008-12-31": "377.24110", "2008-09-30": "214.15660", "2008-06-30": "-1.41090", "2008-03-31": "-1.52810", "2007-12-31": "-1.65810", "2007-09-30": "-2.05360", "2007-06-30": "-2.43820", "2007-03-31": "-2.52980", "2006-12-31": "-2.74560", "2006-09-30": "-5.41150", "2006-06-30": "-18.97540", "2006-03-31": "8.04680", "2005-12-31": "3.33710", "2005-09-30": "1.90810", "2005-06-30": "0.91250", "2005-03-31": "0.77380"}, "Gross Margin": {"2020-12-31": "55.77890", "2020-09-30": "55.80250", "2020-06-30": "53.78870", "2020-03-31": "56.45490", "2019-12-31": "55.57710", "2019-09-30": "56.19100", "2019-06-30": "55.38700", "2019-03-31": "57.11010", "2018-12-31": "61.72350", "2018-09-30": "61.48600", "2018-06-30": "55.51680", "2018-03-31": "61.16360", "2017-12-31": "59.29370", "2017-09-30": "62.37860", "2017-06-30": "61.89840", "2017-03-31": "61.58570", "2016-12-31": "57.68810", "2016-09-30": "61.75320", "2016-06-30": "60.64010", "2016-03-31": "61.11370", "2015-12-31": "60.66340", "2015-09-30": "62.31480", "2015-06-30": "53.21770", "2015-03-31": "62.40760", "2014-12-31": "61.40090", "2014-09-30": "61.82730", "2014-06-30": "62.02380", "2014-03-31": "60.85700", "2013-12-31": "60.37270", "2013-09-30": "65.00670", "2013-06-30": "64.74190", "2013-03-31": "63.19840", "2012-12-31": "63.14690", "2012-09-30": "63.77470", "2012-06-30": "64.90030", "2012-03-31": "63.67580", "2011-12-31": "61.75780", "2011-09-30": "63.62730", "2011-06-30": "63.28160", "2011-03-31": "62.60370", "2010-12-31": "60.36160", "2010-09-30": "60.90230", "2010-06-30": "61.96970", "2010-03-31": "60.70000", "2009-12-31": "59.57640", "2009-09-30": "56.86000", "2009-06-30": "56.93640", "2009-03-31": "54.11180", "2008-12-31": "51.33100", "2008-09-30": "44.23910", "2008-06-30": "49.85000", "2008-03-31": "45.86870", "2007-12-31": "32.01120", "2007-09-30": "47.66200", "2007-06-30": "46.78510", "2007-03-31": "39.50660", "2006-12-31": "18.80700", "2006-09-30": "27.81950", "2006-06-30": "17.77010", "2006-03-31": "-170.63020", "2005-12-31": "-17.87160", "2005-09-30": "29.52220", "2005-06-30": "27.70820", "2005-03-31": "-9.09160"}, "Operating Margin": {"2020-12-31": "-22.97850", "2020-09-30": "23.60490", "2020-06-30": "22.14520", "2020-03-31": "23.97540", "2019-12-31": "19.35020", "2019-09-30": "23.66980", "2019-06-30": "22.20540", "2019-03-31": "19.09400", "2018-12-31": "30.66130", "2018-09-30": "32.92430", "2018-06-30": "25.27930", "2018-03-31": "30.76360", "2017-12-31": "28.26970", "2017-09-30": "31.45600", "2017-06-30": "30.89660", "2017-03-31": "30.43430", "2016-12-31": "25.29250", "2016-09-30": "30.69540", "2016-06-30": "29.31100", "2016-03-31": "28.99510", "2015-12-31": "24.56800", "2015-09-30": "30.05730", "2015-06-30": "19.53590", "2015-03-31": "29.02950", "2014-12-31": "26.91750", "2014-09-30": "27.81490", "2014-06-30": "27.48630", "2014-03-31": "24.79750", "2013-12-31": "24.53380", "2013-09-30": "29.59190", "2013-06-30": "28.47920", "2013-03-31": "27.51630", "2012-12-31": "23.87860", "2012-09-30": "26.71890", "2012-06-30": "27.21560", "2012-03-31": "24.75860", "2011-12-31": "19.71000", "2011-09-30": "24.19360", "2011-06-30": "23.23790", "2011-03-31": "22.68070", "2010-12-31": "9.72560", "2010-09-30": "19.93860", "2010-06-30": "17.95390", "2010-03-31": "18.85250", "2009-12-31": "12.37480", "2009-09-30": "10.72570", "2009-06-30": "6.30220", "2009-03-31": "6.99530", "2008-12-31": "-8.53410", "2008-09-30": "-988.23750", "2008-06-30": "-24.04420", "2008-03-31": "-32.78160", "2007-12-31": "-59.94570", "2007-09-30": "-43.71260", "2007-06-30": "-54.14550", "2007-03-31": "-66.18650", "2006-12-31": "-122.51990", "2006-09-30": "-92.24540", "2006-06-30": "-153.56810", "2006-03-31": "-352.24610", "2005-12-31": "-371.70650", "2005-09-30": "-249.76280", "2005-06-30": "-334.48670", "2005-03-31": "-440.25130"}, "EBIT Margin": {"2020-12-31": "-22.97850", "2020-09-30": "23.60490", "2020-06-30": "22.14520", "2020-03-31": "23.97540", "2019-12-31": "19.35020", "2019-09-30": "23.66980", "2019-06-30": "22.20540", "2019-03-31": "19.09400", "2018-12-31": "30.66130", "2018-09-30": "32.92430", "2018-06-30": "25.27930", "2018-03-31": "30.76360", "2017-12-31": "28.26980", "2017-09-30": "31.45600", "2017-06-30": "30.89660", "2017-03-31": "30.43430", "2016-12-31": "25.29250", "2016-09-30": "30.69540", "2016-06-30": "29.31100", "2016-03-31": "28.99510", "2015-12-31": "24.56800", "2015-09-30": "30.05730", "2015-06-30": "19.53590", "2015-03-31": "29.02950", "2014-12-31": "26.91750", "2014-09-30": "27.81490", "2014-06-30": "27.48630", "2014-03-31": "24.79750", "2013-12-31": "24.53380", "2013-09-30": "29.59190", "2013-06-30": "28.47920", "2013-03-31": "27.51630", "2012-12-31": "23.87860", "2012-09-30": "26.71890", "2012-06-30": "27.21560", "2012-03-31": "24.75860", "2011-12-31": "19.71000", "2011-09-30": "24.19360", "2011-06-30": "23.23790", "2011-03-31": "22.68070", "2010-12-31": "9.72560", "2010-09-30": "19.93860", "2010-06-30": "17.95390", "2010-03-31": "18.85250", "2009-12-31": "12.37480", "2009-09-30": "10.72570", "2009-06-30": "6.30220", "2009-03-31": "6.99530", "2008-12-31": "-8.53410", "2008-09-30": "-988.23750", "2008-06-30": "-24.04420", "2008-03-31": "-32.78160", "2007-12-31": "-59.94580", "2007-09-30": "-43.71260", "2007-06-30": "-54.14550", "2007-03-31": "-66.18650", "2006-12-31": "-122.51990", "2006-09-30": "-92.24540", "2006-06-30": "-153.56810", "2006-03-31": "-352.24610", "2005-12-31": "-371.70650", "2005-09-30": "-249.76280", "2005-06-30": "-334.48670", "2005-03-31": "-440.25130"}, "EBITDA Margin": {"2020-12-31": "", "2020-09-30": "", "2020-06-30": "", "2020-03-31": "", "2019-12-31": "", "2019-09-30": "", "2019-06-30": "", "2019-03-31": "", "2018-12-31": "", "2018-09-30": "", "2018-06-30": "", "2018-03-31": "", "2017-12-31": "", "2017-09-30": "", "2017-06-30": "", "2017-03-31": "", "2016-12-31": "", "2016-09-30": "", "2016-06-30": "", "2016-03-31": "", "2015-12-31": "", "2015-09-30": "", "2015-06-30": "", "2015-03-31": "", "2014-12-31": "", "2014-09-30": "", "2014-06-30": "", "2014-03-31": "", "2013-12-31": "", "2013-09-30": "", "2013-06-30": "", "2013-03-31": "", "2012-12-31": "", "2012-09-30": "", "2012-06-30": "", "2012-03-31": "", "2011-12-31": "", "2011-09-30": "", "2011-06-30": "", "2011-03-31": "", "2010-12-31": "", "2010-09-30": "", "2010-06-30": "", "2010-03-31": "", "2009-12-31": "", "2009-09-30": "", "2009-06-30": "", "2009-03-31": "", "2008-12-31": "", "2008-09-30": "", "2008-06-30": "", "2008-03-31": "", "2007-12-31": "", "2007-09-30": "", "2007-06-30": "", "2007-03-31": "", "2006-12-31": "", "2006-09-30": "", "2006-06-30": "", "2006-03-31": "", "2005-12-31": "", "2005-09-30": "", "2005-06-30": "", "2005-03-31": ""}, "Pre-Tax Profit Margin": {"2020-12-31": "-27.59250", "2020-09-30": "16.98770", "2020-06-30": "16.91570", "2020-03-31": "19.10860", "2019-12-31": "14.50050", "2019-09-30": "15.71360", "2019-06-30": "17.14720", "2019-03-31": "13.93350", "2018-12-31": "22.24450", "2018-09-30": "24.19910", "2018-06-30": "25.41900", "2018-03-31": "26.83640", "2017-12-31": "16.86240", "2017-09-30": "27.87940", "2017-06-30": "23.86680", "2017-03-31": "24.80910", "2016-12-31": "17.21000", "2016-09-30": "23.90780", "2016-06-30": "22.76490", "2016-03-31": "23.37050", "2015-12-31": "18.39070", "2015-09-30": "23.86000", "2015-06-30": "13.20060", "2015-03-31": "22.62940", "2014-12-31": "20.90400", "2014-09-30": "21.30520", "2014-06-30": "19.97240", "2014-03-31": "17.11280", "2013-12-31": "10.82090", "2013-09-30": "12.90180", "2013-06-30": "21.50610", "2013-03-31": "22.58110", "2012-12-31": "19.25900", "2012-09-30": "6.27200", "2012-06-30": "16.43150", "2012-03-31": "13.74090", "2011-12-31": "9.65430", "2011-09-30": "14.41200", "2011-06-30": "23.63510", "2011-03-31": "11.00980", "2010-12-31": "-11.26310", "2010-09-30": "9.90280", "2010-06-30": "2.39200", "2010-03-31": "6.44260", "2009-12-31": "2.13210", "2009-09-30": "-24.31270", "2009-06-30": "-26.83160", "2009-03-31": "-8.77940", "2008-12-31": "-40.06720", "2008-09-30": "-998.72690", "2008-06-30": "-29.45270", "2008-03-31": "-38.31150", "2007-12-31": "-66.23000", "2007-09-30": "-49.45780", "2007-06-30": "-59.00000", "2007-03-31": "-70.66860", "2006-12-31": "-126.92160", "2006-09-30": "-97.13190", "2006-06-30": "-158.08450", "2006-03-31": "-361.42150", "2005-12-31": "-388.42800", "2005-09-30": "-269.17150", "2005-06-30": "-339.09260", "2005-03-31": "-446.71420"}, "Net Profit Margin": {"2020-12-31": "-30.92740", "2020-09-30": "13.43210", "2020-06-30": "12.96690", "2020-03-31": "15.01030", "2019-12-31": "11.78470", "2019-09-30": "12.23270", "2019-06-30": "13.30300", "2019-03-31": "9.28900", "2018-12-31": "16.76690", "2018-09-30": "23.38110", "2018-06-30": "20.46090", "2018-03-31": "21.01820", "2017-12-31": "-2.62890", "2017-09-30": "19.98570", "2017-06-30": "14.99800", "2017-03-31": "16.00170", "2016-12-31": "15.70430", "2016-09-30": "15.17640", "2016-06-30": "14.16070", "2016-03-31": "14.35790", "2015-12-31": "11.25560", "2015-09-30": "14.23860", "2015-06-30": "9.15670", "2015-03-31": "9.77730", "2014-12-31": "13.11900", "2014-09-30": "12.88160", "2014-06-30": "11.58660", "2014-03-31": "9.42040", "2013-12-31": "6.62720", "2013-09-30": "6.54120", "2013-06-30": "13.35180", "2013-03-31": "13.22680", "2012-12-31": "39.74800", "2012-09-30": "5.38290", "2012-06-30": "221.81880", "2012-03-31": "7.94040", "2011-12-31": "-8.95550", "2011-09-30": "8.08270", "2011-06-30": "24.57610", "2011-03-31": "10.79260", "2010-12-31": "-13.47730", "2010-09-30": "9.42500", "2010-06-30": "2.18250", "2010-03-31": "6.26680", "2009-12-31": "1.74230", "2009-09-30": "-24.49290", "2009-06-30": "-27.02030", "2009-03-31": "-40.68900", "2008-12-31": "-40.09540", "2008-09-30": "-998.97560", "2008-06-30": "-29.64450", "2008-03-31": "-38.51230", "2007-12-31": "-66.53820", "2007-09-30": "-49.68730", "2007-06-30": "-59.24510", "2007-03-31": "-70.94060", "2006-12-31": "-127.00230", "2006-09-30": "-97.47780", "2006-06-30": "-158.46960", "2006-03-31": "-362.01600", "2005-12-31": "-389.21680", "2005-09-30": "-270.00940", "2005-06-30": "-340.16560", "2005-03-31": "-448.01000"}, "Asset Turnover": {"2020-12-31": "0.21180", "2020-09-30": "0.18920", "2020-06-30": "0.15030", "2020-03-31": "0.17850", "2019-12-31": "0.18490", "2019-09-30": "0.18140", "2019-06-30": "0.17470", "2019-03-31": "0.15540", "2018-12-31": "0.18320", "2018-09-30": "0.17730", "2018-06-30": "0.17250", "2018-03-31": "0.16570", "2017-12-31": "0.16850", "2017-09-30": "0.15940", "2017-06-30": "0.16140", "2017-03-31": "0.16310", "2016-12-31": "0.16280", "2016-09-30": "0.15170", "2016-06-30": "0.15180", "2016-03-31": "0.15150", "2015-12-31": "0.14870", "2015-09-30": "0.14370", "2015-06-30": "0.13360", "2015-03-31": "0.12640", "2014-12-31": "0.13040", "2014-09-30": "0.12510", "2014-06-30": "0.12000", "2014-03-31": "0.11420", "2013-12-31": "0.11310", "2013-09-30": "0.10800", "2013-06-30": "0.10500", "2013-03-31": "0.10380", "2012-12-31": "0.09860", "2012-09-30": "0.09470", "2012-06-30": "0.08780", "2012-03-31": "0.10730", "2011-12-31": "0.10460", "2011-09-30": "0.10410", "2011-06-30": "0.10190", "2011-03-31": "0.10010", "2010-12-31": "0.09970", "2010-09-30": "0.09920", "2010-06-30": "0.09720", "2010-03-31": "0.08580", "2009-12-31": "0.09230", "2009-09-30": "0.08510", "2009-06-30": "0.07870", "2009-03-31": "0.07840", "2008-12-31": "0.08340", "2008-09-30": "0.06510", "2008-06-30": "0.19430", "2008-03-31": "0.18390", "2007-12-31": "0.14750", "2007-09-30": "0.15230", "2007-06-30": "0.13410", "2007-03-31": "0.13550", "2006-12-31": "0.11660", "2006-09-30": "0.10380", "2006-06-30": "0.08290", "2006-03-31": "0.06640", "2005-12-31": "0.03840", "2005-09-30": "0.03190", "2005-06-30": "0.03000", "2005-03-31": "0.02380"}, "Inventory Turnover Ratio": {"2020-12-31": "96.80000", "2020-09-30": "89.50000", "2020-06-30": "72.16670", "2020-03-31": "70.83330", "2019-12-31": "83.27270", "2019-09-30": "62.92860", "2019-06-30": "51.88240", "2019-03-31": "37.40000", "2018-12-31": "26.04550", "2018-09-30": "28.95360", "2018-06-30": "33.58470", "2018-03-31": "30.77280", "2017-12-31": "28.28970", "2017-09-30": "23.09960", "2017-06-30": "26.22160", "2017-03-31": "29.28980", "2016-12-31": "27.07470", "2016-09-30": "17.43340", "2016-06-30": "18.50800", "2016-03-31": "21.46760", "2015-12-31": "21.10440", "2015-09-30": "16.48310", "2015-06-30": "21.36120", "2015-03-31": "17.71680", "2014-12-31": "21.70940", "2014-09-30": "16.57160", "2014-06-30": "18.24100", "2014-03-31": "20.56850", "2013-12-31": "28.58720", "2013-09-30": "23.62480", "2013-06-30": "19.86250", "2013-03-31": "16.43480", "2012-12-31": "12.98030", "2012-09-30": "8.77100", "2012-06-30": "7.97030", "2012-03-31": "7.94510", "2011-12-31": "8.16430", "2011-09-30": "7.66270", "2011-06-30": "8.45780", "2011-03-31": "9.25500", "2010-12-31": "13.30870", "2010-09-30": "15.55470", "2010-06-30": "19.38810", "2010-03-31": "18.67600", "2009-12-31": "16.87980", "2009-09-30": "12.71140", "2009-06-30": "9.12400", "2009-03-31": "13.54290", "2008-12-31": "12.37880", "2008-09-30": "8.52860", "2008-06-30": "6.01000", "2008-03-31": "5.77430", "2007-12-31": "5.75030", "2007-09-30": "3.41690", "2007-06-30": "2.87320", "2007-03-31": "3.52910", "2006-12-31": "4.55080", "2006-09-30": "2.68180", "2006-06-30": "4.91470", "2006-03-31": "22.18140", "2005-12-31": "6.61490", "2005-09-30": "", "2005-06-30": "", "2005-03-31": ""}, "Receiveable Turnover": {"2020-12-31": "3.25740", "2020-09-30": "3.47940", "2020-06-30": "3.77060", "2020-03-31": "3.23180", "2019-12-31": "3.07760", "2019-09-30": "3.18200", "2019-06-30": "3.14810", "2019-03-31": "2.94590", "2018-12-31": "6.42490", "2018-09-30": "5.96900", "2018-06-30": "5.79410", "2018-03-31": "5.61730", "2017-12-31": "5.80720", "2017-09-30": "6.13150", "2017-06-30": "5.75020", "2017-03-31": "5.52200", "2016-12-31": "5.84230", "2016-09-30": "5.47360", "2016-06-30": "5.48210", "2016-03-31": "5.26370", "2015-12-31": "5.09470", "2015-09-30": "4.93130", "2015-06-30": "4.67370", "2015-03-31": "4.92660", "2014-12-31": "4.94590", "2014-09-30": "5.11180", "2014-06-30": "5.11850", "2014-03-31": "5.15990", "2013-12-31": "5.18410", "2013-09-30": "5.23710", "2013-06-30": "4.42420", "2013-03-31": "4.26040", "2012-12-31": "4.23820", "2012-09-30": "4.54740", "2012-06-30": "3.97350", "2012-03-31": "3.93750", "2011-12-31": "4.20190", "2011-09-30": "4.31210", "2011-06-30": "4.09350", "2011-03-31": "4.08250", "2010-12-31": "3.88880", "2010-09-30": "3.78910", "2010-06-30": "3.56020", "2010-03-31": "3.88990", "2009-12-31": "4.16570", "2009-09-30": "4.79940", "2009-06-30": "5.32590", "2009-03-31": "4.18140", "2008-12-31": "4.20470", "2008-09-30": "3.81910", "2008-06-30": "2.85830", "2008-03-31": "2.91530", "2007-12-31": "2.40040", "2007-09-30": "3.02190", "2007-06-30": "2.64640", "2007-03-31": "2.92080", "2006-12-31": "2.72310", "2006-09-30": "9.66470", "2006-06-30": "7.93140", "2006-03-31": "6.34620", "2005-12-31": "1.37460", "2005-09-30": "", "2005-06-30": "", "2005-03-31": ""}, "Days Sales In Receivables": {"2020-12-31": "27.62910", "2020-09-30": "25.86670", "2020-06-30": "23.86870", "2020-03-31": "27.84840", "2019-12-31": "29.24350", "2019-09-30": "28.28440", "2019-06-30": "28.58880", "2019-03-31": "30.55050", "2018-12-31": "14.00800", "2018-09-30": "15.07780", "2018-06-30": "15.53300", "2018-03-31": "16.02190", "2017-12-31": "15.49790", "2017-09-30": "14.67830", "2017-06-30": "15.65170", "2017-03-31": "16.29850", "2016-12-31": "15.40490", "2016-09-30": "16.44250", "2016-06-30": "16.41690", "2016-03-31": "17.09840", "2015-12-31": "17.66540", "2015-09-30": "18.25060", "2015-06-30": "19.25660", "2015-03-31": "18.26830", "2014-12-31": "18.19700", "2014-09-30": "17.60630", "2014-06-30": "17.58340", "2014-03-31": "17.44210", "2013-12-31": "17.36070", "2013-09-30": "17.18520", "2013-06-30": "20.34250", "2013-03-31": "21.12480", "2012-12-31": "21.23570", "2012-09-30": "19.79140", "2012-06-30": "22.64990", "2012-03-31": "22.85690", "2011-12-31": "21.41910", "2011-09-30": "20.87140", "2011-06-30": "21.98600", "2011-03-31": "22.04520", "2010-12-31": "23.14320", "2010-09-30": "23.75260", "2010-06-30": "25.27920", "2010-03-31": "23.13710", "2009-12-31": "21.60480", "2009-09-30": "18.75240", "2009-06-30": "16.89870", "2009-03-31": "21.52370", "2008-12-31": "21.40480", "2008-09-30": "23.56560", "2008-06-30": "31.48760", "2008-03-31": "30.87170", "2007-12-31": "37.49350", "2007-09-30": "29.78210", "2007-06-30": "34.00910", "2007-03-31": "30.81320", "2006-12-31": "33.05030", "2006-09-30": "9.31220", "2006-06-30": "11.34730", "2006-03-31": "14.18170", "2005-12-31": "65.47290", "2005-09-30": "", "2005-06-30": "", "2005-03-31": ""}, "ROE - Return On Equity": {"2020-12-31": "29.62800", "2020-09-30": "-29.85730", "2020-06-30": "-36.37730", "2020-03-31": "-39.22360", "2019-12-31": "-33.01630", "2019-09-30": "-32.88770", "2019-06-30": "-53.78320", "2019-03-31": "105.19480", "2018-12-31": "-13.81400", "2018-09-30": "-24.93870", "2018-06-30": "-21.37800", "2018-03-31": "-18.47270", "2017-12-31": "2.42170", "2017-09-30": "-26.25670", "2017-06-30": "-19.40200", "2017-03-31": "-22.48160", "2016-12-31": "-25.83630", "2016-09-30": "-38.28150", "2016-06-30": "-22.57270", "2016-03-31": "-30.57750", "2015-12-31": "-80.86490", "2015-09-30": "273.42470", "2015-06-30": "22.99520", "2015-03-31": "11.89990", "2014-12-31": "10.92670", "2014-09-30": "11.60460", "2014-06-30": "8.07330", "2014-03-31": "3.44860", "2013-12-31": "2.37450", "2013-09-30": "2.21870", "2013-06-30": "3.87550", "2013-03-31": "3.30720", "2012-12-31": "3.86780", "2012-09-30": "1.79290", "2012-06-30": "78.08920", "2012-03-31": "12.68580", "2011-12-31": "10.13110", "2011-09-30": "16.94070", "2011-06-30": "35.04240", "2011-03-31": "26.16120", "2010-12-31": "-39.22700", "2010-09-30": "25.13360", "2010-06-30": "8.46610", "2010-03-31": "27.37050", "2009-12-31": "12.33830", "2009-09-30": "-1991.92100", "2009-06-30": "-111.12140", "2009-03-31": "-21.53380", "2008-12-31": "-2930.49000", "2008-09-30": "-31031.16000", "2008-06-30": "9.24900", "2008-03-31": "12.40340", "2007-12-31": "20.96820", "2007-09-30": "18.75640", "2007-06-30": "24.86620", "2007-03-31": "34.30710", "2006-12-31": "63.12400", "2006-09-30": "81.32700", "2006-06-30": "416.34340", "2006-03-31": "-340.41080", "2005-12-31": "-95.82150", "2005-09-30": "-31.39320", "2005-06-30": "-24.76060", "2005-03-31": "-22.82710"}, "Return On Tangible Equity": {"2020-12-31": "7.73980", "2020-09-30": "-3.34520", "2020-06-30": "-3.06590", "2020-03-31": "-3.65380", "2019-12-31": "-3.02010", "2019-09-30": "-3.03370", "2019-06-30": "-3.33590", "2019-03-31": "-2.23200", "2018-12-31": "-3.79840", "2018-09-30": "-5.55850", "2018-06-30": "-4.75010", "2018-03-31": "-4.53830", "2017-12-31": "0.58270", "2017-09-30": "-4.70080", "2017-06-30": "-3.44390", "2017-03-31": "-3.65890", "2016-12-31": "-3.69230", "2016-09-30": "-3.68060", "2016-06-30": "-3.15320", "2016-03-31": "-3.22320", "2015-12-31": "-2.71170", "2015-09-30": "-3.50620", "2015-06-30": "-2.35000", "2015-03-31": "-2.67660", "2014-12-31": "-4.04260", "2014-09-30": "-3.69010", "2014-06-30": "-3.53910", "2014-03-31": "-4.34330", "2013-12-31": "-3.02000", "2013-09-30": "-4.29880", "2013-06-30": "-11.72020", "2013-03-31": "-21.12850", "2012-12-31": "-52.89050", "2012-09-30": "-38.81890", "2012-06-30": "-900.25100", "2012-03-31": "-3.04020", "2011-12-31": "-1.92570", "2011-09-30": "-2.73620", "2011-06-30": "-4.39600", "2011-03-31": "-1.88080", "2010-12-31": "1.91190", "2010-09-30": "-1.60620", "2010-06-30": "-0.35390", "2010-03-31": "-0.95390", "2009-12-31": "-0.26570", "2009-09-30": "3.33750", "2009-06-30": "3.60960", "2009-03-31": "1.21250", "2008-12-31": "5.42480", "2008-09-30": "105.21080", "2008-06-30": "8.46800", "2008-03-31": "11.27930", "2007-12-31": "18.96680", "2007-09-30": "16.58970", "2007-06-30": "21.52790", "2007-03-31": "28.63040", "2006-12-31": "51.95350", "2006-09-30": "57.36770", "2006-06-30": "168.93950", "2006-03-31": "-898.24270", "2005-12-31": "-129.03890", "2005-09-30": "-36.74020", "2005-06-30": "-28.03080", "2005-03-31": "-25.32480"}, "ROA - Return On Assets": {"2020-12-31": "-6.55180", "2020-09-30": "2.54160", "2020-06-30": "1.94950", "2020-03-31": "2.67950", "2019-12-31": "2.17960", "2019-09-30": "2.21860", "2019-06-30": "2.32410", "2019-03-31": "1.44320", "2018-12-31": "3.07110", "2018-09-30": "4.14580", "2018-06-30": "3.53050", "2018-03-31": "3.48220", "2017-12-31": "-0.44310", "2017-09-30": "3.18660", "2017-06-30": "2.42110", "2017-03-31": "2.61070", "2016-12-31": "2.55670", "2016-09-30": "2.30210", "2016-06-30": "2.14950", "2016-03-31": "2.17500", "2015-12-31": "1.67320", "2015-09-30": "2.04580", "2015-06-30": "1.22320", "2015-03-31": "1.23620", "2014-12-31": "1.71010", "2014-09-30": "1.61160", "2014-06-30": "1.39090", "2014-03-31": "1.07610", "2013-12-31": "0.73710", "2013-09-30": "0.70620", "2013-06-30": "1.40230", "2013-03-31": "1.43000", "2012-12-31": "1.72550", "2012-09-30": "0.81390", "2012-06-30": "32.86990", "2012-03-31": "1.43670", "2011-12-31": "0.95170", "2011-09-30": "1.42240", "2011-06-30": "2.37300", "2011-03-31": "1.08060", "2010-12-31": "-1.10310", "2010-09-30": "0.93520", "2010-06-30": "0.21210", "2010-03-31": "0.53740", "2009-12-31": "0.16090", "2009-09-30": "-2.08460", "2009-06-30": "-2.12650", "2009-03-31": "-0.70340", "2008-12-31": "-3.34420", "2008-09-30": "-65.03240", "2008-06-30": "-5.76040", "2008-03-31": "-7.08370", "2007-12-31": "-9.81160", "2007-09-30": "-7.56950", "2007-06-30": "-7.94580", "2007-03-31": "-9.61030", "2006-12-31": "-14.80810", "2006-09-30": "-10.11400", "2006-06-30": "-13.12950", "2006-03-31": "-24.03140", "2005-12-31": "-14.93210", "2005-09-30": "-8.62410", "2005-06-30": "-10.19480", "2005-03-31": "-10.67190"}, "ROI - Return On Investment": {"2020-12-31": "-10.89480", "2020-09-30": "3.92270", "2020-06-30": "3.38770", "2020-03-31": "4.12680", "2019-12-31": "3.41960", "2019-09-30": "3.43770", "2019-06-30": "3.57630", "2019-03-31": "2.20860", "2018-12-31": "4.95260", "2018-09-30": "6.61300", "2018-06-30": "5.77600", "2018-03-31": "5.51210", "2017-12-31": "-0.70730", "2017-09-30": "4.85580", "2017-06-30": "3.73440", "2017-03-31": "4.09060", "2016-12-31": "4.05140", "2016-09-30": "3.70260", "2016-06-30": "3.28780", "2016-03-31": "3.35140", "2015-12-31": "2.55130", "2015-09-30": "3.04970", "2015-06-30": "1.85130", "2015-03-31": "1.76450", "2014-12-31": "2.46880", "2014-09-30": "2.50630", "2014-06-30": "2.14170", "2014-03-31": "1.65800", "2013-12-31": "1.11650", "2013-09-30": "1.04700", "2013-06-30": "1.93560", "2013-03-31": "2.01910", "2012-12-31": "2.41470", "2012-09-30": "1.13130", "2012-06-30": "45.50700", "2012-03-31": "2.83270", "2011-12-31": "1.91940", "2011-09-30": "2.87760", "2011-06-30": "4.96090", "2011-03-31": "2.37350", "2010-12-31": "-2.52200", "2010-09-30": "2.05500", "2010-06-30": "0.47720", "2010-03-31": "1.27090", "2009-12-31": "0.37300", "2009-09-30": "-4.81390", "2009-06-30": "-5.03120", "2009-03-31": "-1.77920", "2008-12-31": "-8.81720", "2008-09-30": "-173.28400", "2008-06-30": "-119.42920", "2008-03-31": "-75.14290", "2007-12-31": "-34.21070", "2007-09-30": "-18.73540", "2007-06-30": "-18.07260", "2007-03-31": "-22.42620", "2006-12-31": "-36.16090", "2006-09-30": "-18.43510", "2006-06-30": "-23.16190", "2006-03-31": "-37.62780", "2005-12-31": "-22.09370", "2005-09-30": "-10.79510", "2005-06-30": "-12.94670", "2005-03-31": "-12.86900"}, "Book Value Per Share": {"2020-12-31": "-0.54760", "2020-09-30": "-0.21300", "2020-06-30": "-0.15350", "2020-03-31": "-0.17060", "2019-12-31": "-0.16680", "2019-09-30": "-0.16870", "2019-06-30": "-0.10890", "2019-03-31": "0.03320", "2018-12-31": "-0.41810", "2018-09-30": "-0.30910", "2018-06-30": "-0.30550", "2018-03-31": "-0.34920", "2017-12-31": "-0.33660", "2017-09-30": "-0.22820", "2017-06-30": "-0.22520", "2017-03-31": "-0.19670", "2016-12-31": "-0.16710", "2016-09-30": "-0.10460", "2016-06-30": "-0.15860", "2016-03-31": "-0.11300", "2015-12-31": "-0.03230", "2015-09-30": "0.01160", "2015-06-30": "0.08330", "2015-03-31": "0.16130", "2014-12-31": "0.23200", "2014-09-30": "0.21190", "2014-06-30": "0.26040", "2014-03-31": "0.44980", "2013-12-31": "0.45040", "2013-09-30": "0.46210", "2013-06-30": "0.51840", "2013-03-31": "0.58090", "2012-12-31": "0.76760", "2012-09-30": "0.80040", "2012-06-30": "1.04950", "2012-03-31": "0.22420", "2011-12-31": "0.18760", "2011-09-30": "0.15560", "2011-06-30": "0.12530", "2011-03-31": "0.07570", "2010-12-31": "0.05280", "2010-09-30": "0.06860", "2010-06-30": "0.04640", "2010-03-31": "0.03910", "2009-12-31": "0.02460", "2009-09-30": "0.00200", "2009-06-30": "0.03700", "2009-03-31": "0.06340", "2008-12-31": "0.00230", "2008-09-30": "0.00480", "2008-06-30": "-0.60430", "2008-03-31": "-0.55990", "2007-12-31": "-0.53890", "2007-09-30": "-0.43730", "2007-06-30": "-0.36850", "2007-03-31": "-0.28870", "2006-12-31": "-0.27120", "2006-09-30": "-0.14250", "2006-06-30": "-0.04070", "2006-03-31": "0.09610", "2005-12-31": "0.24140", "2005-09-30": "0.43190", "2005-06-30": "0.54050", "2005-03-31": "0.64230"}, "Operating Cash Flow Per Share": {"2020-12-31": 0.1272, "2020-09-30": 0.1025, "2020-06-30": 0.1338, "2020-03-31": "0.09210", "2019-12-31": 0.1116, "2019-09-30": 0.1241, "2019-06-30": 0.1166, "2019-03-31": "0.08470", "2018-12-31": 0.1179, "2018-09-30": 0.0777, "2018-06-30": 0.1261, "2018-03-31": "0.09050", "2017-12-31": 0.1136, "2017-09-30": 0.1119, "2017-06-30": 0.1027, "2017-03-31": "0.06470", "2016-12-31": 0.0991, "2016-09-30": 0.088, "2016-06-30": 0.0883, "2016-03-31": "0.07090", "2015-12-31": 0.0604, "2015-09-30": 0.0392, "2015-06-30": 0.0743, "2015-03-31": "0.05500", "2014-12-31": 0.0651, "2014-09-30": 0.0534, "2014-06-30": 0.0546, "2014-03-31": "0.04070", "2013-12-31": 0.0543, "2013-09-30": 0.0498, "2013-06-30": 0.043, "2013-03-31": "0.02560", "2012-12-31": 0.0393, "2012-09-30": 0.033, "2012-06-30": 0.039, "2012-03-31": "0.00610", "2011-12-31": 0.0331, "2011-09-30": 0.0191, "2011-06-30": 0.0286, "2011-03-31": "0.00280", "2010-12-31": 0.0346, "2010-09-30": 0.0235, "2010-06-30": 0.0281, "2010-03-31": "-0.00590", "2009-12-31": 0.0511, "2009-09-30": 0.0317, "2009-06-30": 0.0192, "2009-03-31": "0.01900", "2008-12-31": 0.0154, "2008-09-30": 0.0016, "2008-06-30": 0.007, "2008-03-31": "-0.09440", "2007-12-31": 0.0707, "2007-09-30": -0.0426, "2007-06-30": -0.0399, "2007-03-31": "-0.08990", "2006-12-31": 0.0191, "2006-09-30": -0.1303, "2006-06-30": -0.0762, "2006-03-31": "-0.11330", "2005-12-31": -0.0094, "2005-09-30": -0.057, "2005-06-30": -0.0482, "2005-03-31": "-0.08910"}, "Free Cash Flow Per Share": {"2020-12-31": 0.1003, "2020-09-30": 0.0838, "2020-06-30": 0.1141, "2020-03-31": "0.07840", "2019-12-31": 0.0853, "2019-09-30": 0.1059, "2019-06-30": 0.1017, "2019-03-31": "0.06540", "2018-12-31": 0.0922, "2018-09-30": 0.0635, "2018-06-30": 0.1059, "2018-03-31": "0.07280", "2017-12-31": 0.0966, "2017-09-30": 0.0932, "2017-06-30": 0.0886, "2017-03-31": "0.05350", "2016-12-31": 0.0845, "2016-09-30": 0.0745, "2016-06-30": 0.0808, "2016-03-31": "0.06500", "2015-12-31": 0.0526, "2015-09-30": 0.0333, "2015-06-30": 0.0685, "2015-03-31": "0.04970", "2014-12-31": 0.0589, "2014-09-30": 0.0482, "2014-06-30": 0.0498, "2014-03-31": "0.03610", "2013-12-31": 0.0459, "2013-09-30": 0.0408, "2013-06-30": 0.0372, "2013-03-31": "0.02160", "2012-12-31": 0.0363, "2012-09-30": 0.0293, "2012-06-30": 0.0353, "2012-03-31": "0.00230", "2011-12-31": 0.0297, "2011-09-30": 0.0125, "2011-06-30": 0.0229, "2011-03-31": "-0.00260", "2010-12-31": 0.0262, "2010-09-30": 0.0098, "2010-06-30": 0.0171, "2010-03-31": "-0.02160", "2009-12-31": 0.0418, "2009-09-30": 0.0074, "2009-06-30": 0.0037, "2009-03-31": "-0.00120", "2008-12-31": -0.0042, "2008-09-30": 0.0101, "2008-06-30": -0.0155, "2008-03-31": "-0.12100", "2007-12-31": 0.0721, "2007-09-30": -0.0632, "2007-06-30": -0.0564, "2007-03-31": "-0.09840", "2006-12-31": 0.0203, "2006-09-30": -0.1777, "2006-06-30": -0.092, "2006-03-31": "-0.11720", "2005-12-31": -0.0334, "2005-09-30": -0.0624, "2005-06-30": -0.051, "2005-03-31": "-0.09440"}}, "revenue": {"Sirius XM Holdings Annual Revenue (Millions of US $)": {"2020": "$8,040", "2019": "$7,794", "2018": "$5,771", "2017": "$5,425", "2016": "$5,017", "2015": "$4,570", "2014": "$4,181", "2013": "$3,799", "2012": "$3,402", "2011": "$3,015", "2010": "$2,817", "2009": "$2,473", "2008": "$1,664", "2007": "$922", "2006": "$637", "2005": "$242"}, "Sirius XM Holdings Quarterly Revenue (Millions of US $)": {"2020-12-31": "$2,189", "2020-09-30": "$2,025", "2020-06-30": "$1,874", "2020-03-31": "$1,952", "2019-12-31": "$2,062", "2019-09-30": "$2,011", "2019-06-30": "$1,977", "2019-03-31": "$1,744", "2018-12-31": "$1,497", "2018-09-30": "$1,467", "2018-06-30": "$1,432", "2018-03-31": "$1,375", "2017-12-31": "$1,404", "2017-09-30": "$1,380", "2017-06-30": "$1,348", "2017-03-31": "$1,294", "2016-12-31": "$1,303", "2016-09-30": "$1,278", "2016-06-30": "$1,236", "2016-03-31": "$1,201", "2015-12-31": "$1,196", "2015-09-30": "$1,170", "2015-06-30": "$1,123", "2015-03-31": "$1,081", "2014-12-31": "$1,091", "2014-09-30": "$1,057", "2014-06-30": "$1,035", "2014-03-31": "$998", "2013-12-31": "$1,000", "2013-09-30": "$962", "2013-06-30": "$940", "2013-03-31": "$897", "2012-12-31": "$892", "2012-09-30": "$867", "2012-06-30": "$838", "2012-03-31": "$805", "2011-12-31": "$784", "2011-09-30": "$763", "2011-06-30": "$744", "2011-03-31": "$724", "2010-12-31": "$736", "2010-09-30": "$718", "2010-06-30": "$700", "2010-03-31": "$664", "2009-12-31": "$676", "2009-09-30": "$619", "2009-06-30": "$591", "2009-03-31": "$587", "2008-12-31": "$622", "2008-09-30": "$488", "2008-06-30": "$283", "2008-03-31": "$270", "2007-12-31": "$250", "2007-09-30": "$242", "2007-06-30": "$226", "2007-03-31": "$204", "2006-12-31": "$193", "2006-09-30": "$167", "2006-06-30": "$150", "2006-03-31": "$127", "2005-12-31": "$80", "2005-09-30": "$67", "2005-06-30": "$52", "2005-03-31": "$43"}}, "gross-profit": {"Sirius XM Holdings Annual Gross Profit (Millions of US $)": {"2020": "$4,461", "2019": "$4,367", "2018": "$3,462", "2017": "$3,324", "2016": "$3,024", "2015": "$2,727", "2014": "$2,573", "2013": "$2,405", "2012": "$2,173", "2011": "$1,893", "2010": "$1,718", "2009": "$1,409", "2008": "$801", "2007": "$382", "2006": "$-107", "2005": "$16"}, "Sirius XM Holdings Quarterly Gross Profit (Millions of US $)": {"2020-12-31": "$1,221", "2020-09-30": "$1,130", "2020-06-30": "$1,008", "2020-03-31": "$1,102", "2019-12-31": "$1,146", "2019-09-30": "$1,130", "2019-06-30": "$1,095", "2019-03-31": "$996", "2018-12-31": "$924", "2018-09-30": "$902", "2018-06-30": "$795", "2018-03-31": "$841", "2017-12-31": "$832", "2017-09-30": "$861", "2017-06-30": "$834", "2017-03-31": "$797", "2016-12-31": "$752", "2016-09-30": "$789", "2016-06-30": "$749", "2016-03-31": "$734", "2015-12-31": "$726", "2015-09-30": "$729", "2015-06-30": "$598", "2015-03-31": "$675", "2014-12-31": "$670", "2014-09-30": "$654", "2014-06-30": "$642", "2014-03-31": "$607", "2013-12-31": "$604", "2013-09-30": "$625", "2013-06-30": "$609", "2013-03-31": "$567", "2012-12-31": "$564", "2012-09-30": "$553", "2012-06-30": "$544", "2012-03-31": "$512", "2011-12-31": "$484", "2011-09-30": "$485", "2011-06-30": "$471", "2011-03-31": "$453", "2010-12-31": "$444", "2010-09-30": "$437", "2010-06-30": "$434", "2010-03-31": "$403", "2009-12-31": "$403", "2009-09-30": "$352", "2009-06-30": "$336", "2009-03-31": "$318", "2008-12-31": "$319", "2008-09-30": "$216", "2008-06-30": "$141", "2008-03-31": "$124", "2007-12-31": "$80", "2007-09-30": "$115", "2007-06-30": "$106", "2007-03-31": "$81", "2006-12-31": "$36", "2006-09-30": "$46", "2006-06-30": "$27", "2006-03-31": "$-216", "2005-12-31": "$-14", "2005-09-30": "$20", "2005-06-30": "$14", "2005-03-31": "$-4"}}, "operating-income": {"Sirius XM Holdings Annual Operating Income (Millions of US $)": {"2020": "$858", "2019": "$1,647", "2018": "$1,727", "2017": "$1,641", "2016": "$1,432", "2015": "$1,179", "2014": "$1,120", "2013": "$1,045", "2012": "$872", "2011": "$676", "2010": "$465", "2009": "$228", "2008": "$-5,037", "2007": "$-513", "2006": "$-1,068", "2005": "$-829"}, "Sirius XM Holdings Quarterly Operating Income (Millions of US $)": {"2020-12-31": "$-503", "2020-09-30": "$478", "2020-06-30": "$415", "2020-03-31": "$468", "2019-12-31": "$399", "2019-09-30": "$476", "2019-06-30": "$439", "2019-03-31": "$333", "2018-12-31": "$459", "2018-09-30": "$483", "2018-06-30": "$362", "2018-03-31": "$423", "2017-12-31": "$397", "2017-09-30": "$434", "2017-06-30": "$416", "2017-03-31": "$394", "2016-12-31": "$330", "2016-09-30": "$392", "2016-06-30": "$362", "2016-03-31": "$348", "2015-12-31": "$294", "2015-09-30": "$352", "2015-06-30": "$219", "2015-03-31": "$314", "2014-12-31": "$294", "2014-09-30": "$294", "2014-06-30": "$285", "2014-03-31": "$247", "2013-12-31": "$245", "2013-09-30": "$285", "2013-06-30": "$268", "2013-03-31": "$247", "2012-12-31": "$213", "2012-09-30": "$232", "2012-06-30": "$228", "2012-03-31": "$199", "2011-12-31": "$154", "2011-09-30": "$184", "2011-06-30": "$173", "2011-03-31": "$164", "2010-12-31": "$72", "2010-09-30": "$143", "2010-06-30": "$126", "2010-03-31": "$125", "2009-12-31": "$84", "2009-09-30": "$66", "2009-06-30": "$37", "2009-03-31": "$41", "2008-12-31": "$-53", "2008-09-30": "$-4,827", "2008-06-30": "$-68", "2008-03-31": "$-89", "2007-12-31": "$-150", "2007-09-30": "$-106", "2007-06-30": "$-123", "2007-03-31": "$-135", "2006-12-31": "$-237", "2006-09-30": "$-154", "2006-06-30": "$-230", "2006-03-31": "$-446", "2005-12-31": "$-297", "2005-09-30": "$-167", "2005-06-30": "$-175", "2005-03-31": "$-190"}}, "ebitda": {"Sirius XM Holdings Annual EBITDA (Millions of US $)": {"2020": "$1,417", "2019": "$2,168", "2018": "$2,025", "2017": "$1,937", "2016": "$1,698", "2015": "$1,448", "2014": "$1,383", "2013": "$1,295", "2012": "$1,136", "2011": "$941", "2010": "$736", "2009": "$535", "2008": "$-68", "2007": "$-406", "2006": "$-962", "2005": "$-731"}, "Sirius XM Holdings Quarterly EBITDA (Millions of US $)": {"2020-12-31": "$-365", "2020-09-30": "$644", "2020-06-30": "$539", "2020-03-31": "$599", "2019-12-31": "$562", "2019-09-30": "$609", "2019-06-30": "$558", "2019-03-31": "$439", "2018-12-31": "$537", "2018-09-30": "$557", "2018-06-30": "$437", "2018-03-31": "$494", "2017-12-31": "$465", "2017-09-30": "$513", "2017-06-30": "$489", "2017-03-31": "$470", "2016-12-31": "$396", "2016-09-30": "$459", "2016-06-30": "$428", "2016-03-31": "$415", "2015-12-31": "$363", "2015-09-30": "$421", "2015-06-30": "$286", "2015-03-31": "$378", "2014-12-31": "$359", "2014-09-30": "$358", "2014-06-30": "$351", "2014-03-31": "$315", "2013-12-31": "$305", "2013-09-30": "$342", "2013-06-30": "$334", "2013-03-31": "$313", "2012-12-31": "$279", "2012-09-30": "$298", "2012-06-30": "$294", "2012-03-31": "$265", "2011-12-31": "$221", "2011-09-30": "$249", "2011-06-30": "$239", "2011-03-31": "$232", "2010-12-31": "$138", "2010-09-30": "$211", "2010-06-30": "$195", "2010-03-31": "$193", "2009-12-31": "$161", "2009-09-30": "$138", "2009-06-30": "$114", "2009-03-31": "$123", "2008-12-31": "$50", "2008-09-30": "$-16", "2008-06-30": "$-41", "2008-03-31": "$-62", "2007-12-31": "$-122", "2007-09-30": "$-80", "2007-06-30": "$-96", "2007-03-31": "$-108", "2006-12-31": "$-209", "2006-09-30": "$-127", "2006-06-30": "$-205", "2006-03-31": "$-421", "2005-12-31": "$-272", "2005-09-30": "$-142", "2005-06-30": "$-150", "2005-03-31": "$-166"}}, "net-income": {"Sirius XM Holdings Annual Net Income (Millions of US $)": {"2020": "$131", "2019": "$914", "2018": "$1,176", "2017": "$648", "2016": "$746", "2015": "$510", "2014": "$493", "2013": "$373", "2012": "$2,323", "2011": "$253", "2010": "$25", "2009": "$-538", "2008": "$-5,317", "2007": "$-565", "2006": "$-1,105", "2005": "$-863"}, "Sirius XM Holdings Quarterly Net Income (Millions of US $)": {"2020-12-31": "$-677", "2020-09-30": "$272", "2020-06-30": "$243", "2020-03-31": "$293", "2019-12-31": "$243", "2019-09-30": "$246", "2019-06-30": "$263", "2019-03-31": "$162", "2018-12-31": "$251", "2018-09-30": "$343", "2018-06-30": "$293", "2018-03-31": "$289", "2017-12-31": "$-37", "2017-09-30": "$276", "2017-06-30": "$202", "2017-03-31": "$207", "2016-12-31": "$205", "2016-09-30": "$194", "2016-06-30": "$175", "2016-03-31": "$172", "2015-12-31": "$135", "2015-09-30": "$167", "2015-06-30": "$103", "2015-03-31": "$106", "2014-12-31": "$143", "2014-09-30": "$136", "2014-06-30": "$120", "2014-03-31": "$94", "2013-12-31": "$66", "2013-09-30": "$63", "2013-06-30": "$126", "2013-03-31": "$119", "2012-12-31": "$355", "2012-09-30": "$47", "2012-06-30": "$1,858", "2012-03-31": "$64", "2011-12-31": "$-70", "2011-09-30": "$62", "2011-06-30": "$183", "2011-03-31": "$78", "2010-12-31": "$-99", "2010-09-30": "$68", "2010-06-30": "$15", "2010-03-31": "$42", "2009-12-31": "$12", "2009-09-30": "$-152", "2009-06-30": "$-160", "2009-03-31": "$-239", "2008-12-31": "$-249", "2008-09-30": "$-4,879", "2008-06-30": "$-84", "2008-03-31": "$-104", "2007-12-31": "$-166", "2007-09-30": "$-120", "2007-06-30": "$-134", "2007-03-31": "$-145", "2006-12-31": "$-246", "2006-09-30": "$-163", "2006-06-30": "$-238", "2006-03-31": "$-459", "2005-12-31": "$-311", "2005-09-30": "$-180", "2005-06-30": "$-178", "2005-03-31": "$-194"}}, "eps-earnings-per-share-diluted": {"Sirius XM Holdings Annual EPS": {"2020": "$0.03", "2019": "$0.20", "2018": "$0.26", "2017": "$0.14", "2016": "$0.15", "2015": "$0.09", "2014": "$0.08", "2013": "$0.06", "2012": "$0.51", "2011": "$0.07", "2010": "$0.01", "2009": "$-0.15", "2008": "$-2.45", "2007": "$-0.39", "2006": "$-0.79", "2005": "$-0.65"}, "Sirius XM Holdings Quarterly EPS": {"2020-12-31": "$-0.15", "2020-09-30": "$0.06", "2020-06-30": "$0.05", "2020-03-31": "$0.07", "2019-12-31": "$0.06", "2019-09-30": "$0.05", "2019-06-30": "$0.06", "2019-03-31": "$0.03", "2018-12-31": "$0.07", "2018-09-30": "$0.07", "2018-06-30": "$0.06", "2018-03-31": "$0.06", "2017-12-31": "$0.00", "2017-09-30": "$0.06", "2017-06-30": "$0.04", "2017-03-31": "$0.04", "2016-12-31": "$0.04", "2016-09-30": "$0.04", "2016-06-30": "$0.04", "2016-03-31": "$0.03", "2015-12-31": "$0.02", "2015-09-30": "$0.03", "2015-06-30": "$0.02", "2015-03-31": "$0.02", "2014-12-31": "$0.02", "2014-09-30": "$0.02", "2014-06-30": "$0.02", "2014-03-31": "$0.02", "2013-12-31": "$0.01", "2013-09-30": "$0.01", "2013-06-30": "$0.02", "2013-03-31": "$0.02", "2012-12-31": "$0.00", "2012-09-30": "$0.01", "2012-06-30": "$0.48", "2012-03-31": "$0.02", "2011-12-31": "$0.01", "2011-09-30": "$0.02", "2011-06-30": "$0.03", "2011-03-31": "$0.01", "2010-12-31": "$-0.01", "2010-09-30": "$0.01", "2010-06-30": "$0.00", "2010-03-31": "$0.01", "2009-12-31": "$0.00", "2009-09-30": "$-0.04", "2009-06-30": "$-0.04", "2009-03-31": "$-0.07", "2008-12-31": "$-0.39", "2008-09-30": "$-1.93", "2008-06-30": "$-0.06", "2008-03-31": "$-0.07", "2007-12-31": "$-0.12", "2007-09-30": "$-0.08", "2007-06-30": "$-0.09", "2007-03-31": "$-0.10", "2006-12-31": "$-0.17", "2006-09-30": "$-0.12", "2006-06-30": "$-0.17", "2006-03-31": "$-0.33", "2005-12-31": "$-0.23", "2005-09-30": "$-0.14", "2005-06-30": "$-0.13", "2005-03-31": "$-0.15"}}, "shares-outstanding": {"Sirius XM Holdings Annual Shares Outstanding (Millions of Shares)": {"2020": "4,429", "2019": "4,616", "2018": "4,561", "2017": "4,724", "2016": "4,965", "2015": "5,435", "2014": "5,862", "2013": "6,385", "2012": "6,874", "2011": "6,501", "2010": "6,391", "2009": "3,586", "2008": "2,169", "2007": "1,463", "2006": "1,403", "2005": "1,326"}, "Sirius XM Holdings Quarterly Shares Outstanding (Millions of Shares)": {"2020-12-31": "4,429", "2020-09-30": "4,415", "2020-06-30": "4,457", "2020-03-31": "4,515", "2019-12-31": "4,616", "2019-09-30": "4,564", "2019-06-30": "4,675", "2019-03-31": "4,678", "2018-12-31": "4,561", "2018-09-30": "4,574", "2018-06-30": "4,589", "2018-03-31": "4,586", "2017-12-31": "4,724", "2017-09-30": "4,705", "2017-06-30": "4,736", "2017-03-31": "4,784", "2016-12-31": "4,965", "2016-09-30": "4,920", "2016-06-30": "4,988", "2016-03-31": "5,111", "2015-12-31": "5,435", "2015-09-30": "5,346", "2015-06-30": "5,508", "2015-03-31": "5,640", "2014-12-31": "5,862", "2014-09-30": "5,974", "2014-06-30": "6,210", "2014-03-31": "6,174", "2013-12-31": "6,385", "2013-09-30": "6,287", "2013-06-30": "6,448", "2013-03-31": "6,606", "2012-12-31": "6,874", "2012-09-30": "6,578", "2012-06-30": "6,506", "2012-03-31": "6,538", "2011-12-31": "6,501", "2011-09-30": "6,507", "2011-06-30": "6,804", "2011-03-31": "6,481", "2010-12-31": "6,391", "2010-09-30": "6,370", "2010-06-30": "6,364", "2010-03-31": "6,335", "2009-12-31": "3,586", "2009-09-30": "3,621", "2009-06-30": "3,587", "2009-03-31": "3,524", "2008-12-31": "2,169", "2008-09-30": "2,528", "2008-06-30": "1,500", "2008-03-31": "1,475", "2007-12-31": "1,463", "2007-09-30": "1,464", "2007-06-30": "1,462", "2007-03-31": "1,457", "2006-12-31": "1,403", "2006-09-30": "1,405", "2006-06-30": "1,404", "2006-03-31": "1,387", "2005-12-31": "1,326", "2005-09-30": "1,328", "2005-06-30": "1,324", "2005-03-31": "1,314"}}, "total-assets": {"Sirius XM Holdings Annual Total Assets (Millions of US $)": {"2020": "$10,333", "2019": "$11,149", "2018": "$8,173", "2017": "$8,329", "2016": "$8,004", "2015": "$8,047", "2014": "$8,369", "2013": "$8,845", "2012": "$9,055", "2011": "$7,496", "2010": "$7,383", "2009": "$7,322", "2008": "$7,460", "2007": "$1,694", "2006": "$1,659", "2005": "$2,085"}, "Sirius XM Holdings Quarterly Total Assets (Millions of US $)": {"2020-12-31": "$10,333", "2020-09-30": "$10,702", "2020-06-30": "$12,465", "2020-03-31": "$10,935", "2019-12-31": "$11,149", "2019-09-30": "$11,088", "2019-06-30": "$11,316", "2019-03-31": "$11,225", "2018-12-31": "$8,173", "2018-09-30": "$8,274", "2018-06-30": "$8,299", "2018-03-31": "$8,299", "2017-12-31": "$8,329", "2017-09-30": "$8,652", "2017-06-30": "$8,348", "2017-03-31": "$7,932", "2016-12-31": "$8,004", "2016-09-30": "$8,423", "2016-06-30": "$8,140", "2016-03-31": "$7,928", "2015-12-31": "$8,047", "2015-09-30": "$8,141", "2015-06-30": "$8,408", "2015-03-31": "$8,550", "2014-12-31": "$8,369", "2014-09-30": "$8,449", "2014-06-30": "$8,625", "2014-03-31": "$8,734", "2013-12-31": "$8,845", "2013-09-30": "$8,906", "2013-06-30": "$8,951", "2013-03-31": "$8,643", "2012-12-31": "$9,055", "2012-09-30": "$9,155", "2012-06-30": "$9,535", "2012-03-31": "$7,502", "2011-12-31": "$7,496", "2011-09-30": "$7,325", "2011-06-30": "$7,304", "2011-03-31": "$7,229", "2010-12-31": "$7,383", "2010-09-30": "$7,232", "2010-06-30": "$7,201", "2010-03-31": "$7,740", "2009-12-31": "$7,322", "2009-09-30": "$7,269", "2009-06-30": "$7,507", "2009-03-31": "$7,485", "2008-12-31": "$7,460", "2008-09-30": "$7,503", "2008-06-30": "$1,456", "2008-03-31": "$1,470", "2007-12-31": "$1,694", "2007-09-30": "$1,587", "2007-06-30": "$1,688", "2007-03-31": "$1,506", "2006-12-31": "$1,659", "2006-09-30": "$1,611", "2006-06-30": "$1,811", "2006-03-31": "$1,908", "2005-12-31": "$2,085", "2005-09-30": "$2,092", "2005-06-30": "$1,742", "2005-03-31": "$1,814"}}, "cash-on-hand": {"Sirius XM Holdings Annual Cash on Hand (Millions of US $)": {"2020": "$71", "2019": "$106", "2018": "$54", "2017": "$69", "2016": "$214", "2015": "$112", "2014": "$148", "2013": "$135", "2012": "$521", "2011": "$774", "2010": "$587", "2009": "$383", "2008": "$380", "2007": "$474", "2006": "$434", "2005": "$904"}, "Sirius XM Holdings Quarterly Cash on Hand (Millions of US $)": {"2020-12-31": "$71", "2020-09-30": "$33", "2020-06-30": "$1,770", "2020-03-31": "$40", "2019-12-31": "$106", "2019-09-30": "$79", "2019-06-30": "$215", "2019-03-31": "$62", "2018-12-31": "$54", "2018-09-30": "$46", "2018-06-30": "$64", "2018-03-31": "$79", "2017-12-31": "$69", "2017-09-30": "$74", "2017-06-30": "$43", "2017-03-31": "$230", "2016-12-31": "$214", "2016-09-30": "$572", "2016-06-30": "$476", "2016-03-31": "$102", "2015-12-31": "$112", "2015-09-30": "$153", "2015-06-30": "$294", "2015-03-31": "$482", "2014-12-31": "$148", "2014-09-30": "$104", "2014-06-30": "$170", "2014-03-31": "$121", "2013-12-31": "$135", "2013-09-30": "$717", "2013-06-30": "$652", "2013-03-31": "$207", "2012-12-31": "$521", "2012-09-30": "$556", "2012-06-30": "$868", "2012-03-31": "$747", "2011-12-31": "$774", "2011-09-30": "$605", "2011-06-30": "$528", "2011-03-31": "$434", "2010-12-31": "$587", "2010-09-30": "$316", "2010-06-30": "$259", "2010-03-31": "$803", "2009-12-31": "$383", "2009-09-30": "$380", "2009-06-30": "$542", "2009-03-31": "$375", "2008-12-31": "$380", "2008-09-30": "$360", "2008-06-30": "$256", "2008-03-31": "$288", "2007-12-31": "$474", "2007-09-30": "$398", "2007-06-30": "$455", "2007-03-31": "$289", "2006-12-31": "$434", "2006-09-30": "$377", "2006-06-30": "$609", "2006-03-31": "$740", "2005-12-31": "$904", "2005-09-30": "$960", "2005-06-30": "$577", "2005-03-31": "$641"}}, "long-term-debt": {"Sirius XM Holdings Annual Long Term Debt (Millions of US $)": {"2020": "$8,499", "2019": "$7,842", "2018": "$6,885", "2017": "$6,741", "2016": "$5,843", "2015": "$5,444", "2014": "$4,487", "2013": "$3,094", "2012": "$2,431", "2011": "$3,012", "2010": "$3,022", "2009": "$3,063", "2008": "$2,821", "2007": "$1,279", "2006": "$1,068", "2005": "$1,084"}, "Sirius XM Holdings Quarterly Long Term Debt (Millions of US $)": {"2020-12-31": "$8,499", "2020-09-30": "$7,845", "2020-06-30": "$7,841", "2020-03-31": "$7,847", "2019-12-31": "$7,842", "2019-09-30": "$7,904", "2019-06-30": "$7,843", "2019-03-31": "$7,181", "2018-12-31": "$6,885", "2018-09-30": "$6,562", "2018-06-30": "$6,443", "2018-03-31": "$6,807", "2017-12-31": "$6,741", "2017-09-30": "$6,728", "2017-06-30": "$6,454", "2017-03-31": "$5,983", "2016-12-31": "$5,843", "2016-09-30": "$5,743", "2016-06-30": "$6,097", "2016-03-31": "$5,709", "2015-12-31": "$5,444", "2015-09-30": "$5,400", "2015-06-30": "$5,108", "2015-03-31": "$5,102", "2014-12-31": "$4,487", "2014-09-30": "$4,260", "2014-06-30": "$4,115", "2014-03-31": "$2,943", "2013-12-31": "$3,094", "2013-09-30": "$3,172", "2013-06-30": "$3,246", "2013-03-31": "$2,384", "2012-12-31": "$2,431", "2012-09-30": "$2,430", "2012-06-30": "$2,874", "2012-03-31": "$2,955", "2011-12-31": "$3,012", "2011-09-30": "$3,006", "2011-06-30": "$2,999", "2011-03-31": "$2,993", "2010-12-31": "$3,022", "2010-09-30": "$3,022", "2010-06-30": "$3,020", "2010-03-31": "$3,121", "2009-12-31": "$3,063", "2009-09-30": "$3,140", "2009-06-30": "$3,029", "2009-03-31": "$2,714", "2008-12-31": "$2,821", "2008-09-30": "$2,800", "2008-06-30": "$977", "2008-03-31": "$978", "2007-12-31": "$1,279", "2007-09-30": "$1,282", "2007-06-30": "$1,282", "2007-03-31": "$1,067", "2006-12-31": "$1,068", "2006-09-30": "$1,084", "2006-06-30": "$1,084", "2006-03-31": "$1,084", "2005-12-31": "$1,084", "2005-09-30": "$1,097", "2005-06-30": "$654", "2005-03-31": "$656"}}, "total-liabilities": {"Sirius XM Holdings Annual Total Liabilities (Millions of US $)": {"2020": "$12,618", "2019": "$11,885", "2018": "$9,990", "2017": "$9,853", "2016": "$8,796", "2015": "$8,213", "2014": "$7,059", "2013": "$6,099", "2012": "$5,015", "2011": "$6,792", "2010": "$7,175", "2009": "$7,227", "2008": "$7,451", "2007": "$2,487", "2006": "$2,048", "2005": "$1,760"}, "Sirius XM Holdings Quarterly Total Liabilities (Millions of US $)": {"2020-12-31": "$12,618", "2020-09-30": "$11,613", "2020-06-30": "$13,133", "2020-03-31": "$11,682", "2019-12-31": "$11,885", "2019-09-30": "$11,836", "2019-06-30": "$11,805", "2019-03-31": "$11,071", "2018-12-31": "$9,990", "2018-09-30": "$9,649", "2018-06-30": "$9,670", "2018-03-31": "$9,864", "2017-12-31": "$9,853", "2017-09-30": "$9,703", "2017-06-30": "$9,389", "2017-03-31": "$8,853", "2016-12-31": "$8,796", "2016-09-30": "$8,929", "2016-06-30": "$8,915", "2016-03-31": "$8,492", "2015-12-31": "$8,213", "2015-09-30": "$8,080", "2015-06-30": "$7,961", "2015-03-31": "$7,662", "2014-12-31": "$7,059", "2014-09-30": "$7,276", "2014-06-30": "$7,139", "2014-03-31": "$6,009", "2013-12-31": "$6,099", "2013-09-30": "$6,072", "2013-06-30": "$5,712", "2013-03-31": "$4,906", "2012-12-31": "$5,015", "2012-09-30": "$4,999", "2012-06-30": "$5,521", "2012-03-31": "$6,652", "2011-12-31": "$6,792", "2011-09-30": "$6,710", "2011-06-30": "$6,809", "2011-03-31": "$6,931", "2010-12-31": "$7,175", "2010-09-30": "$6,963", "2010-06-30": "$7,021", "2010-03-31": "$7,588", "2009-12-31": "$7,227", "2009-09-30": "$7,261", "2009-06-30": "$7,364", "2009-03-31": "$7,240", "2008-12-31": "$7,451", "2008-09-30": "$7,487", "2008-06-30": "$2,364", "2008-03-31": "$2,309", "2007-12-31": "$2,487", "2007-09-30": "$2,228", "2007-06-30": "$2,228", "2007-03-31": "$1,928", "2006-12-31": "$2,048", "2006-09-30": "$1,811", "2006-06-30": "$1,869", "2006-03-31": "$1,773", "2005-12-31": "$1,760", "2005-09-30": "$1,518", "2005-06-30": "$1,024", "2005-03-31": "$966"}}, "total-share-holder-equity": {"Sirius XM Holdings Annual Share Holder Equity (Millions of US $)": {"2020": "$-2,285", "2019": "$-736", "2018": "$-1,817", "2017": "$-1,524", "2016": "$-792", "2015": "$-166", "2014": "$1,310", "2013": "$2,746", "2012": "$4,040", "2011": "$704", "2010": "$208", "2009": "$96", "2008": "$9", "2007": "$-793", "2006": "$-389", "2005": "$325"}, "Sirius XM Holdings Quarterly Share Holder Equity (Millions of US $)": {"2020-12-31": "$-2,285", "2020-09-30": "$-911", "2020-06-30": "$-668", "2020-03-31": "$-747", "2019-12-31": "$-736", "2019-09-30": "$-748", "2019-06-30": "$-489", "2019-03-31": "$154", "2018-12-31": "$-1,817", "2018-09-30": "$-1,375", "2018-06-30": "$-1,371", "2018-03-31": "$-1,564", "2017-12-31": "$-1,524", "2017-09-30": "$-1,050", "2017-06-30": "$-1,042", "2017-03-31": "$-921", "2016-12-31": "$-792", "2016-09-30": "$-507", "2016-06-30": "$-775", "2016-03-31": "$-564", "2015-12-31": "$-166", "2015-09-30": "$61", "2015-06-30": "$447", "2015-03-31": "$888", "2014-12-31": "$1,310", "2014-09-30": "$1,173", "2014-06-30": "$1,486", "2014-03-31": "$2,725", "2013-12-31": "$2,746", "2013-09-30": "$2,835", "2013-06-30": "$3,239", "2013-03-31": "$3,737", "2012-12-31": "$4,040", "2012-09-30": "$4,156", "2012-06-30": "$4,014", "2012-03-31": "$850", "2011-12-31": "$704", "2011-09-30": "$615", "2011-06-30": "$495", "2011-03-31": "$299", "2010-12-31": "$208", "2010-09-30": "$269", "2010-06-30": "$180", "2010-03-31": "$152", "2009-12-31": "$96", "2009-09-30": "$8", "2009-06-30": "$144", "2009-03-31": "$245", "2008-12-31": "$9", "2008-09-30": "$16", "2008-06-30": "$-907", "2008-03-31": "$-839", "2007-12-31": "$-793", "2007-09-30": "$-641", "2007-06-30": "$-539", "2007-03-31": "$-422", "2006-12-31": "$-389", "2006-09-30": "$-200", "2006-06-30": "$-57", "2006-03-31": "$135", "2005-12-31": "$325", "2005-09-30": "$575", "2005-06-30": "$717", "2005-03-31": "$848"}}, "profit-margins": {"current": "1.63%"}, "gross margin": {"2020-12-31": "55.49%", "2020-09-30": "55.43%", "2020-06-30": "55.53%", "2020-03-31": "55.90%", "2019-12-31": "56.03%", "2019-09-30": "57.34%", "2019-06-30": "58.59%", "2019-03-31": "58.91%", "2018-12-31": "59.99%", "2018-09-30": "59.35%", "2018-06-30": "59.54%", "2018-03-31": "61.16%", "2017-12-31": "61.26%", "2017-09-30": "60.92%", "2017-06-30": "60.73%", "2017-03-31": "60.40%", "2016-12-31": "60.26%", "2016-09-30": "61.05%", "2016-06-30": "61.17%", "2016-03-31": "59.42%", "2015-12-31": "59.69%", "2015-09-30": "59.84%", "2015-06-30": "59.67%", "2015-03-31": "61.94%", "2014-12-31": "61.54%", "2014-09-30": "61.30%", "2014-06-30": "62.03%", "2014-03-31": "62.69%", "2013-12-31": "63.31%", "2013-09-30": "64.07%", "2013-06-30": "63.77%", "2013-03-31": "63.77%", "2012-12-31": "63.87%", "2012-09-30": "63.54%", "2012-06-30": "63.48%", "2012-03-31": "63.05%", "2011-12-31": "62.79%", "2011-09-30": "62.45%", "2011-06-30": "61.77%", "2011-03-31": "61.43%", "2010-12-31": "60.97%", "2010-09-30": "60.80%", "2010-06-30": "59.87%", "2010-03-31": "58.59%", "2009-12-31": "56.98%", "2009-09-30": "54.77%", "2009-06-30": "51.97%", "2009-03-31": "50.20%", "2008-12-31": "48.11%", "2008-09-30": "43.45%", "2008-06-30": "44.02%", "2008-03-31": "43.02%", "2007-12-31": "41.43%", "2007-09-30": "39.08%", "2007-06-30": "34.05%", "2007-03-31": "26.61%", "2006-12-31": "-16.80%", "2006-09-30": "-29.96%", "2006-06-30": "-43.16%", "2006-03-31": "-60.12%", "2005-12-31": "6.61%"}, "operating margin": {"2020-12-31": "10.67%", "2020-09-30": "22.24%", "2020-06-30": "22.26%", "2020-03-31": "22.27%", "2019-12-31": "21.13%", "2019-09-30": "23.61%", "2019-06-30": "25.64%", "2019-03-31": "26.66%", "2018-12-31": "29.93%", "2018-09-30": "29.32%", "2018-06-30": "28.90%", "2018-03-31": "30.33%", "2017-12-31": "30.24%", "2017-09-30": "29.56%", "2017-06-30": "29.33%", "2017-03-31": "28.92%", "2016-12-31": "28.54%", "2016-09-30": "28.43%", "2016-06-30": "28.23%", "2016-03-31": "25.86%", "2015-12-31": "25.80%", "2015-09-30": "26.41%", "2015-06-30": "25.76%", "2015-03-31": "27.84%", "2014-12-31": "26.79%", "2014-09-30": "26.19%", "2014-06-30": "26.58%", "2014-03-31": "26.79%", "2013-12-31": "27.51%", "2013-09-30": "27.45%", "2013-06-30": "26.70%", "2013-03-31": "26.33%", "2012-12-31": "25.63%", "2012-09-30": "24.68%", "2012-06-30": "23.98%", "2012-03-31": "22.93%", "2011-12-31": "22.39%", "2011-09-30": "19.99%", "2011-06-30": "18.89%", "2011-03-31": "17.55%", "2010-12-31": "16.54%", "2010-09-30": "17.33%", "2010-06-30": "15.08%", "2010-03-31": "12.24%", "2009-12-31": "9.22%", "2009-09-30": "3.76%", "2009-06-30": "-209.88%", "2009-03-31": "-247.83%", "2008-12-31": "-302.89%", "2008-09-30": "-397.68%", "2008-06-30": "-39.52%", "2008-03-31": "-47.37%", "2007-12-31": "-55.75%", "2007-09-30": "-69.48%", "2007-06-30": "-82.15%", "2007-03-31": "-105.88%", "2006-12-31": "-167.50%", "2006-09-30": "-215.08%", "2006-06-30": "-268.87%", "2006-03-31": "-332.82%", "2005-12-31": "-342.56%"}, "ebitda margin": {"2020-12-31": "17.62%", "2020-09-30": "29.62%", "2020-06-30": "29.23%", "2020-03-31": "29.09%", "2019-12-31": "27.82%", "2019-09-30": "29.64%", "2019-06-30": "31.28%", "2019-03-31": "32.08%", "2018-12-31": "35.09%", "2018-09-30": "34.40%", "2018-06-30": "34.14%", "2018-03-31": "35.61%", "2017-12-31": "35.70%", "2017-09-30": "35.08%", "2017-06-30": "34.73%", "2017-03-31": "34.30%", "2016-12-31": "33.84%", "2016-09-30": "33.90%", "2016-06-30": "33.87%", "2016-03-31": "31.66%", "2015-12-31": "31.68%", "2015-09-30": "32.34%", "2015-06-30": "31.73%", "2015-03-31": "33.91%", "2014-12-31": "33.08%", "2014-09-30": "32.49%", "2014-06-30": "32.87%", "2014-03-31": "33.23%", "2013-12-31": "34.06%", "2013-09-30": "34.35%", "2013-06-30": "34.04%", "2013-03-31": "33.89%", "2012-12-31": "33.39%", "2012-09-30": "32.73%", "2012-06-30": "32.26%", "2012-03-31": "31.46%", "2011-12-31": "31.21%", "2011-09-30": "28.92%", "2011-06-30": "28.06%", "2011-03-31": "26.96%", "2010-12-31": "26.15%", "2010-09-30": "27.56%", "2010-06-30": "25.84%", "2010-03-31": "23.76%", "2009-12-31": "21.67%", "2009-09-30": "17.57%", "2009-06-30": "11.84%", "2009-03-31": "5.86%", "2008-12-31": "-4.15%", "2008-09-30": "-18.67%", "2008-06-30": "-29.19%", "2008-03-31": "-36.44%", "2007-12-31": "-44.03%", "2007-09-30": "-56.99%", "2007-06-30": "-68.35%", "2007-03-31": "-90.90%", "2006-12-31": "-151.02%", "2006-09-30": "-195.61%", "2006-06-30": "-245.28%", "2006-03-31": "-302.15%", "2005-12-31": "-301.65%"}, "pre tax profit margin": {"2020-12-31": "5.35%", "2020-09-30": "16.85%", "2020-06-30": "16.52%", "2020-03-31": "16.58%", "2019-12-31": "15.36%", "2019-09-30": "17.03%", "2019-06-30": "19.00%", "2019-03-31": "21.09%", "2018-12-31": "24.62%", "2018-09-30": "23.34%", "2018-06-30": "24.24%", "2018-03-31": "23.84%", "2017-12-31": "23.31%", "2017-09-30": "23.51%", "2017-06-30": "22.44%", "2017-03-31": "22.13%", "2016-12-31": "21.74%", "2016-09-30": "22.13%", "2016-06-30": "22.09%", "2016-03-31": "19.79%", "2015-12-31": "19.52%", "2015-09-30": "20.16%", "2015-06-30": "19.44%", "2015-03-31": "21.22%", "2014-12-31": "19.88%", "2014-09-30": "17.38%", "2014-06-30": "15.27%", "2014-03-31": "15.51%", "2013-12-31": "16.77%", "2013-09-30": "18.99%", "2013-06-30": "17.55%", "2013-03-31": "16.23%", "2012-12-31": "13.96%", "2012-09-30": "11.51%", "2012-06-30": "13.64%", "2012-03-31": "15.28%", "2011-12-31": "14.66%", "2011-09-30": "9.54%", "2011-06-30": "8.35%", "2011-03-31": "2.95%", "2010-12-31": "1.70%", "2010-09-30": "5.26%", "2010-06-30": "-2.86%", "2010-03-31": "-9.88%", "2009-12-31": "-14.03%", "2009-09-30": "-25.22%", "2009-06-30": "-233.30%", "2009-03-31": "-265.76%", "2008-12-31": "-319.54%", "2008-09-30": "-405.11%", "2008-06-30": "-45.17%", "2008-03-31": "-52.94%", "2007-12-31": "-61.06%", "2007-09-30": "-74.34%", "2007-06-30": "-86.71%", "2007-03-31": "-110.36%", "2006-12-31": "-173.00%", "2006-09-30": "-222.90%", "2006-06-30": "-279.72%", "2006-03-31": "-345.40%", "2005-12-31": "-355.79%"}, "net profit margin": {"2020-12-31": "1.63%", "2020-09-30": "13.28%", "2020-06-30": "12.98%", "2020-03-31": "13.06%", "2019-12-31": "11.73%", "2019-09-30": "12.75%", "2019-06-30": "15.24%", "2019-03-31": "17.08%", "2018-12-31": "20.38%", "2018-09-30": "15.64%", "2018-06-30": "14.68%", "2018-03-31": "13.26%", "2017-12-31": "11.94%", "2017-09-30": "16.71%", "2017-06-30": "15.47%", "2017-03-31": "15.28%", "2016-12-31": "14.87%", "2016-09-30": "13.77%", "2016-06-30": "13.51%", "2016-03-31": "12.30%", "2015-12-31": "11.18%", "2015-09-30": "11.62%", "2015-06-30": "11.21%", "2015-03-31": "11.84%", "2014-12-31": "11.79%", "2014-09-30": "10.17%", "2014-06-30": "8.59%", "2014-03-31": "8.95%", "2013-12-31": "9.84%", "2013-09-30": "17.96%", "2013-06-30": "17.99%", "2013-03-31": "68.09%", "2012-12-31": "68.31%", "2012-09-30": "57.65%", "2012-06-30": "60.00%", "2012-03-31": "7.72%", "2011-12-31": "8.39%", "2011-09-30": "7.55%", "2011-06-30": "7.87%", "2011-03-31": "2.15%", "2010-12-31": "0.92%", "2010-09-30": "4.97%", "2010-06-30": "-3.12%", "2010-03-31": "-10.12%", "2009-12-31": "-21.80%", "2009-09-30": "-33.07%", "2009-06-30": "-241.56%", "2009-03-31": "-275.30%", "2008-12-31": "-319.66%", "2008-09-30": "-405.34%", "2008-06-30": "-45.36%", "2008-03-31": "-53.04%", "2007-12-31": "-61.28%", "2007-09-30": "-74.57%", "2007-06-30": "-87.09%", "2007-03-31": "-110.92%", "2006-12-31": "-173.63%", "2006-09-30": "-223.47%", "2006-06-30": "-280.19%", "2006-03-31": "-346.01%", "2005-12-31": "-356.61%"}, "pe ratio": {"current": "24.42", "2021-02-05": "33.92", "2020-12-31": "35.39", "2020-09-30": "23.25", "2020-06-30": "26.56", "2020-03-31": "21.33", "2019-12-31": "37.30", "2019-09-30": "30.94", "2019-06-30": "25.04", "2019-03-31": "25.39", "2018-12-31": "22.46", "2018-09-30": "34.45", "2018-06-30": "39.02", "2018-03-31": "40.69", "2017-12-31": "40.26", "2017-09-30": "29.88", "2017-06-30": "33.25", "2017-03-31": "33.32", "2016-12-31": "30.79", "2016-09-30": "31.00", "2016-06-30": "31.81", "2016-03-31": "34.70", "2015-12-31": "39.33", "2015-09-30": "36.09", "2015-06-30": "40.05", "2015-03-31": "41.01", "2014-12-31": "37.58", "2014-09-30": "48.18", "2014-06-30": "55.72", "2014-03-31": "51.54", "2013-12-31": "56.21", "2013-09-30": "53.49", "2013-06-30": "46.24", "2013-03-31": "5.62", "2012-12-31": "5.27", "2012-09-30": "4.73", "2012-06-30": "3.32", "2012-03-31": "27.43", "2011-12-31": "24.70", "2011-09-30": "35.86", "2011-06-30": "69.35", "2011-03-31": "0.00", "2010-12-31": "0.00", "2010-09-30": "57.00", "2010-06-30": "0.00", "2010-03-31": "0.00", "2009-12-31": "0.00", "2009-09-30": "0.00", "2009-06-30": "0.00", "2009-03-31": "0.00", "2008-12-31": "0.00", "2008-09-30": "0.00", "2008-06-30": "0.00", "2008-03-31": "0.00", "2007-12-31": "0.00", "2007-09-30": "0.00", "2007-06-30": "0.00", "2007-03-31": "0.00", "2006-12-31": "0.00"}, "price sales": {"2021-02-05": "3.38", "2020-12-31": "3.53", "2020-09-30": "3.04", "2020-06-30": "3.36", "2020-03-31": "2.82", "2019-12-31": "4.21", "2019-09-30": "3.95", "2019-06-30": "3.81", "2019-03-31": "4.19", "2018-12-31": "4.45", "2018-09-30": "5.04", "2018-06-30": "5.52", "2018-03-31": "5.20", "2017-12-31": "4.57", "2017-09-30": "4.84", "2017-06-30": "4.94", "2017-03-31": "4.80", "2016-12-31": "4.29", "2016-09-30": "4.19", "2016-06-30": "4.14", "2016-03-31": "4.35", "2015-12-31": "4.71", "2015-09-30": "4.51", "2015-06-30": "4.75", "2015-03-31": "5.12", "2014-12-31": "4.89", "2014-09-30": "5.09", "2014-06-30": "5.24", "2014-03-31": "5.01", "2013-12-31": "5.70", "2013-09-30": "6.63", "2013-06-30": "5.96", "2013-03-31": "5.66", "2012-12-31": "5.44", "2012-09-30": "4.88", "2012-06-30": "3.59", "2012-03-31": "4.67", "2011-12-31": "3.77", "2011-09-30": "3.16", "2011-06-30": "4.63", "2011-03-31": "3.49", "2010-12-31": "3.50", "2010-09-30": "2.21", "2010-06-30": "1.57", "2010-03-31": "1.31", "2009-12-31": "0.83", "2009-09-30": "0.76", "2009-06-30": "0.50", "2009-03-31": "0.40", "2008-12-31": "0.13", "2008-09-30": "0.74", "2008-06-30": "2.58", "2008-03-31": "4.03", "2007-12-31": "4.56", "2007-09-30": "5.55", "2007-06-30": "5.20", "2007-03-31": "6.03", "2006-12-31": "7.39"}, "price book": {"current": "0.00", "2021-02-05": "0.00", "2020-12-31": "-11.63", "2020-09-30": "-25.10", "2020-06-30": "-38.06", "2020-03-31": "-28.75", "2019-12-31": "-42.49", "2019-09-30": "-36.68", "2019-06-30": "-50.59", "2019-03-31": "168.25", "2018-12-31": "-13.43", "2018-09-30": "-20.06", "2018-06-30": "-21.71", "2018-03-31": "-17.48", "2017-12-31": "-15.55", "2017-09-30": "-23.57", "2017-06-30": "-23.62", "2017-03-31": "-25.41", "2016-12-31": "-25.79", "2016-09-30": "-38.52", "2016-06-30": "-24.07", "2016-03-31": "-33.78", "2015-12-31": "-121.76", "2015-09-30": "311.13", "2015-06-30": "43.27", "2015-03-31": "22.88", "2014-12-31": "14.58", "2014-09-30": "15.92", "2014-06-30": "12.84", "2014-03-31": "6.87", "2013-12-31": "7.49", "2013-09-30": "8.10", "2013-06-30": "6.24", "2013-03-31": "5.12", "2012-12-31": "3.64", "2012-09-30": "3.07", "2012-06-30": "1.67", "2012-03-31": "9.79", "2011-12-31": "9.22", "2011-09-30": "9.22", "2011-06-30": "16.60", "2011-03-31": "20.71", "2010-12-31": "29.33", "2010-09-30": "16.62", "2010-06-30": "19.44", "2010-03-31": "21.15", "2009-12-31": "23.17", "2009-09-30": "301.60", "2009-06-30": "11.04", "2009-03-31": "5.24", "2008-12-31": "49.57", "2008-09-30": "112.81", "2008-06-30": "-3.02", "2008-03-31": "-4.85", "2007-12-31": "-5.34", "2007-09-30": "-7.58", "2007-06-30": "-7.79", "2007-03-31": "-10.53", "2006-12-31": "-12.40", "2006-09-30": "-26.13", "2006-06-30": "-110.87", "2006-03-31": "50.12"}, "price fcf": {"2021-02-05": "", "2020-12-31": "$0.38", "2020-09-30": "$0.36", "2020-06-30": "$0.38", "2020-03-31": "$0.37", "2019-12-31": "$0.36", "2019-09-30": "$0.37", "2019-06-30": "$0.32", "2019-03-31": "$0.33", "2018-12-31": "$0.33", "2018-09-30": "$0.34", "2018-06-30": "$0.37", "2018-03-31": "$0.35", "2017-12-31": "$0.33", "2017-09-30": "$0.32", "2017-06-30": "$0.30", "2017-03-31": "$0.29", "2016-12-31": "$0.30", "2016-09-30": "$0.27", "2016-06-30": "$0.23", "2016-03-31": "$0.22", "2015-12-31": "$0.20", "2015-09-30": "$0.21", "2015-06-30": "$0.23", "2015-03-31": "$0.21", "2014-12-31": "$0.19", "2014-09-30": "$0.18", "2014-06-30": "$0.17", "2014-03-31": "$0.16", "2013-12-31": "$0.15", "2013-09-30": "$0.14", "2013-06-30": "$0.12", "2013-03-31": "$0.12", "2012-12-31": "$0.10", "2012-09-30": "$0.10", "2012-06-30": "$0.08", "2012-03-31": "$0.07", "2011-12-31": "$0.06", "2011-09-30": "$0.06", "2011-06-30": "$0.06", "2011-03-31": "$0.05", "2010-12-31": "$0.03", "2010-09-30": "$0.05", "2010-06-30": "$0.04", "2010-03-31": "$0.03", "2009-12-31": "$0.05", "2009-09-30": "$0.01", "2009-06-30": "$0.01", "2009-03-31": "$-0.01", "2008-12-31": "$-0.13", "2008-09-30": "$-0.05", "2008-06-30": "$-0.13", "2008-03-31": "$-0.17", "2007-12-31": "$-0.15", "2007-09-30": "$-0.20", "2007-06-30": "$-0.31", "2007-03-31": "$-0.35", "2006-12-31": "$-0.37"}, "net worth": {"value": "$25.27B"}, "current ratio": {"current": "0.31", "2020-12-31": "0.31", "2020-09-30": "0.28", "2020-06-30": "0.55", "2020-03-31": "0.29", "2019-12-31": "0.31", "2019-09-30": "0.29", "2019-06-30": "0.33", "2019-03-31": "0.28", "2018-12-31": "0.17", "2018-09-30": "0.18", "2018-06-30": "0.16", "2018-03-31": "0.18", "2017-12-31": "0.17", "2017-09-30": "0.19", "2017-06-30": "0.19", "2017-03-31": "0.26", "2016-12-31": "0.24", "2016-09-30": "0.36", "2016-06-30": "0.37", "2016-03-31": "0.22", "2015-12-31": "0.23", "2015-09-30": "0.59", "2015-06-30": "0.63", "2015-03-31": "0.79", "2014-12-31": "0.67", "2014-09-30": "0.46", "2014-06-30": "0.50", "2014-03-31": "0.49", "2013-12-31": "0.52", "2013-09-30": "0.74", "2013-06-30": "0.88", "2013-03-31": "0.71", "2012-12-31": "0.79", "2012-09-30": "0.81", "2012-06-30": "0.96", "2012-03-31": "0.60", "2011-12-31": "0.57", "2011-09-30": "0.48", "2011-06-30": "0.45", "2011-03-31": "0.40", "2010-12-31": "0.42", "2010-09-30": "0.38", "2010-06-30": "0.37", "2010-03-31": "0.53", "2009-12-31": "0.41", "2009-09-30": "0.40", "2009-06-30": "0.45", "2009-03-31": "0.36", "2008-12-31": "0.33", "2008-09-30": "0.31", "2008-06-30": "0.34", "2008-03-31": "0.38", "2007-12-31": "0.63", "2007-09-30": "0.69", "2007-06-30": "0.79", "2007-03-31": "0.64", "2006-12-31": "0.71", "2006-09-30": "0.83", "2006-06-30": "1.10", "2006-03-31": "1.45", "2005-12-31": "1.67", "2005-09-30": "2.72", "2005-06-30": "1.92", "2005-03-31": "2.48"}, "quick ratio": {"2020-12-31": "0.30", "2020-09-30": "0.27", "2020-06-30": "0.55", "2020-03-31": "0.28", "2019-12-31": "0.30", "2019-09-30": "0.28", "2019-06-30": "0.33", "2019-03-31": "0.28", "2018-12-31": "0.16", "2018-09-30": "0.17", "2018-06-30": "0.16", "2018-03-31": "0.18", "2017-12-31": "0.16", "2017-09-30": "0.18", "2017-06-30": "0.18", "2017-03-31": "0.26", "2016-12-31": "0.23", "2016-09-30": "0.35", "2016-06-30": "0.36", "2016-03-31": "0.22", "2015-12-31": "0.22", "2015-09-30": "0.57", "2015-06-30": "0.62", "2015-03-31": "0.78", "2014-12-31": "0.66", "2014-09-30": "0.45", "2014-06-30": "0.49", "2014-03-31": "0.49", "2013-12-31": "0.51", "2013-09-30": "0.73", "2013-06-30": "0.87", "2013-03-31": "0.70", "2012-12-31": "0.78", "2012-09-30": "0.80", "2012-06-30": "0.94", "2012-03-31": "0.58", "2011-12-31": "0.55", "2011-09-30": "0.46", "2011-06-30": "0.43", "2011-03-31": "0.38", "2010-12-31": "0.41", "2010-09-30": "0.37", "2010-06-30": "0.37", "2010-03-31": "0.53", "2009-12-31": "0.41", "2009-09-30": "0.39", "2009-06-30": "0.43", "2009-03-31": "0.35", "2008-12-31": "0.32", "2008-09-30": "0.29", "2008-06-30": "0.32", "2008-03-31": "0.36", "2007-12-31": "0.60", "2007-09-30": "0.64", "2007-06-30": "0.74", "2007-03-31": "0.59", "2006-12-31": "0.67", "2006-09-30": "0.76", "2006-06-30": "1.06", "2006-03-31": "1.42", "2005-12-31": "1.64", "2005-09-30": "0.00", "2005-06-30": "0.00", "2005-03-31": "0.00"}, "debt equity ratio": {"current": "0.00", "2020-12-31": "-5.52", "2020-09-30": "-12.75", "2020-06-30": "-19.66", "2020-03-31": "-15.64", "2019-12-31": "-16.15", "2019-09-30": "-15.82", "2019-06-30": "-24.14", "2019-03-31": "71.89", "2018-12-31": "-5.50", "2018-09-30": "-7.02", "2018-06-30": "-7.06", "2018-03-31": "-6.31", "2017-12-31": "-6.47", "2017-09-30": "-9.24", "2017-06-30": "-9.01", "2017-03-31": "-9.61", "2016-12-31": "-11.11", "2016-09-30": "-17.63", "2016-06-30": "-11.50", "2016-03-31": "-15.06", "2015-12-31": "-49.33", "2015-09-30": "132.65", "2015-06-30": "17.80", "2015-03-31": "8.63", "2014-12-31": "5.39", "2014-09-30": "6.20", "2014-06-30": "4.80", "2014-03-31": "2.21", "2013-12-31": "2.22", "2013-09-30": "2.14", "2013-06-30": "1.76", "2013-03-31": "1.31", "2012-12-31": "1.24", "2012-09-30": "1.20", "2012-06-30": "1.38", "2012-03-31": "7.83", "2011-12-31": "9.65", "2011-09-30": "10.91", "2011-06-30": "13.77", "2011-03-31": "23.21", "2010-12-31": "34.56", "2010-09-30": "25.88", "2010-06-30": "38.91", "2010-03-31": "49.92", "2009-12-31": "75.66", "2009-09-30": "949.81", "2009-06-30": "51.24", "2009-03-31": "29.61", "2008-12-31": "872.81", "2008-09-30": "475.42", "2008-06-30": "-2.61", "2008-03-31": "-2.75", "2007-12-31": "-3.14", "2007-09-30": "-3.48", "2007-06-30": "-4.13", "2007-03-31": "-4.57", "2006-12-31": "-5.26", "2006-09-30": "-9.04", "2006-06-30": "-32.71", "2006-03-31": "13.17", "2005-12-31": "5.42", "2005-09-30": "2.64", "2005-06-30": "1.43", "2005-03-31": "1.14"}, "return on equity": {"2020-12-31": "-11.36%", "2020-09-30": "-137.30%", "2020-06-30": "-141.43%", "2020-03-31": "-153.68%", "2019-12-31": "-200.99%", "2019-09-30": "-127.17%", "2019-06-30": "-115.57%", "2019-03-31": "-95.17%", "2018-12-31": "-76.77%", "2018-09-30": "-60.88%", "2018-06-30": "-59.61%", "2018-03-31": "-56.37%", "2017-12-31": "-57.13%", "2017-09-30": "-93.56%", "2017-06-30": "-99.08%", "2017-03-31": "-104.31%", "2016-12-31": "-113.12%", "2016-09-30": "-134.39%", "2016-06-30": "-179.78%", "2016-03-31": "-1039.64%", "2015-12-31": "166.18%", "2015-09-30": "76.72%", "2015-06-30": "51.13%", "2015-03-31": "41.59%", "2014-12-31": "29.46%", "2014-09-30": "20.47%", "2014-06-30": "14.01%", "2014-03-31": "12.09%", "2013-12-31": "11.91%", "2013-09-30": "19.15%", "2013-06-30": "17.06%", "2013-03-31": "59.67%", "2012-12-31": "71.18%", "2012-09-30": "78.12%", "2012-06-30": "123.82%", "2012-03-31": "35.89%", "2011-12-31": "47.89%", "2011-09-30": "55.41%", "2011-06-30": "72.38%", "2011-03-31": "25.94%", "2010-12-31": "12.86%", "2010-09-30": "78.62%", "2010-06-30": "-76.15%", "2010-03-31": "-258.00%", "2009-12-31": "-437.32%", "2009-09-30": "-788.18%", "2009-06-30": "-5340.10%", "2009-03-31": "3422.92%", "2008-12-31": "1235.56%", "2008-09-30": "829.65%", "2008-06-30": "59.62%", "2008-03-31": "74.54%", "2007-12-31": "94.36%", "2007-09-30": "129.58%", "2007-06-30": "177.55%", "2007-03-31": "296.63%", "2006-12-31": "865.75%", "2006-09-30": "-2307.39%", "2006-06-30": "-485.89%", "2006-03-31": "-257.53%", "2005-12-31": "-140.04%"}, "return on assets": {"2020-12-31": "1.18%", "2020-09-30": "9.29%", "2020-06-30": "8.98%", "2020-03-31": "9.40%", "2019-12-31": "8.16%", "2019-09-30": "8.82%", "2019-06-30": "10.45%", "2019-03-31": "11.66%", "2018-12-31": "14.24%", "2018-09-30": "10.70%", "2018-06-30": "9.78%", "2018-03-31": "8.68%", "2017-12-31": "7.79%", "2017-09-30": "10.81%", "2017-06-30": "9.88%", "2017-03-31": "9.61%", "2016-12-31": "9.18%", "2016-09-30": "8.31%", "2016-06-30": "8.05%", "2016-03-31": "7.10%", "2015-12-31": "6.17%", "2015-09-30": "6.20%", "2015-06-30": "5.78%", "2015-03-31": "5.94%", "2014-12-31": "5.77%", "2014-09-30": "4.80%", "2014-06-30": "3.91%", "2014-03-31": "3.94%", "2013-12-31": "4.23%", "2013-09-30": "7.46%", "2013-06-30": "7.23%", "2013-03-31": "26.15%", "2012-12-31": "26.37%", "2012-09-30": "22.55%", "2012-06-30": "24.03%", "2012-03-31": "3.23%", "2011-12-31": "3.45%", "2011-09-30": "3.06%", "2011-06-30": "3.16%", "2011-03-31": "0.85%", "2010-12-31": "0.35%", "2010-09-30": "1.86%", "2010-06-30": "-1.12%", "2010-03-31": "-3.46%", "2009-12-31": "-7.29%", "2009-09-30": "-10.77%", "2009-06-30": "-73.80%", "2009-03-31": "-91.21%", "2008-12-31": "-118.87%", "2008-09-30": "-172.66%", "2008-06-30": "-30.55%", "2008-03-31": "-32.55%", "2007-12-31": "-34.90%", "2007-09-30": "-40.06%", "2007-06-30": "-42.57%", "2007-03-31": "-48.09%", "2006-12-31": "-63.30%", "2006-09-30": "-63.17%", "2006-06-30": "-60.18%", "2006-03-31": "-57.65%", "2005-12-31": "-44.64%"}, "return on investments": {"2020-12-31": "12.52%", "2020-09-30": "24.86%", "2020-06-30": "24.64%", "2020-03-31": "24.82%", "2019-12-31": "22.76%", "2019-09-30": "25.37%", "2019-06-30": "27.49%", "2019-03-31": "28.89%", "2018-12-31": "33.58%", "2018-09-30": "32.14%", "2018-06-30": "30.47%", "2018-03-31": "31.00%", "2017-12-31": "30.72%", "2017-09-30": "29.69%", "2017-06-30": "29.52%", "2017-03-31": "28.60%", "2016-12-31": "27.60%", "2016-09-30": "26.61%", "2016-06-30": "25.58%", "2016-03-31": "22.63%", "2015-12-31": "21.16%", "2015-09-30": "20.68%", "2015-06-30": "19.69%", "2015-03-31": "20.81%", "2014-12-31": "19.91%", "2014-09-30": "19.00%", "2014-06-30": "18.38%", "2014-03-31": "17.42%", "2013-12-31": "17.09%", "2013-09-30": "16.15%", "2013-06-30": "14.96%", "2013-03-31": "14.12%", "2012-12-31": "14.69%", "2012-09-30": "15.49%", "2012-06-30": "16.97%", "2012-03-31": "19.40%", "2011-12-31": "19.12%", "2011-09-30": "17.40%", "2011-06-30": "16.60%", "2011-03-31": "15.53%", "2010-12-31": "14.35%", "2010-09-30": "14.80%", "2010-06-30": "12.55%", "2010-03-31": "9.79%", "2009-12-31": "7.33%", "2009-09-30": "3.01%", "2009-06-30": "-163.10%", "2009-03-31": "-226.29%", "2008-12-31": "-344.17%", "2008-09-30": "-584.90%", "2008-06-30": "-123.65%", "2008-03-31": "-93.23%", "2007-12-31": "-81.78%", "2007-09-30": "-88.81%", "2007-06-30": "-88.00%", "2007-03-31": "-93.48%", "2006-12-31": "-112.05%", "2006-09-30": "-99.32%", "2006-06-30": "-85.60%", "2006-03-31": "-76.53%", "2005-12-31": "-55.67%"}, "return on tangible equity": {"2020-12-31": "-1.60%", "2020-09-30": "-13.09%", "2020-06-30": "-12.77%", "2020-03-31": "-13.04%", "2019-12-31": "-11.68%", "2019-09-30": "-12.35%", "2019-06-30": "-14.60%", "2019-03-31": "-16.01%", "2018-12-31": "-18.58%", "2018-09-30": "-14.19%", "2018-06-30": "-13.28%", "2018-03-31": "-11.95%", "2017-12-31": "-10.92%", "2017-09-30": "-15.52%", "2017-06-30": "-14.47%", "2017-03-31": "-14.19%", "2016-12-31": "-13.75%", "2016-09-30": "-12.80%", "2016-06-30": "-12.59%", "2016-03-31": "-11.87%", "2015-12-31": "-11.33%", "2015-09-30": "-12.49%", "2015-06-30": "-12.55%", "2015-03-31": "-13.87%", "2014-12-31": "-15.43%", "2014-09-30": "-14.59%", "2014-06-30": "-14.95%", "2014-03-31": "-20.36%", "2013-12-31": "-28.34%", "2013-09-30": "-77.68%", "2013-06-30": "-120.77%", "2013-03-31": "-670.14%", "2012-12-31": "-212.24%", "2012-09-30": "-97.52%", "2012-06-30": "-67.13%", "2012-03-31": "-6.37%", "2011-12-31": "-6.48%", "2011-09-30": "-5.54%", "2011-06-30": "-5.55%", "2011-03-31": "-1.46%", "2010-12-31": "-0.61%", "2010-09-30": "-3.16%", "2010-06-30": "1.88%", "2010-03-31": "5.81%", "2009-12-31": "12.15%", "2009-09-30": "17.87%", "2009-06-30": "122.81%", "2009-03-31": "149.65%", "2008-12-31": "190.69%", "2008-09-30": "281.80%", "2008-06-30": "53.96%", "2008-03-31": "66.62%", "2007-12-31": "82.81%", "2007-09-30": "110.92%", "2007-06-30": "145.92%", "2007-03-31": "225.64%", "2006-12-31": "522.31%", "2006-09-30": "3521.80%", "2006-06-30": "-740.19%", "2006-03-31": "-318.64%", "2005-12-31": "-162.07%"}, "dividend yield history": {"last payout": "$0.06", "last yield": "0.96%"}}