{"ticker": "SITC", "price": {"title": "SITE CENTERS CORP Historical Annual Stock Price Data", "value": 11.59, "historical": {"2021": {"Average Stock Price": "11.0096", "Year Open": "9.7200", "Year High": "11.8900", "Year Low": "9.7200", "Year Close": "11.5900", "Annual % Change": "14.53%"}, "2020": {"Average Stock Price": "8.4642", "Year Open": "13.4000", "Year High": "13.6100", "Year Low": "4.2900", "Year Close": "10.1200", "Annual % Change": "-27.82%"}, "2019": {"Average Stock Price": "13.7478", "Year Open": "11.1400", "Year High": "15.7500", "Year Low": "11.1400", "Year Close": "14.0200", "Annual % Change": "26.65%"}, "2018": {"Average Stock Price": "14.2562", "Year Open": "18.1000", "Year High": "18.2200", "Year Low": "10.7100", "Year Close": "11.0700", "Annual % Change": "-38.23%"}, "2017": {"Average Stock Price": "21.1897", "Year Open": "30.3400", "Year High": "30.9400", "Year Low": "14.8200", "Year Close": "17.9200", "Annual % Change": "-41.32%"}, "2016": {"Average Stock Price": "34.2358", "Year Open": "33.1000", "Year High": "39.8200", "Year Low": "29.5200", "Year Close": "30.5400", "Annual % Change": "-9.32%"}, "2015": {"Average Stock Price": "34.3633", "Year Open": "37.2000", "Year High": "40.7200", "Year Low": "29.5000", "Year Close": "33.6800", "Annual % Change": "-8.28%"}, "2014": {"Average Stock Price": "34.3823", "Year Open": "30.6400", "Year High": "37.4000", "Year Low": "30.1200", "Year Close": "36.7200", "Annual % Change": "19.45%"}, "2013": {"Average Stock Price": "33.6046", "Year Open": "31.6000", "Year High": "38.8200", "Year Low": "29.9000", "Year Close": "30.7400", "Annual % Change": "-1.85%"}, "2012": {"Average Stock Price": "29.3862", "Year Open": "24.5600", "Year High": "31.7200", "Year Low": "24.5600", "Year Close": "31.3200", "Annual % Change": "28.68%"}, "2011": {"Average Stock Price": "26.0491", "Year Open": "28.5400", "Year High": "30.2800", "Year Low": "20.3400", "Year Close": "24.3400", "Annual % Change": "-13.63%"}, "2010": {"Average Stock Price": "23.0942", "Year Open": "18.5000", "Year High": "28.1800", "Year Low": "16.5000", "Year Close": "28.1800", "Annual % Change": "52.16%"}, "2009": {"Average Stock Price": "12.3340", "Year Open": "11.3600", "Year High": "20.9000", "Year Low": "2.8600", "Year Close": "18.5200", "Annual % Change": "89.75%"}, "2008": {"Average Stock Price": "60.8936", "Year Open": "76.5400", "Year High": "90.9400", "Year Low": "5.5000", "Year Close": "9.7600", "Annual % Change": "-87.26%"}, "2007": {"Average Stock Price": "112.8790", "Year Open": "126.5000", "Year High": "142.7600", "Year Low": "75.3800", "Year Close": "76.5800", "Annual % Change": "-39.17%"}, "2006": {"Average Stock Price": "108.6362", "Year Open": "95.6000", "Year High": "132.2200", "Year Low": "95.6000", "Year Close": "125.9000", "Annual % Change": "33.88%"}, "2005": {"Average Stock Price": "88.5603", "Year Open": "87.4000", "Year High": "98.1600", "Year Low": "77.8200", "Year Close": "94.0400", "Annual % Change": "5.97%"}, "2004": {"Average Stock Price": "75.0725", "Year Open": "66.8400", "Year High": "91.7000", "Year Low": "62.9400", "Year Close": "88.7400", "Annual % Change": "32.17%"}, "2003": {"Average Stock Price": "55.2529", "Year Open": "43.4000", "Year High": "67.2000", "Year Low": "42.5600", "Year Close": "67.1400", "Annual % Change": "52.66%"}, "2002": {"Average Stock Price": "42.8518", "Year Open": "37.6000", "Year High": "46.9400", "Year Low": "36.4000", "Year Close": "43.9800", "Annual % Change": "15.13%"}, "2001": {"Average Stock Price": "33.3976", "Year Open": "26.6200", "Year High": "38.4000", "Year Low": "25.8800", "Year Close": "38.2000", "Annual % Change": "43.50%"}, "2000": {"Average Stock Price": "27.4108", "Year Open": "24.7600", "Year High": "32.2600", "Year Low": "22.6200", "Year Close": "26.6200", "Annual % Change": "3.34%"}, "1999": {"Average Stock Price": "30.2025", "Year Open": "36.5000", "Year High": "36.8800", "Year Low": "24.8800", "Year Close": "25.7600", "Annual % Change": "-27.44%"}, "1998": {"Average Stock Price": "38.1668", "Year Open": "38.3100", "Year High": "42.3100", "Year Low": "32.7600", "Year Close": "35.5000", "Annual % Change": "-7.19%"}, "1997": {"Average Stock Price": "38.2760", "Year Open": "37.1300", "Year High": "41.2500", "Year Low": "35.0000", "Year Close": "38.2500", "Annual % Change": "3.04%"}, "1996": {"Average Stock Price": "31.4610", "Year Open": "30.2500", "Year High": "37.1200", "Year Low": "28.3750", "Year Close": "37.1200", "Annual % Change": "23.73%"}, "1995": {"Average Stock Price": "29.0828", "Year Open": "30.6300", "Year High": "32.1300", "Year Low": "26.7500", "Year Close": "30.0000", "Annual % Change": "-3.63%"}, "1994": {"Average Stock Price": "30.0317", "Year Open": "28.8800", "Year High": "33.2500", "Year Low": "26.8800", "Year Close": "31.1300", "Annual % Change": "6.43%"}}}, "market cap": {"value": "$2.24B"}, "income statement": {"Revenue": {"2019-12-31": "507.98800", "2018-12-31": "707.25500", "2017-12-31": "921.58800", "2016-12-31": "1005.80500", "2015-12-31": "1028.07100", "2014-12-31": "985.67500", "2013-12-31": "829.93500", "2012-12-31": "707.08700", "2011-12-31": "713.79800", "2010-12-31": "741.93200", "2009-12-31": "755.98600", "2008-12-31": "825.06800", "2007-12-31": "885.02500", "2006-12-31": "773.35100", "2005-12-31": "678.10900"}, "Cost Of Goods Sold": {"2019-12-31": "139.66300", "2018-12-31": "207.99200", "2017-12-31": "263.74300", "2016-12-31": "292.13400", "2015-12-31": "293.69300", "2014-12-31": "281.10700", "2013-12-31": "239.17900", "2012-12-31": "208.26100", "2011-12-31": "214.57800", "2010-12-31": "222.04600", "2009-12-31": "222.52600", "2008-12-31": "227.05100", "2007-12-31": "226.84600", "2006-12-31": "195.52000", "2005-12-31": "171.26000"}, "Gross Profit": {"2019-12-31": "368.32500", "2018-12-31": "499.26300", "2017-12-31": "657.84500", "2016-12-31": "713.67100", "2015-12-31": "734.37810", "2014-12-31": "704.56800", "2013-12-31": "590.75600", "2012-12-31": "498.82600", "2011-12-31": "499.22000", "2010-12-31": "519.88600", "2009-12-31": "533.46000", "2008-12-31": "598.01700", "2007-12-31": "658.17900", "2006-12-31": "577.83110", "2005-12-31": "506.84900"}, "Research And Development Expenses": {"2019-12-31": "", "2018-12-31": "", "2017-12-31": "", "2016-12-31": "", "2015-12-31": "", "2014-12-31": "", "2013-12-31": "", "2012-12-31": "", "2011-12-31": "", "2010-12-31": "", "2009-12-31": "", "2008-12-31": "", "2007-12-31": "", "2006-12-31": "", "2005-12-31": ""}, "SG&A Expenses": {"2019-12-31": "58.38400", "2018-12-31": "61.63900", "2017-12-31": "77.02800", "2016-12-31": "61.05100", "2015-12-31": "73.38200", "2014-12-31": "84.48400", "2013-12-31": "79.55600", "2012-12-31": "76.44400", "2011-12-31": "85.22100", "2010-12-31": "85.57300", "2009-12-31": "94.36500", "2008-12-31": "97.71900", "2007-12-31": "81.24400", "2006-12-31": "60.67900", "2005-12-31": "54.04800"}, "Other Operating Income Or Expenses": {"2019-12-31": "-3.37000", "2018-12-31": "-70.14100", "2017-12-31": "-346.41000", "2016-12-31": "-110.90600", "2015-12-31": "-279.02100", "2014-12-31": "-29.17500", "2013-12-31": "-19.04400", "2012-12-31": "-46.74100", "2011-12-31": "-63.16100", "2010-12-31": "-84.85500", "2009-12-31": "-12.74500", "2008-12-31": "-29.60300", "2007-12-31": "", "2006-12-31": "", "2005-12-31": ""}, "Operating Expenses": {"2019-12-31": "366.50400", "2018-12-31": "581.87400", "2017-12-31": "1033.38500", "2016-12-31": "853.61000", "2015-12-31": "1048.14100", "2014-12-31": "797.59100", "2013-12-31": "634.33910", "2012-12-31": "551.34800", "2011-12-31": "568.21800", "2010-12-31": "595.45500", "2009-12-31": "533.85800", "2008-12-31": "564.91400", "2007-12-31": "505.05400", "2006-12-31": "436.57600", "2005-12-31": "378.91300"}, "Operating Income": {"2019-12-31": "141.48400", "2018-12-31": "125.38100", "2017-12-31": "-111.79700", "2016-12-31": "152.19490", "2015-12-31": "-20.07010", "2014-12-31": "188.08400", "2013-12-31": "195.59590", "2012-12-31": "155.73900", "2011-12-31": "145.58000", "2010-12-31": "146.47710", "2009-12-31": "222.12810", "2008-12-31": "260.15400", "2007-12-31": "379.97100", "2006-12-31": "336.77500", "2005-12-31": "299.19600"}, "Total Non-Operating Income/Expense": {"2019-12-31": "-39.00000", "2018-12-31": "-8.41400", "2017-12-31": "-118.91700", "2016-12-31": "-89.21500", "2015-12-31": "-211.52500", "2014-12-31": "-165.12200", "2013-12-31": "-171.49200", "2012-12-31": "-126.43600", "2011-12-31": "-150.17400", "2010-12-31": "-260.78800", "2009-12-31": "-453.85200", "2008-12-31": "-330.84700", "2007-12-31": "-208.44900", "2006-12-31": "-169.59500", "2005-12-31": "-128.24200"}, "Pre-Tax Income": {"2019-12-31": "102.48400", "2018-12-31": "116.96700", "2017-12-31": "-230.71400", "2016-12-31": "62.98000", "2015-12-31": "-231.59500", "2014-12-31": "22.96200", "2013-12-31": "24.10400", "2012-12-31": "29.30300", "2011-12-31": "-4.59400", "2010-12-31": "-114.31100", "2009-12-31": "-231.72400", "2008-12-31": "-70.69300", "2007-12-31": "171.52200", "2006-12-31": "167.18000", "2005-12-31": "170.95400"}, "Income Taxes": {"2019-12-31": "0.65900", "2018-12-31": "0.86200", "2017-12-31": "12.41800", "2016-12-31": "1.78100", "2015-12-31": "6.28600", "2014-12-31": "1.85500", "2013-12-31": "2.68500", "2012-12-31": "1.13100", "2011-12-31": "1.00900", "2010-12-31": "47.94200", "2009-12-31": "-0.86800", "2008-12-31": "-17.54400", "2007-12-31": "-14.71500", "2006-12-31": "-2.49700", "2005-12-31": "0.27600"}, "Income After Taxes": {"2019-12-31": "101.82500", "2018-12-31": "116.10500", "2017-12-31": "-243.13200", "2016-12-31": "61.19900", "2015-12-31": "-237.88100", "2014-12-31": "21.10700", "2013-12-31": "21.41900", "2012-12-31": "28.17200", "2011-12-31": "-5.60300", "2010-12-31": "-162.25300", "2009-12-31": "-230.85600", "2008-12-31": "-53.14900", "2007-12-31": "186.23700", "2006-12-31": "169.67700", "2005-12-31": "170.67800"}, "Other Income": {"2019-12-31": "", "2018-12-31": "", "2017-12-31": "", "2016-12-31": "", "2015-12-31": "", "2014-12-31": "", "2013-12-31": "", "2012-12-31": "", "2011-12-31": "", "2010-12-31": "", "2009-12-31": "", "2008-12-31": "", "2007-12-31": "", "2006-12-31": "", "2005-12-31": ""}, "Income From Continuous Operations": {"2019-12-31": "101.82500", "2018-12-31": "116.10500", "2017-12-31": "-243.13200", "2016-12-31": "61.19900", "2015-12-31": "-237.88100", "2014-12-31": "21.10700", "2013-12-31": "21.41900", "2012-12-31": "28.17200", "2011-12-31": "-5.60300", "2010-12-31": "-162.25300", "2009-12-31": "-230.85600", "2008-12-31": "-53.14900", "2007-12-31": "186.23700", "2006-12-31": "160.78400", "2005-12-31": "162.79700"}, "Income From Discontinued Operations": {"2019-12-31": "", "2018-12-31": "", "2017-12-31": "", "2016-12-31": "", "2015-12-31": "", "2014-12-31": "89.39800", "2013-12-31": "-31.26700", "2012-12-31": "-53.50100", "2011-12-31": "-13.79400", "2010-12-31": "-86.78600", "2009-12-31": "-172.78400", "2008-12-31": "-36.88200", "2007-12-31": "27.63800", "2006-12-31": "20.45700", "2005-12-31": "31.70600"}, "Net Income": {"2019-12-31": "61.29200", "2018-12-31": "80.90300", "2017-12-31": "-270.44400", "2016-12-31": "37.63700", "2015-12-31": "-94.54300", "2014-12-31": "91.28500", "2013-12-31": "-43.14200", "2012-12-31": "-60.27100", "2011-12-31": "-53.84300", "2010-12-31": "-251.62700", "2009-12-31": "-398.86200", "2008-12-31": "-114.19900", "2007-12-31": "214.00800", "2006-12-31": "198.09500", "2005-12-31": "227.47400"}, "EBITDA": {"2019-12-31": "310.54700", "2018-12-31": "383.83700", "2017-12-31": "241.87900", "2016-12-31": "543.86100", "2015-12-31": "386.61290", "2014-12-31": "612.05200", "2013-12-31": "535.44400", "2012-12-31": "431.81800", "2011-12-31": "405.56300", "2010-12-31": "395.25410", "2009-12-31": "479.22710", "2008-12-31": "531.72900", "2007-12-31": "626.27900", "2006-12-31": "538.05800", "2005-12-31": "477.33000"}, "EBIT": {"2019-12-31": "141.48400", "2018-12-31": "125.38100", "2017-12-31": "-111.79700", "2016-12-31": "152.19490", "2015-12-31": "-20.07010", "2014-12-31": "188.08400", "2013-12-31": "195.59590", "2012-12-31": "155.73900", "2011-12-31": "145.58000", "2010-12-31": "146.47710", "2009-12-31": "222.12810", "2008-12-31": "260.15400", "2007-12-31": "379.97100", "2006-12-31": "336.77500", "2005-12-31": "299.19600"}, "Basic Shares Outstanding": {"2019-12-31": "183.02600", "2018-12-31": "184.52800", "2017-12-31": "183.68100", "2016-12-31": "182.64700", "2015-12-31": "180.47300", "2014-12-31": "179.06100", "2013-12-31": "163.21300", "2012-12-31": "145.86300", "2011-12-31": "135.13900", "2010-12-31": "122.35600", "2009-12-31": "79.40800", "2008-12-31": "59.92150", "2007-12-31": "60.43950", "2006-12-31": "54.50100", "2005-12-31": "54.15500"}, "Shares Outstanding": {"2019-12-31": "183.25400", "2018-12-31": "184.53500", "2017-12-31": "183.68100", "2016-12-31": "182.78100", "2015-12-31": "180.47300", "2014-12-31": "179.06100", "2013-12-31": "163.21300", "2012-12-31": "145.86300", "2011-12-31": "135.73600", "2010-12-31": "122.35600", "2009-12-31": "79.40800", "2008-12-31": "59.92150", "2007-12-31": "60.66750", "2006-12-31": "54.80650", "2005-12-31": "54.57100"}, "Basic EPS": {"2019-12-31": "0.33000", "2018-12-31": "0.43000", "2017-12-31": "-1.48000", "2016-12-31": "0.20000", "2015-12-31": "-0.54000", "2014-12-31": "0.50000", "2013-12-31": "-0.28000", "2012-12-31": "-0.42000", "2011-12-31": "-0.40000", "2010-12-31": "-2.06000", "2009-12-31": "-5.02000", "2008-12-31": "-1.92000", "2007-12-31": "3.52000", "2006-12-31": "3.64000", "2005-12-31": "4.20000"}, "EPS - Earnings Per Share": {"2019-12-31": "0.33000", "2018-12-31": "0.43000", "2017-12-31": "-1.48000", "2016-12-31": "0.20000", "2015-12-31": "-0.54000", "2014-12-31": "0.50000", "2013-12-31": "-0.28000", "2012-12-31": "-0.42000", "2011-12-31": "-0.56000", "2010-12-31": "-2.06000", "2009-12-31": "-5.02000", "2008-12-31": "-1.92000", "2007-12-31": "3.50000", "2006-12-31": "3.62000", "2005-12-31": "4.16000"}}, "income statement, quarterly": {"Revenue": {"2020-09-30": "105.55400", "2020-06-30": "107.57100", "2020-03-31": "129.31000", "2019-12-31": "125.78400", "2019-09-30": "122.52500", "2019-06-30": "128.65700", "2019-03-31": "131.02200", "2018-12-31": "136.57600", "2018-09-30": "144.09500", "2018-06-30": "211.51600", "2018-03-31": "215.06800", "2017-12-31": "217.55600", "2017-09-30": "227.42400", "2017-06-30": "236.18700", "2017-03-31": "240.42100", "2016-12-31": "240.26100", "2016-09-30": "253.80000", "2016-06-30": "257.32100", "2016-03-31": "254.42300", "2015-12-31": "254.78800", "2015-09-30": "257.13500", "2015-06-30": "257.32300", "2015-03-31": "258.82500", "2014-12-31": "256.76800", "2014-09-30": "245.35500", "2014-06-30": "242.04000", "2014-03-31": "241.51200", "2013-12-31": "215.52800", "2013-09-30": "206.40000", "2013-06-30": "207.70000", "2013-03-31": "200.30700", "2012-12-31": "128.53200", "2012-09-30": "197.27700", "2012-06-30": "190.69400", "2012-03-31": "190.58400", "2011-12-31": "147.51000", "2011-09-30": "187.09100", "2011-06-30": "186.92600", "2011-03-31": "192.27100", "2010-12-31": "150.20900", "2010-09-30": "192.99200", "2010-06-30": "196.60000", "2010-03-31": "202.13100", "2009-12-31": "155.14100", "2009-09-30": "195.70300", "2009-06-30": "197.47600", "2009-03-31": "207.66600", "2008-12-31": "143.47800", "2008-09-30": "222.86000", "2008-06-30": "222.63400", "2008-03-31": "236.09600", "2007-12-31": "182.33000", "2007-09-30": "231.54700", "2007-06-30": "252.10300", "2007-03-31": "219.04500", "2006-12-31": "190.79500", "2006-09-30": "194.20000", "2006-06-30": "189.02700", "2006-03-31": "199.32900", "2005-12-31": "150.43200", "2005-09-30": "179.49000", "2005-06-30": "176.27500", "2005-03-31": "171.91200"}, "Cost Of Goods Sold": {"2020-09-30": "32.31700", "2020-06-30": "33.86700", "2020-03-31": "36.13700", "2019-12-31": "33.07900", "2019-09-30": "33.45900", "2019-06-30": "36.54100", "2019-03-31": "36.58400", "2018-12-31": "38.80800", "2018-09-30": "39.59700", "2018-06-30": "64.53800", "2018-03-31": "65.04900", "2017-12-31": "67.98500", "2017-09-30": "62.54400", "2017-06-30": "65.89400", "2017-03-31": "67.32000", "2016-12-31": "79.05900", "2016-09-30": "68.16900", "2016-06-30": "71.86400", "2016-03-31": "73.04200", "2015-12-31": "70.16400", "2015-09-30": "73.34800", "2015-06-30": "73.82600", "2015-03-31": "76.35500", "2014-12-31": "70.08400", "2014-09-30": "71.38500", "2014-06-30": "69.07500", "2014-03-31": "70.56300", "2013-12-31": "62.18800", "2013-09-30": "59.80100", "2013-06-30": "59.12900", "2013-03-31": "58.06100", "2012-12-31": "39.57700", "2012-09-30": "55.95500", "2012-06-30": "55.03400", "2012-03-31": "57.69500", "2011-12-31": "37.78300", "2011-09-30": "57.09000", "2011-06-30": "59.00500", "2011-03-31": "60.70000", "2010-12-31": "38.39200", "2010-09-30": "61.22000", "2010-06-30": "60.64900", "2010-03-31": "61.78500", "2009-12-31": "40.59300", "2009-09-30": "60.54400", "2009-06-30": "59.79400", "2009-03-31": "61.59500", "2008-12-31": "42.65700", "2008-09-30": "61.44400", "2008-06-30": "60.25700", "2008-03-31": "62.69300", "2007-12-31": "49.69100", "2007-09-30": "59.11200", "2007-06-30": "64.89100", "2007-03-31": "53.15200", "2006-12-31": "48.07100", "2006-09-30": "50.08000", "2006-06-30": "48.95300", "2006-03-31": "48.41600", "2005-12-31": "39.07000", "2005-09-30": "44.31800", "2005-06-30": "43.77800", "2005-03-31": "44.09400"}, "Gross Profit": {"2020-09-30": "73.23700", "2020-06-30": "73.70400", "2020-03-31": "93.17300", "2019-12-31": "92.70500", "2019-09-30": "89.06600", "2019-06-30": "92.11600", "2019-03-31": "94.43800", "2018-12-31": "97.76810", "2018-09-30": "104.49800", "2018-06-30": "146.97800", "2018-03-31": "150.01900", "2017-12-31": "149.57100", "2017-09-30": "164.88000", "2017-06-30": "170.29300", "2017-03-31": "173.10100", "2016-12-31": "161.20200", "2016-09-30": "185.63100", "2016-06-30": "185.45700", "2016-03-31": "181.38100", "2015-12-31": "184.62400", "2015-09-30": "183.78700", "2015-06-30": "183.49700", "2015-03-31": "182.47000", "2014-12-31": "186.68410", "2014-09-30": "173.97000", "2014-06-30": "172.96500", "2014-03-31": "170.94900", "2013-12-31": "153.34000", "2013-09-30": "146.59900", "2013-06-30": "148.57100", "2013-03-31": "142.24600", "2012-12-31": "88.95500", "2012-09-30": "141.32200", "2012-06-30": "135.66000", "2012-03-31": "132.88900", "2011-12-31": "109.72700", "2011-09-30": "130.00100", "2011-06-30": "127.92100", "2011-03-31": "131.57100", "2010-12-31": "111.81700", "2010-09-30": "131.77200", "2010-06-30": "135.95100", "2010-03-31": "140.34600", "2009-12-31": "114.54800", "2009-09-30": "135.15900", "2009-06-30": "137.68200", "2009-03-31": "146.07100", "2008-12-31": "100.82100", "2008-09-30": "161.41600", "2008-06-30": "162.37700", "2008-03-31": "173.40300", "2007-12-31": "132.63900", "2007-09-30": "172.43500", "2007-06-30": "187.21200", "2007-03-31": "165.89300", "2006-12-31": "142.72400", "2006-09-30": "144.12000", "2006-06-30": "140.07400", "2006-03-31": "150.91300", "2005-12-31": "111.36200", "2005-09-30": "135.17200", "2005-06-30": "132.49700", "2005-03-31": "127.81800"}, "Research And Development Expenses": {"2020-09-30": "", "2020-06-30": "", "2020-03-31": "", "2019-12-31": "", "2019-09-30": "", "2019-06-30": "", "2019-03-31": "", "2018-12-31": "", "2018-09-30": "", "2018-06-30": "", "2018-03-31": "", "2017-12-31": "", "2017-09-30": "", "2017-06-30": "", "2017-03-31": "", "2016-12-31": "", "2016-09-30": "", "2016-06-30": "", "2016-03-31": "", "2015-12-31": "", "2015-09-30": "", "2015-06-30": "", "2015-03-31": "", "2014-12-31": "", "2014-09-30": "", "2014-06-30": "", "2014-03-31": "", "2013-12-31": "", "2013-09-30": "", "2013-06-30": "", "2013-03-31": "", "2012-12-31": "", "2012-09-30": "", "2012-06-30": "", "2012-03-31": "", "2011-12-31": "", "2011-09-30": "", "2011-06-30": "", "2011-03-31": "", "2010-12-31": "", "2010-09-30": "", "2010-06-30": "", "2010-03-31": "", "2009-12-31": "", "2009-09-30": "", "2009-06-30": "", "2009-03-31": "", "2008-12-31": "", "2008-09-30": "", "2008-06-30": "", "2008-03-31": "", "2007-12-31": "", "2007-09-30": "", "2007-06-30": "", "2007-03-31": "", "2006-12-31": "", "2006-09-30": "", "2006-06-30": "", "2006-03-31": "", "2005-12-31": "", "2005-09-30": "", "2005-06-30": "", "2005-03-31": ""}, "SG&A Expenses": {"2020-09-30": "13.66400", "2020-06-30": "13.50200", "2020-03-31": "11.37600", "2019-12-31": "14.03600", "2019-09-30": "15.30400", "2019-06-30": "14.93200", "2019-03-31": "14.11200", "2018-12-31": "16.28500", "2018-09-30": "15.23200", "2018-06-30": "17.27600", "2018-03-31": "12.84600", "2017-12-31": "9.75100", "2017-09-30": "13.44900", "2017-06-30": "22.75600", "2017-03-31": "31.07200", "2016-12-31": "5.89100", "2016-09-30": "18.78500", "2016-06-30": "18.49900", "2016-03-31": "17.87600", "2015-12-31": "17.92000", "2015-09-30": "17.59600", "2015-06-30": "19.27100", "2015-03-31": "18.59500", "2014-12-31": "25.60600", "2014-09-30": "19.54000", "2014-06-30": "19.08500", "2014-03-31": "20.25300", "2013-12-31": "20.43300", "2013-09-30": "19.24600", "2013-06-30": "20.11700", "2013-03-31": "19.76000", "2012-12-31": "19.75400", "2012-09-30": "18.54700", "2012-06-30": "19.13100", "2012-03-31": "19.01200", "2011-12-31": "19.91000", "2011-09-30": "17.95400", "2011-06-30": "17.97900", "2011-03-31": "29.37800", "2010-12-31": "23.02800", "2010-09-30": "20.18000", "2010-06-30": "19.09000", "2010-03-31": "23.27500", "2009-12-31": "20.89600", "2009-09-30": "25.88600", "2009-06-30": "28.41200", "2009-03-31": "19.17100", "2008-12-31": "36.11100", "2008-09-30": "19.56000", "2008-06-30": "21.33300", "2008-03-31": "20.71500", "2007-12-31": "20.93900", "2007-09-30": "19.62600", "2007-06-30": "19.16100", "2007-03-31": "21.51800", "2006-12-31": "14.87300", "2006-09-30": "14.97400", "2006-06-30": "15.42200", "2006-03-31": "15.41000", "2005-12-31": "13.86000", "2005-09-30": "14.14600", "2005-06-30": "12.71200", "2005-03-31": "13.33000"}, "Other Operating Income Or Expenses": {"2020-09-30": "0.00000", "2020-06-30": "-0.61200", "2020-03-31": "-17.40900", "2019-12-31": "-0.06800", "2019-09-30": "-2.75000", "2019-06-30": "-0.08500", "2019-03-31": "-0.46700", "2018-12-31": "60.67700", "2018-09-30": "-19.73300", "2018-06-30": "-18.28400", "2018-03-31": "-92.80100", "2017-12-31": "-279.96800", "2017-09-30": "-16.37300", "2017-06-30": "-28.09600", "2017-03-31": "-21.97300", "2016-12-31": "-6.02900", "2016-09-30": "-104.87700", "2016-06-30": "0.00000", "2016-03-31": "0.00000", "2015-12-31": "", "2015-09-30": "0.00000", "2015-06-30": "", "2015-03-31": "-279.02100", "2014-12-31": "-11.05600", "2014-09-30": "-1.44800", "2014-06-30": "-14.34200", "2014-03-31": "-2.32900", "2013-12-31": "3.85800", "2013-09-30": "-9.26000", "2013-06-30": "-13.64200", "2013-03-31": "0.00000", "2012-12-31": "-2.54400", "2012-09-30": "3.10100", "2012-06-30": "-45.75700", "2012-03-31": "-1.54100", "2011-12-31": "-7.32000", "2011-09-30": "-46.16800", "2011-06-30": "-7.15800", "2011-03-31": "-2.51500", "2010-12-31": "-5.19700", "2010-09-30": "-3.87400", "2010-06-30": "-74.96700", "2010-03-31": "-0.81700", "2009-12-31": "41.07100", "2009-09-30": "1.73500", "2009-06-30": "-48.24600", "2009-03-31": "-7.30500", "2008-12-31": "", "2008-09-30": "", "2008-06-30": "", "2008-03-31": "", "2007-12-31": "", "2007-09-30": "", "2007-06-30": "", "2007-03-31": "", "2006-12-31": "", "2006-09-30": "", "2006-06-30": "", "2006-03-31": "", "2005-12-31": "", "2005-09-30": "", "2005-06-30": "", "2005-03-31": ""}, "Operating Expenses": {"2020-09-30": "87.12900", "2020-06-30": "88.85400", "2020-03-31": "107.91500", "2019-12-31": "88.87000", "2019-09-30": "92.24500", "2019-06-30": "91.61800", "2019-03-31": "93.77100", "2018-12-31": "40.00300", "2018-09-30": "124.19100", "2018-06-30": "172.56000", "2018-03-31": "245.12000", "2017-12-31": "437.53800", "2017-09-30": "177.57600", "2017-06-30": "207.02200", "2017-03-31": "211.24900", "2016-12-31": "190.44710", "2016-09-30": "287.28200", "2016-06-30": "188.06100", "2016-03-31": "187.82000", "2015-12-31": "190.65910", "2015-09-30": "188.09900", "2015-06-30": "192.39700", "2015-03-31": "476.98600", "2014-12-31": "213.47900", "2014-09-30": "189.64300", "2014-06-30": "197.70500", "2014-03-31": "196.76400", "2013-12-31": "172.35010", "2013-09-30": "158.32200", "2013-06-30": "159.93500", "2013-03-31": "143.73200", "2012-12-31": "101.13100", "2012-09-30": "131.02100", "2012-06-30": "182.16900", "2012-03-31": "137.02700", "2011-12-31": "110.75000", "2011-09-30": "174.72300", "2011-06-30": "137.03000", "2011-03-31": "145.71500", "2010-12-31": "106.80800", "2010-09-30": "138.32600", "2010-06-30": "209.26700", "2010-03-31": "141.05400", "2009-12-31": "56.82000", "2009-09-30": "136.07400", "2009-06-30": "193.28800", "2009-03-31": "147.67600", "2008-12-31": "147.53300", "2008-09-30": "141.03500", "2008-06-30": "137.47600", "2008-03-31": "138.87000", "2007-12-31": "105.38200", "2007-09-30": "134.54100", "2007-06-30": "138.36500", "2007-03-31": "126.76600", "2006-12-31": "105.68100", "2006-09-30": "111.22600", "2006-06-30": "109.59200", "2006-03-31": "110.07700", "2005-12-31": "89.71500", "2005-09-30": "98.11000", "2005-06-30": "94.21300", "2005-03-31": "96.87500"}, "Operating Income": {"2020-09-30": "18.42500", "2020-06-30": "18.71700", "2020-03-31": "21.39500", "2019-12-31": "36.91400", "2019-09-30": "30.28000", "2019-06-30": "37.03900", "2019-03-31": "37.25100", "2018-12-31": "96.57300", "2018-09-30": "19.90400", "2018-06-30": "38.95600", "2018-03-31": "-30.05200", "2017-12-31": "-219.98200", "2017-09-30": "49.84800", "2017-06-30": "29.16500", "2017-03-31": "29.17200", "2016-12-31": "49.81390", "2016-09-30": "-33.48200", "2016-06-30": "69.26000", "2016-03-31": "66.60300", "2015-12-31": "64.12890", "2015-09-30": "69.03600", "2015-06-30": "64.92600", "2015-03-31": "-218.16100", "2014-12-31": "43.28910", "2014-09-30": "55.71200", "2014-06-30": "44.33500", "2014-03-31": "44.74800", "2013-12-31": "43.17800", "2013-09-30": "48.07800", "2013-06-30": "47.76500", "2013-03-31": "56.57500", "2012-12-31": "27.40100", "2012-09-30": "66.25600", "2012-06-30": "8.52500", "2012-03-31": "53.55700", "2011-12-31": "36.76000", "2011-09-30": "12.36800", "2011-06-30": "49.89600", "2011-03-31": "46.55600", "2010-12-31": "43.40100", "2010-09-30": "54.66600", "2010-06-30": "-12.66700", "2010-03-31": "61.07700", "2009-12-31": "98.32100", "2009-09-30": "59.62900", "2009-06-30": "4.18800", "2009-03-31": "59.99000", "2008-12-31": "-4.05500", "2008-09-30": "81.82500", "2008-06-30": "85.15800", "2008-03-31": "97.22600", "2007-12-31": "76.94800", "2007-09-30": "97.00600", "2007-06-30": "113.73800", "2007-03-31": "92.27900", "2006-12-31": "85.11400", "2006-09-30": "82.97400", "2006-06-30": "79.43500", "2006-03-31": "89.25200", "2005-12-31": "60.71700", "2005-09-30": "81.38000", "2005-06-30": "82.06200", "2005-03-31": "75.03700"}, "Total Non-Operating Income/Expense": {"2020-09-30": "-10.73800", "2020-06-30": "-22.77800", "2020-03-31": "13.46600", "2019-12-31": "-12.79000", "2019-09-30": "-6.13000", "2019-06-30": "-19.19600", "2019-03-31": "-0.88400", "2018-12-31": "85.00500", "2018-09-30": "-28.35800", "2018-06-30": "-41.19800", "2018-03-31": "-23.86300", "2017-12-31": "129.24100", "2017-09-30": "-83.64100", "2017-06-30": "-43.41300", "2017-03-31": "-121.10400", "2016-12-31": "32.37000", "2016-09-30": "-47.56400", "2016-06-30": "-41.36800", "2016-03-31": "-32.65300", "2015-12-31": "-59.52700", "2015-09-30": "-50.47800", "2015-06-30": "-56.57300", "2015-03-31": "-44.94700", "2014-12-31": "-75.86700", "2014-09-30": "-49.27600", "2014-06-30": "24.38500", "2014-03-31": "-64.36400", "2013-12-31": "-34.37100", "2013-09-30": "-46.55000", "2013-06-30": "-46.05900", "2013-03-31": "-44.51200", "2012-12-31": "-20.99900", "2012-09-30": "-35.57200", "2012-06-30": "-16.66900", "2012-03-31": "-53.19600", "2011-12-31": "-47.35700", "2011-09-30": "-56.00400", "2011-06-30": "-37.90800", "2011-03-31": "-8.90500", "2010-12-31": "-68.41100", "2010-09-30": "-66.14600", "2010-06-30": "-46.27900", "2010-03-31": "-79.95200", "2009-12-31": "-117.55800", "2009-09-30": "-205.15500", "2009-06-30": "-144.84100", "2009-03-31": "13.70200", "2008-12-31": "-159.81400", "2008-09-30": "-64.93100", "2008-06-30": "-49.16200", "2008-03-31": "-56.94000", "2007-12-31": "-53.71500", "2007-09-30": "-54.32400", "2007-06-30": "-49.67700", "2007-03-31": "-50.73300", "2006-12-31": "-42.24800", "2006-09-30": "-37.99200", "2006-06-30": "-44.17700", "2006-03-31": "-45.17800", "2005-12-31": "-26.82000", "2005-09-30": "-32.98000", "2005-06-30": "-34.69800", "2005-03-31": "-33.74400"}, "Pre-Tax Income": {"2020-09-30": "7.68700", "2020-06-30": "-4.06100", "2020-03-31": "34.86100", "2019-12-31": "24.12400", "2019-09-30": "24.15000", "2019-06-30": "17.84300", "2019-03-31": "36.36700", "2018-12-31": "181.57800", "2018-09-30": "-8.45400", "2018-06-30": "-2.24200", "2018-03-31": "-53.91500", "2017-12-31": "-90.74100", "2017-09-30": "-33.79300", "2017-06-30": "-14.24800", "2017-03-31": "-91.93200", "2016-12-31": "82.18400", "2016-09-30": "-81.04600", "2016-06-30": "27.89200", "2016-03-31": "33.95000", "2015-12-31": "4.60200", "2015-09-30": "18.55800", "2015-06-30": "8.35300", "2015-03-31": "-263.10800", "2014-12-31": "-32.57800", "2014-09-30": "6.43600", "2014-06-30": "68.72000", "2014-03-31": "-19.61600", "2013-12-31": "8.80700", "2013-09-30": "1.52800", "2013-06-30": "1.70600", "2013-03-31": "12.06300", "2012-12-31": "6.40200", "2012-09-30": "30.68400", "2012-06-30": "-8.14400", "2012-03-31": "0.36100", "2011-12-31": "-10.59700", "2011-09-30": "-43.63600", "2011-06-30": "11.98800", "2011-03-31": "37.65100", "2010-12-31": "-25.01000", "2010-09-30": "-11.48000", "2010-06-30": "-58.94600", "2010-03-31": "-18.87500", "2009-12-31": "-19.23700", "2009-09-30": "-145.52600", "2009-06-30": "-140.65300", "2009-03-31": "73.69200", "2008-12-31": "-163.86900", "2008-09-30": "16.89400", "2008-06-30": "35.99600", "2008-03-31": "40.28600", "2007-12-31": "23.23300", "2007-09-30": "42.68200", "2007-06-30": "64.06100", "2007-03-31": "41.54600", "2006-12-31": "42.86600", "2006-09-30": "44.98200", "2006-06-30": "35.25800", "2006-03-31": "44.07400", "2005-12-31": "33.89700", "2005-09-30": "48.40000", "2005-06-30": "47.36400", "2005-03-31": "41.29300"}, "Income Taxes": {"2020-09-30": "0.28400", "2020-06-30": "0.34200", "2020-03-31": "0.23300", "2019-12-31": "-0.16800", "2019-09-30": "0.24900", "2019-06-30": "0.30600", "2019-03-31": "0.27200", "2018-12-31": "0.25100", "2018-09-30": "0.23800", "2018-06-30": "0.39100", "2018-03-31": "-0.01800", "2017-12-31": "2.45500", "2017-09-30": "9.26700", "2017-06-30": "0.47300", "2017-03-31": "0.22300", "2016-12-31": "0.68000", "2016-09-30": "0.39800", "2016-06-30": "0.24500", "2016-03-31": "0.45800", "2015-12-31": "0.28500", "2015-09-30": "0.52800", "2015-06-30": "0.57300", "2015-03-31": "4.90000", "2014-12-31": "0.74300", "2014-09-30": "-0.21400", "2014-06-30": "0.64200", "2014-03-31": "0.68400", "2013-12-31": "0.21700", "2013-09-30": "0.40400", "2013-06-30": "1.70300", "2013-03-31": "0.36100", "2012-12-31": "0.32400", "2012-09-30": "0.26300", "2012-06-30": "0.36700", "2012-03-31": "0.17700", "2011-12-31": "0.00000", "2011-09-30": "0.29100", "2011-06-30": "0.39200", "2011-03-31": "0.32600", "2010-12-31": "49.43800", "2010-09-30": "1.11800", "2010-06-30": "-3.61600", "2010-03-31": "1.00200", "2009-12-31": "-1.35100", "2009-09-30": "0.61000", "2009-06-30": "0.90900", "2009-03-31": "-1.03600", "2008-12-31": "-2.44100", "2008-09-30": "-16.42600", "2008-06-30": "0.28600", "2008-03-31": "1.03700", "2007-12-31": "0.57400", "2007-09-30": "0.48300", "2007-06-30": "-0.71100", "2007-03-31": "-15.06100", "2006-12-31": "0.17700", "2006-09-30": "-0.33000", "2006-06-30": "-2.79300", "2006-03-31": "0.44900", "2005-12-31": "-0.27900", "2005-09-30": "-0.01000", "2005-06-30": "0.39800", "2005-03-31": "0.16700"}, "Income After Taxes": {"2020-09-30": "7.40300", "2020-06-30": "-4.40300", "2020-03-31": "34.62800", "2019-12-31": "24.29200", "2019-09-30": "23.90100", "2019-06-30": "17.53700", "2019-03-31": "36.09500", "2018-12-31": "181.32700", "2018-09-30": "-8.69200", "2018-06-30": "-2.63300", "2018-03-31": "-53.89700", "2017-12-31": "-93.19600", "2017-09-30": "-43.06000", "2017-06-30": "-14.72100", "2017-03-31": "-92.15500", "2016-12-31": "81.50400", "2016-09-30": "-81.44400", "2016-06-30": "27.64700", "2016-03-31": "33.49200", "2015-12-31": "4.31700", "2015-09-30": "18.03000", "2015-06-30": "7.78000", "2015-03-31": "-268.00800", "2014-12-31": "-33.32100", "2014-09-30": "6.65000", "2014-06-30": "68.07800", "2014-03-31": "-20.30000", "2013-12-31": "8.59000", "2013-09-30": "1.12400", "2013-06-30": "0.00300", "2013-03-31": "11.70200", "2012-12-31": "6.07800", "2012-09-30": "30.42100", "2012-06-30": "-8.51100", "2012-03-31": "0.18400", "2011-12-31": "-10.59700", "2011-09-30": "-43.92700", "2011-06-30": "11.59600", "2011-03-31": "37.32500", "2010-12-31": "-74.44800", "2010-09-30": "-12.59800", "2010-06-30": "-55.33000", "2010-03-31": "-19.87700", "2009-12-31": "-17.88600", "2009-09-30": "-146.13600", "2009-06-30": "-141.56200", "2009-03-31": "74.72800", "2008-12-31": "-161.42800", "2008-09-30": "33.32000", "2008-06-30": "35.71000", "2008-03-31": "39.24900", "2007-12-31": "22.65900", "2007-09-30": "42.19900", "2007-06-30": "64.77200", "2007-03-31": "56.60700", "2006-12-31": "42.68900", "2006-09-30": "45.31200", "2006-06-30": "38.05100", "2006-03-31": "43.62500", "2005-12-31": "34.17600", "2005-09-30": "48.41000", "2005-06-30": "46.96600", "2005-03-31": "41.12600"}, "Other Income": {"2020-09-30": "", "2020-06-30": "", "2020-03-31": "", "2019-12-31": "", "2019-09-30": "", "2019-06-30": "", "2019-03-31": "", "2018-12-31": "", "2018-09-30": "", "2018-06-30": "", "2018-03-31": "", "2017-12-31": "", "2017-09-30": "", "2017-06-30": "", "2017-03-31": "", "2016-12-31": "", "2016-09-30": "", "2016-06-30": "", "2016-03-31": "", "2015-12-31": "", "2015-09-30": "", "2015-06-30": "", "2015-03-31": "", "2014-12-31": "", "2014-09-30": "", "2014-06-30": "", "2014-03-31": "", "2013-12-31": "", "2013-09-30": "", "2013-06-30": "", "2013-03-31": "", "2012-12-31": "", "2012-09-30": "", "2012-06-30": "", "2012-03-31": "", "2011-12-31": "", "2011-09-30": "", "2011-06-30": "", "2011-03-31": "", "2010-12-31": "", "2010-09-30": "", "2010-06-30": "", "2010-03-31": "", "2009-12-31": "", "2009-09-30": "", "2009-06-30": "", "2009-03-31": "", "2008-12-31": "", "2008-09-30": "", "2008-06-30": "", "2008-03-31": "", "2007-12-31": "", "2007-09-30": "", "2007-06-30": "", "2007-03-31": "", "2006-12-31": "", "2006-09-30": "", "2006-06-30": "", "2006-03-31": "", "2005-12-31": "", "2005-09-30": "", "2005-06-30": "", "2005-03-31": ""}, "Income From Continuous Operations": {"2020-09-30": "7.40300", "2020-06-30": "-4.40300", "2020-03-31": "34.62800", "2019-12-31": "24.29200", "2019-09-30": "23.90100", "2019-06-30": "17.53700", "2019-03-31": "36.09500", "2018-12-31": "181.32700", "2018-09-30": "-8.69200", "2018-06-30": "-2.63300", "2018-03-31": "-53.89700", "2017-12-31": "-93.19600", "2017-09-30": "-43.06000", "2017-06-30": "-14.72100", "2017-03-31": "-92.15500", "2016-12-31": "81.50400", "2016-09-30": "-81.44400", "2016-06-30": "27.64700", "2016-03-31": "33.49200", "2015-12-31": "4.31700", "2015-09-30": "18.03000", "2015-06-30": "7.78000", "2015-03-31": "-268.00800", "2014-12-31": "-33.32100", "2014-09-30": "6.65000", "2014-06-30": "68.07800", "2014-03-31": "-20.30000", "2013-12-31": "8.59000", "2013-09-30": "1.12400", "2013-06-30": "0.00300", "2013-03-31": "11.70200", "2012-12-31": "6.07800", "2012-09-30": "30.42100", "2012-06-30": "-8.51100", "2012-03-31": "0.18400", "2011-12-31": "-10.59700", "2011-09-30": "-43.92700", "2011-06-30": "11.59600", "2011-03-31": "37.32500", "2010-12-31": "-74.44800", "2010-09-30": "-12.59800", "2010-06-30": "-55.33000", "2010-03-31": "-19.87700", "2009-12-31": "-17.88600", "2009-09-30": "-146.13600", "2009-06-30": "-141.56200", "2009-03-31": "74.72800", "2008-12-31": "-161.42800", "2008-09-30": "33.32000", "2008-06-30": "35.71000", "2008-03-31": "39.24900", "2007-12-31": "38.57800", "2007-09-30": "39.99500", "2007-06-30": "56.89600", "2007-03-31": "50.76800", "2006-12-31": "40.30000", "2006-09-30": "43.02900", "2006-06-30": "36.10400", "2006-03-31": "41.35100", "2005-12-31": "31.49800", "2005-09-30": "45.80500", "2005-06-30": "45.78800", "2005-03-31": "39.70600"}, "Income From Discontinued Operations": {"2020-09-30": "", "2020-06-30": "", "2020-03-31": "", "2019-12-31": "", "2019-09-30": "", "2019-06-30": "", "2019-03-31": "", "2018-12-31": "", "2018-09-30": "", "2018-06-30": "", "2018-03-31": "", "2017-12-31": "", "2017-09-30": "44.29100", "2017-06-30": "44.59900", "2017-03-31": "38.12700", "2016-12-31": "", "2016-09-30": "21.36800", "2016-06-30": "13.72100", "2016-03-31": "12.38100", "2015-12-31": "", "2015-09-30": "41.79300", "2015-06-30": "11.26700", "2015-03-31": "25.09400", "2014-12-31": "18.82800", "2014-09-30": "59.83100", "2014-06-30": "8.81700", "2014-03-31": "1.92200", "2013-12-31": "0.32000", "2013-09-30": "-3.25800", "2013-06-30": "-23.12100", "2013-03-31": "-5.20800", "2012-12-31": "0.14800", "2012-09-30": "-3.81600", "2012-06-30": "-34.10300", "2012-03-31": "-15.73000", "2011-12-31": "24.23200", "2011-09-30": "-9.76600", "2011-06-30": "-27.17500", "2011-03-31": "-1.08500", "2010-12-31": "-11.61000", "2010-09-30": "-3.30700", "2010-06-30": "-65.83600", "2010-03-31": "-6.03300", "2009-12-31": "-60.65500", "2009-09-30": "-1.64200", "2009-06-30": "-120.09000", "2009-03-31": "9.60300", "2008-12-31": "-40.27700", "2008-09-30": "0.41600", "2008-06-30": "2.07000", "2008-03-31": "0.90900", "2007-12-31": "5.75400", "2007-09-30": "-0.40300", "2007-06-30": "16.52900", "2007-03-31": "5.75800", "2006-12-31": "10.79100", "2006-09-30": "5.82100", "2006-06-30": "2.69400", "2006-03-31": "1.15100", "2005-12-31": "15.28800", "2005-09-30": "11.94100", "2005-06-30": "3.29200", "2005-03-31": "1.18500"}, "Net Income": {"2020-09-30": "2.15400", "2020-06-30": "-9.74600", "2020-03-31": "29.20000", "2019-12-31": "9.74300", "2019-09-30": "15.24800", "2019-06-30": "8.89400", "2019-03-31": "27.40700", "2018-12-31": "172.46400", "2018-09-30": "-17.31300", "2018-06-30": "-11.71200", "2018-03-31": "-62.53600", "2017-12-31": "-226.42100", "2017-09-30": "-7.40000", "2017-06-30": "23.21200", "2017-03-31": "-59.83500", "2016-12-31": "28.14800", "2016-09-30": "-65.95400", "2016-06-30": "35.46400", "2016-03-31": "39.97900", "2015-12-31": "87.87300", "2015-09-30": "53.96100", "2015-06-30": "13.00400", "2015-03-31": "-249.38100", "2014-12-31": "-16.29400", "2014-09-30": "63.01200", "2014-06-30": "67.81500", "2014-03-31": "-23.24800", "2013-12-31": "0.60200", "2013-09-30": "-6.98300", "2013-06-30": "-36.03400", "2013-03-31": "-0.72700", "2012-12-31": "-7.03300", "2012-09-30": "13.25300", "2012-06-30": "-44.46700", "2012-03-31": "-22.02400", "2011-12-31": "-1.76200", "2011-09-30": "-49.95600", "2011-06-30": "-26.87000", "2011-03-31": "24.74500", "2010-12-31": "-94.79400", "2010-09-30": "-24.87700", "2010-06-30": "-97.14200", "2010-03-31": "-34.81400", "2009-12-31": "-90.13100", "2009-09-30": "-148.41300", "2009-06-30": "-237.15200", "2009-03-31": "76.83400", "2008-12-31": "-194.57100", "2008-09-30": "24.68300", "2008-06-30": "26.09600", "2008-03-31": "29.59300", "2007-12-31": "21.11900", "2007-09-30": "32.71600", "2007-06-30": "111.42900", "2007-03-31": "48.74400", "2006-12-31": "48.19700", "2006-09-30": "49.02000", "2006-06-30": "64.94300", "2006-03-31": "35.93500", "2005-12-31": "35.06900", "2005-09-30": "46.48500", "2005-06-30": "54.16200", "2005-03-31": "91.75800"}, "EBITDA": {"2020-09-30": "60.60400", "2020-06-30": "60.62100", "2020-03-31": "65.90700", "2019-12-31": "79.52200", "2019-09-30": "72.19400", "2019-06-30": "78.03500", "2019-03-31": "80.79600", "2018-12-31": "143.30500", "2018-09-30": "70.50700", "2018-06-30": "115.55000", "2018-03-31": "54.47500", "2017-12-31": "-138.63500", "2017-09-30": "139.12100", "2017-06-30": "120.43100", "2017-03-31": "120.96200", "2016-12-31": "149.82390", "2016-09-30": "62.42300", "2016-06-30": "167.44800", "2016-03-31": "164.16600", "2015-12-31": "168.49190", "2015-09-30": "168.65100", "2015-06-30": "162.72800", "2015-03-31": "-113.25800", "2014-12-31": "150.84810", "2014-09-30": "159.28700", "2014-06-30": "141.88700", "2014-03-31": "160.03000", "2013-12-31": "149.78190", "2013-09-30": "128.41200", "2013-06-30": "47.76500", "2013-03-31": "56.57500", "2012-12-31": "27.40100", "2012-09-30": "66.25600", "2012-06-30": "8.52500", "2012-03-31": "53.55700", "2011-12-31": "36.76000", "2011-09-30": "12.36800", "2011-06-30": "49.89600", "2011-03-31": "46.55600", "2010-12-31": "43.40100", "2010-09-30": "54.66600", "2010-06-30": "-12.66700", "2010-03-31": "61.07700", "2009-12-31": "98.32100", "2009-09-30": "59.62900", "2009-06-30": "4.18800", "2009-03-31": "59.99000", "2008-12-31": "-4.05500", "2008-09-30": "81.82500", "2008-06-30": "85.15800", "2008-03-31": "97.22600", "2007-12-31": "76.94800", "2007-09-30": "97.00600", "2007-06-30": "113.73800", "2007-03-31": "92.27900", "2006-12-31": "85.11400", "2006-09-30": "82.97400", "2006-06-30": "79.43500", "2006-03-31": "89.25200", "2005-12-31": "60.71700", "2005-09-30": "81.38000", "2005-06-30": "82.06200", "2005-03-31": "75.03700"}, "EBIT": {"2020-09-30": "18.42500", "2020-06-30": "18.71700", "2020-03-31": "21.39500", "2019-12-31": "36.91400", "2019-09-30": "30.28000", "2019-06-30": "37.03900", "2019-03-31": "37.25100", "2018-12-31": "96.57300", "2018-09-30": "19.90400", "2018-06-30": "38.95600", "2018-03-31": "-30.05200", "2017-12-31": "-219.98200", "2017-09-30": "49.84800", "2017-06-30": "29.16500", "2017-03-31": "29.17200", "2016-12-31": "49.81390", "2016-09-30": "-33.48200", "2016-06-30": "69.26000", "2016-03-31": "66.60300", "2015-12-31": "64.12890", "2015-09-30": "69.03600", "2015-06-30": "64.92600", "2015-03-31": "-218.16100", "2014-12-31": "43.28900", "2014-09-30": "55.71200", "2014-06-30": "44.33500", "2014-03-31": "44.74800", "2013-12-31": "43.17790", "2013-09-30": "48.07800", "2013-06-30": "47.76500", "2013-03-31": "56.57500", "2012-12-31": "27.40100", "2012-09-30": "66.25600", "2012-06-30": "8.52500", "2012-03-31": "53.55700", "2011-12-31": "36.76000", "2011-09-30": "12.36800", "2011-06-30": "49.89600", "2011-03-31": "46.55600", "2010-12-31": "43.40100", "2010-09-30": "54.66600", "2010-06-30": "-12.66700", "2010-03-31": "61.07700", "2009-12-31": "98.32100", "2009-09-30": "59.62900", "2009-06-30": "4.18800", "2009-03-31": "59.99000", "2008-12-31": "-4.05500", "2008-09-30": "81.82500", "2008-06-30": "85.15800", "2008-03-31": "97.22600", "2007-12-31": "76.94800", "2007-09-30": "97.00600", "2007-06-30": "113.73800", "2007-03-31": "92.27900", "2006-12-31": "85.11400", "2006-09-30": "82.97400", "2006-06-30": "79.43500", "2006-03-31": "89.25200", "2005-12-31": "60.71700", "2005-09-30": "81.38000", "2005-06-30": "82.06200", "2005-03-31": "75.03700"}, "Basic Shares Outstanding": {"2020-09-30": "193.20300", "2020-06-30": "193.17000", "2020-03-31": "193.72600", "2019-12-31": "183.02600", "2019-09-30": "180.56700", "2019-06-30": "180.55100", "2019-03-31": "180.54600", "2018-12-31": "184.52800", "2018-09-30": "184.65500", "2018-06-30": "184.63400", "2018-03-31": "184.56000", "2017-12-31": "183.68100", "2017-09-30": "183.84300", "2017-06-30": "183.49300", "2017-03-31": "183.21500", "2016-12-31": "182.64700", "2016-09-30": "182.75400", "2016-06-30": "182.48800", "2016-03-31": "182.34550", "2015-12-31": "180.47300", "2015-09-30": "180.55350", "2015-06-30": "180.03650", "2015-03-31": "179.90900", "2014-12-31": "179.06100", "2014-09-30": "179.01250", "2014-06-30": "178.90600", "2014-03-31": "178.81700", "2013-12-31": "163.21300", "2013-09-30": "159.09200", "2013-06-30": "158.48350", "2013-03-31": "156.61550", "2012-12-31": "145.86300", "2012-09-30": "151.11600", "2012-06-30": "140.19500", "2012-03-31": "137.60700", "2011-12-31": "135.13900", "2011-09-30": "137.31950", "2011-06-30": "137.14950", "2011-03-31": "127.98300", "2010-12-31": "122.35600", "2010-09-30": "124.56950", "2010-06-30": "124.26650", "2010-03-31": "113.56650", "2009-12-31": "79.40800", "2009-09-30": "82.53650", "2009-06-30": "72.11350", "2009-03-31": "64.24250", "2008-12-31": "59.92150", "2008-09-30": "59.89750", "2008-06-30": "59.69500", "2008-03-31": "59.57400", "2007-12-31": "60.43950", "2007-09-30": "61.66450", "2007-06-30": "62.22750", "2007-03-31": "57.42550", "2006-12-31": "54.50100", "2006-09-30": "54.56000", "2006-06-30": "54.69650", "2006-03-31": "54.48100", "2005-12-31": "54.15500", "2005-09-30": "54.21550", "2005-06-30": "54.13800", "2005-03-31": "54.00250"}, "Shares Outstanding": {"2020-09-30": "193.36500", "2020-06-30": "193.17000", "2020-03-31": "193.72600", "2019-12-31": "183.25400", "2019-09-30": "181.50700", "2019-06-30": "181.20900", "2019-03-31": "181.09100", "2018-12-31": "184.53500", "2018-09-30": "184.65500", "2018-06-30": "184.63400", "2018-03-31": "184.56000", "2017-12-31": "183.68100", "2017-09-30": "183.84300", "2017-06-30": "183.51500", "2017-03-31": "183.21500", "2016-12-31": "182.78100", "2016-09-30": "182.75400", "2016-06-30": "182.65900", "2016-03-31": "182.52100", "2015-12-31": "180.47300", "2015-09-30": "181.78550", "2015-06-30": "182.07350", "2015-03-31": "179.90900", "2014-12-31": "179.06100", "2014-09-30": "179.25600", "2014-06-30": "179.14750", "2014-03-31": "178.81700", "2013-12-31": "163.21300", "2013-09-30": "159.09200", "2013-06-30": "158.48350", "2013-03-31": "156.94950", "2012-12-31": "145.86300", "2012-09-30": "151.46200", "2012-06-30": "140.19500", "2012-03-31": "137.60700", "2011-12-31": "135.73600", "2011-09-30": "137.31950", "2011-06-30": "138.03350", "2011-03-31": "131.29050", "2010-12-31": "122.35600", "2010-09-30": "124.56950", "2010-06-30": "126.76950", "2010-03-31": "113.56650", "2009-12-31": "79.40800", "2009-09-30": "82.53650", "2009-06-30": "72.11350", "2009-03-31": "64.84200", "2008-12-31": "59.92150", "2008-09-30": "59.94100", "2008-06-30": "60.17100", "2008-03-31": "59.65000", "2007-12-31": "60.66750", "2007-09-30": "61.86350", "2007-06-30": "62.96300", "2007-03-31": "57.83050", "2006-12-31": "54.80650", "2006-09-30": "54.83500", "2006-06-30": "55.43300", "2006-03-31": "54.80450", "2005-12-31": "54.57100", "2005-09-30": "54.60550", "2005-06-30": "54.51100", "2005-03-31": "55.12200"}, "Basic EPS": {"2020-09-30": "0.01000", "2020-06-30": "-0.05000", "2020-03-31": "0.15000", "2019-12-31": "0.05000", "2019-09-30": "0.08000", "2019-06-30": "0.05000", "2019-03-31": "0.15000", "2018-12-31": "0.93000", "2018-09-30": "-0.09000", "2018-06-30": "-0.07000", "2018-03-31": "-0.34000", "2017-12-31": "-1.25000", "2017-09-30": "-0.04000", "2017-06-30": "0.13000", "2017-03-31": "-0.32000", "2016-12-31": "0.14000", "2016-09-30": "-0.36000", "2016-06-30": "0.20000", "2016-03-31": "0.22000", "2015-12-31": "0.48000", "2015-09-30": "0.30000", "2015-06-30": "0.06000", "2015-03-31": "-1.38000", "2014-12-31": "-0.08000", "2014-09-30": "0.34000", "2014-06-30": "0.38000", "2014-03-31": "-0.14000", "2013-12-31": "-0.02000", "2013-09-30": "-0.04000", "2013-06-30": "-0.22000", "2013-03-31": "0.00000", "2012-12-31": "-0.02000", "2012-09-30": "0.08000", "2012-06-30": "-0.32000", "2012-03-31": "-0.16000", "2011-12-31": "-0.04000", "2011-09-30": "-0.36000", "2011-06-30": "-0.20000", "2011-03-31": "0.20000", "2010-12-31": "-0.78000", "2010-09-30": "-0.20000", "2010-06-30": "-0.78000", "2010-03-31": "-0.30000", "2009-12-31": "-1.12000", "2009-09-30": "-1.80000", "2009-06-30": "-3.28000", "2009-03-31": "1.18000", "2008-12-31": "-3.26000", "2008-09-30": "0.40000", "2008-06-30": "0.44000", "2008-03-31": "0.50000", "2007-12-31": "0.34000", "2007-09-30": "0.54000", "2007-06-30": "1.80000", "2007-03-31": "0.84000", "2006-12-31": "0.90000", "2006-09-30": "0.90000", "2006-06-30": "1.18000", "2006-03-31": "0.66000", "2005-12-31": "0.64000", "2005-09-30": "0.86000", "2005-06-30": "1.00000", "2005-03-31": "1.70000"}, "EPS - Earnings Per Share": {"2020-09-30": "0.01000", "2020-06-30": "-0.05000", "2020-03-31": "0.15000", "2019-12-31": "0.05000", "2019-09-30": "0.08000", "2019-06-30": "0.05000", "2019-03-31": "0.15000", "2018-12-31": "0.93000", "2018-09-30": "-0.09000", "2018-06-30": "-0.07000", "2018-03-31": "-0.34000", "2017-12-31": "-1.25000", "2017-09-30": "-0.04000", "2017-06-30": "0.13000", "2017-03-31": "-0.32000", "2016-12-31": "0.14000", "2016-09-30": "-0.36000", "2016-06-30": "0.20000", "2016-03-31": "0.22000", "2015-12-31": "0.48000", "2015-09-30": "0.30000", "2015-06-30": "0.06000", "2015-03-31": "-1.38000", "2014-12-31": "-0.08000", "2014-09-30": "0.34000", "2014-06-30": "0.38000", "2014-03-31": "-0.14000", "2013-12-31": "-0.02000", "2013-09-30": "-0.04000", "2013-06-30": "-0.22000", "2013-03-31": "0.00000", "2012-12-31": "-0.02000", "2012-09-30": "0.08000", "2012-06-30": "-0.32000", "2012-03-31": "-0.16000", "2011-12-31": "-0.02000", "2011-09-30": "-0.36000", "2011-06-30": "-0.20000", "2011-03-31": "0.02000", "2010-12-31": "-0.62000", "2010-09-30": "-0.20000", "2010-06-30": "-0.94000", "2010-03-31": "-0.30000", "2009-12-31": "-1.12000", "2009-09-30": "-1.80000", "2009-06-30": "-3.28000", "2009-03-31": "1.18000", "2008-12-31": "-3.26000", "2008-09-30": "0.40000", "2008-06-30": "0.44000", "2008-03-31": "0.50000", "2007-12-31": "0.36000", "2007-09-30": "0.52000", "2007-06-30": "1.78000", "2007-03-31": "0.84000", "2006-12-31": "0.88000", "2006-09-30": "0.90000", "2006-06-30": "1.18000", "2006-03-31": "0.66000", "2005-12-31": "0.62000", "2005-09-30": "0.86000", "2005-06-30": "1.00000", "2005-03-31": "1.68000"}}, "balance sheet": {"Cash On Hand": {"2019-12-31": "19.13300", "2018-12-31": "13.65000", "2017-12-31": "94.72400", "2016-12-31": "39.22500", "2015-12-31": "32.52000", "2014-12-31": "32.31200", "2013-12-31": "120.14000", "2012-12-31": "54.83200", "2011-12-31": "72.18900", "2010-12-31": "47.55500", "2009-12-31": "121.84500", "2008-12-31": "141.28600", "2007-12-31": "108.50500", "2006-12-31": "28.37800", "2005-12-31": "30.65500"}, "Receivables": {"2019-12-31": "60.59400", "2018-12-31": "67.33500", "2017-12-31": "167.27800", "2016-12-31": "121.36700", "2015-12-31": "129.08900", "2014-12-31": "132.66100", "2013-12-31": "129.51300", "2012-12-31": "126.22800", "2011-12-31": "117.46300", "2010-12-31": "123.25900", "2009-12-31": "146.80900", "2008-12-31": "164.35600", "2007-12-31": "199.35400", "2006-12-31": "152.16100", "2005-12-31": "112.46400"}, "Inventory": {"2019-12-31": "", "2018-12-31": "", "2017-12-31": "", "2016-12-31": "", "2015-12-31": "", "2014-12-31": "", "2013-12-31": "", "2012-12-31": "", "2011-12-31": "", "2010-12-31": "", "2009-12-31": "", "2008-12-31": "", "2007-12-31": "", "2006-12-31": "", "2005-12-31": ""}, "Pre-Paid Expenses": {"2019-12-31": "", "2018-12-31": "", "2017-12-31": "", "2016-12-31": "", "2015-12-31": "", "2014-12-31": "", "2013-12-31": "", "2012-12-31": "", "2011-12-31": "", "2010-12-31": "", "2009-12-31": "", "2008-12-31": "", "2007-12-31": "", "2006-12-31": "", "2005-12-31": ""}, "Other Current Assets": {"2019-12-31": "", "2018-12-31": "", "2017-12-31": "", "2016-12-31": "", "2015-12-31": "", "2014-12-31": "", "2013-12-31": "", "2012-12-31": "", "2011-12-31": "", "2010-12-31": "", "2009-12-31": "", "2008-12-31": "", "2007-12-31": "", "2006-12-31": "", "2005-12-31": ""}, "Total Current Assets": {"2019-12-31": "79.72700", "2018-12-31": "80.98500", "2017-12-31": "281.67700", "2016-12-31": "210.09500", "2015-12-31": "204.14300", "2014-12-31": "221.21800", "2013-12-31": "327.99100", "2012-12-31": "249.77800", "2011-12-31": "283.55700", "2010-12-31": "291.14400", "2009-12-31": "343.65100", "2008-12-31": "381.42300", "2007-12-31": "326.41600", "2006-12-31": "198.70000", "2005-12-31": "168.11500"}, "Property, Plant, And Equipment": {"2019-12-31": "3420.66400", "2018-12-31": "3455.50900", "2017-12-31": "6294.52400", "2016-12-31": "7247.88200", "2015-12-31": "8065.30000", "2014-12-31": "8426.20000", "2013-12-31": "8401.08200", "2012-12-31": "6968.39400", "2011-12-31": "6719.06300", "2010-12-31": "6959.12700", "2009-12-31": "7490.40300", "2008-12-31": "7900.66300", "2007-12-31": "7960.62300", "2006-12-31": "6586.19300", "2005-12-31": "6336.51400"}, "Long-Term Investments": {"2019-12-31": "", "2018-12-31": "", "2017-12-31": "", "2016-12-31": "", "2015-12-31": "", "2014-12-31": "", "2013-12-31": "", "2012-12-31": "", "2011-12-31": "", "2010-12-31": "", "2009-12-31": "", "2008-12-31": "", "2007-12-31": "", "2006-12-31": "", "2005-12-31": ""}, "Goodwill And Intangible Assets": {"2019-12-31": "", "2018-12-31": "", "2017-12-31": "", "2016-12-31": "", "2015-12-31": "", "2014-12-31": "", "2013-12-31": "", "2012-12-31": "", "2011-12-31": "", "2010-12-31": "", "2009-12-31": "", "2008-12-31": "", "2007-12-31": "", "2006-12-31": "", "2005-12-31": ""}, "Other Long-Term Assets": {"2019-12-31": "593.23100", "2018-12-31": "669.83700", "2017-12-31": "593.87200", "2016-12-31": "739.54100", "2015-12-31": "827.64500", "2014-12-31": "871.99400", "2013-12-31": "925.87600", "2012-12-31": "795.16700", "2011-12-31": "421.53300", "2010-12-31": "472.83100", "2009-12-31": "559.39000", "2008-12-31": "712.55700", "2007-12-31": "771.60500", "2006-12-31": "371.15200", "2005-12-31": "337.19100"}, "Total Long-Term Assets": {"2019-12-31": "4013.89500", "2018-12-31": "4125.34600", "2017-12-31": "6888.39600", "2016-12-31": "7987.42300", "2015-12-31": "8892.94500", "2014-12-31": "9298.19400", "2013-12-31": "9365.08200", "2012-12-31": "7806.05900", "2011-12-31": "7185.86800", "2010-12-31": "7476.94600", "2009-12-31": "8082.95500", "2008-12-31": "8638.79900", "2007-12-31": "8763.40000", "2006-12-31": "6981.05300", "2005-12-31": "6694.86200"}, "Total Assets": {"2019-12-31": "4093.62200", "2018-12-31": "4206.33100", "2017-12-31": "7170.07300", "2016-12-31": "8197.51800", "2015-12-31": "9097.08800", "2014-12-31": "9519.41200", "2013-12-31": "9693.07300", "2012-12-31": "8055.83700", "2011-12-31": "7469.42500", "2010-12-31": "7768.09000", "2009-12-31": "8426.60600", "2008-12-31": "9020.22200", "2007-12-31": "9089.81600", "2006-12-31": "7179.75300", "2005-12-31": "6862.97700"}, "Total Current Liabilities": {"2019-12-31": "220.81100", "2018-12-31": "203.66200", "2017-12-31": "344.77400", "2016-12-31": "382.29300", "2015-12-31": "425.47800", "2014-12-31": "448.19200", "2013-12-31": "415.41300", "2012-12-31": "326.02400", "2011-12-31": "257.82100", "2010-12-31": "223.07400", "2009-12-31": "130.40400", "2008-12-31": "169.01400", "2007-12-31": "141.62900", "2006-12-31": "134.78100", "2005-12-31": "111.18600"}, "Long Term Debt": {"2019-12-31": "1847.29700", "2018-12-31": "1884.40500", "2017-12-31": "3849.31200", "2016-12-31": "4493.96800", "2015-12-31": "5139.53700", "2014-12-31": "5212.22400", "2013-12-31": "5294.67400", "2012-12-31": "4319.14300", "2011-12-31": "4104.58400", "2010-12-31": "4398.23700", "2009-12-31": "5234.74300", "2008-12-31": "5866.65500", "2007-12-31": "5591.01400", "2006-12-31": "4248.81200", "2005-12-31": "3891.00100"}, "Other Non-Current Liabilities": {"2019-12-31": "44.03600", "2018-12-31": "45.26200", "2017-12-31": "78.54900", "2016-12-31": "75.24500", "2015-12-31": "68.60400", "2014-12-31": "61.46800", "2013-12-31": "55.10700", "2012-12-31": "44.21000", "2011-12-31": "29.12800", "2010-12-31": "12.09200", "2009-12-31": "109.12500", "2008-12-31": "119.13200", "2007-12-31": "229.46700", "2006-12-31": "178.04400", "2005-12-31": "159.06000"}, "Total Long Term Liabilities": {"2019-12-31": "1891.33300", "2018-12-31": "1929.66700", "2017-12-31": "3927.86100", "2016-12-31": "4569.21300", "2015-12-31": "5208.14100", "2014-12-31": "5273.69100", "2013-12-31": "5349.78100", "2012-12-31": "4363.35300", "2011-12-31": "4133.71200", "2010-12-31": "4410.32900", "2009-12-31": "5343.86800", "2008-12-31": "5986.41400", "2007-12-31": "5949.36100", "2006-12-31": "4548.78900", "2005-12-31": "4181.51000"}, "Total Liabilities": {"2019-12-31": "2112.14400", "2018-12-31": "2133.32900", "2017-12-31": "4272.63500", "2016-12-31": "4951.50600", "2015-12-31": "5633.61900", "2014-12-31": "5721.88400", "2013-12-31": "5765.19400", "2012-12-31": "4689.37700", "2011-12-31": "4391.53300", "2010-12-31": "4633.40300", "2009-12-31": "5474.27000", "2008-12-31": "6155.42800", "2007-12-31": "6090.99100", "2006-12-31": "4683.57000", "2005-12-31": "4292.69600"}, "Common Stock Net": {"2019-12-31": "19.38200", "2018-12-31": "18.47100", "2017-12-31": "18.42600", "2016-12-31": "36.63000", "2015-12-31": "36.52900", "2014-12-31": "36.07100", "2013-12-31": "35.93800", "2012-12-31": "31.52400", "2011-12-31": "27.71100", "2010-12-31": "25.62700", "2009-12-31": "20.17400", "2008-12-31": "12.86400", "2007-12-31": "12.67900", "2006-12-31": "10.97400", "2005-12-31": "10.89500"}, "Retained Earnings (Accumulated Deficit)": {"2019-12-31": "-4066.09900", "2018-12-31": "-3980.15100", "2017-12-31": "-3183.13400", "2016-12-31": "-2632.32700", "2015-12-31": "-2391.79300", "2014-12-31": "-2047.21200", "2013-12-31": "-1915.63800", "2012-12-31": "-1694.82200", "2011-12-31": "-1493.35300", "2010-12-31": "-1378.34100", "2009-12-31": "-1098.66100", "2008-12-31": "-635.23900", "2007-12-31": "-260.01800", "2006-12-31": "-159.61500", "2005-12-31": "-99.75600"}, "Comprehensive Income": {"2019-12-31": "-0.49100", "2018-12-31": "-1.38100", "2017-12-31": "-1.10600", "2016-12-31": "-4.19200", "2015-12-31": "-6.28300", "2014-12-31": "-7.35200", "2013-12-31": "-36.49300", "2012-12-31": "-27.92500", "2011-12-31": "-1.40300", "2010-12-31": "25.64600", "2009-12-31": "9.54900", "2008-12-31": "-49.84900", "2007-12-31": "8.96500", "2006-12-31": "7.82900", "2005-12-31": "10.42500"}, "Other Share Holders Equity": {"2019-12-31": "", "2018-12-31": "", "2017-12-31": "", "2016-12-31": "", "2015-12-31": "", "2014-12-31": "", "2013-12-31": "", "2012-12-31": "", "2011-12-31": "", "2010-12-31": "", "2009-12-31": "", "2008-12-31": "", "2007-12-31": "", "2006-12-31": "", "2005-12-31": ""}, "Share Holder Equity": {"2019-12-31": "1981.47800", "2018-12-31": "2073.00200", "2017-12-31": "2897.43800", "2016-12-31": "3246.01200", "2015-12-31": "3463.46900", "2014-12-31": "3797.52800", "2013-12-31": "3927.87900", "2012-12-31": "3366.46000", "2011-12-31": "3077.89200", "2010-12-31": "3134.68700", "2009-12-31": "2952.33600", "2008-12-31": "2864.79400", "2007-12-31": "2998.82500", "2006-12-31": "2496.18300", "2005-12-31": "2570.28100"}, "Total Liabilities And Share Holders Equity": {"2019-12-31": "4093.62200", "2018-12-31": "4206.33100", "2017-12-31": "7170.07300", "2016-12-31": "8197.51800", "2015-12-31": "9097.08800", "2014-12-31": "9519.41200", "2013-12-31": "9693.07300", "2012-12-31": "8055.83700", "2011-12-31": "7469.42500", "2010-12-31": "7768.09000", "2009-12-31": "8426.60600", "2008-12-31": "9020.22200", "2007-12-31": "9089.81600", "2006-12-31": "7179.75300", "2005-12-31": "6862.97700"}}, "balance sheet, quarterly": {"Cash On Hand": {"2020-09-30": "57.51300", "2020-06-30": "128.68400", "2020-03-31": "514.36400", "2019-12-31": "19.13300", "2019-09-30": "26.02300", "2019-06-30": "11.16500", "2019-03-31": "11.67300", "2018-12-31": "13.65000", "2018-09-30": "13.27300", "2018-06-30": "106.79700", "2018-03-31": "65.81700", "2017-12-31": "94.72400", "2017-09-30": "20.09400", "2017-06-30": "475.53600", "2017-03-31": "66.30200", "2016-12-31": "39.22500", "2016-09-30": "33.35400", "2016-06-30": "27.15400", "2016-03-31": "34.23500", "2015-12-31": "32.52000", "2015-09-30": "62.96000", "2015-06-30": "36.68500", "2015-03-31": "64.14500", "2014-12-31": "32.31200", "2014-09-30": "142.57000", "2014-06-30": "390.96500", "2014-03-31": "193.97200", "2013-12-31": "120.14000", "2013-09-30": "61.20400", "2013-06-30": "65.24200", "2013-03-31": "41.37000", "2012-12-31": "54.83200", "2012-09-30": "46.68700", "2012-06-30": "42.29600", "2012-03-31": "39.21500", "2011-12-31": "72.18900", "2011-09-30": "24.68700", "2011-06-30": "19.49300", "2011-03-31": "25.17300", "2010-12-31": "47.55500", "2010-09-30": "35.71800", "2010-06-30": "56.39400", "2010-03-31": "83.53000", "2009-12-31": "121.84500", "2009-09-30": "129.13100", "2009-06-30": "141.54700", "2009-03-31": "146.94400", "2008-12-31": "141.28600", "2008-09-30": "136.56200", "2008-06-30": "97.02600", "2008-03-31": "120.59900", "2007-12-31": "108.50500", "2007-09-30": "49.70000", "2007-06-30": "46.01900", "2007-03-31": "79.72100", "2006-12-31": "28.37800", "2006-09-30": "48.43100", "2006-06-30": "43.11900", "2006-03-31": "39.96700", "2005-12-31": "30.65500", "2005-09-30": "38.88000", "2005-06-30": "53.81900", "2005-03-31": "51.42800"}, "Receivables": {"2020-09-30": "79.20800", "2020-06-30": "81.18400", "2020-03-31": "56.43600", "2019-12-31": "60.59400", "2019-09-30": "60.65500", "2019-06-30": "63.93500", "2019-03-31": "60.95100", "2018-12-31": "67.33500", "2018-09-30": "74.25300", "2018-06-30": "152.98300", "2018-03-31": "166.01100", "2017-12-31": "167.27800", "2017-09-30": "176.56100", "2017-06-30": "114.44900", "2017-03-31": "117.55900", "2016-12-31": "121.36700", "2016-09-30": "127.24900", "2016-06-30": "124.87800", "2016-03-31": "125.47300", "2015-12-31": "129.08900", "2015-09-30": "131.20900", "2015-06-30": "128.50900", "2015-03-31": "133.46300", "2014-12-31": "132.66100", "2014-09-30": "", "2014-06-30": "", "2014-03-31": "", "2013-12-31": "129.51300", "2013-09-30": "", "2013-06-30": "", "2013-03-31": "", "2012-12-31": "126.22800", "2012-09-30": "", "2012-06-30": "", "2012-03-31": "", "2011-12-31": "117.46300", "2011-09-30": "", "2011-06-30": "", "2011-03-31": "", "2010-12-31": "123.25900", "2010-09-30": "", "2010-06-30": "", "2010-03-31": "", "2009-12-31": "146.80900", "2009-09-30": "", "2009-06-30": "", "2009-03-31": "", "2008-12-31": "164.35600", "2008-09-30": "", "2008-06-30": "", "2008-03-31": "", "2007-12-31": "199.35400", "2007-09-30": "", "2007-06-30": "", "2007-03-31": "", "2006-12-31": "152.16100", "2006-09-30": "", "2006-06-30": "", "2006-03-31": "", "2005-12-31": "112.46400", "2005-09-30": "", "2005-06-30": "", "2005-03-31": ""}, "Inventory": {"2020-09-30": "", "2020-06-30": "", "2020-03-31": "", "2019-12-31": "", "2019-09-30": "", "2019-06-30": "", "2019-03-31": "", "2018-12-31": "", "2018-09-30": "", "2018-06-30": "", "2018-03-31": "", "2017-12-31": "", "2017-09-30": "", "2017-06-30": "", "2017-03-31": "", "2016-12-31": "", "2016-09-30": "", "2016-06-30": "", "2016-03-31": "", "2015-12-31": "", "2015-09-30": "", "2015-06-30": "", "2015-03-31": "", "2014-12-31": "", "2014-09-30": "", "2014-06-30": "", "2014-03-31": "", "2013-12-31": "", "2013-09-30": "", "2013-06-30": "", "2013-03-31": "", "2012-12-31": "", "2012-09-30": "", "2012-06-30": "", "2012-03-31": "", "2011-12-31": "", "2011-09-30": "", "2011-06-30": "", "2011-03-31": "", "2010-12-31": "", "2010-09-30": "", "2010-06-30": "", "2010-03-31": "", "2009-12-31": "", "2009-09-30": "", "2009-06-30": "", "2009-03-31": "", "2008-12-31": "", "2008-09-30": "", "2008-06-30": "", "2008-03-31": "", "2007-12-31": "", "2007-09-30": "", "2007-06-30": "", "2007-03-31": "", "2006-12-31": "", "2006-09-30": "", "2006-06-30": "", "2006-03-31": "", "2005-12-31": "", "2005-09-30": "", "2005-06-30": "", "2005-03-31": ""}, "Pre-Paid Expenses": {"2020-09-30": "", "2020-06-30": "", "2020-03-31": "", "2019-12-31": "", "2019-09-30": "", "2019-06-30": "", "2019-03-31": "", "2018-12-31": "", "2018-09-30": "", "2018-06-30": "", "2018-03-31": "", "2017-12-31": "", "2017-09-30": "", "2017-06-30": "", "2017-03-31": "", "2016-12-31": "", "2016-09-30": "", "2016-06-30": "", "2016-03-31": "", "2015-12-31": "", "2015-09-30": "", "2015-06-30": "", "2015-03-31": "", "2014-12-31": "", "2014-09-30": "", "2014-06-30": "", "2014-03-31": "", "2013-12-31": "", "2013-09-30": "", "2013-06-30": "", "2013-03-31": "", "2012-12-31": "", "2012-09-30": "", "2012-06-30": "", "2012-03-31": "", "2011-12-31": "", "2011-09-30": "", "2011-06-30": "", "2011-03-31": "", "2010-12-31": "", "2010-09-30": "", "2010-06-30": "", "2010-03-31": "", "2009-12-31": "", "2009-09-30": "", "2009-06-30": "", "2009-03-31": "", "2008-12-31": "", "2008-09-30": "", "2008-06-30": "", "2008-03-31": "", "2007-12-31": "", "2007-09-30": "", "2007-06-30": "", "2007-03-31": "", "2006-12-31": "", "2006-09-30": "", "2006-06-30": "", "2006-03-31": "", "2005-12-31": "", "2005-09-30": "", "2005-06-30": "", "2005-03-31": ""}, "Other Current Assets": {"2020-09-30": "", "2020-06-30": "", "2020-03-31": "", "2019-12-31": "", "2019-09-30": "", "2019-06-30": "", "2019-03-31": "", "2018-12-31": "", "2018-09-30": "", "2018-06-30": "", "2018-03-31": "", "2017-12-31": "", "2017-09-30": "", "2017-06-30": "", "2017-03-31": "", "2016-12-31": "", "2016-09-30": "", "2016-06-30": "", "2016-03-31": "", "2015-12-31": "", "2015-09-30": "", "2015-06-30": "", "2015-03-31": "", "2014-12-31": "", "2014-09-30": "", "2014-06-30": "", "2014-03-31": "", "2013-12-31": "", "2013-09-30": "", "2013-06-30": "", "2013-03-31": "", "2012-12-31": "", "2012-09-30": "", "2012-06-30": "", "2012-03-31": "", "2011-12-31": "", "2011-09-30": "", "2011-06-30": "", "2011-03-31": "", "2010-12-31": "", "2010-09-30": "", "2010-06-30": "", "2010-03-31": "", "2009-12-31": "", "2009-09-30": "", "2009-06-30": "", "2009-03-31": "", "2008-12-31": "", "2008-09-30": "", "2008-06-30": "", "2008-03-31": "", "2007-12-31": "", "2007-09-30": "", "2007-06-30": "", "2007-03-31": "", "2006-12-31": "", "2006-09-30": "", "2006-06-30": "", "2006-03-31": "", "2005-12-31": "", "2005-09-30": "", "2005-06-30": "", "2005-03-31": ""}, "Total Current Assets": {"2020-09-30": "136.72100", "2020-06-30": "209.86800", "2020-03-31": "570.80000", "2019-12-31": "79.72700", "2019-09-30": "86.67800", "2019-06-30": "75.10000", "2019-03-31": "92.29900", "2018-12-31": "80.98500", "2018-09-30": "107.19600", "2018-06-30": "279.45000", "2018-03-31": "251.50300", "2017-12-31": "281.67700", "2017-09-30": "216.24600", "2017-06-30": "609.57500", "2017-03-31": "233.75600", "2016-12-31": "210.09500", "2016-09-30": "205.42600", "2016-06-30": "199.32600", "2016-03-31": "202.30000", "2015-12-31": "204.14300", "2015-09-30": "241.59900", "2015-06-30": "212.49800", "2015-03-31": "244.79200", "2014-12-31": "221.21800", "2014-09-30": "200.21500", "2014-06-30": "449.82800", "2014-03-31": "272.91700", "2013-12-31": "327.99100", "2013-09-30": "139.06100", "2013-06-30": "136.31800", "2013-03-31": "98.92800", "2012-12-31": "249.77800", "2012-09-30": "109.80000", "2012-06-30": "104.79400", "2012-03-31": "134.31900", "2011-12-31": "283.55700", "2011-09-30": "137.14500", "2011-06-30": "121.68900", "2011-03-31": "146.50800", "2010-12-31": "291.14400", "2010-09-30": "155.30300", "2010-06-30": "116.94100", "2010-03-31": "142.76400", "2009-12-31": "343.65100", "2009-09-30": "204.67800", "2009-06-30": "216.23800", "2009-03-31": "227.98500", "2008-12-31": "381.42300", "2008-09-30": "202.49200", "2008-06-30": "137.44900", "2008-03-31": "139.67500", "2007-12-31": "326.41600", "2007-09-30": "66.47800", "2007-06-30": "63.34700", "2007-03-31": "98.16000", "2006-12-31": "198.70000", "2006-09-30": "72.68100", "2006-06-30": "67.12400", "2006-03-31": "64.31200", "2005-12-31": "168.11500", "2005-09-30": "56.12500", "2005-06-30": "70.87500", "2005-03-31": "69.31800"}, "Property, Plant, And Equipment": {"2020-09-30": "3354.08300", "2020-06-30": "3381.06900", "2020-03-31": "3403.57900", "2019-12-31": "3420.66400", "2019-09-30": "3354.82000", "2019-06-30": "3380.68300", "2019-03-31": "3385.42200", "2018-12-31": "3455.50900", "2018-09-30": "3886.78100", "2018-06-30": "5921.76700", "2018-03-31": "6110.60300", "2017-12-31": "6294.52400", "2017-09-30": "6755.02600", "2017-06-30": "6970.84300", "2017-03-31": "7181.12400", "2016-12-31": "7247.88200", "2016-09-30": "7737.16400", "2016-06-30": "7834.87700", "2016-03-31": "7913.07600", "2015-12-31": "8065.30000", "2015-09-30": "8116.74000", "2015-06-30": "8181.61400", "2015-03-31": "8104.13100", "2014-12-31": "8426.20000", "2014-09-30": "8603.54500", "2014-06-30": "8433.33000", "2014-03-31": "8242.71200", "2013-12-31": "8401.08200", "2013-09-30": "7139.44100", "2013-06-30": "7003.91200", "2013-03-31": "6992.66400", "2012-12-31": "6968.39400", "2012-09-30": "6961.66700", "2012-06-30": "6678.72700", "2012-03-31": "6693.84900", "2011-12-31": "6719.06300", "2011-09-30": "6832.91200", "2011-06-30": "6880.18100", "2011-03-31": "6994.37800", "2010-12-31": "6959.12700", "2010-09-30": "7013.53900", "2010-06-30": "7230.63800", "2010-03-31": "7426.82900", "2009-12-31": "7490.40300", "2009-09-30": "7459.78200", "2009-06-30": "7584.77000", "2009-03-31": "7836.91900", "2008-12-31": "7900.66300", "2008-09-30": "8016.46900", "2008-06-30": "8090.25400", "2008-03-31": "8000.09600", "2007-12-31": "7960.62300", "2007-09-30": "7828.89900", "2007-06-30": "7882.40500", "2007-03-31": "9543.24300", "2006-12-31": "6586.19300", "2006-09-30": "6573.06100", "2006-06-30": "6539.83100", "2006-03-31": "6553.09700", "2005-12-31": "6336.51400", "2005-09-30": "6291.18200", "2005-06-30": "5982.57600", "2005-03-31": "5989.21800"}, "Long-Term Investments": {"2020-09-30": "", "2020-06-30": "", "2020-03-31": "", "2019-12-31": "", "2019-09-30": "", "2019-06-30": "", "2019-03-31": "", "2018-12-31": "", "2018-09-30": "", "2018-06-30": "", "2018-03-31": "", "2017-12-31": "", "2017-09-30": "", "2017-06-30": "", "2017-03-31": "", "2016-12-31": "", "2016-09-30": "", "2016-06-30": "", "2016-03-31": "", "2015-12-31": "", "2015-09-30": "", "2015-06-30": "", "2015-03-31": "", "2014-12-31": "", "2014-09-30": "", "2014-06-30": "", "2014-03-31": "", "2013-12-31": "", "2013-09-30": "", "2013-06-30": "", "2013-03-31": "", "2012-12-31": "", "2012-09-30": "", "2012-06-30": "", "2012-03-31": "", "2011-12-31": "", "2011-09-30": "", "2011-06-30": "", "2011-03-31": "", "2010-12-31": "", "2010-09-30": "", "2010-06-30": "", "2010-03-31": "", "2009-12-31": "", "2009-09-30": "", "2009-06-30": "", "2009-03-31": "", "2008-12-31": "", "2008-09-30": "", "2008-06-30": "", "2008-03-31": "", "2007-12-31": "", "2007-09-30": "", "2007-06-30": "", "2007-03-31": "", "2006-12-31": "", "2006-09-30": "", "2006-06-30": "", "2006-03-31": "", "2005-12-31": "", "2005-09-30": "", "2005-06-30": "", "2005-03-31": ""}, "Goodwill And Intangible Assets": {"2020-09-30": "", "2020-06-30": "", "2020-03-31": "", "2019-12-31": "", "2019-09-30": "", "2019-06-30": "", "2019-03-31": "", "2018-12-31": "", "2018-09-30": "", "2018-06-30": "", "2018-03-31": "", "2017-12-31": "", "2017-09-30": "", "2017-06-30": "", "2017-03-31": "", "2016-12-31": "", "2016-09-30": "", "2016-06-30": "", "2016-03-31": "", "2015-12-31": "", "2015-09-30": "", "2015-06-30": "", "2015-03-31": "", "2014-12-31": "", "2014-09-30": "", "2014-06-30": "", "2014-03-31": "", "2013-12-31": "", "2013-09-30": "", "2013-06-30": "", "2013-03-31": "", "2012-12-31": "", "2012-09-30": "", "2012-06-30": "", "2012-03-31": "", "2011-12-31": "", "2011-09-30": "", "2011-06-30": "", "2011-03-31": "", "2010-12-31": "", "2010-09-30": "", "2010-06-30": "", "2010-03-31": "", "2009-12-31": "", "2009-09-30": "", "2009-06-30": "", "2009-03-31": "", "2008-12-31": "", "2008-09-30": "", "2008-06-30": "", "2008-03-31": "", "2007-12-31": "", "2007-09-30": "", "2007-06-30": "", "2007-03-31": "", "2006-12-31": "", "2006-09-30": "", "2006-06-30": "", "2006-03-31": "", "2005-12-31": "", "2005-09-30": "", "2005-06-30": "", "2005-03-31": ""}, "Other Long-Term Assets": {"2020-09-30": "454.05800", "2020-06-30": "457.59400", "2020-03-31": "470.70200", "2019-12-31": "593.23100", "2019-09-30": "658.36300", "2019-06-30": "686.95900", "2019-03-31": "638.30200", "2018-12-31": "669.83700", "2018-09-30": "626.11500", "2018-06-30": "503.17200", "2018-03-31": "548.34000", "2017-12-31": "593.87200", "2017-09-30": "669.42500", "2017-06-30": "689.62000", "2017-03-31": "678.08600", "2016-12-31": "739.54100", "2016-09-30": "778.42600", "2016-06-30": "787.38300", "2016-03-31": "820.25100", "2015-12-31": "827.64500", "2015-09-30": "768.81900", "2015-06-30": "801.13700", "2015-03-31": "834.30800", "2014-12-31": "871.99400", "2014-09-30": "821.93100", "2014-06-30": "798.66300", "2014-03-31": "1048.55700", "2013-12-31": "925.87600", "2013-09-30": "1066.64100", "2013-06-30": "992.48900", "2013-03-31": "970.23000", "2012-12-31": "795.16700", "2012-09-30": "878.14100", "2012-06-30": "800.42700", "2012-03-31": "583.60300", "2011-12-31": "421.53300", "2011-09-30": "633.12400", "2011-06-30": "664.99400", "2011-03-31": "640.64400", "2010-12-31": "472.83100", "2010-09-30": "708.23700", "2010-06-30": "704.36400", "2010-03-31": "685.02300", "2009-12-31": "559.39000", "2009-09-30": "791.96200", "2009-06-30": "827.80000", "2009-03-31": "867.04410", "2008-12-31": "712.55700", "2008-09-30": "1045.88600", "2008-06-30": "1015.31000", "2008-03-31": "981.98400", "2007-12-31": "771.60500", "2007-09-30": "986.61400", "2007-06-30": "969.17800", "2007-03-31": "885.89800", "2006-12-31": "371.15200", "2006-09-30": "346.41300", "2006-06-30": "430.93500", "2006-03-31": "415.88500", "2005-12-31": "337.19100", "2005-09-30": "473.47100", "2005-06-30": "608.58700", "2005-03-31": "462.08700"}, "Total Long-Term Assets": {"2020-09-30": "3808.14100", "2020-06-30": "3838.66300", "2020-03-31": "3874.28100", "2019-12-31": "4013.89500", "2019-09-30": "4013.18300", "2019-06-30": "4067.64200", "2019-03-31": "4023.72400", "2018-12-31": "4125.34600", "2018-09-30": "4512.89600", "2018-06-30": "6424.93900", "2018-03-31": "6658.94300", "2017-12-31": "6888.39600", "2017-09-30": "7424.45100", "2017-06-30": "7660.46300", "2017-03-31": "7859.21000", "2016-12-31": "7987.42300", "2016-09-30": "8515.59000", "2016-06-30": "8622.26000", "2016-03-31": "8733.32700", "2015-12-31": "8892.94500", "2015-09-30": "8913.88000", "2015-06-30": "9013.08900", "2015-03-31": "8966.31700", "2014-12-31": "9298.19400", "2014-09-30": "9425.47600", "2014-06-30": "9231.99300", "2014-03-31": "9291.26900", "2013-12-31": "9365.08200", "2013-09-30": "8206.08200", "2013-06-30": "7996.40100", "2013-03-31": "7962.89400", "2012-12-31": "7806.05900", "2012-09-30": "7839.80800", "2012-06-30": "7479.15400", "2012-03-31": "7277.45200", "2011-12-31": "7185.86800", "2011-09-30": "7466.03600", "2011-06-30": "7545.17500", "2011-03-31": "7635.02200", "2010-12-31": "7476.94600", "2010-09-30": "7721.77600", "2010-06-30": "7935.00200", "2010-03-31": "8145.23900", "2009-12-31": "8082.95500", "2009-09-30": "8274.29100", "2009-06-30": "8435.75200", "2009-03-31": "8727.33000", "2008-12-31": "8638.79900", "2008-09-30": "9091.76500", "2008-06-30": "9136.30400", "2008-03-31": "9014.06800", "2007-12-31": "8763.40000", "2007-09-30": "8846.78900", "2007-06-30": "8885.19600", "2007-03-31": "10465.61000", "2006-12-31": "6981.05300", "2006-09-30": "6944.82700", "2006-06-30": "6991.92700", "2006-03-31": "6989.07600", "2005-12-31": "6694.86200", "2005-09-30": "6784.22800", "2005-06-30": "6611.29600", "2005-03-31": "6467.90600"}, "Total Assets": {"2020-09-30": "3944.86200", "2020-06-30": "4048.53100", "2020-03-31": "4445.08100", "2019-12-31": "4093.62200", "2019-09-30": "4099.86100", "2019-06-30": "4142.74200", "2019-03-31": "4116.02300", "2018-12-31": "4206.33100", "2018-09-30": "4620.09200", "2018-06-30": "6704.38900", "2018-03-31": "6910.44600", "2017-12-31": "7170.07300", "2017-09-30": "7640.69700", "2017-06-30": "8270.03800", "2017-03-31": "8092.96600", "2016-12-31": "8197.51800", "2016-09-30": "8721.01600", "2016-06-30": "8821.58600", "2016-03-31": "8935.62700", "2015-12-31": "9097.08800", "2015-09-30": "9155.47900", "2015-06-30": "9225.58700", "2015-03-31": "9211.11000", "2014-12-31": "9519.41200", "2014-09-30": "9625.69100", "2014-06-30": "9681.82100", "2014-03-31": "9564.18600", "2013-12-31": "9693.07300", "2013-09-30": "8345.14300", "2013-06-30": "8132.71900", "2013-03-31": "8061.82200", "2012-12-31": "8055.83700", "2012-09-30": "7949.60800", "2012-06-30": "7583.94800", "2012-03-31": "7411.77100", "2011-12-31": "7469.42500", "2011-09-30": "7603.18100", "2011-06-30": "7666.86400", "2011-03-31": "7781.53000", "2010-12-31": "7768.09000", "2010-09-30": "7877.07900", "2010-06-30": "8051.94300", "2010-03-31": "8288.00300", "2009-12-31": "8426.60600", "2009-09-30": "8478.96900", "2009-06-30": "8651.99000", "2009-03-31": "8955.31500", "2008-12-31": "9020.22200", "2008-09-30": "9294.25600", "2008-06-30": "9273.75300", "2008-03-31": "9153.74300", "2007-12-31": "9089.81600", "2007-09-30": "8913.26700", "2007-06-30": "8948.54400", "2007-03-31": "10563.77000", "2006-12-31": "7179.75300", "2006-09-30": "7017.50800", "2006-06-30": "7059.05100", "2006-03-31": "7053.38800", "2005-12-31": "6862.97700", "2005-09-30": "6840.35200", "2005-06-30": "6682.17100", "2005-03-31": "6537.22400"}, "Total Current Liabilities": {"2020-09-30": "203.03500", "2020-06-30": "196.74500", "2020-03-31": "186.84500", "2019-12-31": "220.81100", "2019-09-30": "214.43000", "2019-06-30": "211.97500", "2019-03-31": "194.25700", "2018-12-31": "203.66200", "2018-09-30": "214.69300", "2018-06-30": "343.61200", "2018-03-31": "317.91600", "2017-12-31": "344.77400", "2017-09-30": "355.73100", "2017-06-30": "368.41200", "2017-03-31": "369.39100", "2016-12-31": "382.29300", "2016-09-30": "398.82900", "2016-06-30": "398.90900", "2016-03-31": "389.99100", "2015-12-31": "425.47800", "2015-09-30": "425.50700", "2015-06-30": "450.07000", "2015-03-31": "402.97800", "2014-12-31": "448.19200", "2014-09-30": "459.78700", "2014-06-30": "442.76700", "2014-03-31": "408.01700", "2013-12-31": "415.41300", "2013-09-30": "346.93300", "2013-06-30": "310.04800", "2013-03-31": "290.33000", "2012-12-31": "326.02400", "2012-09-30": "262.72600", "2012-06-30": "226.18300", "2012-03-31": "211.30800", "2011-12-31": "257.82100", "2011-09-30": "147.81000", "2011-06-30": "137.53200", "2011-03-31": "119.77500", "2010-12-31": "223.07400", "2010-09-30": "154.83900", "2010-06-30": "134.33200", "2010-03-31": "110.89500", "2009-12-31": "130.40400", "2009-09-30": "158.67700", "2009-06-30": "143.29800", "2009-03-31": "138.55000", "2008-12-31": "169.01400", "2008-09-30": "168.67000", "2008-06-30": "158.87600", "2008-03-31": "135.58800", "2007-12-31": "141.62900", "2007-09-30": "167.68200", "2007-06-30": "153.32500", "2007-03-31": "158.68400", "2006-12-31": "134.78100", "2006-09-30": "151.06700", "2006-06-30": "116.65100", "2006-03-31": "115.71800", "2005-12-31": "111.18600", "2005-09-30": "128.54400", "2005-06-30": "117.75800", "2005-03-31": "107.85000"}, "Long Term Debt": {"2020-09-30": "1776.98200", "2020-06-30": "1886.84900", "2020-03-31": "2246.71100", "2019-12-31": "1847.29700", "2019-09-30": "1833.28300", "2019-06-30": "1858.87500", "2019-03-31": "1824.16400", "2018-12-31": "1884.40500", "2018-09-30": "2385.00200", "2018-06-30": "3589.74900", "2018-03-31": "3741.52000", "2017-12-31": "3849.31200", "2017-09-30": "4017.53100", "2017-06-30": "4566.66600", "2017-03-31": "4520.92600", "2016-12-31": "4493.96800", "2016-09-30": "4966.37900", "2016-06-30": "4938.80700", "2016-03-31": "5031.67200", "2015-12-31": "5139.53700", "2015-09-30": "5223.57700", "2015-06-30": "5260.16400", "2015-03-31": "5247.08500", "2014-12-31": "5212.22400", "2014-09-30": "5236.04400", "2014-06-30": "5328.93800", "2014-03-31": "5243.91600", "2013-12-31": "5294.67400", "2013-09-30": "4596.05700", "2013-06-30": "4444.42400", "2013-03-31": "4354.09200", "2012-12-31": "4319.14300", "2012-09-30": "4307.68800", "2012-06-30": "4095.78500", "2012-03-31": "4136.91700", "2011-12-31": "4104.58400", "2011-09-30": "4225.72100", "2011-06-30": "4214.15100", "2011-03-31": "4270.00900", "2010-12-31": "4398.23700", "2010-09-30": "4395.30200", "2010-06-30": "4638.05100", "2010-03-31": "4730.90100", "2009-12-31": "5234.74300", "2009-09-30": "5165.08700", "2009-06-30": "5564.70200", "2009-03-31": "5750.62000", "2008-12-31": "5866.65500", "2008-09-30": "5909.87500", "2008-06-30": "5811.28200", "2008-03-31": "5709.80100", "2007-12-31": "5591.01400", "2007-09-30": "5204.14600", "2007-06-30": "5119.03600", "2007-03-31": "6132.85500", "2006-12-31": "4248.81200", "2006-09-30": "4078.28400", "2006-06-30": "4076.20700", "2006-03-31": "4073.74600", "2005-12-31": "3891.00100", "2005-09-30": "3837.23400", "2005-06-30": "3754.48400", "2005-03-31": "3602.67100"}, "Other Non-Current Liabilities": {"2020-09-30": "5.13300", "2020-06-30": "5.13300", "2020-03-31": "44.04700", "2019-12-31": "44.03600", "2019-09-30": "44.64300", "2019-06-30": "44.64100", "2019-03-31": "44.63600", "2018-12-31": "45.26200", "2018-09-30": "45.40600", "2018-06-30": "78.69000", "2018-03-31": "78.68700", "2017-12-31": "78.54900", "2017-09-30": "78.41900", "2017-06-30": "76.74400", "2017-03-31": "75.40200", "2016-12-31": "75.24500", "2016-09-30": "75.15800", "2016-06-30": "75.07800", "2016-03-31": "75.04200", "2015-12-31": "68.60400", "2015-09-30": "68.05900", "2015-06-30": "67.88400", "2015-03-31": "67.86500", "2014-12-31": "61.46800", "2014-09-30": "61.32300", "2014-06-30": "61.30200", "2014-03-31": "62.31200", "2013-12-31": "55.10700", "2013-09-30": "49.82600", "2013-06-30": "49.97100", "2013-03-31": "49.81300", "2012-12-31": "44.21000", "2012-09-30": "43.23800", "2012-06-30": "40.85200", "2012-03-31": "40.26900", "2011-12-31": "29.12800", "2011-09-30": "125.33200", "2011-06-30": "101.53100", "2011-03-31": "104.09700", "2010-12-31": "12.09200", "2010-09-30": "157.12900", "2010-06-30": "150.59300", "2010-03-31": "181.29900", "2009-12-31": "109.12500", "2009-09-30": "161.40900", "2009-06-30": "175.04400", "2009-03-31": "132.94200", "2008-12-31": "119.13200", "2008-09-30": "217.84600", "2008-06-30": "222.91100", "2008-03-31": "235.85300", "2007-12-31": "229.46700", "2007-09-30": "217.45900", "2007-06-30": "195.67900", "2007-03-31": "206.72800", "2006-12-31": "178.04400", "2006-09-30": "157.51000", "2006-06-30": "160.21600", "2006-03-31": "160.69100", "2005-12-31": "159.06000", "2005-09-30": "155.67600", "2005-06-30": "162.37200", "2005-03-31": "168.95200"}, "Total Long Term Liabilities": {"2020-09-30": "1782.11500", "2020-06-30": "1891.98200", "2020-03-31": "2290.75800", "2019-12-31": "1891.33300", "2019-09-30": "1877.92600", "2019-06-30": "1903.51600", "2019-03-31": "1868.80000", "2018-12-31": "1929.66700", "2018-09-30": "2430.40800", "2018-06-30": "3668.43900", "2018-03-31": "3820.20700", "2017-12-31": "3927.86100", "2017-09-30": "4095.95000", "2017-06-30": "4643.41000", "2017-03-31": "4596.32800", "2016-12-31": "4569.21300", "2016-09-30": "5041.53800", "2016-06-30": "5013.88500", "2016-03-31": "5106.71400", "2015-12-31": "5208.14100", "2015-09-30": "5291.63600", "2015-06-30": "5328.04800", "2015-03-31": "5314.95000", "2014-12-31": "5273.69100", "2014-09-30": "5297.36700", "2014-06-30": "5390.24000", "2014-03-31": "5306.22800", "2013-12-31": "5349.78100", "2013-09-30": "4645.88300", "2013-06-30": "4494.39500", "2013-03-31": "4403.90500", "2012-12-31": "4363.35300", "2012-09-30": "4350.92600", "2012-06-30": "4136.63700", "2012-03-31": "4177.18600", "2011-12-31": "4133.71200", "2011-09-30": "4351.05300", "2011-06-30": "4315.68200", "2011-03-31": "4374.10600", "2010-12-31": "4410.32900", "2010-09-30": "4553.05800", "2010-06-30": "4789.27100", "2010-03-31": "4912.82700", "2009-12-31": "5343.86800", "2009-09-30": "5327.12300", "2009-06-30": "5740.37300", "2009-03-31": "5884.18900", "2008-12-31": "5986.41400", "2008-09-30": "6274.29600", "2008-06-30": "6182.85200", "2008-03-31": "6076.51100", "2007-12-31": "5949.36100", "2007-09-30": "5537.31300", "2007-06-30": "5430.79200", "2007-03-31": "6940.61700", "2006-12-31": "4548.78900", "2006-09-30": "4359.24700", "2006-06-30": "4359.69300", "2006-03-31": "4358.65100", "2005-12-31": "4181.51000", "2005-09-30": "4119.23100", "2005-06-30": "3971.50600", "2005-03-31": "3826.93800"}, "Total Liabilities": {"2020-09-30": "1985.15000", "2020-06-30": "2088.72700", "2020-03-31": "2477.60300", "2019-12-31": "2112.14400", "2019-09-30": "2092.35600", "2019-06-30": "2115.49100", "2019-03-31": "2063.05700", "2018-12-31": "2133.32900", "2018-09-30": "2645.10100", "2018-06-30": "4012.05100", "2018-03-31": "4138.12300", "2017-12-31": "4272.63500", "2017-09-30": "4451.68100", "2017-06-30": "5011.82200", "2017-03-31": "4965.71900", "2016-12-31": "4951.50600", "2016-09-30": "5440.36600", "2016-06-30": "5412.79400", "2016-03-31": "5496.70600", "2015-12-31": "5633.61900", "2015-09-30": "5717.14300", "2015-06-30": "5778.11800", "2015-03-31": "5717.92800", "2014-12-31": "5721.88400", "2014-09-30": "5757.15400", "2014-06-30": "5833.00700", "2014-03-31": "5714.24500", "2013-12-31": "5765.19400", "2013-09-30": "4992.81600", "2013-06-30": "4804.44300", "2013-03-31": "4694.23500", "2012-12-31": "4689.37700", "2012-09-30": "4613.65200", "2012-06-30": "4362.82000", "2012-03-31": "4388.49400", "2011-12-31": "4391.53300", "2011-09-30": "4498.86300", "2011-06-30": "4453.21400", "2011-03-31": "4493.88100", "2010-12-31": "4633.40300", "2010-09-30": "4707.89700", "2010-06-30": "4923.60300", "2010-03-31": "5023.72200", "2009-12-31": "5474.27000", "2009-09-30": "5485.80000", "2009-06-30": "5883.67100", "2009-03-31": "6022.73900", "2008-12-31": "6155.42800", "2008-09-30": "6442.96600", "2008-06-30": "6341.72700", "2008-03-31": "6212.09900", "2007-12-31": "6090.99100", "2007-09-30": "5704.99500", "2007-06-30": "5584.11600", "2007-03-31": "7099.30100", "2006-12-31": "4683.57000", "2006-09-30": "4510.31400", "2006-06-30": "4476.34400", "2006-03-31": "4474.36900", "2005-12-31": "4292.69600", "2005-09-30": "4247.77500", "2005-06-30": "4089.26400", "2005-03-31": "3934.78800"}, "Common Stock Net": {"2020-09-30": "19.40000", "2020-06-30": "19.40000", "2020-03-31": "19.39900", "2019-12-31": "19.38200", "2019-09-30": "18.47200", "2019-06-30": "18.47200", "2019-03-31": "18.47200", "2018-12-31": "18.47100", "2018-09-30": "18.46700", "2018-06-30": "18.46500", "2018-03-31": "36.93400", "2017-12-31": "18.42600", "2017-09-30": "36.78200", "2017-06-30": "36.71500", "2017-03-31": "36.66700", "2016-12-31": "36.63000", "2016-09-30": "36.59400", "2016-06-30": "36.55100", "2016-03-31": "36.53700", "2015-12-31": "36.52900", "2015-09-30": "36.22300", "2015-06-30": "36.11700", "2015-03-31": "36.10800", "2014-12-31": "36.07100", "2014-09-30": "36.03400", "2014-06-30": "35.96400", "2014-03-31": "35.94700", "2013-12-31": "35.93800", "2013-09-30": "32.42200", "2013-06-30": "32.00600", "2013-03-31": "31.74700", "2012-12-31": "31.52400", "2012-09-30": "30.97400", "2012-06-30": "30.13500", "2012-03-31": "27.75600", "2011-12-31": "27.71100", "2011-09-30": "27.70800", "2011-06-30": "27.67100", "2011-03-31": "26.71400", "2010-12-31": "25.62700", "2010-09-30": "25.61600", "2010-06-30": "25.01200", "2010-03-31": "25.00900", "2009-12-31": "20.17400", "2009-09-30": "19.66500", "2009-06-30": "15.38500", "2009-03-31": "12.94800", "2008-12-31": "12.86400", "2008-09-30": "12.68000", "2008-06-30": "12.68000", "2008-03-31": "12.67900", "2007-12-31": "12.67900", "2007-09-30": "12.67900", "2007-06-30": "12.67900", "2007-03-31": "12.67900", "2006-12-31": "10.97400", "2006-09-30": "10.97400", "2006-06-30": "10.97000", "2006-03-31": "10.96800", "2005-12-31": "10.89500", "2005-09-30": "10.88600", "2005-06-30": "10.87200", "2005-03-31": "10.86200"}, "Retained Earnings (Accumulated Deficit)": {"2020-09-30": "-4083.40500", "2020-06-30": "-4085.55900", "2020-03-31": "-4075.81300", "2019-12-31": "-4066.09900", "2019-09-30": "-4037.37300", "2019-06-30": "-4016.36000", "2019-03-31": "-3988.99600", "2018-12-31": "-3980.15100", "2018-09-30": "-4115.73600", "2018-06-30": "-3397.99300", "2018-03-31": "-3315.97400", "2017-12-31": "-3183.13400", "2017-09-30": "-2886.54700", "2017-06-30": "-2809.11000", "2017-03-31": "-2761.97700", "2016-12-31": "-2632.32700", "2016-09-30": "-2590.83700", "2016-06-30": "-2455.31900", "2016-03-31": "-2421.29600", "2015-12-31": "-2391.79300", "2015-09-30": "-2416.65500", "2015-06-30": "-2408.15100", "2015-03-31": "-2358.86400", "2014-12-31": "-2047.21200", "2014-09-30": "-1975.04300", "2014-06-30": "-1982.32600", "2014-03-31": "-1994.59000", "2013-12-31": "-1915.63800", "2013-09-30": "-1867.74100", "2013-06-30": "-1817.54000", "2013-03-31": "-1738.33300", "2012-12-31": "-1694.82200", "2012-09-30": "-1650.60800", "2012-06-30": "-1627.03000", "2012-03-31": "-1548.67800", "2011-12-31": "-1493.35300", "2011-09-30": "-1469.43200", "2011-06-30": "-1402.85800", "2011-03-31": "-1365.03900", "2010-12-31": "-1378.34100", "2010-09-30": "-1278.42300", "2010-06-30": "-1248.46900", "2010-03-31": "-1146.32400", "2009-12-31": "-1098.66100", "2009-09-30": "-1004.51200", "2009-06-30": "-852.16800", "2009-03-31": "-584.27900", "2008-12-31": "-635.23900", "2008-09-30": "-418.46600", "2008-06-30": "-363.42400", "2008-03-31": "-309.80000", "2007-12-31": "-260.01800", "2007-09-30": "-213.35800", "2007-06-30": "-164.98900", "2007-03-31": "-193.97100", "2006-12-31": "-159.61500", "2006-09-30": "-143.51000", "2006-06-30": "-128.28500", "2006-03-31": "-128.50600", "2005-12-31": "-99.75600", "2005-09-30": "-75.99400", "2005-06-30": "-63.69400", "2005-03-31": "-59.15400"}, "Comprehensive Income": {"2020-09-30": "-3.72800", "2020-06-30": "0.18800", "2020-03-31": "-0.10400", "2019-12-31": "-0.49100", "2019-09-30": "-0.75700", "2019-06-30": "-0.76900", "2019-03-31": "-1.07700", "2018-12-31": "-1.38100", "2018-09-30": "-1.09300", "2018-06-30": "-1.45700", "2018-03-31": "-1.31100", "2017-12-31": "-1.10600", "2017-09-30": "-1.47100", "2017-06-30": "-2.63200", "2017-03-31": "-3.43200", "2016-12-31": "-4.19200", "2016-09-30": "-4.48400", "2016-06-30": "-5.15700", "2016-03-31": "-5.48500", "2015-12-31": "-6.28300", "2015-09-30": "-6.66200", "2015-06-30": "-6.13700", "2015-03-31": "-6.68900", "2014-12-31": "-7.35200", "2014-09-30": "-8.44500", "2014-06-30": "-11.94300", "2014-03-31": "-31.03600", "2013-12-31": "-36.49300", "2013-09-30": "-29.86600", "2013-06-30": "-30.36700", "2013-03-31": "-24.13600", "2012-12-31": "-27.92500", "2012-09-30": "-28.34300", "2012-06-30": "-30.87500", "2012-03-31": "3.72000", "2011-12-31": "-1.40300", "2011-09-30": "1.88500", "2011-06-30": "34.41000", "2011-03-31": "27.70700", "2010-12-31": "25.64600", "2010-09-30": "14.28300", "2010-06-30": "5.18400", "2010-03-31": "2.49300", "2009-12-31": "9.54900", "2009-09-30": "2.28800", "2009-06-30": "-24.64500", "2009-03-31": "-39.56700", "2008-12-31": "-49.84900", "2008-09-30": "-5.20200", "2008-06-30": "22.83200", "2008-03-31": "-8.73400", "2007-12-31": "8.96500", "2007-09-30": "21.40300", "2007-06-30": "26.00800", "2007-03-31": "12.83800", "2006-12-31": "7.82900", "2006-09-30": "6.20400", "2006-06-30": "11.87100", "2006-03-31": "9.66400", "2005-12-31": "10.42500", "2005-09-30": "10.87800", "2005-06-30": "1.16400", "2005-03-31": "9.61100"}, "Other Share Holders Equity": {"2020-09-30": "3.24100", "2020-06-30": "3.29100", "2020-03-31": "", "2019-12-31": "3.06400", "2019-09-30": "", "2019-06-30": "", "2019-03-31": "", "2018-12-31": "", "2018-09-30": "", "2018-06-30": "", "2018-03-31": "", "2017-12-31": "", "2017-09-30": "", "2017-06-30": "", "2017-03-31": "", "2016-12-31": "", "2016-09-30": "", "2016-06-30": "", "2016-03-31": "", "2015-12-31": "", "2015-09-30": "", "2015-06-30": "", "2015-03-31": "", "2014-12-31": "", "2014-09-30": "", "2014-06-30": "", "2014-03-31": "", "2013-12-31": "", "2013-09-30": "", "2013-06-30": "", "2013-03-31": "", "2012-12-31": "", "2012-09-30": "", "2012-06-30": "", "2012-03-31": "", "2011-12-31": "", "2011-09-30": "", "2011-06-30": "", "2011-03-31": "", "2010-12-31": "", "2010-09-30": "", "2010-06-30": "", "2010-03-31": "", "2009-12-31": "", "2009-09-30": "", "2009-06-30": "", "2009-03-31": "", "2008-12-31": "", "2008-09-30": "", "2008-06-30": "", "2008-03-31": "", "2007-12-31": "", "2007-09-30": "", "2007-06-30": "", "2007-03-31": "", "2006-12-31": "", "2006-09-30": "", "2006-06-30": "", "2006-03-31": "", "2005-12-31": "", "2005-09-30": "", "2005-06-30": "", "2005-03-31": ""}, "Share Holder Equity": {"2020-09-30": "1959.71200", "2020-06-30": "1959.80400", "2020-03-31": "1967.47800", "2019-12-31": "1981.47800", "2019-09-30": "2007.50500", "2019-06-30": "2027.25100", "2019-03-31": "2052.96600", "2018-12-31": "2073.00200", "2018-09-30": "1974.99100", "2018-06-30": "2692.33800", "2018-03-31": "2772.32300", "2017-12-31": "2897.43800", "2017-09-30": "3189.01600", "2017-06-30": "3258.21600", "2017-03-31": "3127.24700", "2016-12-31": "3246.01200", "2016-09-30": "3280.65000", "2016-06-30": "3408.79200", "2016-03-31": "3438.92100", "2015-12-31": "3463.46900", "2015-09-30": "3438.33600", "2015-06-30": "3447.46900", "2015-03-31": "3493.18200", "2014-12-31": "3797.52800", "2014-09-30": "3868.53700", "2014-06-30": "3848.81400", "2014-03-31": "3849.94100", "2013-12-31": "3927.87900", "2013-09-30": "3352.32700", "2013-06-30": "3328.27600", "2013-03-31": "3367.58700", "2012-12-31": "3366.46000", "2012-09-30": "3335.95600", "2012-06-30": "3221.12800", "2012-03-31": "3023.27700", "2011-12-31": "3077.89200", "2011-09-30": "3104.31800", "2011-06-30": "3213.65000", "2011-03-31": "3287.64900", "2010-12-31": "3134.68700", "2010-09-30": "3169.18200", "2010-06-30": "3128.34000", "2010-03-31": "3264.28100", "2009-12-31": "2952.33600", "2009-09-30": "2993.16900", "2009-06-30": "2768.31900", "2009-03-31": "2932.57600", "2008-12-31": "2864.79400", "2008-09-30": "2851.29000", "2008-06-30": "2932.02600", "2008-03-31": "2941.64400", "2007-12-31": "2998.82500", "2007-09-30": "3208.27200", "2007-06-30": "3364.42800", "2007-03-31": "3464.46500", "2006-12-31": "2496.18300", "2006-09-30": "2507.19400", "2006-06-30": "2582.70700", "2006-03-31": "2579.01900", "2005-12-31": "2570.28100", "2005-09-30": "2592.57700", "2005-06-30": "2592.90700", "2005-03-31": "2602.43600"}, "Total Liabilities And Share Holders Equity": {"2020-09-30": "3944.86200", "2020-06-30": "4048.53100", "2020-03-31": "4445.08100", "2019-12-31": "4093.62200", "2019-09-30": "4099.86100", "2019-06-30": "4142.74200", "2019-03-31": "4116.02300", "2018-12-31": "4206.33100", "2018-09-30": "4620.09200", "2018-06-30": "6704.38900", "2018-03-31": "6910.44600", "2017-12-31": "7170.07300", "2017-09-30": "7640.69700", "2017-06-30": "8270.03800", "2017-03-31": "8092.96600", "2016-12-31": "8197.51800", "2016-09-30": "8721.01600", "2016-06-30": "8821.58600", "2016-03-31": "8935.62700", "2015-12-31": "9097.08800", "2015-09-30": "9155.47900", "2015-06-30": "9225.58700", "2015-03-31": "9211.11000", "2014-12-31": "9519.41200", "2014-09-30": "9625.69100", "2014-06-30": "9681.82100", "2014-03-31": "9564.18600", "2013-12-31": "9693.07300", "2013-09-30": "8345.14300", "2013-06-30": "8132.71900", "2013-03-31": "8061.82200", "2012-12-31": "8055.83700", "2012-09-30": "7949.60800", "2012-06-30": "7583.94800", "2012-03-31": "7411.77100", "2011-12-31": "7469.42500", "2011-09-30": "7603.18100", "2011-06-30": "7666.86400", "2011-03-31": "7781.53000", "2010-12-31": "7768.09000", "2010-09-30": "7877.07900", "2010-06-30": "8051.94300", "2010-03-31": "8288.00300", "2009-12-31": "8426.60600", "2009-09-30": "8478.96900", "2009-06-30": "8651.99000", "2009-03-31": "8955.31500", "2008-12-31": "9020.22200", "2008-09-30": "9294.25600", "2008-06-30": "9273.75300", "2008-03-31": "9153.74300", "2007-12-31": "9089.81600", "2007-09-30": "8913.26700", "2007-06-30": "8948.54400", "2007-03-31": "10563.77000", "2006-12-31": "7179.75300", "2006-09-30": "7017.50800", "2006-06-30": "7059.05100", "2006-03-31": "7053.38800", "2005-12-31": "6862.97700", "2005-09-30": "6840.35200", "2005-06-30": "6682.17100", "2005-03-31": "6537.22400"}}, "cash flow statement": {"Net Income/Loss": {"2019-12-31": "101.82500", "2018-12-31": "116.10500", "2017-12-31": "-243.13200", "2016-12-31": "61.19900", "2015-12-31": "-70.31000", "2014-12-31": "113.56500", "2013-12-31": "-9.38100", "2012-12-31": "-25.32900", "2011-12-31": "-19.39700", "2010-12-31": "-247.72100", "2009-12-31": "-403.64000", "2008-12-31": "-83.06900", "2007-12-31": "282.72600", "2006-12-31": "253.26400", "2005-12-31": "282.64300"}, "Total Depreciation And Amortization - Cash Flow": {"2019-12-31": "169.06300", "2018-12-31": "258.45600", "2017-12-31": "353.67600", "2016-12-31": "391.66600", "2015-12-31": "406.68300", "2014-12-31": "423.96800", "2013-12-31": "339.84800", "2012-12-31": "276.07900", "2011-12-31": "259.98300", "2010-12-31": "248.77700", "2009-12-31": "257.09900", "2008-12-31": "271.57500", "2007-12-31": "246.30800", "2006-12-31": "201.28300", "2005-12-31": "178.13400"}, "Other Non-Cash Items": {"2019-12-31": "-1.92700", "2018-12-31": "-112.99300", "2017-12-31": "320.53000", "2016-12-31": "38.88300", "2015-12-31": "124.99900", "2014-12-31": "-109.55500", "2013-12-31": "58.59800", "2012-12-31": "47.43000", "2011-12-31": "25.70700", "2010-12-31": "199.32000", "2009-12-31": "411.11400", "2008-12-31": "213.77100", "2007-12-31": "-85.75300", "2006-12-31": "-86.66100", "2005-12-31": "-99.56100"}, "Total Non-Cash Items": {"2019-12-31": "167.13600", "2018-12-31": "145.46300", "2017-12-31": "674.20600", "2016-12-31": "430.54900", "2015-12-31": "531.68200", "2014-12-31": "314.41310", "2013-12-31": "398.44600", "2012-12-31": "323.50900", "2011-12-31": "285.69000", "2010-12-31": "448.09700", "2009-12-31": "668.21300", "2008-12-31": "485.34600", "2007-12-31": "160.55500", "2006-12-31": "114.62200", "2005-12-31": "78.57300"}, "Change In Accounts Receivable": {"2019-12-31": "4.36100", "2018-12-31": "-3.68700", "2017-12-31": "2.47000", "2016-12-31": "1.41000", "2015-12-31": "-3.10700", "2014-12-31": "-2.35700", "2013-12-31": "-3.46300", "2012-12-31": "0.32600", "2011-12-31": "7.35800", "2010-12-31": "21.04500", "2009-12-31": "13.90200", "2008-12-31": "-1.52000", "2007-12-31": "-47.99900", "2006-12-31": "-38.01300", "2005-12-31": "-32.20700"}, "Change In Inventories": {"2019-12-31": "", "2018-12-31": "", "2017-12-31": "", "2016-12-31": "", "2015-12-31": "", "2014-12-31": "", "2013-12-31": "", "2012-12-31": "", "2011-12-31": "", "2010-12-31": "", "2009-12-31": "", "2008-12-31": "", "2007-12-31": "", "2006-12-31": "", "2005-12-31": ""}, "Change In Accounts Payable": {"2019-12-31": "", "2018-12-31": "", "2017-12-31": "", "2016-12-31": "", "2015-12-31": "", "2014-12-31": "", "2013-12-31": "", "2012-12-31": "", "2011-12-31": "", "2010-12-31": "", "2009-12-31": "", "2008-12-31": "", "2007-12-31": "", "2006-12-31": "", "2005-12-31": ""}, "Change In Assets/Liabilities": {"2019-12-31": "1.60300", "2018-12-31": "-5.85100", "2017-12-31": "-19.47600", "2016-12-31": "-22.72000", "2015-12-31": "-24.96300", "2014-12-31": "-19.96900", "2013-12-31": "7.02300", "2012-12-31": "3.11000", "2011-12-31": "-2.21600", "2010-12-31": "52.38000", "2009-12-31": "-37.84900", "2008-12-31": "-22.18900", "2007-12-31": "37.41800", "2006-12-31": "-2.32900", "2005-12-31": "1.70700"}, "Total Change In Assets/Liabilities": {"2019-12-31": "1.19300", "2018-12-31": "1.85000", "2017-12-31": "-20.66700", "2016-12-31": "-31.08500", "2015-12-31": "-27.89600", "2014-12-31": "-7.69600", "2013-12-31": "-15.09100", "2012-12-31": "6.01600", "2011-12-31": "6.90200", "2010-12-31": "77.74800", "2009-12-31": "-35.63800", "2008-12-31": "-4.92600", "2007-12-31": "-22.53600", "2006-12-31": "-30.46700", "2005-12-31": "-19.35400"}, "Cash Flow From Operating Activities": {"2019-12-31": "270.15400", "2018-12-31": "263.41800", "2017-12-31": "410.40700", "2016-12-31": "460.66300", "2015-12-31": "433.47600", "2014-12-31": "420.28200", "2013-12-31": "373.97400", "2012-12-31": "304.19600", "2011-12-31": "273.19500", "2010-12-31": "278.12400", "2009-12-31": "228.93500", "2008-12-31": "391.94100", "2007-12-31": "420.74500", "2006-12-31": "340.69200", "2005-12-31": "355.42300"}, "Net Change In Property, Plant, And Equipment": {"2019-12-31": "-75.47800", "2018-12-31": "779.46500", "2017-12-31": "422.81000", "2016-12-31": "449.16300", "2015-12-31": "6.48400", "2014-12-31": "385.36300", "2013-12-31": "-832.28500", "2012-12-31": "-414.67300", "2011-12-31": "126.37000", "2010-12-31": "-8.01700", "2009-12-31": "139.40800", "2008-12-31": "-265.01700", "2007-12-31": "-2196.55600", "2006-12-31": "-352.77900", "2005-12-31": "-652.19200"}, "Net Change In Intangible Assets": {"2019-12-31": "", "2018-12-31": "", "2017-12-31": "", "2016-12-31": "", "2015-12-31": "", "2014-12-31": "", "2013-12-31": "", "2012-12-31": "", "2011-12-31": "", "2010-12-31": "", "2009-12-31": "", "2008-12-31": "", "2007-12-31": "", "2006-12-31": "", "2005-12-31": ""}, "Net Acquisitions/Divestitures": {"2019-12-31": "", "2018-12-31": "", "2017-12-31": "", "2016-12-31": "", "2015-12-31": "", "2014-12-31": "", "2013-12-31": "", "2012-12-31": "", "2011-12-31": "", "2010-12-31": "", "2009-12-31": "", "2008-12-31": "", "2007-12-31": "", "2006-12-31": "", "2005-12-31": ""}, "Net Change In Short-term Investments": {"2019-12-31": "", "2018-12-31": "", "2017-12-31": "", "2016-12-31": "", "2015-12-31": "", "2014-12-31": "", "2013-12-31": "", "2012-12-31": "", "2011-12-31": "", "2010-12-31": "", "2009-12-31": "", "2008-12-31": "", "2007-12-31": "", "2006-12-31": "", "2005-12-31": ""}, "Net Change In Long-Term Investments": {"2019-12-31": "", "2018-12-31": "", "2017-12-31": "", "2016-12-31": "", "2015-12-31": "", "2014-12-31": "3.21600", "2013-12-31": "-1.80000", "2012-12-31": "", "2011-12-31": "", "2010-12-31": "", "2009-12-31": "", "2008-12-31": "", "2007-12-31": "", "2006-12-31": "", "2005-12-31": ""}, "Net Change In Investments - Total": {"2019-12-31": "", "2018-12-31": "", "2017-12-31": "", "2016-12-31": "", "2015-12-31": "", "2014-12-31": "3.21600", "2013-12-31": "-1.80000", "2012-12-31": "", "2011-12-31": "", "2010-12-31": "", "2009-12-31": "", "2008-12-31": "", "2007-12-31": "", "2006-12-31": "", "2005-12-31": ""}, "Investing Activities - Other": {"2019-12-31": "65.08300", "2018-12-31": "38.86300", "2017-12-31": "55.79800", "2016-12-31": "23.87000", "2015-12-31": "-61.13200", "2014-12-31": "-235.38300", "2013-12-31": "-63.77400", "2012-12-31": "-173.75700", "2011-12-31": "74.32600", "2010-12-31": "39.77900", "2009-12-31": "11.47600", "2008-12-31": "-203.55500", "2007-12-31": "1034.26900", "2006-12-31": "149.73200", "2005-12-31": "312.74900"}, "Cash Flow From Investing Activities": {"2019-12-31": "-10.39500", "2018-12-31": "818.32800", "2017-12-31": "478.60800", "2016-12-31": "473.03300", "2015-12-31": "-54.64800", "2014-12-31": "153.19600", "2013-12-31": "-897.85900", "2012-12-31": "-588.43000", "2011-12-31": "200.69600", "2010-12-31": "31.76200", "2009-12-31": "150.88400", "2008-12-31": "-468.57200", "2007-12-31": "-1162.28700", "2006-12-31": "-203.04700", "2005-12-31": "-339.44300"}, "Net Long-Term Debt": {"2019-12-31": "47.62800", "2018-12-31": "-862.68410", "2017-12-31": "-709.88200", "2016-12-31": "-240.00000", "2015-12-31": "781.79000", "2014-12-31": "151.30200", "2013-12-31": "637.65100", "2012-12-31": "712.71590", "2011-12-31": "-225.17400", "2010-12-31": "-186.22810", "2009-12-31": "-358.44590", "2008-12-31": "308.69700", "2007-12-31": "390.73300", "2006-12-31": "101.81100", "2005-12-31": "88.96100"}, "Net Current Debt": {"2019-12-31": "-95.00000", "2018-12-31": "100.00000", "2017-12-31": "", "2016-12-31": "-405.49500", "2015-12-31": "-886.55300", "2014-12-31": "-495.12800", "2013-12-31": "-637.13700", "2012-12-31": "-780.07700", "2011-12-31": "-138.09800", "2010-12-31": "-492.22400", "2009-12-31": "-270.69200", "2008-12-31": "36.89200", "2007-12-31": "545.03890", "2006-12-31": "127.50000", "2005-12-31": "160.00000"}, "Debt Issuance/Retirement Net - Total": {"2019-12-31": "-47.37200", "2018-12-31": "-762.68410", "2017-12-31": "-709.88200", "2016-12-31": "-645.49500", "2015-12-31": "-104.76290", "2014-12-31": "-343.82600", "2013-12-31": "0.51400", "2012-12-31": "-67.36110", "2011-12-31": "-363.27200", "2010-12-31": "-678.45210", "2009-12-31": "-629.13790", "2008-12-31": "345.58900", "2007-12-31": "935.77190", "2006-12-31": "229.31100", "2005-12-31": "248.96100"}, "Net Common Equity Issued/Repurchased": {"2019-12-31": "179.81100", "2018-12-31": "-31.57100", "2017-12-31": "21.67700", "2016-12-31": "13.53600", "2015-12-31": "2.32500", "2014-12-31": "11.14100", "2013-12-31": "783.62900", "2012-12-31": "488.28800", "2011-12-31": "183.00700", "2010-12-31": "438.66700", "2009-12-31": "314.42600", "2008-12-31": "42.72300", "2007-12-31": "379.01800", "2006-12-31": "-40.85000", "2005-12-31": "12.13900"}, "Net Total Equity Issued/Repurchased": {"2019-12-31": "-20.22000", "2018-12-31": "-32.30700", "2017-12-31": "190.31500", "2016-12-31": "13.53600", "2015-12-31": "2.32500", "2014-12-31": "-43.85900", "2013-12-31": "778.49210", "2012-12-31": "511.14300", "2011-12-31": "3.00700", "2010-12-31": "438.66700", "2009-12-31": "314.42600", "2008-12-31": "42.67700", "2007-12-31": "229.01800", "2006-12-31": "-40.85000", "2005-12-31": "12.13900"}, "Total Common And Preferred Stock Dividends Paid": {"2019-12-31": "-181.68800", "2018-12-31": "-282.64200", "2017-12-31": "-306.65400", "2016-12-31": "-294.99000", "2015-12-31": "-271.72900", "2014-12-31": "-249.99700", "2013-12-31": "-196.06200", "2012-12-31": "-163.88900", "2011-12-31": "-77.97000", "2010-12-31": "-64.25300", "2009-12-31": "-54.27300", "2008-12-31": "-381.48700", "2007-12-31": "-382.56100", "2006-12-31": "-309.99900", "2005-12-31": "-289.30200"}, "Financial Activities - Other": {"2019-12-31": "-4.99800", "2018-12-31": "-85.18300", "2017-12-31": "-7.29500", "2016-12-31": "-0.04300", "2015-12-31": "-4.60500", "2014-12-31": "-0.95300", "2013-12-31": "-3.62500", "2012-12-31": "-5.13000", "2011-12-31": "-13.61900", "2010-12-31": "-13.02700", "2009-12-31": "-12.36300", "2008-12-31": "49.51700", "2007-12-31": "-18.89600", "2006-12-31": "-18.38400", "2005-12-31": "-6.99400"}, "Cash Flow From Financial Activities": {"2019-12-31": "-254.27800", "2018-12-31": "-1162.81600", "2017-12-31": "-833.51600", "2016-12-31": "-926.99200", "2015-12-31": "-378.77200", "2014-12-31": "-638.63500", "2013-12-31": "579.31900", "2012-12-31": "274.76300", "2011-12-31": "-451.85400", "2010-12-31": "-317.06500", "2009-12-31": "-381.34800", "2008-12-31": "56.29600", "2007-12-31": "763.33300", "2006-12-31": "-139.92200", "2005-12-31": "-35.19600"}, "Net Cash Flow": {"2019-12-31": "5.48100", "2018-12-31": "-81.07000", "2017-12-31": "55.49900", "2016-12-31": "6.70400", "2015-12-31": "0.20800", "2014-12-31": "-65.72700", "2013-12-31": "55.49000", "2012-12-31": "-10.03200", "2011-12-31": "21.79000", "2010-12-31": "-6.75600", "2009-12-31": "-3.32200", "2008-12-31": "-20.05300", "2007-12-31": "21.16900", "2006-12-31": "-2.27700", "2005-12-31": "-19.21600"}, "Stock-Based Compensation": {"2019-12-31": "9.89000", "2018-12-31": "7.46800", "2017-12-31": "11.49300", "2016-12-31": "7.76500", "2015-12-31": "7.89500", "2014-12-31": "9.96200", "2013-12-31": "8.37100", "2012-12-31": "7.55300", "2011-12-31": "7.43900", "2010-12-31": "6.45900", "2009-12-31": "20.39800", "2008-12-31": "27.97000", "2007-12-31": "5.22400", "2006-12-31": "3.44600", "2005-12-31": ""}, "Common Stock Dividends Paid": {"2019-12-31": "-181.68800", "2018-12-31": "-282.64200", "2017-12-31": "-306.65400", "2016-12-31": "-293.90500", "2015-12-31": "-271.72900", "2014-12-31": "-249.99700", "2013-12-31": "-196.06200", "2012-12-31": "-163.88900", "2011-12-31": "-77.97000", "2010-12-31": "-64.25300", "2009-12-31": "-54.27300", "2008-12-31": "-381.48700", "2007-12-31": "-356.46400", "2006-12-31": "-307.65200", "2005-12-31": "-286.40000"}}, "cash flow statement, quarterly": {"Net Income/Loss": {"2020-09-30": 7.403, "2020-06-30": -4.403, "2020-03-31": "34.62800", "2019-12-31": 24.292, "2019-09-30": 23.901, "2019-06-30": 17.537, "2019-03-31": "36.09500", "2018-12-31": 181.327, "2018-09-30": -8.692, "2018-06-30": -2.633, "2018-03-31": "-53.89700", "2017-12-31": -220.213, "2017-09-30": 1.231, "2017-06-30": 29.878, "2017-03-31": "-54.02800", "2016-12-31": 34.034, "2016-09-30": -60.076, "2016-06-30": 41.368, "2016-03-31": "45.87300", "2015-12-31": 93.734, "2015-09-30": 59.823, "2015-06-30": 19.047, "2015-03-31": "-242.91400", "2014-12-31": -11.432, "2014-09-30": 66.48, "2014-06-30": 76.895, "2014-03-31": "-18.37800", "2013-12-31": 7.448, "2013-09-30": -0.205, "2013-06-30": -16.624, "2013-03-31": "0.00000", "2012-12-31": -25.329, "2012-09-30": 0, "2012-06-30": 0, "2012-03-31": "0.00000", "2011-12-31": -19.397, "2011-09-30": 0, "2011-06-30": 0, "2011-03-31": "0.00000", "2010-12-31": -247.721, "2010-09-30": 0, "2010-06-30": 0, "2010-03-31": "0.00000", "2009-12-31": -403.64, "2009-09-30": 0, "2009-06-30": 0, "2009-03-31": "0.00000", "2008-12-31": -83.069, "2008-09-30": 0, "2008-06-30": 0, "2008-03-31": "0.00000", "2007-12-31": 282.726, "2007-09-30": 0, "2007-06-30": 0, "2007-03-31": "0.00000", "2006-12-31": 253.264, "2006-09-30": 0, "2006-06-30": 0, "2006-03-31": "0.00000", "2005-12-31": 282.643, "2005-09-30": 0, "2005-06-30": 0, "2005-03-31": "0.00000"}, "Total Depreciation And Amortization - Cash Flow": {"2020-09-30": 42.179, "2020-06-30": 41.904, "2020-03-31": "44.51200", "2019-12-31": 42.608, "2019-09-30": 41.914, "2019-06-30": 40.996, "2019-03-31": "43.54500", "2018-12-31": 46.732, "2018-09-30": 50.603, "2018-06-30": 76.594, "2018-03-31": "84.52700", "2017-12-31": 81.347, "2017-09-30": 89.273, "2017-06-30": 91.266, "2017-03-31": "91.79000", "2016-12-31": 100.01, "2016-09-30": 95.905, "2016-06-30": 98.188, "2016-03-31": "97.56300", "2015-12-31": 104.363, "2015-09-30": 99.615, "2015-06-30": 97.802, "2015-03-31": "104.90300", "2014-12-31": 107.559, "2014-09-30": 103.575, "2014-06-30": 97.552, "2014-03-31": "115.28200", "2013-12-31": 106.604, "2013-09-30": 80.334, "2013-06-30": 152.91, "2013-03-31": "", "2012-12-31": 276.079, "2012-09-30": 0, "2012-06-30": 0, "2012-03-31": "", "2011-12-31": 259.983, "2011-09-30": 0, "2011-06-30": 0, "2011-03-31": "", "2010-12-31": 248.777, "2010-09-30": 0, "2010-06-30": 0, "2010-03-31": "", "2009-12-31": 257.099, "2009-09-30": 0, "2009-06-30": 0, "2009-03-31": "", "2008-12-31": 271.575, "2008-09-30": 0, "2008-06-30": 0, "2008-03-31": "", "2007-12-31": 246.308, "2007-09-30": 0, "2007-06-30": 0, "2007-03-31": "", "2006-12-31": 201.283, "2006-09-30": 0, "2006-06-30": 0, "2006-03-31": "", "2005-12-31": 178.134, "2005-09-30": 0, "2005-06-30": 0, "2005-03-31": ""}, "Other Non-Cash Items": {"2020-09-30": -0.645, "2020-06-30": 9.426, "2020-03-31": "-14.88600", "2019-12-31": 1.855, "2019-09-30": -1.013, "2019-06-30": 7.679, "2019-03-31": "-10.44800", "2018-12-31": -163.173, "2018-09-30": 0.648, "2018-06-30": -13.363, "2018-03-31": "62.89500", "2017-12-31": 244.732, "2017-09-30": 18.055, "2017-06-30": -10.817, "2017-03-31": "68.56000", "2016-12-31": -16.895, "2016-09-30": 89.588, "2016-06-30": -10.365, "2016-03-31": "-23.44500", "2015-12-31": -77.984, "2015-09-30": -39.116, "2015-06-30": -1.668, "2015-03-31": "243.76700", "2014-12-31": 17.112, "2014-09-30": -60.196, "2014-06-30": -74.491, "2014-03-31": "8.02000", "2013-12-31": -11.058, "2013-09-30": 13.006, "2013-06-30": 56.65, "2013-03-31": "", "2012-12-31": 47.43, "2012-09-30": 0, "2012-06-30": 0, "2012-03-31": "", "2011-12-31": 25.707, "2011-09-30": 0, "2011-06-30": 0, "2011-03-31": "", "2010-12-31": 199.32, "2010-09-30": 0, "2010-06-30": 0, "2010-03-31": "", "2009-12-31": 411.114, "2009-09-30": 0, "2009-06-30": 0, "2009-03-31": "", "2008-12-31": 213.771, "2008-09-30": 0, "2008-06-30": 0, "2008-03-31": "", "2007-12-31": -85.753, "2007-09-30": 0, "2007-06-30": 0, "2007-03-31": "", "2006-12-31": -86.661, "2006-09-30": 0, "2006-06-30": 0, "2006-03-31": "", "2005-12-31": -99.561, "2005-09-30": 0, "2005-06-30": 0, "2005-03-31": ""}, "Total Non-Cash Items": {"2020-09-30": 41.534, "2020-06-30": 51.33, "2020-03-31": "29.62600", "2019-12-31": 44.463, "2019-09-30": 40.901, "2019-06-30": 48.675, "2019-03-31": "33.09700", "2018-12-31": -116.441, "2018-09-30": 51.251, "2018-06-30": 63.231, "2018-03-31": "147.42200", "2017-12-31": 326.079, "2017-09-30": 107.328, "2017-06-30": 80.449, "2017-03-31": "160.35000", "2016-12-31": 83.115, "2016-09-30": 185.493, "2016-06-30": 87.823, "2016-03-31": "74.11800", "2015-12-31": 26.379, "2015-09-30": 60.499, "2015-06-30": 96.134, "2015-03-31": "348.67000", "2014-12-31": 124.6711, "2014-09-30": 43.379, "2014-06-30": 23.061, "2014-03-31": "123.30200", "2013-12-31": 95.546, "2013-09-30": 93.34, "2013-06-30": 209.56, "2013-03-31": "", "2012-12-31": 323.509, "2012-09-30": 0, "2012-06-30": 0, "2012-03-31": "", "2011-12-31": 285.69, "2011-09-30": 0, "2011-06-30": 0, "2011-03-31": "", "2010-12-31": 448.097, "2010-09-30": 0, "2010-06-30": 0, "2010-03-31": "", "2009-12-31": 668.213, "2009-09-30": 0, "2009-06-30": 0, "2009-03-31": "", "2008-12-31": 485.346, "2008-09-30": 0, "2008-06-30": 0, "2008-03-31": "", "2007-12-31": 160.555, "2007-09-30": 0, "2007-06-30": 0, "2007-03-31": "", "2006-12-31": 114.622, "2006-09-30": 0, "2006-06-30": 0, "2006-03-31": "", "2005-12-31": 78.573, "2005-09-30": 0, "2005-06-30": 0, "2005-03-31": ""}, "Change In Accounts Receivable": {"2020-09-30": 2.06, "2020-06-30": -24.737, "2020-03-31": "4.17700", "2019-12-31": 0.128, "2019-09-30": 3.4, "2019-06-30": -3.185, "2019-03-31": "4.01800", "2018-12-31": -0.779, "2018-09-30": -1.161, "2018-06-30": -6.93, "2018-03-31": "5.18300", "2017-12-31": 2.66, "2017-09-30": -3.709, "2017-06-30": 0.825, "2017-03-31": "2.69400", "2016-12-31": 1.329, "2016-09-30": -2.538, "2016-06-30": -0.04, "2016-03-31": "2.65900", "2015-12-31": -1.418, "2015-09-30": -3.016, "2015-06-30": 5.911, "2015-03-31": "-4.58400", "2014-12-31": -2.676, "2014-09-30": -6.77, "2014-06-30": -2.651, "2014-03-31": "9.74000", "2013-12-31": -6.701, "2013-09-30": -3.581, "2013-06-30": 6.819, "2013-03-31": "", "2012-12-31": 0.326, "2012-09-30": 0, "2012-06-30": 0, "2012-03-31": "", "2011-12-31": 7.358, "2011-09-30": 0, "2011-06-30": 0, "2011-03-31": "", "2010-12-31": 21.045, "2010-09-30": 0, "2010-06-30": 0, "2010-03-31": "", "2009-12-31": 13.902, "2009-09-30": 0, "2009-06-30": 0, "2009-03-31": "", "2008-12-31": -1.52, "2008-09-30": 0, "2008-06-30": 0, "2008-03-31": "", "2007-12-31": -47.999, "2007-09-30": 0, "2007-06-30": 0, "2007-03-31": "", "2006-12-31": -38.013, "2006-09-30": 0, "2006-06-30": 0, "2006-03-31": "", "2005-12-31": -32.207, "2005-09-30": 0, "2005-06-30": 0, "2005-03-31": ""}, "Change In Inventories": {"2020-09-30": 0, "2020-06-30": 0, "2020-03-31": "", "2019-12-31": 0, "2019-09-30": 0, "2019-06-30": 0, "2019-03-31": "", "2018-12-31": 0, "2018-09-30": 0, "2018-06-30": 0, "2018-03-31": "", "2017-12-31": 0, "2017-09-30": 0, "2017-06-30": 0, "2017-03-31": "", "2016-12-31": 0, "2016-09-30": 0, "2016-06-30": 0, "2016-03-31": "", "2015-12-31": 0, "2015-09-30": 0, "2015-06-30": 0, "2015-03-31": "", "2014-12-31": 0, "2014-09-30": 0, "2014-06-30": 0, "2014-03-31": "", "2013-12-31": 0, "2013-09-30": 0, "2013-06-30": 0, "2013-03-31": "", "2012-12-31": 0, "2012-09-30": 0, "2012-06-30": 0, "2012-03-31": "", "2011-12-31": 0, "2011-09-30": 0, "2011-06-30": 0, "2011-03-31": "", "2010-12-31": 0, "2010-09-30": 0, "2010-06-30": 0, "2010-03-31": "", "2009-12-31": 0, "2009-09-30": 0, "2009-06-30": 0, "2009-03-31": "", "2008-12-31": 0, "2008-09-30": 0, "2008-06-30": 0, "2008-03-31": "", "2007-12-31": 0, "2007-09-30": 0, "2007-06-30": 0, "2007-03-31": "", "2006-12-31": 0, "2006-09-30": 0, "2006-06-30": 0, "2006-03-31": "", "2005-12-31": 0, "2005-09-30": 0, "2005-06-30": 0, "2005-03-31": ""}, "Change In Accounts Payable": {"2020-09-30": 0, "2020-06-30": 0, "2020-03-31": "", "2019-12-31": 0, "2019-09-30": 0, "2019-06-30": 0, "2019-03-31": "", "2018-12-31": 0, "2018-09-30": 0, "2018-06-30": 0, "2018-03-31": "", "2017-12-31": 0, "2017-09-30": 0, "2017-06-30": 0, "2017-03-31": "", "2016-12-31": 0, "2016-09-30": 0, "2016-06-30": 0, "2016-03-31": "", "2015-12-31": 0, "2015-09-30": 0, "2015-06-30": 0, "2015-03-31": "", "2014-12-31": 0, "2014-09-30": 0, "2014-06-30": 0, "2014-03-31": "", "2013-12-31": 0, "2013-09-30": 0, "2013-06-30": 0, "2013-03-31": "", "2012-12-31": 0, "2012-09-30": 0, "2012-06-30": 0, "2012-03-31": "", "2011-12-31": 0, "2011-09-30": 0, "2011-06-30": 0, "2011-03-31": "", "2010-12-31": 0, "2010-09-30": 0, "2010-06-30": 0, "2010-03-31": "", "2009-12-31": 0, "2009-09-30": 0, "2009-06-30": 0, "2009-03-31": "", "2008-12-31": 0, "2008-09-30": 0, "2008-06-30": 0, "2008-03-31": "", "2007-12-31": 0, "2007-09-30": 0, "2007-06-30": 0, "2007-03-31": "", "2006-12-31": 0, "2006-09-30": 0, "2006-06-30": 0, "2006-03-31": "", "2005-12-31": 0, "2005-09-30": 0, "2005-06-30": 0, "2005-03-31": ""}, "Change In Assets/Liabilities": {"2020-09-30": 0.276, "2020-06-30": 1.896, "2020-03-31": "-13.28900", "2019-12-31": 9.498, "2019-09-30": 0.824, "2019-06-30": 3.096, "2019-03-31": "-11.81500", "2018-12-31": 5.71, "2018-09-30": -7.135, "2018-06-30": 14.592, "2018-03-31": "-19.01800", "2017-12-31": 5.823, "2017-09-30": -12.426, "2017-06-30": -4.285, "2017-03-31": "-8.58800", "2016-12-31": -2.107, "2016-09-30": -4.049, "2016-06-30": -0.589, "2016-03-31": "-15.97500", "2015-12-31": 11.103, "2015-09-30": -10.912, "2015-06-30": -1.363, "2015-03-31": "-23.79100", "2014-12-31": -5.949, "2014-09-30": 1.734, "2014-06-30": 6.542, "2014-03-31": "-22.29600", "2013-12-31": 18.114, "2013-09-30": 6.697, "2013-06-30": -17.788, "2013-03-31": "", "2012-12-31": 3.11, "2012-09-30": 0, "2012-06-30": 0, "2012-03-31": "", "2011-12-31": -2.216, "2011-09-30": 0, "2011-06-30": 0, "2011-03-31": "", "2010-12-31": 52.38, "2010-09-30": 0, "2010-06-30": 0, "2010-03-31": "", "2009-12-31": -37.849, "2009-09-30": 0, "2009-06-30": 0, "2009-03-31": "", "2008-12-31": -22.189, "2008-09-30": 0, "2008-06-30": 0, "2008-03-31": "", "2007-12-31": 37.418, "2007-09-30": 0, "2007-06-30": 0, "2007-03-31": "", "2006-12-31": -2.329, "2006-09-30": 0, "2006-06-30": 0, "2006-03-31": "", "2005-12-31": 1.707, "2005-09-30": 0, "2005-06-30": 0, "2005-03-31": ""}, "Total Change In Assets/Liabilities": {"2020-09-30": 5.132, "2020-06-30": -10.912, "2020-03-31": "-28.40400", "2019-12-31": 11.979, "2019-09-30": 4.409, "2019-06-30": 11.734, "2019-03-31": "-26.92900", "2018-12-31": 1.063, "2018-09-30": -6.845, "2018-06-30": 43.396, "2018-03-31": "-35.76400", "2017-12-31": 2.308, "2017-09-30": -16.064, "2017-06-30": 7.504, "2017-03-31": "-14.41500", "2016-12-31": -7.508, "2016-09-30": -5.275, "2016-06-30": 19.891, "2016-03-31": "-38.19300", "2015-12-31": 12.462, "2015-09-30": -28.294, "2015-06-30": 30.991, "2015-03-31": "-43.05500", "2014-12-31": -8.382, "2014-09-30": 4.516, "2014-06-30": 9.203, "2014-03-31": "-13.03300", "2013-12-31": -5.698, "2013-09-30": 20.025, "2013-06-30": -29.418, "2013-03-31": "", "2012-12-31": 6.016, "2012-09-30": 0, "2012-06-30": 0, "2012-03-31": "", "2011-12-31": 6.902, "2011-09-30": 0, "2011-06-30": 0, "2011-03-31": "", "2010-12-31": 77.748, "2010-09-30": 0, "2010-06-30": 0, "2010-03-31": "", "2009-12-31": -35.638, "2009-09-30": 0, "2009-06-30": 0, "2009-03-31": "", "2008-12-31": -4.926, "2008-09-30": 0, "2008-06-30": 0, "2008-03-31": "", "2007-12-31": -22.536, "2007-09-30": 0, "2007-06-30": 0, "2007-03-31": "", "2006-12-31": -30.467, "2006-09-30": 0, "2006-06-30": 0, "2006-03-31": "", "2005-12-31": -19.354, "2005-09-30": 0, "2005-06-30": 0, "2005-03-31": ""}, "Cash Flow From Operating Activities": {"2020-09-30": 54.069, "2020-06-30": 36.015, "2020-03-31": "35.85000", "2019-12-31": 80.734, "2019-09-30": 69.211, "2019-06-30": 77.946, "2019-03-31": "42.26300", "2018-12-31": 65.949, "2018-09-30": 35.714, "2018-06-30": 103.994, "2018-03-31": "57.76100", "2017-12-31": 108.174, "2017-09-30": 92.495, "2017-06-30": 117.831, "2017-03-31": "91.90700", "2016-12-31": 109.641, "2016-09-30": 120.142, "2016-06-30": 149.082, "2016-03-31": "81.79800", "2015-12-31": 132.575, "2015-09-30": 92.028, "2015-06-30": 146.172, "2015-03-31": "62.70100", "2014-12-31": 104.857, "2014-09-30": 114.375, "2014-06-30": 109.159, "2014-03-31": "91.89100", "2013-12-31": 97.296, "2013-09-30": 113.16, "2013-06-30": 110.222, "2013-03-31": "53.29600", "2012-12-31": 106.771, "2012-09-30": 93.844, "2012-06-30": 69.723, "2012-03-31": "33.85800", "2011-12-31": 60.376, "2011-09-30": 78.537, "2011-06-30": 76.65, "2011-03-31": "57.63200", "2010-12-31": 67.086, "2010-09-30": 83.057, "2010-06-30": 83.677, "2010-03-31": "44.30400", "2009-12-31": 12.284, "2009-09-30": 76.772, "2009-06-30": 70.222, "2009-03-31": "69.65700", "2008-12-31": 87.786, "2008-09-30": 109.718, "2008-06-30": 108.854, "2008-03-31": "85.58300", "2007-12-31": 86.175, "2007-09-30": 113.351, "2007-06-30": 91.547, "2007-03-31": "129.67200", "2006-12-31": 55.294, "2006-09-30": 110.362, "2006-06-30": 67.614, "2006-03-31": "107.42200", "2005-12-31": 80.104, "2005-09-30": 100.31, "2005-06-30": 82.533, "2005-03-31": "92.47600"}, "Net Change In Property, Plant, And Equipment": {"2020-09-30": -10.617, "2020-06-30": -17.181, "2020-03-31": "-21.96200", "2019-12-31": -102.382, "2019-09-30": 0.107, "2019-06-30": -25.088, "2019-03-31": "51.88500", "2018-12-31": 573.343, "2018-09-30": -27.315, "2018-06-30": 132.675, "2018-03-31": "100.76200", "2017-12-31": 143.927, "2017-09-30": 120.906, "2017-06-30": 158.973, "2017-03-31": "-0.99600", "2016-12-31": 433.724, "2016-09-30": -76.779, "2016-06-30": 12.314, "2016-03-31": "79.90400", "2015-12-31": 51.163, "2015-09-30": 35.64, "2015-06-30": -123.947, "2015-03-31": "43.62800", "2014-12-31": 111.246, "2014-09-30": 24.829, "2014-06-30": 167.389, "2014-03-31": "81.89900", "2013-12-31": -503.369, "2013-09-30": -100.772, "2013-06-30": -130.469, "2013-03-31": "-97.67500", "2012-12-31": -136.481, "2012-09-30": -203.176, "2012-06-30": -8.333, "2012-03-31": "-66.68300", "2011-12-31": 145.884, "2011-09-30": -21.802, "2011-06-30": 33.691, "2011-03-31": "-31.40300", "2010-12-31": -4.88, "2010-09-30": 6.985, "2010-06-30": -1.952, "2010-03-31": "-8.17000", "2009-12-31": 3.587, "2009-09-30": 111.301, "2009-06-30": 39.801, "2009-03-31": "-15.28100", "2008-12-31": -44.839, "2008-09-30": -22.335, "2008-06-30": -107.489, "2008-03-31": "-90.35400", "2007-12-31": -1448.946, "2007-09-30": -2.6831, "2007-06-30": 1550.7571, "2007-03-31": "-2295.68400", "2006-12-31": -321.339, "2006-09-30": 39.177, "2006-06-30": 34.454, "2006-03-31": "-105.07100", "2005-12-31": -389.681, "2005-09-30": -28.759, "2005-06-30": -5.442, "2005-03-31": "-228.31000"}, "Net Change In Intangible Assets": {"2020-09-30": 0, "2020-06-30": 0, "2020-03-31": "", "2019-12-31": 0, "2019-09-30": 0, "2019-06-30": 0, "2019-03-31": "", "2018-12-31": 0, "2018-09-30": 0, "2018-06-30": 0, "2018-03-31": "", "2017-12-31": 0, "2017-09-30": 0, "2017-06-30": 0, "2017-03-31": "", "2016-12-31": 0, "2016-09-30": 0, "2016-06-30": 0, "2016-03-31": "", "2015-12-31": 0, "2015-09-30": 0, "2015-06-30": 0, "2015-03-31": "", "2014-12-31": 0, "2014-09-30": 0, "2014-06-30": 0, "2014-03-31": "", "2013-12-31": 0, "2013-09-30": 0, "2013-06-30": 0, "2013-03-31": "", "2012-12-31": 0, "2012-09-30": 0, "2012-06-30": 0, "2012-03-31": "", "2011-12-31": 0, "2011-09-30": 0, "2011-06-30": 0, "2011-03-31": "", "2010-12-31": 0, "2010-09-30": 0, "2010-06-30": 0, "2010-03-31": "", "2009-12-31": 0, "2009-09-30": 0, "2009-06-30": 0, "2009-03-31": "", "2008-12-31": 0, "2008-09-30": 0, "2008-06-30": 0, "2008-03-31": "", "2007-12-31": 0, "2007-09-30": 0, "2007-06-30": 0, "2007-03-31": "", "2006-12-31": 0, "2006-09-30": 0, "2006-06-30": 0, "2006-03-31": "", "2005-12-31": 0, "2005-09-30": 0, "2005-06-30": 0, "2005-03-31": ""}, "Net Acquisitions/Divestitures": {"2020-09-30": 0, "2020-06-30": 0, "2020-03-31": "", "2019-12-31": 0, "2019-09-30": 0, "2019-06-30": 0, "2019-03-31": "", "2018-12-31": 0, "2018-09-30": 0, "2018-06-30": 0, "2018-03-31": "", "2017-12-31": 0, "2017-09-30": 0, "2017-06-30": 0, "2017-03-31": "", "2016-12-31": 0, "2016-09-30": 0, "2016-06-30": 0, "2016-03-31": "", "2015-12-31": 0, "2015-09-30": 0, "2015-06-30": 0, "2015-03-31": "", "2014-12-31": 0, "2014-09-30": 0, "2014-06-30": 0, "2014-03-31": "", "2013-12-31": 0, "2013-09-30": 0, "2013-06-30": 0, "2013-03-31": "", "2012-12-31": 0, "2012-09-30": 0, "2012-06-30": 0, "2012-03-31": "", "2011-12-31": 0, "2011-09-30": 0, "2011-06-30": 0, "2011-03-31": "", "2010-12-31": 0, "2010-09-30": 0, "2010-06-30": 0, "2010-03-31": "", "2009-12-31": 0, "2009-09-30": 0, "2009-06-30": 0, "2009-03-31": "", "2008-12-31": 0, "2008-09-30": 0, "2008-06-30": 0, "2008-03-31": "", "2007-12-31": 0, "2007-09-30": 0, "2007-06-30": 0, "2007-03-31": "", "2006-12-31": 0, "2006-09-30": 0, "2006-06-30": 0, "2006-03-31": "", "2005-12-31": 0, "2005-09-30": 0, "2005-06-30": 0, "2005-03-31": ""}, "Net Change In Short-term Investments": {"2020-09-30": 0, "2020-06-30": 0, "2020-03-31": "", "2019-12-31": 0, "2019-09-30": 0, "2019-06-30": 0, "2019-03-31": "", "2018-12-31": 0, "2018-09-30": 0, "2018-06-30": 0, "2018-03-31": "", "2017-12-31": 0, "2017-09-30": 0, "2017-06-30": 0, "2017-03-31": "", "2016-12-31": 0, "2016-09-30": 0, "2016-06-30": 0, "2016-03-31": "", "2015-12-31": 0, "2015-09-30": 0, "2015-06-30": 0, "2015-03-31": "", "2014-12-31": 0, "2014-09-30": 0, "2014-06-30": 0, "2014-03-31": "", "2013-12-31": 0, "2013-09-30": 0, "2013-06-30": 0, "2013-03-31": "", "2012-12-31": 0, "2012-09-30": 0, "2012-06-30": 0, "2012-03-31": "", "2011-12-31": 0, "2011-09-30": 0, "2011-06-30": 0, "2011-03-31": "", "2010-12-31": 0, "2010-09-30": 0, "2010-06-30": 0, "2010-03-31": "", "2009-12-31": 0, "2009-09-30": 0, "2009-06-30": 0, "2009-03-31": "", "2008-12-31": 0, "2008-09-30": 0, "2008-06-30": 0, "2008-03-31": "", "2007-12-31": 0, "2007-09-30": 0, "2007-06-30": 0, "2007-03-31": "", "2006-12-31": 0, "2006-09-30": 0, "2006-06-30": 0, "2006-03-31": "", "2005-12-31": 0, "2005-09-30": 0, "2005-06-30": 0, "2005-03-31": ""}, "Net Change In Long-Term Investments": {"2020-09-30": 0, "2020-06-30": 0, "2020-03-31": "", "2019-12-31": 0, "2019-09-30": 0, "2019-06-30": 0, "2019-03-31": "", "2018-12-31": 0, "2018-09-30": 0, "2018-06-30": 0, "2018-03-31": "", "2017-12-31": 0, "2017-09-30": 0, "2017-06-30": 0, "2017-03-31": "", "2016-12-31": 0, "2016-09-30": 0, "2016-06-30": 0, "2016-03-31": "", "2015-12-31": 0, "2015-09-30": 0, "2015-06-30": 0, "2015-03-31": "", "2014-12-31": 1.476, "2014-09-30": 0.489, "2014-06-30": 0.371, "2014-03-31": "0.88000", "2013-12-31": 0, "2013-09-30": -1.8, "2013-06-30": 0, "2013-03-31": "", "2012-12-31": 0, "2012-09-30": 0, "2012-06-30": 0, "2012-03-31": "", "2011-12-31": 0, "2011-09-30": 0, "2011-06-30": 0, "2011-03-31": "", "2010-12-31": 0, "2010-09-30": 0, "2010-06-30": 0, "2010-03-31": "", "2009-12-31": 0, "2009-09-30": 0, "2009-06-30": 0, "2009-03-31": "", "2008-12-31": 0, "2008-09-30": 0, "2008-06-30": 0, "2008-03-31": "", "2007-12-31": 0, "2007-09-30": 0, "2007-06-30": 0, "2007-03-31": "", "2006-12-31": 0, "2006-09-30": 0, "2006-06-30": 0, "2006-03-31": "", "2005-12-31": 0, "2005-09-30": 0, "2005-06-30": 0, "2005-03-31": ""}, "Net Change In Investments - Total": {"2020-09-30": 0, "2020-06-30": 0, "2020-03-31": "", "2019-12-31": 0, "2019-09-30": 0, "2019-06-30": 0, "2019-03-31": "", "2018-12-31": 0, "2018-09-30": 0, "2018-06-30": 0, "2018-03-31": "", "2017-12-31": 0, "2017-09-30": 0, "2017-06-30": 0, "2017-03-31": "", "2016-12-31": 0, "2016-09-30": 0, "2016-06-30": 0, "2016-03-31": "", "2015-12-31": 0, "2015-09-30": 0, "2015-06-30": 0, "2015-03-31": "", "2014-12-31": 1.476, "2014-09-30": 0.489, "2014-06-30": 0.371, "2014-03-31": "0.88000", "2013-12-31": 0, "2013-09-30": -1.8, "2013-06-30": 0, "2013-03-31": "", "2012-12-31": 0, "2012-09-30": 0, "2012-06-30": 0, "2012-03-31": "", "2011-12-31": 0, "2011-09-30": 0, "2011-06-30": 0, "2011-03-31": "", "2010-12-31": 0, "2010-09-30": 0, "2010-06-30": 0, "2010-03-31": "", "2009-12-31": 0, "2009-09-30": 0, "2009-06-30": 0, "2009-03-31": "", "2008-12-31": 0, "2008-09-30": 0, "2008-06-30": 0, "2008-03-31": "", "2007-12-31": 0, "2007-09-30": 0, "2007-06-30": 0, "2007-03-31": "", "2006-12-31": 0, "2006-09-30": 0, "2006-06-30": 0, "2006-03-31": "", "2005-12-31": 0, "2005-09-30": 0, "2005-06-30": 0, "2005-03-31": ""}, "Investing Activities - Other": {"2020-09-30": 1.068, "2020-06-30": -0.039, "2020-03-31": "151.10100", "2019-12-31": 62.356, "2019-09-30": 21.092, "2019-06-30": -42.94, "2019-03-31": "24.57500", "2018-12-31": -45.975, "2018-09-30": -6.788, "2018-06-30": 38.854, "2018-03-31": "52.77200", "2017-12-31": 64.622, "2017-09-30": 20.961, "2017-06-30": -11.346, "2017-03-31": "-18.43900", "2016-12-31": 4.882, "2016-09-30": 4.19, "2016-06-30": -2.384, "2016-03-31": "17.18200", "2015-12-31": -51.274, "2015-09-30": -26.521, "2015-06-30": 2.692, "2015-03-31": "13.97100", "2014-12-31": -269.933, "2014-09-30": 23.181, "2014-06-30": 2.293, "2014-03-31": "9.07600", "2013-12-31": 1.019, "2013-09-30": -40.191, "2013-06-30": -34.452, "2013-03-31": "9.85000", "2012-12-31": 13.352, "2012-09-30": -20.039, "2012-06-30": -169.043, "2012-03-31": "1.97300", "2011-12-31": 24.065, "2011-09-30": 0.852, "2011-06-30": 21.492, "2011-03-31": "27.91700", "2010-12-31": 27.33, "2010-09-30": -42.923, "2010-06-30": 12.515, "2010-03-31": "42.85700", "2009-12-31": 10.969, "2009-09-30": 9.945, "2009-06-30": -1.816, "2009-03-31": "-7.62200", "2008-12-31": -40.07, "2008-09-30": -133.762, "2008-06-30": -29.83, "2008-03-31": "0.10700", "2007-12-31": 1213.334, "2007-09-30": 0.837, "2007-06-30": 26.879, "2007-03-31": "-206.78100", "2006-12-31": 158.421, "2006-09-30": -5.326, "2006-06-30": -2.094, "2006-03-31": "-1.26900", "2005-12-31": 336.851, "2005-09-30": 164.201, "2005-06-30": -169.037, "2005-03-31": "-19.26600"}, "Cash Flow From Investing Activities": {"2020-09-30": -9.549, "2020-06-30": -17.22, "2020-03-31": "129.13900", "2019-12-31": -40.026, "2019-09-30": 21.199, "2019-06-30": -68.028, "2019-03-31": "76.46000", "2018-12-31": 527.368, "2018-09-30": -34.103, "2018-06-30": 171.529, "2018-03-31": "153.53400", "2017-12-31": 208.549, "2017-09-30": 141.867, "2017-06-30": 147.627, "2017-03-31": "-19.43500", "2016-12-31": 438.606, "2016-09-30": -72.589, "2016-06-30": 9.93, "2016-03-31": "97.08600", "2015-12-31": -0.111, "2015-09-30": 9.119, "2015-06-30": -121.255, "2015-03-31": "57.59900", "2014-12-31": -157.211, "2014-09-30": 48.499, "2014-06-30": 170.053, "2014-03-31": "91.85500", "2013-12-31": -502.35, "2013-09-30": -142.763, "2013-06-30": -164.921, "2013-03-31": "-87.82500", "2012-12-31": -123.129, "2012-09-30": -223.215, "2012-06-30": -177.376, "2012-03-31": "-64.71000", "2011-12-31": 169.949, "2011-09-30": -20.95, "2011-06-30": 55.183, "2011-03-31": "-3.48600", "2010-12-31": 22.45, "2010-09-30": -35.938, "2010-06-30": 10.563, "2010-03-31": "34.68700", "2009-12-31": 14.556, "2009-09-30": 121.246, "2009-06-30": 37.985, "2009-03-31": "-22.90300", "2008-12-31": -84.909, "2008-09-30": -156.097, "2008-06-30": -137.319, "2008-03-31": "-90.24700", "2007-12-31": -235.612, "2007-09-30": -1.846, "2007-06-30": 1577.636, "2007-03-31": "-2502.46500", "2006-12-31": -162.918, "2006-09-30": 33.851, "2006-06-30": 32.36, "2006-03-31": "-106.34000", "2005-12-31": -52.83, "2005-09-30": 135.442, "2005-06-30": -174.479, "2005-03-31": "-247.57600"}, "Net Long-Term Debt": {"2020-09-30": -0.4, "2020-06-30": -0.394, "2020-03-31": "-257.00400", "2019-12-31": -0.703, "2019-09-30": 49.424, "2019-06-30": -0.567, "2019-03-31": "-0.52600", "2018-12-31": -505.7001, "2018-09-30": -782.233, "2018-06-30": 0, "2018-03-31": "425.24900", "2017-12-31": -108.3529, "2017-09-30": -746.8001, "2017-06-30": 145.271, "2017-03-31": "", "2016-12-31": 33.089, "2016-09-30": -17.339, "2016-06-30": -7.771, "2016-03-31": "-247.97900", "2015-12-31": 1190.548, "2015-09-30": -190.338, "2015-06-30": -218.316, "2015-03-31": "-0.10400", "2014-12-31": 493.313, "2014-09-30": -329.017, "2014-06-30": 35.559, "2014-03-31": "-48.55300", "2013-12-31": 409.853, "2013-09-30": -6.566, "2013-06-30": 243.945, "2013-03-31": "-9.58100", "2012-12-31": 841.294, "2012-09-30": -162.1251, "2012-06-30": -79.929, "2012-03-31": "113.47600", "2011-12-31": -98.795, "2011-09-30": -87.888, "2011-06-30": -455.847, "2011-03-31": "417.35600", "2010-12-31": 141.8799, "2010-09-30": 85.982, "2010-06-30": -395.127, "2010-03-31": "-18.96300", "2009-12-31": 7.4491, "2009-09-30": -45.527, "2009-06-30": -55.778, "2009-03-31": "-264.59000", "2008-12-31": 236.93, "2008-09-30": 20.476, "2008-06-30": -34.925, "2008-03-31": "86.21600", "2007-12-31": 319.59, "2007-09-30": -155.003, "2007-06-30": -148.461, "2007-03-31": "374.60700", "2006-12-31": -2.491, "2006-09-30": 230.92, "2006-06-30": -25.256, "2006-03-31": "-101.36200", "2005-12-31": 326.217, "2005-09-30": -262.721, "2005-06-30": 29.791, "2005-03-31": "-4.32600"}, "Net Current Debt": {"2020-09-30": -110, "2020-06-30": -360, "2020-03-31": "640.00000", "2019-12-31": 5, "2019-09-30": -75, "2019-06-30": 35, "2019-03-31": "-60.00000", "2018-12-31": -5, "2018-09-30": 818.937, "2018-06-30": -155.216, "2018-03-31": "-558.72100", "2017-12-31": -60, "2017-09-30": 134.071, "2017-06-30": -100.769, "2017-03-31": "26.69800", "2016-12-31": -505.495, "2016-09-30": 45, "2016-06-30": -85, "2016-03-31": "140.00000", "2015-12-31": -1253.924, "2015-09-30": 153.858, "2015-06-30": 235.007, "2015-03-31": "-21.49400", "2014-12-31": -490.738, "2014-09-30": -3.857, "2014-06-30": -0.533, "2014-03-31": "", "2013-12-31": -532.797, "2013-09-30": 7.5, "2013-06-30": -155, "2013-03-31": "43.16000", "2012-12-31": -846.579, "2012-09-30": 202.399, "2012-06-30": -67.999, "2012-03-31": "-67.89800", "2011-12-31": -83.5, "2011-09-30": 61.31, "2011-06-30": 394.87, "2011-03-31": "-510.77800", "2010-12-31": -205.527, "2010-09-30": -173.69, "2010-06-30": 313.656, "2010-03-31": "-426.66300", "2009-12-31": -53.244, "2009-09-30": -353.4, "2009-06-30": -94.767, "2009-03-31": "230.71900", "2008-12-31": -215.958, "2008-09-30": 86.874, "2008-06-30": 135.031, "2008-03-31": "30.94500", "2007-12-31": 67.5389, "2007-09-30": 245, "2007-06-30": -817.5, "2007-03-31": "1050.00000", "2006-12-31": 172.5, "2006-09-30": -235, "2006-06-30": 10, "2006-03-31": "180.00000", "2005-12-31": -290, "2005-09-30": 101.75, "2005-06-30": 118.25, "2005-03-31": "230.00000"}, "Debt Issuance/Retirement Net - Total": {"2020-09-30": -110.4, "2020-06-30": -360.394, "2020-03-31": "382.99600", "2019-12-31": 4.297, "2019-09-30": -25.576, "2019-06-30": 34.433, "2019-03-31": "-60.52600", "2018-12-31": -510.7001, "2018-09-30": 36.704, "2018-06-30": -155.216, "2018-03-31": "-133.47200", "2017-12-31": -168.3529, "2017-09-30": -612.7291, "2017-06-30": 44.502, "2017-03-31": "26.69800", "2016-12-31": -472.406, "2016-09-30": 27.661, "2016-06-30": -92.771, "2016-03-31": "-107.97900", "2015-12-31": -63.3759, "2015-09-30": -36.48, "2015-06-30": 16.691, "2015-03-31": "-21.59800", "2014-12-31": 2.575, "2014-09-30": -332.874, "2014-06-30": 35.026, "2014-03-31": "-48.55300", "2013-12-31": -122.944, "2013-09-30": 0.934, "2013-06-30": 88.945, "2013-03-31": "33.57900", "2012-12-31": -5.285, "2012-09-30": 40.2739, "2012-06-30": -147.928, "2012-03-31": "45.57800", "2011-12-31": -182.295, "2011-09-30": -26.578, "2011-06-30": -60.977, "2011-03-31": "-93.42200", "2010-12-31": -63.6472, "2010-09-30": -87.7079, "2010-06-30": -81.471, "2010-03-31": "-445.62600", "2009-12-31": -45.7949, "2009-09-30": -398.927, "2009-06-30": -150.545, "2009-03-31": "-33.87100", "2008-12-31": 20.972, "2008-09-30": 107.35, "2008-06-30": 100.106, "2008-03-31": "117.16100", "2007-12-31": 387.1289, "2007-09-30": 89.997, "2007-06-30": -965.961, "2007-03-31": "1424.60700", "2006-12-31": 170.009, "2006-09-30": -4.08, "2006-06-30": -15.256, "2006-03-31": "78.63800", "2005-12-31": 36.217, "2005-09-30": -160.971, "2005-06-30": 148.041, "2005-03-31": "225.67400"}, "Net Common Equity Issued/Repurchased": {"2020-09-30": -0.006, "2020-06-30": -0.001, "2020-03-31": "-8.44800", "2019-12-31": 194.588, "2019-09-30": -0.023, "2019-06-30": -0.058, "2019-03-31": "-14.69600", "2018-12-31": -36.619, "2018-09-30": -0.1, "2018-06-30": -0.001, "2018-03-31": "5.14900", "2017-12-31": 5.724, "2017-09-30": 6.069, "2017-06-30": 6.384, "2017-03-31": "3.50000", "2016-12-31": 5.431, "2016-09-30": 6.32, "2016-06-30": 2.017, "2016-03-31": "-0.23200", "2015-12-31": -0.486, "2015-09-30": -0.51, "2015-06-30": 0.587, "2015-03-31": "2.73400", "2014-12-31": 3.604, "2014-09-30": 10.047, "2014-06-30": 0.085, "2014-03-31": "-2.59500", "2013-12-31": 629.641, "2013-09-30": 72.3, "2013-06-30": 44.558, "2013-03-31": "37.13000", "2012-12-31": 72.523, "2012-09-30": 116.922, "2012-06-30": 300.391, "2012-03-31": "-1.54800", "2011-12-31": -0.547, "2011-09-30": -5.279, "2011-06-30": 130.586, "2011-03-31": "58.24700", "2010-12-31": -1.175, "2010-09-30": 56.997, "2010-06-30": 0.343, "2010-03-31": "382.50200", "2009-12-31": 48.545, "2009-09-30": 213.961, "2009-06-30": 51.739, "2009-03-31": "0.18100", "2008-12-31": 41.463, "2008-09-30": 0.266, "2008-06-30": 0.907, "2008-03-31": "0.08700", "2007-12-31": -119.862, "2007-09-30": -104.176, "2007-06-30": 1.392, "2007-03-31": "601.66400", "2006-12-31": 10.749, "2006-09-30": -55.696, "2006-06-30": 0.565, "2006-03-31": "3.53200", "2005-12-31": 1.919, "2005-09-30": 2.256, "2005-06-30": 3.458, "2005-03-31": "4.50600"}, "Net Total Equity Issued/Repurchased": {"2020-09-30": -0.006, "2020-06-30": -0.001, "2020-03-31": "-8.44800", "2019-12-31": -5.443, "2019-09-30": -0.023, "2019-06-30": -0.058, "2019-03-31": "-14.69600", "2018-12-31": -36.619, "2018-09-30": -0.1, "2018-06-30": -0.001, "2018-03-31": "4.41300", "2017-12-31": 5.481, "2017-09-30": 6.047, "2017-06-30": 175.287, "2017-03-31": "3.50000", "2016-12-31": 5.431, "2016-09-30": 6.32, "2016-06-30": 2.017, "2016-03-31": "-0.23200", "2015-12-31": -0.486, "2015-09-30": -0.51, "2015-06-30": 0.587, "2015-03-31": "2.73400", "2014-12-31": 3.604, "2014-09-30": 10.047, "2014-06-30": -54.915, "2014-03-31": "-2.59500", "2013-12-31": 629.6411, "2013-09-30": 72.434, "2013-06-30": 39.287, "2013-03-31": "37.13000", "2012-12-31": 72.523, "2012-09-30": 139.777, "2012-06-30": 300.391, "2012-03-31": "-1.54800", "2011-12-31": -0.547, "2011-09-30": -5.279, "2011-06-30": -49.414, "2011-03-31": "58.24700", "2010-12-31": -1.175, "2010-09-30": 56.997, "2010-06-30": 0.343, "2010-03-31": "382.50200", "2009-12-31": 48.545, "2009-09-30": 213.961, "2009-06-30": 51.739, "2009-03-31": "0.18100", "2008-12-31": 41.417, "2008-09-30": 0.266, "2008-06-30": 1.448, "2008-03-31": "-0.45400", "2007-12-31": -119.862, "2007-09-30": -104.176, "2007-06-30": -632.812, "2007-03-31": "1085.86800", "2006-12-31": 10.749, "2006-09-30": -55.696, "2006-06-30": 0.565, "2006-03-31": "3.53200", "2005-12-31": 1.919, "2005-09-30": 2.256, "2005-06-30": 3.458, "2005-03-31": "4.50600"}, "Total Common And Preferred Stock Dividends Paid": {"2020-09-30": -5.298, "2020-06-30": -44.076, "2020-03-31": "-44.31400", "2019-12-31": -46.464, "2019-09-30": -44.946, "2019-06-30": -44.803, "2019-03-31": "-45.47500", "2018-12-31": -45.619, "2018-09-30": -79.381, "2018-06-30": -78.879, "2018-03-31": "-78.76300", "2017-12-31": -78.629, "2017-09-30": -76.947, "2017-06-30": -75.616, "2017-03-31": "-75.46200", "2016-12-31": -75.398, "2016-09-30": -75.333, "2016-06-30": -75.299, "2016-03-31": "-68.96000", "2015-12-31": -68.446, "2015-09-30": -68.359, "2015-06-30": -68.386, "2015-03-31": "-66.53800", "2014-12-31": -66.786, "2014-09-30": -64.58, "2014-06-30": -63.109, "2014-03-31": "-55.52200", "2013-12-31": -50.334, "2013-09-30": -50.34, "2013-06-30": -50.907, "2013-03-31": "-44.48100", "2012-12-31": -43.592, "2012-09-30": -42.48, "2012-06-30": -42.136, "2012-03-31": "-35.68100", "2011-12-31": -24.157, "2011-09-30": -18.442, "2011-06-30": -19.305, "2011-03-31": "-16.06600", "2010-12-31": -16.149, "2010-09-30": -15.934, "2010-06-30": -15.963, "2010-03-31": "-16.20700", "2009-12-31": -14.981, "2009-09-30": -15.298, "2009-06-30": -13.003, "2009-03-31": "-10.99100", "2008-12-31": -95.272, "2008-09-30": -102.382, "2008-06-30": -91.408, "2008-03-31": "-92.42500", "2007-12-31": -106.42, "2007-09-30": -93.591, "2007-06-30": -103.954, "2007-03-31": "-78.59600", "2006-12-31": -78.57, "2006-09-30": -79.04, "2006-06-30": -79.022, "2006-03-31": "-73.36700", "2005-12-31": -73.309, "2005-09-30": -73.221, "2005-06-30": -73.139, "2005-03-31": "-69.63300"}, "Financial Activities - Other": {"2020-09-30": 0, "2020-06-30": 0, "2020-03-31": "", "2019-12-31": 0.008, "2019-09-30": -5.006, "2019-06-30": 0, "2019-03-31": "", "2018-12-31": 0, "2018-09-30": -52.358, "2018-06-30": -0.446, "2018-03-31": "-32.37900", "2017-12-31": -0.591, "2017-09-30": -6.172, "2017-06-30": -0.4, "2017-03-31": "-0.13200", "2016-12-31": -0.002, "2016-09-30": 0, "2016-06-30": -0.041, "2016-03-31": "", "2015-12-31": -0.046, "2015-09-30": -0.019, "2015-06-30": -4.54, "2015-03-31": "", "2014-12-31": -0.347, "2014-09-30": 0.006, "2014-06-30": -0.705, "2014-03-31": "0.09300", "2013-12-31": 0.015, "2013-09-30": 0.087, "2013-06-30": 0.247, "2013-03-31": "-3.97400", "2012-12-31": 3.659, "2012-09-30": -6.474, "2012-06-30": -0.15, "2012-03-31": "-2.16500", "2011-12-31": -2.779, "2011-09-30": -1.633, "2011-06-30": -7.83, "2011-03-31": "-1.37700", "2010-12-31": -10.976, "2010-09-30": -0.07, "2010-06-30": -1.893, "2010-03-31": "-0.08800", "2009-12-31": -14.413, "2009-09-30": 0.179, "2009-06-30": -2.995, "2009-03-31": "4.86600", "2008-12-31": 29.364, "2008-09-30": 25.299, "2008-06-30": -5.216, "2008-03-31": "0.07000", "2007-12-31": -10.941, "2007-09-30": -0.054, "2007-06-30": -0.158, "2007-03-31": "-7.74300", "2006-12-31": -14.617, "2006-09-30": -0.085, "2006-06-30": -3.109, "2006-03-31": "-0.57300", "2005-12-31": -0.326, "2005-09-30": -1.246, "2005-06-30": -1.532, "2005-03-31": "-3.89000"}, "Cash Flow From Financial Activities": {"2020-09-30": -115.704, "2020-06-30": -404.471, "2020-03-31": "330.23400", "2019-12-31": -47.602, "2019-09-30": -75.551, "2019-06-30": -10.428, "2019-03-31": "-120.69700", "2018-12-31": -592.938, "2018-09-30": -95.135, "2018-06-30": -234.542, "2018-03-31": "-240.20100", "2017-12-31": -242.092, "2017-09-30": -689.801, "2017-06-30": 143.773, "2017-03-31": "-45.39600", "2016-12-31": -542.375, "2016-09-30": -41.352, "2016-06-30": -166.094, "2016-03-31": "-177.17100", "2015-12-31": -132.354, "2015-09-30": -105.368, "2015-06-30": -55.648, "2015-03-31": "-85.40200", "2014-12-31": -60.954, "2014-09-30": -387.401, "2014-06-30": -83.703, "2014-03-31": "-106.57700", "2013-12-31": 456.378, "2013-09-30": 23.115, "2013-06-30": 77.572, "2013-03-31": "22.25400", "2012-12-31": 27.305, "2012-09-30": 131.097, "2012-06-30": 110.177, "2012-03-31": "6.18400", "2011-12-31": -209.778, "2011-09-30": -51.932, "2011-06-30": -137.526, "2011-03-31": "-52.61800", "2010-12-31": -91.947, "2010-09-30": -46.715, "2010-06-30": -98.984, "2010-03-31": "-79.41900", "2009-12-31": -26.644, "2009-09-30": -200.085, "2009-06-30": -114.804, "2009-03-31": "-39.81500", "2008-12-31": -3.519, "2008-09-30": 30.533, "2008-06-30": 4.93, "2008-03-31": "24.35200", "2007-12-31": 149.906, "2007-09-30": -107.824, "2007-06-30": -1702.885, "2007-03-31": "2424.13600", "2006-12-31": 87.571, "2006-09-30": -138.901, "2006-06-30": -96.822, "2006-03-31": "8.23000", "2005-12-31": -35.499, "2005-09-30": -233.182, "2005-06-30": 76.828, "2005-03-31": "156.65700"}, "Net Cash Flow": {"2020-09-30": -71.167, "2020-06-30": -385.676, "2020-03-31": "495.22300", "2019-12-31": -6.892, "2019-09-30": 14.857, "2019-06-30": -0.51, "2019-03-31": "-1.97400", "2018-12-31": 0.379, "2018-09-30": -93.524, "2018-06-30": 40.981, "2018-03-31": "-28.90600", "2017-12-31": 74.631, "2017-09-30": -455.439, "2017-06-30": 409.231, "2017-03-31": "27.07600", "2016-12-31": 5.872, "2016-09-30": 6.201, "2016-06-30": -7.082, "2016-03-31": "1.71300", "2015-12-31": 0.105, "2015-09-30": -4.228, "2015-06-30": -30.725, "2015-03-31": "35.05600", "2014-12-31": -113.383, "2014-09-30": -225.02, "2014-06-30": 195.505, "2014-03-31": "77.17100", "2013-12-31": 51.313, "2013-09-30": -6.367, "2013-06-30": 22.846, "2013-03-31": "-12.30200", "2012-12-31": 10.947, "2012-09-30": 1.722, "2012-06-30": 2.417, "2012-03-31": "-25.11800", "2011-12-31": 20.525, "2011-09-30": 5.256, "2011-06-30": -5.6, "2011-03-31": "1.60900", "2010-12-31": -1.919, "2010-09-30": 0.415, "2010-06-30": -4.828, "2010-03-31": "-0.42400", "2009-12-31": -0.243, "2009-09-30": -2.33, "2009-06-30": -7.578, "2009-03-31": "6.82900", "2008-12-31": -0.677, "2008-09-30": -17.676, "2008-06-30": -23.117, "2008-03-31": "21.41700", "2007-12-31": -0.153, "2007-09-30": 3.681, "2007-06-30": -33.702, "2007-03-31": "51.34300", "2006-12-31": -20.053, "2006-09-30": 5.312, "2006-06-30": 3.152, "2006-03-31": "9.31200", "2005-12-31": -8.225, "2005-09-30": 2.57, "2005-06-30": -15.118, "2005-03-31": "1.55700"}, "Stock-Based Compensation": {"2020-09-30": 2.904, "2020-06-30": 2.748, "2020-03-31": "0.01800", "2019-12-31": 0.308, "2019-09-30": 3.79, "2019-06-30": 2.875, "2019-03-31": "2.91700", "2018-12-31": 2.124, "2018-09-30": 0.622, "2018-06-30": 2.994, "2018-03-31": "1.72800", "2017-12-31": 1.956, "2017-09-30": 1.561, "2017-06-30": 2.733, "2017-03-31": "5.24300", "2016-12-31": 2.321, "2016-09-30": 1.393, "2016-06-30": 2.418, "2016-03-31": "1.63300", "2015-12-31": 1.48, "2015-09-30": 1.522, "2015-06-30": 2.716, "2015-03-31": "2.17700", "2014-12-31": 3.256, "2014-09-30": 1.919, "2014-06-30": 2.899, "2014-03-31": "1.88800", "2013-12-31": 1.847, "2013-09-30": 1.87, "2013-06-30": 4.654, "2013-03-31": "", "2012-12-31": 7.553, "2012-09-30": 0, "2012-06-30": 0, "2012-03-31": "", "2011-12-31": 7.439, "2011-09-30": 0, "2011-06-30": 0, "2011-03-31": "", "2010-12-31": 6.459, "2010-09-30": 0, "2010-06-30": 0, "2010-03-31": "", "2009-12-31": 20.398, "2009-09-30": 0, "2009-06-30": 0, "2009-03-31": "", "2008-12-31": 27.97, "2008-09-30": 0, "2008-06-30": 0, "2008-03-31": "", "2007-12-31": 5.224, "2007-09-30": 0, "2007-06-30": 0, "2007-03-31": "", "2006-12-31": 3.446, "2006-09-30": 0, "2006-06-30": 0, "2006-03-31": "", "2005-12-31": 0, "2005-09-30": 0, "2005-06-30": 0, "2005-03-31": ""}, "Common Stock Dividends Paid": {"2020-09-30": -5.298, "2020-06-30": -44.076, "2020-03-31": "-44.31400", "2019-12-31": -46.464, "2019-09-30": -44.946, "2019-06-30": -44.803, "2019-03-31": "-45.47500", "2018-12-31": -45.619, "2018-09-30": -79.381, "2018-06-30": -78.879, "2018-03-31": "-78.76300", "2017-12-31": -78.629, "2017-09-30": -76.947, "2017-06-30": -75.616, "2017-03-31": "-75.46200", "2016-12-31": -74.313, "2016-09-30": -75.333, "2016-06-30": -75.299, "2016-03-31": "-68.96000", "2015-12-31": -68.446, "2015-09-30": -68.359, "2015-06-30": -68.386, "2015-03-31": "-66.53800", "2014-12-31": -66.786, "2014-09-30": -64.58, "2014-06-30": -63.109, "2014-03-31": "-55.52200", "2013-12-31": -50.334, "2013-09-30": -50.34, "2013-06-30": -50.907, "2013-03-31": "-44.48100", "2012-12-31": -43.592, "2012-09-30": -42.48, "2012-06-30": -42.136, "2012-03-31": "-35.68100", "2011-12-31": -24.157, "2011-09-30": -18.442, "2011-06-30": -19.305, "2011-03-31": "-16.06600", "2010-12-31": -16.149, "2010-09-30": -15.934, "2010-06-30": -15.963, "2010-03-31": "-16.20700", "2009-12-31": -14.981, "2009-09-30": -15.298, "2009-06-30": -13.003, "2009-03-31": "-10.99100", "2008-12-31": -95.272, "2008-09-30": -103.557, "2008-06-30": -93.206, "2008-03-31": "-89.45200", "2007-12-31": -91.653, "2007-09-30": -93.05, "2007-06-30": -93.667, "2007-03-31": "-78.09400", "2006-12-31": -78.036, "2006-09-30": -78.515, "2006-06-30": -78.477, "2006-03-31": "-72.62400", "2005-12-31": -72.579, "2005-09-30": -72.492, "2005-06-30": -72.415, "2005-03-31": "-68.91400"}}, "financial ratios": {"Current Ratio": {"2019-12-31": "", "2018-12-31": "", "2017-12-31": "", "2016-12-31": "", "2015-12-31": "", "2014-12-31": "", "2013-12-31": "", "2012-12-31": "", "2011-12-31": "", "2010-12-31": "", "2009-12-31": "", "2008-12-31": "", "2007-12-31": "", "2006-12-31": "", "2005-12-31": ""}, "Long-term Debt / Capital": {"2019-12-31": "0.48250", "2018-12-31": "0.47620", "2017-12-31": "0.57050", "2016-12-31": "0.58060", "2015-12-31": "0.59740", "2014-12-31": "0.57850", "2013-12-31": "0.57410", "2012-12-31": "0.56200", "2011-12-31": "0.57150", "2010-12-31": "0.58390", "2009-12-31": "0.63940", "2008-12-31": "0.67190", "2007-12-31": "0.65090", "2006-12-31": "0.62990", "2005-12-31": "0.60220"}, "Debt/Equity Ratio": {"2019-12-31": "0.93230", "2018-12-31": "0.90900", "2017-12-31": "1.32850", "2016-12-31": "1.38450", "2015-12-31": "1.48390", "2014-12-31": "1.37250", "2013-12-31": "1.34800", "2012-12-31": "1.28300", "2011-12-31": "1.33360", "2010-12-31": "1.40310", "2009-12-31": "1.77310", "2008-12-31": "2.04780", "2007-12-31": "1.86440", "2006-12-31": "1.70210", "2005-12-31": "1.51380"}, "Gross Margin": {"2019-12-31": "", "2018-12-31": "", "2017-12-31": "", "2016-12-31": "", "2015-12-31": "", "2014-12-31": "", "2013-12-31": "", "2012-12-31": "", "2011-12-31": "", "2010-12-31": "", "2009-12-31": "", "2008-12-31": "", "2007-12-31": "", "2006-12-31": "", "2005-12-31": ""}, "Operating Margin": {"2019-12-31": "27.85180", "2018-12-31": "17.72780", "2017-12-31": "-12.13090", "2016-12-31": "15.13170", "2015-12-31": "-1.95220", "2014-12-31": "19.08180", "2013-12-31": "23.56760", "2012-12-31": "22.02540", "2011-12-31": "20.39510", "2010-12-31": "19.74270", "2009-12-31": "29.38260", "2008-12-31": "31.53120", "2007-12-31": "42.93340", "2006-12-31": "43.54750", "2005-12-31": "44.12210"}, "EBIT Margin": {"2019-12-31": "27.85180", "2018-12-31": "17.72780", "2017-12-31": "-12.13090", "2016-12-31": "15.13170", "2015-12-31": "-1.95220", "2014-12-31": "19.08180", "2013-12-31": "23.56760", "2012-12-31": "22.02540", "2011-12-31": "20.39510", "2010-12-31": "19.74270", "2009-12-31": "29.38260", "2008-12-31": "31.53120", "2007-12-31": "42.93340", "2006-12-31": "43.54750", "2005-12-31": "44.12210"}, "EBITDA Margin": {"2019-12-31": "61.13270", "2018-12-31": "54.27140", "2017-12-31": "26.24590", "2016-12-31": "54.07220", "2015-12-31": "37.60570", "2014-12-31": "62.09470", "2013-12-31": "64.51640", "2012-12-31": "61.07000", "2011-12-31": "56.81760", "2010-12-31": "53.27360", "2009-12-31": "63.39100", "2008-12-31": "64.44670", "2007-12-31": "70.76400", "2006-12-31": "69.57490", "2005-12-31": "70.39130"}, "Pre-Tax Profit Margin": {"2019-12-31": "20.17450", "2018-12-31": "16.53820", "2017-12-31": "-25.03440", "2016-12-31": "6.26170", "2015-12-31": "-22.52710", "2014-12-31": "2.32960", "2013-12-31": "2.90430", "2012-12-31": "4.14420", "2011-12-31": "-0.64360", "2010-12-31": "-15.40720", "2009-12-31": "-30.65190", "2008-12-31": "-8.56810", "2007-12-31": "19.38050", "2006-12-31": "21.61760", "2005-12-31": "25.21040"}, "Net Profit Margin": {"2019-12-31": "12.06560", "2018-12-31": "11.43900", "2017-12-31": "-29.34540", "2016-12-31": "3.74200", "2015-12-31": "-9.19620", "2014-12-31": "9.26120", "2013-12-31": "-5.19820", "2012-12-31": "-8.52380", "2011-12-31": "-7.54320", "2010-12-31": "-33.91510", "2009-12-31": "-52.76050", "2008-12-31": "-13.84120", "2007-12-31": "24.18100", "2006-12-31": "25.61520", "2005-12-31": "33.54540"}, "Asset Turnover": {"2019-12-31": "0.12410", "2018-12-31": "0.16810", "2017-12-31": "0.12850", "2016-12-31": "0.12270", "2015-12-31": "0.11300", "2014-12-31": "0.10350", "2013-12-31": "0.08560", "2012-12-31": "0.08780", "2011-12-31": "0.09560", "2010-12-31": "0.09550", "2009-12-31": "0.08970", "2008-12-31": "0.09150", "2007-12-31": "0.09740", "2006-12-31": "0.10770", "2005-12-31": "0.09880"}, "Inventory Turnover Ratio": {"2019-12-31": "", "2018-12-31": "", "2017-12-31": "", "2016-12-31": "", "2015-12-31": "", "2014-12-31": "", "2013-12-31": "", "2012-12-31": "", "2011-12-31": "", "2010-12-31": "", "2009-12-31": "", "2008-12-31": "", "2007-12-31": "", "2006-12-31": "", "2005-12-31": ""}, "Receiveable Turnover": {"2019-12-31": "", "2018-12-31": "", "2017-12-31": "", "2016-12-31": "", "2015-12-31": "", "2014-12-31": "", "2013-12-31": "", "2012-12-31": "", "2011-12-31": "", "2010-12-31": "", "2009-12-31": "", "2008-12-31": "", "2007-12-31": "", "2006-12-31": "", "2005-12-31": ""}, "Days Sales In Receivables": {"2019-12-31": "", "2018-12-31": "", "2017-12-31": "", "2016-12-31": "", "2015-12-31": "", "2014-12-31": "", "2013-12-31": "", "2012-12-31": "", "2011-12-31": "", "2010-12-31": "", "2009-12-31": "", "2008-12-31": "", "2007-12-31": "", "2006-12-31": "", "2005-12-31": ""}, "ROE - Return On Equity": {"2019-12-31": "6.14710", "2018-12-31": "7.50030", "2017-12-31": "-10.24820", "2016-12-31": "2.11320", "2015-12-31": "-7.64040", "2014-12-31": "0.61220", "2013-12-31": "0.60800", "2012-12-31": "0.95130", "2011-12-31": "-0.20730", "2010-12-31": "-6.28960", "2009-12-31": "-9.62970", "2008-12-31": "-2.30100", "2007-12-31": "7.62070", "2006-12-31": "8.97640", "2005-12-31": "8.72770"}, "Return On Tangible Equity": {"2019-12-31": "5.13880", "2018-12-31": "5.60080", "2017-12-31": "-8.39130", "2016-12-31": "1.88540", "2015-12-31": "-6.86830", "2014-12-31": "0.55580", "2013-12-31": "0.54530", "2012-12-31": "0.83680", "2011-12-31": "-0.18200", "2010-12-31": "-5.17610", "2009-12-31": "-7.81940", "2008-12-31": "-1.85520", "2007-12-31": "6.21030", "2006-12-31": "6.44120", "2005-12-31": "6.33380"}, "ROA - Return On Assets": {"2019-12-31": "2.48740", "2018-12-31": "2.76020", "2017-12-31": "-3.39090", "2016-12-31": "0.74660", "2015-12-31": "-2.61490", "2014-12-31": "0.22170", "2013-12-31": "0.22100", "2012-12-31": "0.34970", "2011-12-31": "-0.07500", "2010-12-31": "-2.08870", "2009-12-31": "-2.73960", "2008-12-31": "-0.58920", "2007-12-31": "2.04890", "2006-12-31": "2.23940", "2005-12-31": "2.37210"}, "ROI - Return On Investment": {"2019-12-31": "2.65950", "2018-12-31": "2.93390", "2017-12-31": "-3.60370", "2016-12-31": "0.79070", "2015-12-31": "-2.76510", "2014-12-31": "0.23430", "2013-12-31": "0.23220", "2012-12-31": "0.36660", "2011-12-31": "-0.07800", "2010-12-31": "-2.15390", "2009-12-31": "-2.81980", "2008-12-31": "-0.60870", "2007-12-31": "2.16810", "2006-12-31": "2.38380", "2005-12-31": "2.51960"}, "Book Value Per Share": {"2019-12-31": "10.22310", "2018-12-31": "11.22290", "2017-12-31": "15.75120", "2016-12-31": "17.76930", "2015-12-31": "19.01190", "2014-12-31": "21.11180", "2013-12-31": "21.92210", "2012-12-31": "21.42450", "2011-12-31": "22.28090", "2010-12-31": "24.53240", "2009-12-31": "23.10530", "2008-12-31": "44.61640", "2007-12-31": "50.21140", "2006-12-31": "45.80740", "2005-12-31": "47.18360"}, "Operating Cash Flow Per Share": {"2019-12-31": 0.0467, "2018-12-31": -0.8068, "2017-12-31": -0.286, "2016-12-31": 0.1184, "2015-12-31": 0.0548, "2014-12-31": 0.0558, "2013-12-31": 0.2058, "2012-12-31": 0.0728, "2011-12-31": -0.2604, "2010-12-31": -0.6099, "2009-12-31": -3.6579, "2008-12-31": -0.3944, "2007-12-31": 0.719, "2006-12-31": -0.2967, "2005-12-31": 6.513}, "Free Cash Flow Per Share": {"2019-12-31": -4.5891, "2018-12-31": 1.1152, "2017-12-31": -0.4415, "2016-12-31": 2.5399, "2015-12-31": -2.0615, "2014-12-31": 7.3074, "2013-12-31": -2.0507, "2012-12-31": -3.7011, "2011-12-31": 0.7361, "2010-12-31": -2.431, "2009-12-31": 2.5204, "2008-12-31": 31.3894, "2007-12-31": -29.0507, "2006-12-31": 5.2177, "2005-12-31": -5.4382}}, "financial ratios, quarterly": {"Current Ratio": {"2020-09-30": "", "2020-06-30": "", "2020-03-31": "", "2019-12-31": "", "2019-09-30": "", "2019-06-30": "", "2019-03-31": "", "2018-12-31": "", "2018-09-30": "", "2018-06-30": "", "2018-03-31": "", "2017-12-31": "", "2017-09-30": "", "2017-06-30": "", "2017-03-31": "", "2016-12-31": "", "2016-09-30": "", "2016-06-30": "", "2016-03-31": "", "2015-12-31": "", "2015-09-30": "", "2015-06-30": "", "2015-03-31": "", "2014-12-31": "", "2014-09-30": "", "2014-06-30": "", "2014-03-31": "", "2013-12-31": "", "2013-09-30": "", "2013-06-30": "", "2013-03-31": "", "2012-12-31": "", "2012-09-30": "", "2012-06-30": "", "2012-03-31": "", "2011-12-31": "", "2011-09-30": "", "2011-06-30": "", "2011-03-31": "", "2010-12-31": "", "2010-09-30": "", "2010-06-30": "", "2010-03-31": "", "2009-12-31": "", "2009-09-30": "", "2009-06-30": "", "2009-03-31": "", "2008-12-31": "", "2008-09-30": "", "2008-06-30": "", "2008-03-31": "", "2007-12-31": "", "2007-09-30": "", "2007-06-30": "", "2007-03-31": "", "2006-12-31": "", "2006-09-30": "", "2006-06-30": "", "2006-03-31": "", "2005-12-31": "", "2005-09-30": "", "2005-06-30": "", "2005-03-31": ""}, "Long-term Debt / Capital": {"2020-09-30": "0.47550", "2020-06-30": "0.49050", "2020-03-31": "0.53310", "2019-12-31": "0.48250", "2019-09-30": "0.47730", "2019-06-30": "0.47830", "2019-03-31": "0.47050", "2018-12-31": "0.47620", "2018-09-30": "0.54700", "2018-06-30": "0.57140", "2018-03-31": "0.57440", "2017-12-31": "0.57050", "2017-09-30": "0.55750", "2017-06-30": "0.58360", "2017-03-31": "0.59110", "2016-12-31": "0.58060", "2016-09-30": "0.60220", "2016-06-30": "0.59160", "2016-03-31": "0.59400", "2015-12-31": "0.59740", "2015-09-30": "0.60310", "2015-06-30": "0.60410", "2015-03-31": "0.60030", "2014-12-31": "0.57850", "2014-09-30": "0.57510", "2014-06-30": "0.58060", "2014-03-31": "0.57660", "2013-12-31": "0.57410", "2013-09-30": "0.57820", "2013-06-30": "0.57180", "2013-03-31": "0.56390", "2012-12-31": "0.56200", "2012-09-30": "0.56360", "2012-06-30": "0.55980", "2012-03-31": "0.57780", "2011-12-31": "0.57150", "2011-09-30": "0.57650", "2011-06-30": "0.56730", "2011-03-31": "0.56500", "2010-12-31": "0.58390", "2010-09-30": "0.58100", "2010-06-30": "0.59720", "2010-03-31": "0.59170", "2009-12-31": "0.63940", "2009-09-30": "0.63310", "2009-06-30": "0.66780", "2009-03-31": "0.66230", "2008-12-31": "0.67190", "2008-09-30": "0.67460", "2008-06-30": "0.66470", "2008-03-31": "0.66000", "2007-12-31": "0.65090", "2007-09-30": "0.61860", "2007-06-30": "0.60340", "2007-03-31": "0.63900", "2006-12-31": "0.62990", "2006-09-30": "0.61930", "2006-06-30": "0.61210", "2006-03-31": "0.61230", "2005-12-31": "0.60220", "2005-09-30": "0.59680", "2005-06-30": "0.59150", "2005-03-31": "0.58060"}, "Debt/Equity Ratio": {"2020-09-30": "0.90680", "2020-06-30": "0.96280", "2020-03-31": "1.14190", "2019-12-31": "0.93230", "2019-09-30": "0.91320", "2019-06-30": "0.91690", "2019-03-31": "0.88860", "2018-12-31": "0.90900", "2018-09-30": "1.20760", "2018-06-30": "1.33330", "2018-03-31": "1.34960", "2017-12-31": "1.32850", "2017-09-30": "1.25980", "2017-06-30": "1.40160", "2017-03-31": "1.44570", "2016-12-31": "1.38450", "2016-09-30": "1.51380", "2016-06-30": "1.44880", "2016-03-31": "1.46320", "2015-12-31": "1.48390", "2015-09-30": "1.51920", "2015-06-30": "1.52580", "2015-03-31": "1.50210", "2014-12-31": "1.37250", "2014-09-30": "1.35350", "2014-06-30": "1.38460", "2014-03-31": "1.36210", "2013-12-31": "1.34800", "2013-09-30": "1.37100", "2013-06-30": "1.33540", "2013-03-31": "1.29290", "2012-12-31": "1.28300", "2012-09-30": "1.29130", "2012-06-30": "1.27150", "2012-03-31": "1.36840", "2011-12-31": "1.33360", "2011-09-30": "1.36120", "2011-06-30": "1.31130", "2011-03-31": "1.29880", "2010-12-31": "1.40310", "2010-09-30": "1.38690", "2010-06-30": "1.48260", "2010-03-31": "1.44930", "2009-12-31": "1.77310", "2009-09-30": "1.72560", "2009-06-30": "2.01010", "2009-03-31": "1.96090", "2008-12-31": "2.04780", "2008-09-30": "2.07270", "2008-06-30": "1.98200", "2008-03-31": "1.94100", "2007-12-31": "1.86440", "2007-09-30": "1.62210", "2007-06-30": "1.52150", "2007-03-31": "1.77020", "2006-12-31": "1.70210", "2006-09-30": "1.62660", "2006-06-30": "1.57830", "2006-03-31": "1.57960", "2005-12-31": "1.51380", "2005-09-30": "1.48010", "2005-06-30": "1.44800", "2005-03-31": "1.38430"}, "Gross Margin": {"2020-09-30": "", "2020-06-30": "", "2020-03-31": "", "2019-12-31": "", "2019-09-30": "", "2019-06-30": "", "2019-03-31": "", "2018-12-31": "", "2018-09-30": "", "2018-06-30": "", "2018-03-31": "", "2017-12-31": "", "2017-09-30": "", "2017-06-30": "", "2017-03-31": "", "2016-12-31": "", "2016-09-30": "", "2016-06-30": "", "2016-03-31": "", "2015-12-31": "", "2015-09-30": "", "2015-06-30": "", "2015-03-31": "", "2014-12-31": "", "2014-09-30": "", "2014-06-30": "", "2014-03-31": "", "2013-12-31": "", "2013-09-30": "", "2013-06-30": "", "2013-03-31": "", "2012-12-31": "", "2012-09-30": "", "2012-06-30": "", "2012-03-31": "", "2011-12-31": "", "2011-09-30": "", "2011-06-30": "", "2011-03-31": "", "2010-12-31": "", "2010-09-30": "", "2010-06-30": "", "2010-03-31": "", "2009-12-31": "", "2009-09-30": "", "2009-06-30": "", "2009-03-31": "", "2008-12-31": "", "2008-09-30": "", "2008-06-30": "", "2008-03-31": "", "2007-12-31": "", "2007-09-30": "", "2007-06-30": "", "2007-03-31": "", "2006-12-31": "", "2006-09-30": "", "2006-06-30": "", "2006-03-31": "", "2005-12-31": "", "2005-09-30": "", "2005-06-30": "", "2005-03-31": ""}, "Operating Margin": {"2020-09-30": "17.45550", "2020-06-30": "17.39970", "2020-03-31": "16.54550", "2019-12-31": "29.34720", "2019-09-30": "24.71330", "2019-06-30": "28.78900", "2019-03-31": "28.43110", "2018-12-31": "70.71010", "2018-09-30": "13.81310", "2018-06-30": "18.41750", "2018-03-31": "-13.97330", "2017-12-31": "-101.11510", "2017-09-30": "21.91850", "2017-06-30": "12.34830", "2017-03-31": "12.13370", "2016-12-31": "20.73330", "2016-09-30": "-13.19230", "2016-06-30": "26.91580", "2016-03-31": "26.17810", "2015-12-31": "25.16950", "2015-09-30": "26.84820", "2015-06-30": "25.23130", "2015-03-31": "-84.28900", "2014-12-31": "16.85920", "2014-09-30": "22.70670", "2014-06-30": "18.31720", "2014-03-31": "18.52830", "2013-12-31": "20.03360", "2013-09-30": "23.29360", "2013-06-30": "22.99710", "2013-03-31": "28.24420", "2012-12-31": "21.31840", "2012-09-30": "33.58530", "2012-06-30": "4.47050", "2012-03-31": "28.10150", "2011-12-31": "24.92030", "2011-09-30": "6.61070", "2011-06-30": "26.69290", "2011-03-31": "24.21370", "2010-12-31": "28.89380", "2010-09-30": "28.32550", "2010-06-30": "-6.44300", "2010-03-31": "30.21660", "2009-12-31": "63.37530", "2009-09-30": "30.46910", "2009-06-30": "2.12080", "2009-03-31": "28.88770", "2008-12-31": "-2.82620", "2008-09-30": "36.71590", "2008-06-30": "38.25020", "2008-03-31": "41.18070", "2007-12-31": "42.20260", "2007-09-30": "41.89470", "2007-06-30": "45.11570", "2007-03-31": "42.12790", "2006-12-31": "44.61020", "2006-09-30": "42.72610", "2006-06-30": "42.02310", "2006-03-31": "44.77620", "2005-12-31": "40.36180", "2005-09-30": "45.33960", "2005-06-30": "46.55340", "2005-03-31": "43.64850"}, "EBIT Margin": {"2020-09-30": "17.45550", "2020-06-30": "17.39970", "2020-03-31": "16.54550", "2019-12-31": "29.34710", "2019-09-30": "24.71330", "2019-06-30": "28.78900", "2019-03-31": "28.43110", "2018-12-31": "70.71000", "2018-09-30": "13.81310", "2018-06-30": "18.41750", "2018-03-31": "-13.97330", "2017-12-31": "-101.11510", "2017-09-30": "21.91850", "2017-06-30": "12.34830", "2017-03-31": "12.13370", "2016-12-31": "20.73330", "2016-09-30": "-13.19230", "2016-06-30": "26.91580", "2016-03-31": "26.17810", "2015-12-31": "25.16950", "2015-09-30": "26.84820", "2015-06-30": "25.23130", "2015-03-31": "-84.28900", "2014-12-31": "16.85920", "2014-09-30": "22.70670", "2014-06-30": "18.31720", "2014-03-31": "18.52830", "2013-12-31": "20.03360", "2013-09-30": "23.29360", "2013-06-30": "22.99710", "2013-03-31": "28.24420", "2012-12-31": "21.31840", "2012-09-30": "33.58530", "2012-06-30": "4.47050", "2012-03-31": "28.10150", "2011-12-31": "24.92030", "2011-09-30": "6.61070", "2011-06-30": "26.69290", "2011-03-31": "24.21370", "2010-12-31": "28.89380", "2010-09-30": "28.32550", "2010-06-30": "-6.44300", "2010-03-31": "30.21660", "2009-12-31": "63.37530", "2009-09-30": "30.46910", "2009-06-30": "2.12080", "2009-03-31": "28.88770", "2008-12-31": "-2.82620", "2008-09-30": "36.71590", "2008-06-30": "38.25020", "2008-03-31": "41.18070", "2007-12-31": "42.20260", "2007-09-30": "41.89470", "2007-06-30": "45.11570", "2007-03-31": "42.12790", "2006-12-31": "44.61020", "2006-09-30": "42.72610", "2006-06-30": "42.02310", "2006-03-31": "44.77620", "2005-12-31": "40.36180", "2005-09-30": "45.33960", "2005-06-30": "46.55340", "2005-03-31": "43.64850"}, "EBITDA Margin": {"2020-09-30": "", "2020-06-30": "", "2020-03-31": "", "2019-12-31": "", "2019-09-30": "", "2019-06-30": "", "2019-03-31": "", "2018-12-31": "", "2018-09-30": "", "2018-06-30": "", "2018-03-31": "", "2017-12-31": "", "2017-09-30": "", "2017-06-30": "", "2017-03-31": "", "2016-12-31": "", "2016-09-30": "", "2016-06-30": "", "2016-03-31": "", "2015-12-31": "", "2015-09-30": "", "2015-06-30": "", "2015-03-31": "", "2014-12-31": "", "2014-09-30": "", "2014-06-30": "", "2014-03-31": "", "2013-12-31": "", "2013-09-30": "", "2013-06-30": "", "2013-03-31": "", "2012-12-31": "", "2012-09-30": "", "2012-06-30": "", "2012-03-31": "", "2011-12-31": "", "2011-09-30": "", "2011-06-30": "", "2011-03-31": "", "2010-12-31": "", "2010-09-30": "", "2010-06-30": "", "2010-03-31": "", "2009-12-31": "", "2009-09-30": "", "2009-06-30": "", "2009-03-31": "", "2008-12-31": "", "2008-09-30": "", "2008-06-30": "", "2008-03-31": "", "2007-12-31": "", "2007-09-30": "", "2007-06-30": "", "2007-03-31": "", "2006-12-31": "", "2006-09-30": "", "2006-06-30": "", "2006-03-31": "", "2005-12-31": "", "2005-09-30": "", "2005-06-30": "", "2005-03-31": ""}, "Pre-Tax Profit Margin": {"2020-09-30": "7.28250", "2020-06-30": "-3.77520", "2020-03-31": "26.95930", "2019-12-31": "19.17890", "2019-09-30": "19.71030", "2019-06-30": "13.86870", "2019-03-31": "27.75640", "2018-12-31": "132.95010", "2018-09-30": "-5.86700", "2018-06-30": "-1.06000", "2018-03-31": "-25.06880", "2017-12-31": "-41.70930", "2017-09-30": "-14.85900", "2017-06-30": "-6.03250", "2017-03-31": "-38.23790", "2016-12-31": "34.20610", "2016-09-30": "-31.93300", "2016-06-30": "10.83940", "2016-03-31": "13.34390", "2015-12-31": "1.80620", "2015-09-30": "7.21720", "2015-06-30": "3.24610", "2015-03-31": "-101.65480", "2014-12-31": "-12.68770", "2014-09-30": "2.62310", "2014-06-30": "28.39200", "2014-03-31": "-8.12220", "2013-12-31": "4.08620", "2013-09-30": "0.74030", "2013-06-30": "0.82140", "2013-03-31": "6.02230", "2012-12-31": "4.98090", "2012-09-30": "15.55380", "2012-06-30": "-4.27070", "2012-03-31": "0.18940", "2011-12-31": "-7.18390", "2011-09-30": "-23.32340", "2011-06-30": "6.41320", "2011-03-31": "19.58230", "2010-12-31": "-16.65010", "2010-09-30": "-5.94840", "2010-06-30": "-29.98270", "2010-03-31": "-9.33800", "2009-12-31": "-12.39970", "2009-09-30": "-74.36060", "2009-06-30": "-71.22540", "2009-03-31": "35.48580", "2008-12-31": "-114.21190", "2008-09-30": "7.58050", "2008-06-30": "16.16820", "2008-03-31": "17.06340", "2007-12-31": "12.74230", "2007-09-30": "18.43340", "2007-06-30": "25.41070", "2007-03-31": "18.96690", "2006-12-31": "22.46700", "2006-09-30": "23.16270", "2006-06-30": "18.65240", "2006-03-31": "22.11120", "2005-12-31": "22.53310", "2005-09-30": "26.96530", "2005-06-30": "26.86940", "2005-03-31": "24.01990"}, "Net Profit Margin": {"2020-09-30": "2.04070", "2020-06-30": "-9.06010", "2020-03-31": "22.58140", "2019-12-31": "7.74580", "2019-09-30": "12.44480", "2019-06-30": "6.91300", "2019-03-31": "20.91790", "2018-12-31": "126.27690", "2018-09-30": "-12.01500", "2018-06-30": "-5.53720", "2018-03-31": "-29.07730", "2017-12-31": "-104.07480", "2017-09-30": "-3.25380", "2017-06-30": "9.82780", "2017-03-31": "-24.88760", "2016-12-31": "11.71560", "2016-09-30": "-25.98660", "2016-06-30": "13.78200", "2016-03-31": "15.71360", "2015-12-31": "34.48870", "2015-09-30": "20.98550", "2015-06-30": "5.05360", "2015-03-31": "-96.35120", "2014-12-31": "-6.34580", "2014-09-30": "25.68200", "2014-06-30": "28.01810", "2014-03-31": "-9.62600", "2013-12-31": "0.27930", "2013-09-30": "-3.38320", "2013-06-30": "-17.34910", "2013-03-31": "-0.36290", "2012-12-31": "-5.47180", "2012-09-30": "6.71800", "2012-06-30": "-23.31850", "2012-03-31": "-11.55610", "2011-12-31": "-1.19450", "2011-09-30": "-26.70140", "2011-06-30": "-14.37470", "2011-03-31": "12.86990", "2010-12-31": "-63.10810", "2010-09-30": "-12.89020", "2010-06-30": "-49.41100", "2010-03-31": "-17.22350", "2009-12-31": "-58.09620", "2009-09-30": "-75.83580", "2009-06-30": "-120.09160", "2009-03-31": "36.99880", "2008-12-31": "-135.61030", "2008-09-30": "11.07560", "2008-06-30": "11.72150", "2008-03-31": "12.53430", "2007-12-31": "11.58280", "2007-09-30": "14.12930", "2007-06-30": "44.19980", "2007-03-31": "22.25300", "2006-12-31": "25.26110", "2006-09-30": "25.24200", "2006-06-30": "34.35650", "2006-03-31": "18.02800", "2005-12-31": "23.31220", "2005-09-30": "25.89840", "2005-06-30": "30.72590", "2005-03-31": "53.37500"}, "Asset Turnover": {"2020-09-30": "0.02680", "2020-06-30": "0.02660", "2020-03-31": "0.02910", "2019-12-31": "0.03070", "2019-09-30": "0.02990", "2019-06-30": "0.03110", "2019-03-31": "0.03180", "2018-12-31": "0.03250", "2018-09-30": "0.03120", "2018-06-30": "0.03150", "2018-03-31": "0.03110", "2017-12-31": "0.03030", "2017-09-30": "0.02980", "2017-06-30": "0.02860", "2017-03-31": "0.02970", "2016-12-31": "0.02930", "2016-09-30": "0.02910", "2016-06-30": "0.02920", "2016-03-31": "0.02850", "2015-12-31": "0.02800", "2015-09-30": "0.02810", "2015-06-30": "0.02790", "2015-03-31": "0.02810", "2014-12-31": "0.02700", "2014-09-30": "0.02550", "2014-06-30": "0.02500", "2014-03-31": "0.02530", "2013-12-31": "0.02220", "2013-09-30": "0.02470", "2013-06-30": "0.02550", "2013-03-31": "0.02480", "2012-12-31": "0.01600", "2012-09-30": "0.02480", "2012-06-30": "0.02510", "2012-03-31": "0.02570", "2011-12-31": "0.01970", "2011-09-30": "0.02460", "2011-06-30": "0.02440", "2011-03-31": "0.02470", "2010-12-31": "0.01930", "2010-09-30": "0.02450", "2010-06-30": "0.02440", "2010-03-31": "0.02440", "2009-12-31": "0.01840", "2009-09-30": "0.02310", "2009-06-30": "0.02280", "2009-03-31": "0.02320", "2008-12-31": "0.01590", "2008-09-30": "0.02400", "2008-06-30": "0.02400", "2008-03-31": "0.02580", "2007-12-31": "0.02010", "2007-09-30": "0.02600", "2007-06-30": "0.02820", "2007-03-31": "0.02070", "2006-12-31": "0.02660", "2006-09-30": "0.02770", "2006-06-30": "0.02680", "2006-03-31": "0.02830", "2005-12-31": "0.02190", "2005-09-30": "0.02620", "2005-06-30": "0.02640", "2005-03-31": "0.02630"}, "Inventory Turnover Ratio": {"2020-09-30": "", "2020-06-30": "", "2020-03-31": "", "2019-12-31": "", "2019-09-30": "", "2019-06-30": "", "2019-03-31": "", "2018-12-31": "", "2018-09-30": "", "2018-06-30": "", "2018-03-31": "", "2017-12-31": "", "2017-09-30": "", "2017-06-30": "", "2017-03-31": "", "2016-12-31": "", "2016-09-30": "", "2016-06-30": "", "2016-03-31": "", "2015-12-31": "", "2015-09-30": "", "2015-06-30": "", "2015-03-31": "", "2014-12-31": "", "2014-09-30": "", "2014-06-30": "", "2014-03-31": "", "2013-12-31": "", "2013-09-30": "", "2013-06-30": "", "2013-03-31": "", "2012-12-31": "", "2012-09-30": "", "2012-06-30": "", "2012-03-31": "", "2011-12-31": "", "2011-09-30": "", "2011-06-30": "", "2011-03-31": "", "2010-12-31": "", "2010-09-30": "", "2010-06-30": "", "2010-03-31": "", "2009-12-31": "", "2009-09-30": "", "2009-06-30": "", "2009-03-31": "", "2008-12-31": "", "2008-09-30": "", "2008-06-30": "", "2008-03-31": "", "2007-12-31": "", "2007-09-30": "", "2007-06-30": "", "2007-03-31": "", "2006-12-31": "", "2006-09-30": "", "2006-06-30": "", "2006-03-31": "", "2005-12-31": "", "2005-09-30": "", "2005-06-30": "", "2005-03-31": ""}, "Receiveable Turnover": {"2020-09-30": "", "2020-06-30": "", "2020-03-31": "", "2019-12-31": "", "2019-09-30": "", "2019-06-30": "", "2019-03-31": "", "2018-12-31": "", "2018-09-30": "", "2018-06-30": "", "2018-03-31": "", "2017-12-31": "", "2017-09-30": "", "2017-06-30": "", "2017-03-31": "", "2016-12-31": "", "2016-09-30": "", "2016-06-30": "", "2016-03-31": "", "2015-12-31": "", "2015-09-30": "", "2015-06-30": "", "2015-03-31": "", "2014-12-31": "", "2014-09-30": "", "2014-06-30": "", "2014-03-31": "", "2013-12-31": "", "2013-09-30": "", "2013-06-30": "", "2013-03-31": "", "2012-12-31": "", "2012-09-30": "", "2012-06-30": "", "2012-03-31": "", "2011-12-31": "", "2011-09-30": "", "2011-06-30": "", "2011-03-31": "", "2010-12-31": "", "2010-09-30": "", "2010-06-30": "", "2010-03-31": "", "2009-12-31": "", "2009-09-30": "", "2009-06-30": "", "2009-03-31": "", "2008-12-31": "", "2008-09-30": "", "2008-06-30": "", "2008-03-31": "", "2007-12-31": "", "2007-09-30": "", "2007-06-30": "", "2007-03-31": "", "2006-12-31": "", "2006-09-30": "", "2006-06-30": "", "2006-03-31": "", "2005-12-31": "", "2005-09-30": "", "2005-06-30": "", "2005-03-31": ""}, "Days Sales In Receivables": {"2020-09-30": "", "2020-06-30": "", "2020-03-31": "", "2019-12-31": "", "2019-09-30": "", "2019-06-30": "", "2019-03-31": "", "2018-12-31": "", "2018-09-30": "", "2018-06-30": "", "2018-03-31": "", "2017-12-31": "", "2017-09-30": "", "2017-06-30": "", "2017-03-31": "", "2016-12-31": "", "2016-09-30": "", "2016-06-30": "", "2016-03-31": "", "2015-12-31": "", "2015-09-30": "", "2015-06-30": "", "2015-03-31": "", "2014-12-31": "", "2014-09-30": "", "2014-06-30": "", "2014-03-31": "", "2013-12-31": "", "2013-09-30": "", "2013-06-30": "", "2013-03-31": "", "2012-12-31": "", "2012-09-30": "", "2012-06-30": "", "2012-03-31": "", "2011-12-31": "", "2011-09-30": "", "2011-06-30": "", "2011-03-31": "", "2010-12-31": "", "2010-09-30": "", "2010-06-30": "", "2010-03-31": "", "2009-12-31": "", "2009-09-30": "", "2009-06-30": "", "2009-03-31": "", "2008-12-31": "", "2008-09-30": "", "2008-06-30": "", "2008-03-31": "", "2007-12-31": "", "2007-09-30": "", "2007-06-30": "", "2007-03-31": "", "2006-12-31": "", "2006-09-30": "", "2006-06-30": "", "2006-03-31": "", "2005-12-31": "", "2005-09-30": "", "2005-06-30": "", "2005-03-31": ""}, "ROE - Return On Equity": {"2020-09-30": "0.45290", "2020-06-30": "-0.26930", "2020-03-31": "2.10830", "2019-12-31": "1.46650", "2019-09-30": "1.61220", "2019-06-30": "1.16740", "2019-03-31": "2.36230", "2018-12-31": "11.71360", "2018-09-30": "-0.59950", "2018-06-30": "-0.12150", "2018-03-31": "-2.39830", "2017-12-31": "-3.92830", "2017-09-30": "-1.61640", "2017-06-30": "-0.53860", "2017-03-31": "-3.31820", "2016-12-31": "2.81440", "2016-09-30": "-2.77900", "2016-06-30": "0.90390", "2016-03-31": "1.08430", "2015-12-31": "0.13870", "2015-09-30": "0.58380", "2015-06-30": "0.25120", "2015-03-31": "-8.52660", "2014-12-31": "-0.96650", "2014-09-30": "0.18900", "2014-06-30": "1.94570", "2014-03-31": "-0.58930", "2013-12-31": "0.24380", "2013-09-30": "0.03810", "2013-06-30": "0.00010", "2013-03-31": "0.39500", "2012-12-31": "0.20520", "2012-09-30": "1.03790", "2012-06-30": "-0.29900", "2012-03-31": "0.00690", "2011-12-31": "-0.39210", "2011-09-30": "-1.60950", "2011-06-30": "0.40850", "2011-03-31": "1.36590", "2010-12-31": "-2.88590", "2010-09-30": "-0.48190", "2010-06-30": "-2.15010", "2010-03-31": "-0.73370", "2009-12-31": "-0.74610", "2009-09-30": "-5.99370", "2009-06-30": "-6.39590", "2009-03-31": "3.14300", "2008-12-31": "-6.98880", "2008-09-30": "1.45100", "2008-06-30": "1.50230", "2008-03-31": "1.64450", "2007-12-31": "1.57860", "2007-09-30": "1.50740", "2007-06-30": "2.02520", "2007-03-31": "1.83980", "2006-12-31": "2.24990", "2006-09-30": "2.38760", "2006-06-30": "1.92280", "2006-03-31": "2.20650", "2005-12-31": "1.68860", "2005-09-30": "2.42670", "2005-06-30": "2.42530", "2005-03-31": "2.09260"}, "Return On Tangible Equity": {"2020-09-30": "0.37780", "2020-06-30": "-0.22470", "2020-03-31": "1.76000", "2019-12-31": "1.22600", "2019-09-30": "1.19060", "2019-06-30": "0.86510", "2019-03-31": "1.75820", "2018-12-31": "8.74710", "2018-09-30": "-0.44010", "2018-06-30": "-0.09780", "2018-03-31": "-1.94410", "2017-12-31": "-3.21650", "2017-09-30": "-1.35030", "2017-06-30": "-0.45180", "2017-03-31": "-2.94680", "2016-12-31": "2.51090", "2016-09-30": "-2.48260", "2016-06-30": "0.81100", "2016-03-31": "0.97390", "2015-12-31": "0.12460", "2015-09-30": "0.52440", "2015-06-30": "0.22570", "2015-03-31": "-7.67230", "2014-12-31": "-0.87740", "2014-09-30": "0.17190", "2014-06-30": "1.76880", "2014-03-31": "-0.52730", "2013-12-31": "0.21870", "2013-09-30": "0.03350", "2013-06-30": "0.00010", "2013-03-31": "0.34750", "2012-12-31": "0.18050", "2012-09-30": "0.91190", "2012-06-30": "-0.26420", "2012-03-31": "0.00610", "2011-12-31": "-0.34430", "2011-09-30": "-1.41500", "2011-06-30": "0.36080", "2011-03-31": "1.13530", "2010-12-31": "-2.37500", "2010-09-30": "-0.39750", "2010-06-30": "-1.76870", "2010-03-31": "-0.60890", "2009-12-31": "-0.60580", "2009-09-30": "-4.88230", "2009-06-30": "-5.11360", "2009-03-31": "2.54820", "2008-12-31": "-5.63490", "2008-09-30": "1.16860", "2008-06-30": "1.21790", "2008-03-31": "1.33430", "2007-12-31": "1.28640", "2007-09-30": "1.24660", "2007-06-30": "1.69110", "2007-03-31": "1.46540", "2006-12-31": "1.61450", "2006-09-30": "1.71620", "2006-06-30": "1.39790", "2006-03-31": "1.60340", "2005-12-31": "1.22550", "2005-09-30": "1.76680", "2005-06-30": "1.76590", "2005-03-31": "1.52570"}, "ROA - Return On Assets": {"2020-09-30": "0.18770", "2020-06-30": "-0.10880", "2020-03-31": "0.77900", "2019-12-31": "0.59340", "2019-09-30": "0.58300", "2019-06-30": "0.42330", "2019-03-31": "0.87690", "2018-12-31": "4.31080", "2018-09-30": "-0.18810", "2018-06-30": "-0.03930", "2018-03-31": "-0.77990", "2017-12-31": "-1.29980", "2017-09-30": "-0.56360", "2017-06-30": "-0.17800", "2017-03-31": "-1.13870", "2016-12-31": "0.99430", "2016-09-30": "-0.93390", "2016-06-30": "0.31340", "2016-03-31": "0.37480", "2015-12-31": "0.04750", "2015-09-30": "0.19690", "2015-06-30": "0.08430", "2015-03-31": "-2.90960", "2014-12-31": "-0.35000", "2014-09-30": "0.06910", "2014-06-30": "0.70320", "2014-03-31": "-0.21230", "2013-12-31": "0.08860", "2013-09-30": "0.01350", "2013-06-30": "0.00000", "2013-03-31": "0.14520", "2012-12-31": "0.07540", "2012-09-30": "0.38270", "2012-06-30": "-0.11220", "2012-03-31": "0.00250", "2011-12-31": "-0.14190", "2011-09-30": "-0.57770", "2011-06-30": "0.15120", "2011-03-31": "0.47970", "2010-12-31": "-0.95840", "2010-09-30": "-0.15990", "2010-06-30": "-0.68720", "2010-03-31": "-0.23980", "2009-12-31": "-0.21230", "2009-09-30": "-1.72350", "2009-06-30": "-1.63620", "2009-03-31": "0.83450", "2008-12-31": "-1.78960", "2008-09-30": "0.35850", "2008-06-30": "0.38510", "2008-03-31": "0.42880", "2007-12-31": "0.42440", "2007-09-30": "0.44870", "2007-06-30": "0.63580", "2007-03-31": "0.48060", "2006-12-31": "0.56130", "2006-09-30": "0.61320", "2006-06-30": "0.51150", "2006-03-31": "0.58630", "2005-12-31": "0.45900", "2005-09-30": "0.66960", "2005-06-30": "0.68520", "2005-03-31": "0.60740"}, "ROI - Return On Investment": {"2020-09-30": "0.19810", "2020-06-30": "-0.11450", "2020-03-31": "0.82170", "2019-12-31": "0.63450", "2019-09-30": "0.62230", "2019-06-30": "0.45130", "2019-03-31": "0.93100", "2018-12-31": "4.58200", "2018-09-30": "-0.19940", "2018-06-30": "-0.04190", "2018-03-31": "-0.82740", "2017-12-31": "-1.38130", "2017-09-30": "-0.59750", "2017-06-30": "-0.18810", "2017-03-31": "-1.20490", "2016-12-31": "1.05300", "2016-09-30": "-0.98760", "2016-06-30": "0.33120", "2016-03-31": "0.39540", "2015-12-31": "0.05020", "2015-09-30": "0.20820", "2015-06-30": "0.08930", "2015-03-31": "-3.06640", "2014-12-31": "-0.36980", "2014-09-30": "0.07300", "2014-06-30": "0.74180", "2014-03-31": "-0.22320", "2013-12-31": "0.09310", "2013-09-30": "0.01410", "2013-06-30": "0.00000", "2013-03-31": "0.15150", "2012-12-31": "0.07910", "2012-09-30": "0.39800", "2012-06-30": "-0.11630", "2012-03-31": "0.00260", "2011-12-31": "-0.14750", "2011-09-30": "-0.59930", "2011-06-30": "0.15610", "2011-03-31": "0.49390", "2010-12-31": "-0.98830", "2010-09-30": "-0.16650", "2010-06-30": "-0.71240", "2010-03-31": "-0.24860", "2009-12-31": "-0.21850", "2009-09-30": "-1.79130", "2009-06-30": "-1.69880", "2009-03-31": "0.86060", "2008-12-31": "-1.84880", "2008-09-30": "0.38030", "2008-06-30": "0.40840", "2008-03-31": "0.45370", "2007-12-31": "0.44910", "2007-09-30": "0.47540", "2007-06-30": "0.67070", "2007-03-31": "0.52900", "2006-12-31": "0.59750", "2006-09-30": "0.65340", "2006-06-30": "0.54220", "2006-03-31": "0.62160", "2005-12-31": "0.48750", "2005-09-30": "0.71240", "2005-06-30": "0.72140", "2005-03-31": "0.63990"}, "Book Value Per Share": {"2020-09-30": "10.15640", "2020-06-30": "10.15780", "2020-03-31": "10.19960", "2019-12-31": "10.24030", "2019-09-30": "11.13750", "2019-06-30": "11.24780", "2019-03-31": "11.39060", "2018-12-31": "11.22290", "2018-09-30": "10.69480", "2018-06-30": "14.60130", "2018-03-31": "15.03590", "2017-12-31": "15.75120", "2017-09-30": "17.37190", "2017-06-30": "17.78100", "2017-03-31": "17.09040", "2016-12-31": "17.76930", "2016-09-30": "17.97560", "2016-06-30": "18.69950", "2016-03-31": "18.87190", "2015-12-31": "19.01190", "2015-09-30": "19.03800", "2015-06-30": "19.14300", "2015-03-31": "19.40340", "2014-12-31": "21.11180", "2014-09-30": "21.53370", "2014-06-30": "21.45790", "2014-03-31": "21.48050", "2013-12-31": "21.92210", "2013-09-30": "20.74240", "2013-06-30": "20.85350", "2013-03-31": "21.26900", "2012-12-31": "21.42450", "2012-09-30": "21.59060", "2012-06-30": "21.42590", "2012-03-31": "21.84030", "2011-12-31": "22.28090", "2011-09-30": "22.46310", "2011-06-30": "23.28230", "2011-03-31": "24.67080", "2010-12-31": "24.53240", "2010-09-30": "24.79360", "2010-06-30": "25.06530", "2010-03-31": "26.16190", "2009-12-31": "23.10530", "2009-09-30": "30.52090", "2009-06-30": "36.09420", "2009-03-31": "45.29810", "2008-12-31": "44.61640", "2008-09-30": "47.41320", "2008-06-30": "48.83050", "2008-03-31": "46.39960", "2007-12-31": "50.21140", "2007-09-30": "52.22770", "2007-06-30": "53.84120", "2007-03-31": "55.46070", "2006-12-31": "45.80740", "2006-09-30": "46.04830", "2006-06-30": "47.08590", "2006-03-31": "47.02760", "2005-12-31": "47.18360", "2005-09-30": "47.63100", "2005-06-30": "47.69970", "2005-03-31": "47.94110"}, "Operating Cash Flow Per Share": {"2020-09-30": 0.2793, "2020-06-30": 0.1869, "2020-03-31": "0.18510", "2019-12-31": 0.4306, "2019-09-30": 0.3802, "2019-06-30": 0.43, "2019-03-31": "0.23340", "2018-12-31": 0.3581, "2018-09-30": 0.1933, "2018-06-30": 0.5631, "2018-03-31": "0.31300", "2017-12-31": 0.5903, "2017-09-30": 0.5011, "2017-06-30": 0.6413, "2017-03-31": "0.50160", "2016-12-31": 0.5996, "2016-09-30": 0.6567, "2016-06-30": 0.8158, "2016-03-31": "0.44820", "2015-12-31": 0.7466, "2015-09-30": 0.5081, "2015-06-30": 0.7987, "2015-03-31": "0.34850", "2014-12-31": 0.5875, "2014-09-30": 0.6373, "2014-06-30": 0.6084, "2014-03-31": "0.51390", "2013-12-31": 0.5522, "2013-09-30": 0.7073, "2013-06-30": 0.6922, "2013-03-31": "0.33960", "2012-12-31": 0.782, "2012-09-30": 0.5647, "2012-06-30": 0.4928, "2012-03-31": "0.24600", "2011-12-31": 0.4629, "2011-09-30": 0.577, "2011-06-30": 0.5338, "2011-03-31": "0.43900", "2010-12-31": 0.579, "2010-09-30": 0.6845, "2010-06-30": 0.6195, "2010-03-31": "0.39010", "2009-12-31": 0.2581, "2009-09-30": 0.6852, "2009-06-30": 0.8654, "2009-03-31": "1.07430", "2008-12-31": 1.4667, "2008-09-30": 1.8428, "2008-06-30": 1.7966, "2008-03-31": "1.43480", "2007-12-31": 1.5271, "2007-09-30": 1.8947, "2007-06-30": 1.2712, "2007-03-31": "2.24230", "2006-12-31": 1.0116, "2006-09-30": 2.0471, "2006-06-30": 1.1975, "2006-03-31": "1.96010", "2005-12-31": 1.471, "2005-09-30": 1.8315, "2005-06-30": 1.5328, "2005-03-31": "1.67770"}, "Free Cash Flow Per Share": {"2020-09-30": 0.2245, "2020-06-30": 0.0977, "2020-03-31": "0.07170", "2019-12-31": -0.1295, "2019-09-30": 0.3805, "2019-06-30": 0.2914, "2019-03-31": "0.51990", "2018-12-31": 3.4658, "2018-09-30": 0.0452, "2018-06-30": 1.2815, "2018-03-31": "0.85890", "2017-12-31": 1.3753, "2017-09-30": 1.1572, "2017-06-30": 1.5075, "2017-03-31": "0.49620", "2016-12-31": 2.9725, "2016-09-30": 0.2363, "2016-06-30": 0.883, "2016-03-31": "0.88590", "2015-12-31": 1.0283, "2015-09-30": 0.7034, "2015-06-30": 0.1151, "2015-03-31": "0.59100", "2014-12-31": 1.2105, "2014-09-30": 0.775, "2014-06-30": 1.5419, "2014-03-31": "0.97190", "2013-12-31": -2.4797, "2013-09-30": 0.0794, "2013-06-30": -0.125, "2013-03-31": "-0.28280", "2012-12-31": -0.2242, "2012-09-30": -0.737, "2012-06-30": 0.4423, "2012-03-31": "-0.23850", "2011-12-31": 1.536, "2011-09-30": 0.4183, "2011-06-30": 0.7896, "2011-03-31": "0.19980", "2010-12-31": 0.5386, "2010-09-30": 0.7393, "2010-06-30": 0.6115, "2010-03-31": "0.31820", "2009-12-31": 0.3681, "2009-09-30": 1.9908, "2009-06-30": 1.4411, "2009-03-31": "0.83860", "2008-12-31": 0.7172, "2008-09-30": 1.4576, "2008-06-30": 0.0234, "2008-03-31": "-0.08000", "2007-12-31": -22.5946, "2007-09-30": 1.6411, "2007-06-30": 29.1368, "2007-03-31": "-37.45450", "2006-12-31": -4.8518, "2006-09-30": 2.7476, "2006-06-30": 1.8408, "2006-03-31": "0.04290", "2005-12-31": -5.6728, "2005-09-30": 1.3122, "2005-06-30": 1.3866, "2005-03-31": "-2.46420"}}, "revenue": {"SITE CENTERS CORP Annual Revenue (Millions of US $)": {"2019": "$508", "2018": "$707", "2017": "$922", "2016": "$1,006", "2015": "$1,028", "2014": "$986", "2013": "$830", "2012": "$707", "2011": "$714", "2010": "$742", "2009": "$756", "2008": "$825", "2007": "$885", "2006": "$773", "2005": "$678"}, "SITE CENTERS CORP Quarterly Revenue (Millions of US $)": {"2020-09-30": "$106", "2020-06-30": "$108", "2020-03-31": "$129", "2019-12-31": "$126", "2019-09-30": "$123", "2019-06-30": "$129", "2019-03-31": "$131", "2018-12-31": "$137", "2018-09-30": "$144", "2018-06-30": "$212", "2018-03-31": "$215", "2017-12-31": "$218", "2017-09-30": "$227", "2017-06-30": "$236", "2017-03-31": "$240", "2016-12-31": "$240", "2016-09-30": "$254", "2016-06-30": "$257", "2016-03-31": "$254", "2015-12-31": "$255", "2015-09-30": "$257", "2015-06-30": "$257", "2015-03-31": "$259", "2014-12-31": "$257", "2014-09-30": "$245", "2014-06-30": "$242", "2014-03-31": "$242", "2013-12-31": "$216", "2013-09-30": "$206", "2013-06-30": "$208", "2013-03-31": "$200", "2012-12-31": "$129", "2012-09-30": "$197", "2012-06-30": "$191", "2012-03-31": "$191", "2011-12-31": "$148", "2011-09-30": "$187", "2011-06-30": "$187", "2011-03-31": "$192", "2010-12-31": "$150", "2010-09-30": "$193", "2010-06-30": "$197", "2010-03-31": "$202", "2009-12-31": "$155", "2009-09-30": "$196", "2009-06-30": "$197", "2009-03-31": "$208", "2008-12-31": "$143", "2008-09-30": "$223", "2008-06-30": "$223", "2008-03-31": "$236", "2007-12-31": "$182", "2007-09-30": "$232", "2007-06-30": "$252", "2007-03-31": "$219", "2006-12-31": "$191", "2006-09-30": "$194", "2006-06-30": "$189", "2006-03-31": "$199", "2005-12-31": "$150", "2005-09-30": "$179", "2005-06-30": "$176", "2005-03-31": "$172"}}, "gross-profit": {"SITE CENTERS CORP Annual Gross Profit (Millions of US $)": {"2019": "$368", "2018": "$499", "2017": "$658", "2016": "$714", "2015": "$734", "2014": "$705", "2013": "$591", "2012": "$499", "2011": "$499", "2010": "$520", "2009": "$533", "2008": "$598", "2007": "$658", "2006": "$578", "2005": "$507"}, "SITE CENTERS CORP Quarterly Gross Profit (Millions of US $)": {"2020-09-30": "$73", "2020-06-30": "$74", "2020-03-31": "$93", "2019-12-31": "$93", "2019-09-30": "$89", "2019-06-30": "$92", "2019-03-31": "$94", "2018-12-31": "$98", "2018-09-30": "$104", "2018-06-30": "$147", "2018-03-31": "$150", "2017-12-31": "$150", "2017-09-30": "$165", "2017-06-30": "$170", "2017-03-31": "$173", "2016-12-31": "$161", "2016-09-30": "$186", "2016-06-30": "$185", "2016-03-31": "$181", "2015-12-31": "$185", "2015-09-30": "$184", "2015-06-30": "$183", "2015-03-31": "$182", "2014-12-31": "$187", "2014-09-30": "$174", "2014-06-30": "$173", "2014-03-31": "$171", "2013-12-31": "$153", "2013-09-30": "$147", "2013-06-30": "$149", "2013-03-31": "$142", "2012-12-31": "$89", "2012-09-30": "$141", "2012-06-30": "$136", "2012-03-31": "$133", "2011-12-31": "$110", "2011-09-30": "$130", "2011-06-30": "$128", "2011-03-31": "$132", "2010-12-31": "$112", "2010-09-30": "$132", "2010-06-30": "$136", "2010-03-31": "$140", "2009-12-31": "$115", "2009-09-30": "$135", "2009-06-30": "$138", "2009-03-31": "$146", "2008-12-31": "$101", "2008-09-30": "$161", "2008-06-30": "$162", "2008-03-31": "$173", "2007-12-31": "$133", "2007-09-30": "$172", "2007-06-30": "$187", "2007-03-31": "$166", "2006-12-31": "$143", "2006-09-30": "$144", "2006-06-30": "$140", "2006-03-31": "$151", "2005-12-31": "$111", "2005-09-30": "$135", "2005-06-30": "$132", "2005-03-31": "$128"}}, "operating-income": {"SITE CENTERS CORP Annual Operating Income (Millions of US $)": {"2019": "$141", "2018": "$125", "2017": "$-112", "2016": "$152", "2015": "$-20", "2014": "$188", "2013": "$196", "2012": "$156", "2011": "$146", "2010": "$146", "2009": "$222", "2008": "$260", "2007": "$380", "2006": "$337", "2005": "$299"}, "SITE CENTERS CORP Quarterly Operating Income (Millions of US $)": {"2020-09-30": "$18", "2020-06-30": "$19", "2020-03-31": "$21", "2019-12-31": "$37", "2019-09-30": "$30", "2019-06-30": "$37", "2019-03-31": "$37", "2018-12-31": "$97", "2018-09-30": "$20", "2018-06-30": "$39", "2018-03-31": "$-30", "2017-12-31": "$-220", "2017-09-30": "$50", "2017-06-30": "$29", "2017-03-31": "$29", "2016-12-31": "$50", "2016-09-30": "$-33", "2016-06-30": "$69", "2016-03-31": "$67", "2015-12-31": "$64", "2015-09-30": "$69", "2015-06-30": "$65", "2015-03-31": "$-218", "2014-12-31": "$43", "2014-09-30": "$56", "2014-06-30": "$44", "2014-03-31": "$45", "2013-12-31": "$43", "2013-09-30": "$48", "2013-06-30": "$48", "2013-03-31": "$57", "2012-12-31": "$27", "2012-09-30": "$66", "2012-06-30": "$9", "2012-03-31": "$54", "2011-12-31": "$37", "2011-09-30": "$12", "2011-06-30": "$50", "2011-03-31": "$47", "2010-12-31": "$43", "2010-09-30": "$55", "2010-06-30": "$-13", "2010-03-31": "$61", "2009-12-31": "$98", "2009-09-30": "$60", "2009-06-30": "$4", "2009-03-31": "$60", "2008-12-31": "$-4", "2008-09-30": "$82", "2008-06-30": "$85", "2008-03-31": "$97", "2007-12-31": "$77", "2007-09-30": "$97", "2007-06-30": "$114", "2007-03-31": "$92", "2006-12-31": "$85", "2006-09-30": "$83", "2006-06-30": "$79", "2006-03-31": "$89", "2005-12-31": "$61", "2005-09-30": "$81", "2005-06-30": "$82", "2005-03-31": "$75"}}, "ebitda": {"SITE CENTERS CORP Annual EBITDA (Millions of US $)": {"2019": "$311", "2018": "$384", "2017": "$242", "2016": "$544", "2015": "$387", "2014": "$612", "2013": "$535", "2012": "$432", "2011": "$406", "2010": "$395", "2009": "$479", "2008": "$532", "2007": "$626", "2006": "$538", "2005": "$477"}, "SITE CENTERS CORP Quarterly EBITDA (Millions of US $)": {"2020-09-30": "$61", "2020-06-30": "$61", "2020-03-31": "$66", "2019-12-31": "$80", "2019-09-30": "$72", "2019-06-30": "$78", "2019-03-31": "$81", "2018-12-31": "$143", "2018-09-30": "$71", "2018-06-30": "$116", "2018-03-31": "$54", "2017-12-31": "$-139", "2017-09-30": "$139", "2017-06-30": "$120", "2017-03-31": "$121", "2016-12-31": "$150", "2016-09-30": "$62", "2016-06-30": "$167", "2016-03-31": "$164", "2015-12-31": "$168", "2015-09-30": "$169", "2015-06-30": "$163", "2015-03-31": "$-113", "2014-12-31": "$151", "2014-09-30": "$159", "2014-06-30": "$142", "2014-03-31": "$160", "2013-12-31": "$150", "2013-09-30": "$128", "2013-06-30": "$48", "2013-03-31": "$57", "2012-12-31": "$27", "2012-09-30": "$66", "2012-06-30": "$9", "2012-03-31": "$54", "2011-12-31": "$37", "2011-09-30": "$12", "2011-06-30": "$50", "2011-03-31": "$47", "2010-12-31": "$43", "2010-09-30": "$55", "2010-06-30": "$-13", "2010-03-31": "$61", "2009-12-31": "$98", "2009-09-30": "$60", "2009-06-30": "$4", "2009-03-31": "$60", "2008-12-31": "$-4", "2008-09-30": "$82", "2008-06-30": "$85", "2008-03-31": "$97", "2007-12-31": "$77", "2007-09-30": "$97", "2007-06-30": "$114", "2007-03-31": "$92", "2006-12-31": "$85", "2006-09-30": "$83", "2006-06-30": "$79", "2006-03-31": "$89", "2005-12-31": "$61", "2005-09-30": "$81", "2005-06-30": "$82", "2005-03-31": "$75"}}, "net-income": {"SITE CENTERS CORP Annual Net Income (Millions of US $)": {"2019": "$61", "2018": "$81", "2017": "$-270", "2016": "$38", "2015": "$-95", "2014": "$91", "2013": "$-43", "2012": "$-60", "2011": "$-54", "2010": "$-252", "2009": "$-399", "2008": "$-114", "2007": "$214", "2006": "$198", "2005": "$227"}, "SITE CENTERS CORP Quarterly Net Income (Millions of US $)": {"2020-09-30": "$2", "2020-06-30": "$-10", "2020-03-31": "$29", "2019-12-31": "$10", "2019-09-30": "$15", "2019-06-30": "$9", "2019-03-31": "$27", "2018-12-31": "$172", "2018-09-30": "$-17", "2018-06-30": "$-12", "2018-03-31": "$-63", "2017-12-31": "$-226", "2017-09-30": "$-7", "2017-06-30": "$23", "2017-03-31": "$-60", "2016-12-31": "$28", "2016-09-30": "$-66", "2016-06-30": "$35", "2016-03-31": "$40", "2015-12-31": "$88", "2015-09-30": "$54", "2015-06-30": "$13", "2015-03-31": "$-249", "2014-12-31": "$-16", "2014-09-30": "$63", "2014-06-30": "$68", "2014-03-31": "$-23", "2013-12-31": "$1", "2013-09-30": "$-7", "2013-06-30": "$-36", "2013-03-31": "$-1", "2012-12-31": "$-7", "2012-09-30": "$13", "2012-06-30": "$-44", "2012-03-31": "$-22", "2011-12-31": "$-2", "2011-09-30": "$-50", "2011-06-30": "$-27", "2011-03-31": "$25", "2010-12-31": "$-95", "2010-09-30": "$-25", "2010-06-30": "$-97", "2010-03-31": "$-35", "2009-12-31": "$-90", "2009-09-30": "$-148", "2009-06-30": "$-237", "2009-03-31": "$77", "2008-12-31": "$-195", "2008-09-30": "$25", "2008-06-30": "$26", "2008-03-31": "$30", "2007-12-31": "$21", "2007-09-30": "$33", "2007-06-30": "$111", "2007-03-31": "$49", "2006-12-31": "$48", "2006-09-30": "$49", "2006-06-30": "$65", "2006-03-31": "$36", "2005-12-31": "$35", "2005-09-30": "$46", "2005-06-30": "$54", "2005-03-31": "$92"}}, "eps-earnings-per-share-diluted": {"SITE CENTERS CORP Annual EPS": {"2019": "$0.33", "2018": "$0.43", "2017": "$-1.48", "2016": "$0.20", "2015": "$-0.54", "2014": "$0.50", "2013": "$-0.28", "2012": "$-0.42", "2011": "$-0.56", "2010": "$-2.06", "2009": "$-5.02", "2008": "$-1.92", "2007": "$3.50", "2006": "$3.62", "2005": "$4.16"}, "SITE CENTERS CORP Quarterly EPS": {"2020-09-30": "$0.01", "2020-06-30": "$-0.05", "2020-03-31": "$0.15", "2019-12-31": "$0.05", "2019-09-30": "$0.08", "2019-06-30": "$0.05", "2019-03-31": "$0.15", "2018-12-31": "$0.93", "2018-09-30": "$-0.09", "2018-06-30": "$-0.07", "2018-03-31": "$-0.34", "2017-12-31": "$-1.25", "2017-09-30": "$-0.04", "2017-06-30": "$0.13", "2017-03-31": "$-0.32", "2016-12-31": "$0.14", "2016-09-30": "$-0.36", "2016-06-30": "$0.20", "2016-03-31": "$0.22", "2015-12-31": "$0.48", "2015-09-30": "$0.30", "2015-06-30": "$0.06", "2015-03-31": "$-1.38", "2014-12-31": "$-0.08", "2014-09-30": "$0.34", "2014-06-30": "$0.38", "2014-03-31": "$-0.14", "2013-12-31": "$-0.02", "2013-09-30": "$-0.04", "2013-06-30": "$-0.22", "2013-03-31": "$0.00", "2012-12-31": "$-0.02", "2012-09-30": "$0.08", "2012-06-30": "$-0.32", "2012-03-31": "$-0.16", "2011-12-31": "$-0.02", "2011-09-30": "$-0.36", "2011-06-30": "$-0.20", "2011-03-31": "$0.02", "2010-12-31": "$-0.62", "2010-09-30": "$-0.20", "2010-06-30": "$-0.94", "2010-03-31": "$-0.30", "2009-12-31": "$-1.12", "2009-09-30": "$-1.80", "2009-06-30": "$-3.28", "2009-03-31": "$1.18", "2008-12-31": "$-3.26", "2008-09-30": "$0.40", "2008-06-30": "$0.44", "2008-03-31": "$0.50", "2007-12-31": "$0.36", "2007-09-30": "$0.52", "2007-06-30": "$1.78", "2007-03-31": "$0.84", "2006-12-31": "$0.88", "2006-09-30": "$0.90", "2006-06-30": "$1.18", "2006-03-31": "$0.66", "2005-12-31": "$0.62", "2005-09-30": "$0.86", "2005-06-30": "$1.00", "2005-03-31": "$1.68"}}, "shares-outstanding": {"SITE CENTERS CORP Annual Shares Outstanding (Millions of Shares)": {"2019": "183", "2018": "185", "2017": "184", "2016": "183", "2015": "180", "2014": "179", "2013": "163", "2012": "146", "2011": "136", "2010": "122", "2009": "79", "2008": "60", "2007": "61", "2006": "55", "2005": "55"}, "SITE CENTERS CORP Quarterly Shares Outstanding (Millions of Shares)": {"2020-09-30": "193", "2020-06-30": "193", "2020-03-31": "194", "2019-12-31": "183", "2019-09-30": "182", "2019-06-30": "181", "2019-03-31": "181", "2018-12-31": "185", "2018-09-30": "185", "2018-06-30": "185", "2018-03-31": "185", "2017-12-31": "184", "2017-09-30": "184", "2017-06-30": "184", "2017-03-31": "183", "2016-12-31": "183", "2016-09-30": "183", "2016-06-30": "183", "2016-03-31": "183", "2015-12-31": "180", "2015-09-30": "182", "2015-06-30": "182", "2015-03-31": "180", "2014-12-31": "179", "2014-09-30": "179", "2014-06-30": "179", "2014-03-31": "179", "2013-12-31": "163", "2013-09-30": "159", "2013-06-30": "158", "2013-03-31": "157", "2012-12-31": "146", "2012-09-30": "151", "2012-06-30": "140", "2012-03-31": "138", "2011-12-31": "136", "2011-09-30": "137", "2011-06-30": "138", "2011-03-31": "131", "2010-12-31": "122", "2010-09-30": "125", "2010-06-30": "127", "2010-03-31": "114", "2009-12-31": "79", "2009-09-30": "83", "2009-06-30": "72", "2009-03-31": "65", "2008-12-31": "60", "2008-09-30": "60", "2008-06-30": "60", "2008-03-31": "60", "2007-12-31": "61", "2007-09-30": "62", "2007-06-30": "63", "2007-03-31": "58", "2006-12-31": "55", "2006-09-30": "55", "2006-06-30": "55", "2006-03-31": "55", "2005-12-31": "55", "2005-09-30": "55", "2005-06-30": "55", "2005-03-31": "55"}}, "total-assets": {"SITE CENTERS CORP Annual Total Assets (Millions of US $)": {"2019": "$4,094", "2018": "$4,206", "2017": "$7,170", "2016": "$8,198", "2015": "$9,097", "2014": "$9,519", "2013": "$9,693", "2012": "$8,056", "2011": "$7,469", "2010": "$7,768", "2009": "$8,427", "2008": "$9,020", "2007": "$9,090", "2006": "$7,180", "2005": "$6,863"}, "SITE CENTERS CORP Quarterly Total Assets (Millions of US $)": {"2020-09-30": "$3,945", "2020-06-30": "$4,049", "2020-03-31": "$4,445", "2019-12-31": "$4,094", "2019-09-30": "$4,100", "2019-06-30": "$4,143", "2019-03-31": "$4,116", "2018-12-31": "$4,206", "2018-09-30": "$4,620", "2018-06-30": "$6,704", "2018-03-31": "$6,910", "2017-12-31": "$7,170", "2017-09-30": "$7,641", "2017-06-30": "$8,270", "2017-03-31": "$8,093", "2016-12-31": "$8,198", "2016-09-30": "$8,721", "2016-06-30": "$8,822", "2016-03-31": "$8,936", "2015-12-31": "$9,097", "2015-09-30": "$9,155", "2015-06-30": "$9,226", "2015-03-31": "$9,211", "2014-12-31": "$9,519", "2014-09-30": "$9,626", "2014-06-30": "$9,682", "2014-03-31": "$9,564", "2013-12-31": "$9,693", "2013-09-30": "$8,345", "2013-06-30": "$8,133", "2013-03-31": "$8,062", "2012-12-31": "$8,056", "2012-09-30": "$7,950", "2012-06-30": "$7,584", "2012-03-31": "$7,412", "2011-12-31": "$7,469", "2011-09-30": "$7,603", "2011-06-30": "$7,667", "2011-03-31": "$7,782", "2010-12-31": "$7,768", "2010-09-30": "$7,877", "2010-06-30": "$8,052", "2010-03-31": "$8,288", "2009-12-31": "$8,427", "2009-09-30": "$8,479", "2009-06-30": "$8,652", "2009-03-31": "$8,955", "2008-12-31": "$9,020", "2008-09-30": "$9,294", "2008-06-30": "$9,274", "2008-03-31": "$9,154", "2007-12-31": "$9,090", "2007-09-30": "$8,913", "2007-06-30": "$8,949", "2007-03-31": "$10,564", "2006-12-31": "$7,180", "2006-09-30": "$7,018", "2006-06-30": "$7,059", "2006-03-31": "$7,053", "2005-12-31": "$6,863", "2005-09-30": "$6,840", "2005-06-30": "$6,682", "2005-03-31": "$6,537"}}, "cash-on-hand": {"SITE CENTERS CORP Annual Cash on Hand (Millions of US $)": {"2019": "$19", "2018": "$14", "2017": "$95", "2016": "$39", "2015": "$33", "2014": "$32", "2013": "$120", "2012": "$55", "2011": "$72", "2010": "$48", "2009": "$122", "2008": "$141", "2007": "$109", "2006": "$28", "2005": "$31"}, "SITE CENTERS CORP Quarterly Cash on Hand (Millions of US $)": {"2020-09-30": "$58", "2020-06-30": "$129", "2020-03-31": "$514", "2019-12-31": "$19", "2019-09-30": "$26", "2019-06-30": "$11", "2019-03-31": "$12", "2018-12-31": "$14", "2018-09-30": "$13", "2018-06-30": "$107", "2018-03-31": "$66", "2017-12-31": "$95", "2017-09-30": "$20", "2017-06-30": "$476", "2017-03-31": "$66", "2016-12-31": "$39", "2016-09-30": "$33", "2016-06-30": "$27", "2016-03-31": "$34", "2015-12-31": "$33", "2015-09-30": "$63", "2015-06-30": "$37", "2015-03-31": "$64", "2014-12-31": "$32", "2014-09-30": "$143", "2014-06-30": "$391", "2014-03-31": "$194", "2013-12-31": "$120", "2013-09-30": "$61", "2013-06-30": "$65", "2013-03-31": "$41", "2012-12-31": "$55", "2012-09-30": "$47", "2012-06-30": "$42", "2012-03-31": "$39", "2011-12-31": "$72", "2011-09-30": "$25", "2011-06-30": "$19", "2011-03-31": "$25", "2010-12-31": "$48", "2010-09-30": "$36", "2010-06-30": "$56", "2010-03-31": "$84", "2009-12-31": "$122", "2009-09-30": "$129", "2009-06-30": "$142", "2009-03-31": "$147", "2008-12-31": "$141", "2008-09-30": "$137", "2008-06-30": "$97", "2008-03-31": "$121", "2007-12-31": "$109", "2007-09-30": "$50", "2007-06-30": "$46", "2007-03-31": "$80", "2006-12-31": "$28", "2006-09-30": "$48", "2006-06-30": "$43", "2006-03-31": "$40", "2005-12-31": "$31", "2005-09-30": "$39", "2005-06-30": "$54", "2005-03-31": "$51"}}, "long-term-debt": {"SITE CENTERS CORP Annual Long Term Debt (Millions of US $)": {"2019": "$1,847", "2018": "$1,884", "2017": "$3,849", "2016": "$4,494", "2015": "$5,140", "2014": "$5,212", "2013": "$5,295", "2012": "$4,319", "2011": "$4,105", "2010": "$4,398", "2009": "$5,235", "2008": "$5,867", "2007": "$5,591", "2006": "$4,249", "2005": "$3,891"}, "SITE CENTERS CORP Quarterly Long Term Debt (Millions of US $)": {"2020-09-30": "$1,777", "2020-06-30": "$1,887", "2020-03-31": "$2,247", "2019-12-31": "$1,847", "2019-09-30": "$1,833", "2019-06-30": "$1,859", "2019-03-31": "$1,824", "2018-12-31": "$1,884", "2018-09-30": "$2,385", "2018-06-30": "$3,590", "2018-03-31": "$3,742", "2017-12-31": "$3,849", "2017-09-30": "$4,018", "2017-06-30": "$4,567", "2017-03-31": "$4,521", "2016-12-31": "$4,494", "2016-09-30": "$4,966", "2016-06-30": "$4,939", "2016-03-31": "$5,032", "2015-12-31": "$5,140", "2015-09-30": "$5,224", "2015-06-30": "$5,260", "2015-03-31": "$5,247", "2014-12-31": "$5,212", "2014-09-30": "$5,236", "2014-06-30": "$5,329", "2014-03-31": "$5,244", "2013-12-31": "$5,295", "2013-09-30": "$4,596", "2013-06-30": "$4,444", "2013-03-31": "$4,354", "2012-12-31": "$4,319", "2012-09-30": "$4,308", "2012-06-30": "$4,096", "2012-03-31": "$4,137", "2011-12-31": "$4,105", "2011-09-30": "$4,226", "2011-06-30": "$4,214", "2011-03-31": "$4,270", "2010-12-31": "$4,398", "2010-09-30": "$4,395", "2010-06-30": "$4,638", "2010-03-31": "$4,731", "2009-12-31": "$5,235", "2009-09-30": "$5,165", "2009-06-30": "$5,565", "2009-03-31": "$5,751", "2008-12-31": "$5,867", "2008-09-30": "$5,910", "2008-06-30": "$5,811", "2008-03-31": "$5,710", "2007-12-31": "$5,591", "2007-09-30": "$5,204", "2007-06-30": "$5,119", "2007-03-31": "$6,133", "2006-12-31": "$4,249", "2006-09-30": "$4,078", "2006-06-30": "$4,076", "2006-03-31": "$4,074", "2005-12-31": "$3,891", "2005-09-30": "$3,837", "2005-06-30": "$3,754", "2005-03-31": "$3,603"}}, "total-liabilities": {"SITE CENTERS CORP Annual Total Liabilities (Millions of US $)": {"2019": "$2,112", "2018": "$2,133", "2017": "$4,273", "2016": "$4,952", "2015": "$5,634", "2014": "$5,722", "2013": "$5,765", "2012": "$4,689", "2011": "$4,392", "2010": "$4,633", "2009": "$5,474", "2008": "$6,155", "2007": "$6,091", "2006": "$4,684", "2005": "$4,293"}, "SITE CENTERS CORP Quarterly Total Liabilities (Millions of US $)": {"2020-09-30": "$1,985", "2020-06-30": "$2,089", "2020-03-31": "$2,478", "2019-12-31": "$2,112", "2019-09-30": "$2,092", "2019-06-30": "$2,115", "2019-03-31": "$2,063", "2018-12-31": "$2,133", "2018-09-30": "$2,645", "2018-06-30": "$4,012", "2018-03-31": "$4,138", "2017-12-31": "$4,273", "2017-09-30": "$4,452", "2017-06-30": "$5,012", "2017-03-31": "$4,966", "2016-12-31": "$4,952", "2016-09-30": "$5,440", "2016-06-30": "$5,413", "2016-03-31": "$5,497", "2015-12-31": "$5,634", "2015-09-30": "$5,717", "2015-06-30": "$5,778", "2015-03-31": "$5,718", "2014-12-31": "$5,722", "2014-09-30": "$5,757", "2014-06-30": "$5,833", "2014-03-31": "$5,714", "2013-12-31": "$5,765", "2013-09-30": "$4,993", "2013-06-30": "$4,804", "2013-03-31": "$4,694", "2012-12-31": "$4,689", "2012-09-30": "$4,614", "2012-06-30": "$4,363", "2012-03-31": "$4,388", "2011-12-31": "$4,392", "2011-09-30": "$4,499", "2011-06-30": "$4,453", "2011-03-31": "$4,494", "2010-12-31": "$4,633", "2010-09-30": "$4,708", "2010-06-30": "$4,924", "2010-03-31": "$5,024", "2009-12-31": "$5,474", "2009-09-30": "$5,486", "2009-06-30": "$5,884", "2009-03-31": "$6,023", "2008-12-31": "$6,155", "2008-09-30": "$6,443", "2008-06-30": "$6,342", "2008-03-31": "$6,212", "2007-12-31": "$6,091", "2007-09-30": "$5,705", "2007-06-30": "$5,584", "2007-03-31": "$7,099", "2006-12-31": "$4,684", "2006-09-30": "$4,510", "2006-06-30": "$4,476", "2006-03-31": "$4,474", "2005-12-31": "$4,293", "2005-09-30": "$4,248", "2005-06-30": "$4,089", "2005-03-31": "$3,935"}}, "total-share-holder-equity": {"SITE CENTERS CORP Annual Share Holder Equity (Millions of US $)": {"2019": "$1,981", "2018": "$2,073", "2017": "$2,897", "2016": "$3,246", "2015": "$3,463", "2014": "$3,798", "2013": "$3,928", "2012": "$3,366", "2011": "$3,078", "2010": "$3,135", "2009": "$2,952", "2008": "$2,865", "2007": "$2,999", "2006": "$2,496", "2005": "$2,570"}, "SITE CENTERS CORP Quarterly Share Holder Equity (Millions of US $)": {"2020-09-30": "$1,960", "2020-06-30": "$1,960", "2020-03-31": "$1,967", "2019-12-31": "$1,981", "2019-09-30": "$2,008", "2019-06-30": "$2,027", "2019-03-31": "$2,053", "2018-12-31": "$2,073", "2018-09-30": "$1,975", "2018-06-30": "$2,692", "2018-03-31": "$2,772", "2017-12-31": "$2,897", "2017-09-30": "$3,189", "2017-06-30": "$3,258", "2017-03-31": "$3,127", "2016-12-31": "$3,246", "2016-09-30": "$3,281", "2016-06-30": "$3,409", "2016-03-31": "$3,439", "2015-12-31": "$3,463", "2015-09-30": "$3,438", "2015-06-30": "$3,447", "2015-03-31": "$3,493", "2014-12-31": "$3,798", "2014-09-30": "$3,869", "2014-06-30": "$3,849", "2014-03-31": "$3,850", "2013-12-31": "$3,928", "2013-09-30": "$3,352", "2013-06-30": "$3,328", "2013-03-31": "$3,368", "2012-12-31": "$3,366", "2012-09-30": "$3,336", "2012-06-30": "$3,221", "2012-03-31": "$3,023", "2011-12-31": "$3,078", "2011-09-30": "$3,104", "2011-06-30": "$3,214", "2011-03-31": "$3,288", "2010-12-31": "$3,135", "2010-09-30": "$3,169", "2010-06-30": "$3,128", "2010-03-31": "$3,264", "2009-12-31": "$2,952", "2009-09-30": "$2,993", "2009-06-30": "$2,768", "2009-03-31": "$2,933", "2008-12-31": "$2,865", "2008-09-30": "$2,851", "2008-06-30": "$2,932", "2008-03-31": "$2,942", "2007-12-31": "$2,999", "2007-09-30": "$3,208", "2007-06-30": "$3,364", "2007-03-31": "$3,464", "2006-12-31": "$2,496", "2006-09-30": "$2,507", "2006-06-30": "$2,583", "2006-03-31": "$2,579", "2005-12-31": "$2,570", "2005-09-30": "$2,593", "2005-06-30": "$2,593", "2005-03-31": "$2,602"}}, "profit-margins": {"current": "14.52%"}, "gross margin": {"2020-09-30": "71.00%", "2020-06-30": "71.81%", "2020-03-31": "72.39%", "2019-12-31": "72.30%", "2019-09-30": "71.73%", "2019-06-30": "71.72%", "2019-03-31": "70.99%", "2018-12-31": "70.48%", "2018-09-30": "69.84%", "2018-06-30": "70.18%", "2018-03-31": "70.87%", "2017-12-31": "71.44%", "2017-09-30": "70.94%", "2017-06-30": "71.13%", "2017-03-31": "71.14%", "2016-12-31": "70.95%", "2016-09-30": "72.25%", "2016-06-30": "71.85%", "2016-03-31": "71.65%", "2015-12-31": "71.40%", "2015-09-30": "71.46%", "2015-06-30": "71.32%", "2015-03-31": "71.39%", "2014-12-31": "71.50%", "2014-09-30": "71.01%", "2014-06-30": "71.08%", "2014-03-31": "71.10%", "2013-12-31": "71.20%", "2013-09-30": "70.93%", "2013-06-30": "70.98%", "2013-03-31": "70.85%", "2012-12-31": "70.48%", "2012-09-30": "71.53%", "2012-06-30": "70.99%", "2012-03-31": "70.27%", "2011-12-31": "70.03%", "2011-09-30": "70.11%", "2011-06-30": "69.81%", "2011-03-31": "69.95%", "2010-12-31": "70.08%", "2010-09-30": "70.01%", "2010-06-30": "70.13%", "2010-03-31": "70.40%", "2009-12-31": "70.63%", "2009-09-30": "69.89%", "2009-06-30": "70.82%", "2009-03-31": "71.52%", "2008-12-31": "72.36%", "2008-09-30": "72.80%", "2008-06-30": "73.31%", "2008-03-31": "73.73%", "2007-12-31": "74.35%", "2007-09-30": "74.72%", "2007-06-30": "74.77%", "2007-03-31": "74.78%", "2006-12-31": "74.77%", "2006-09-30": "74.59%", "2006-06-30": "74.90%", "2006-03-31": "75.14%", "2005-12-31": "74.74%"}, "operating margin": {"2020-09-30": "20.26%", "2020-06-30": "22.02%", "2020-03-31": "24.65%", "2019-12-31": "27.70%", "2019-09-30": "38.65%", "2019-06-30": "35.30%", "2019-03-31": "30.93%", "2018-12-31": "17.80%", "2018-09-30": "-24.21%", "2018-06-30": "-18.46%", "2018-03-31": "-19.08%", "2017-12-31": "-12.16%", "2017-09-30": "16.76%", "2017-06-30": "7.73%", "2017-03-31": "11.60%", "2016-12-31": "15.22%", "2016-09-30": "16.37%", "2016-06-30": "26.30%", "2016-03-31": "25.90%", "2015-12-31": "-1.95%", "2015-09-30": "-3.98%", "2015-06-30": "-5.30%", "2015-03-31": "-7.48%", "2014-12-31": "19.07%", "2014-09-30": "19.89%", "2014-06-30": "19.87%", "2014-03-31": "21.10%", "2013-12-31": "23.61%", "2013-09-30": "24.23%", "2013-06-30": "26.98%", "2013-03-31": "22.18%", "2012-12-31": "22.03%", "2012-09-30": "22.83%", "2012-06-30": "15.62%", "2012-03-31": "21.46%", "2011-12-31": "20.45%", "2011-09-30": "21.23%", "2011-06-30": "27.01%", "2011-03-31": "18.03%", "2010-12-31": "19.68%", "2010-09-30": "26.91%", "2010-06-30": "27.47%", "2010-03-31": "29.73%", "2009-12-31": "29.37%", "2009-09-30": "16.13%", "2009-06-30": "18.42%", "2009-03-31": "27.98%", "2008-12-31": "31.52%", "2008-09-30": "39.47%", "2008-06-30": "40.78%", "2008-03-31": "42.68%", "2007-12-31": "42.94%", "2007-09-30": "43.40%", "2007-06-30": "43.69%", "2007-03-31": "42.75%", "2006-12-31": "43.47%", "2006-09-30": "42.62%", "2006-06-30": "43.24%", "2006-03-31": "44.46%", "2005-12-31": "44.17%"}, "ebitda margin": {"2020-09-30": "57.14%", "2020-06-30": "57.41%", "2020-03-31": "58.38%", "2019-12-31": "61.10%", "2019-09-30": "71.92%", "2019-06-30": "68.95%", "2019-03-31": "65.87%", "2018-12-31": "54.24%", "2018-09-30": "12.93%", "2018-06-30": "19.50%", "2018-03-31": "19.42%", "2017-12-31": "26.17%", "2017-09-30": "56.20%", "2017-06-30": "46.70%", "2017-03-31": "50.45%", "2016-12-31": "54.03%", "2016-09-30": "55.00%", "2016-06-30": "65.30%", "2016-03-31": "64.91%", "2015-12-31": "37.65%", "2015-09-30": "35.92%", "2015-06-30": "35.36%", "2015-03-31": "33.80%", "2014-12-31": "62.07%", "2014-09-30": "64.66%", "2014-06-30": "64.02%", "2014-03-31": "55.73%", "2013-12-31": "46.14%", "2013-09-30": "34.99%", "2013-06-30": "26.98%", "2013-03-31": "22.18%", "2012-12-31": "22.03%", "2012-09-30": "22.83%", "2012-06-30": "15.62%", "2012-03-31": "21.46%", "2011-12-31": "20.45%", "2011-09-30": "21.23%", "2011-06-30": "27.01%", "2011-03-31": "18.03%", "2010-12-31": "19.68%", "2010-09-30": "26.91%", "2010-06-30": "27.47%", "2010-03-31": "29.73%", "2009-12-31": "29.37%", "2009-09-30": "16.13%", "2009-06-30": "18.42%", "2009-03-31": "27.98%", "2008-12-31": "31.52%", "2008-09-30": "39.47%", "2008-06-30": "40.78%", "2008-03-31": "42.68%", "2007-12-31": "42.94%", "2007-09-30": "43.40%", "2007-06-30": "43.69%", "2007-03-31": "42.75%", "2006-12-31": "43.47%", "2006-09-30": "42.62%", "2006-06-30": "43.24%", "2006-03-31": "44.46%", "2005-12-31": "44.17%"}, "pre tax profit margin": {"2020-09-30": "13.43%", "2020-06-30": "16.26%", "2020-03-31": "19.92%", "2019-12-31": "20.04%", "2019-09-30": "50.00%", "2019-06-30": "42.14%", "2019-03-31": "33.33%", "2018-12-31": "16.67%", "2018-09-30": "-19.65%", "2018-06-30": "-20.76%", "2018-03-31": "-21.54%", "2017-12-31": "-25.08%", "2017-09-30": "-6.15%", "2017-06-30": "-10.82%", "2017-03-31": "-6.36%", "2016-12-31": "6.27%", "2016-09-30": "-1.37%", "2016-06-30": "8.41%", "2016-03-31": "6.45%", "2015-12-31": "-22.47%", "2015-09-30": "-26.12%", "2015-06-30": "-27.70%", "2015-03-31": "-22.03%", "2014-12-31": "2.23%", "2014-09-30": "6.77%", "2014-06-30": "6.62%", "2014-03-31": "-0.80%", "2013-12-31": "3.01%", "2013-09-30": "2.96%", "2013-06-30": "6.95%", "2013-03-31": "5.72%", "2012-12-31": "4.10%", "2012-09-30": "1.65%", "2012-06-30": "-8.79%", "2012-03-31": "-6.03%", "2011-12-31": "-0.70%", "2011-09-30": "-2.65%", "2011-06-30": "1.94%", "2011-03-31": "-7.79%", "2010-12-31": "-15.36%", "2010-09-30": "-14.46%", "2010-06-30": "-32.40%", "2010-03-31": "-43.33%", "2009-12-31": "-30.69%", "2009-09-30": "-50.67%", "2009-06-30": "-27.76%", "2009-03-31": "-4.64%", "2008-12-31": "-8.61%", "2008-09-30": "13.43%", "2008-06-30": "16.27%", "2008-03-31": "18.85%", "2007-12-31": "19.44%", "2007-09-30": "21.48%", "2007-06-30": "22.66%", "2007-03-31": "20.81%", "2006-12-31": "21.60%", "2006-09-30": "21.58%", "2006-06-30": "22.45%", "2006-03-31": "24.57%", "2005-12-31": "25.11%"}, "net profit margin": {"2020-09-30": "6.61%", "2020-06-30": "9.05%", "2020-03-31": "12.43%", "2019-12-31": "11.98%", "2019-09-30": "42.88%", "2019-06-30": "35.30%", "2019-03-31": "27.24%", "2018-12-31": "11.30%", "2018-09-30": "-40.30%", "2018-06-30": "-35.32%", "2018-03-31": "-30.47%", "2017-12-31": "-29.32%", "2017-09-30": "-1.70%", "2017-06-30": "-7.73%", "2017-03-31": "-6.36%", "2016-12-31": "3.68%", "2016-09-30": "9.51%", "2016-06-30": "21.21%", "2016-03-31": "19.06%", "2015-12-31": "-9.14%", "2015-09-30": "-19.22%", "2015-06-30": "-18.57%", "2015-03-31": "-13.36%", "2014-12-31": "9.33%", "2014-09-30": "11.53%", "2014-06-30": "4.30%", "2014-03-31": "-7.45%", "2013-12-31": "-5.18%", "2013-09-30": "-6.86%", "2013-06-30": "-4.22%", "2013-03-31": "-5.44%", "2012-12-31": "-8.47%", "2012-09-30": "-7.57%", "2012-06-30": "-16.46%", "2012-03-31": "-14.17%", "2011-12-31": "-7.56%", "2011-09-30": "-20.53%", "2011-06-30": "-16.90%", "2011-03-31": "-26.23%", "2010-12-31": "-33.96%", "2010-09-30": "-33.07%", "2010-06-30": "-49.33%", "2010-03-31": "-68.00%", "2009-12-31": "-52.65%", "2009-09-30": "-67.61%", "2009-06-30": "-42.80%", "2009-03-31": "-8.41%", "2008-12-31": "-13.82%", "2008-09-30": "11.81%", "2008-06-30": "12.60%", "2008-03-31": "21.62%", "2007-12-31": "24.18%", "2007-09-30": "26.96%", "2007-06-30": "30.02%", "2007-03-31": "26.61%", "2006-12-31": "25.61%", "2006-09-30": "25.27%", "2006-06-30": "25.38%", "2006-03-31": "24.29%", "2005-12-31": "33.53%"}, "pe ratio": {"current": "10.63", "2021-02-05": "72.44", "2020-09-30": "44.78", "2020-06-30": "35.05", "2020-03-31": "15.71", "2019-12-31": "41.45", "2019-09-30": "12.00", "2019-06-30": "12.07", "2019-03-31": "13.83", "2018-12-31": "23.68", "2018-09-30": "0.00", "2018-06-30": "0.00", "2018-03-31": "0.00", "2017-12-31": "0.00", "2017-09-30": "0.00", "2017-06-30": "0.00", "2017-03-31": "0.00", "2016-12-31": "90.38", "2016-09-30": "41.52", "2016-06-30": "19.24", "2016-03-31": "20.73", "2015-12-31": "0.00", "2015-09-30": "0.00", "2015-06-30": "0.00", "2015-03-31": "0.00", "2014-12-31": "45.67", "2014-09-30": "34.15", "2014-06-30": "103.37", "2014-03-31": "0.00", "2013-12-31": "0.00", "2013-09-30": "0.00", "2013-06-30": "0.00", "2013-03-31": "0.00", "2012-12-31": "0.00", "2012-09-30": "0.00", "2012-06-30": "0.00", "2012-03-31": "0.00", "2011-12-31": "0.00", "2011-09-30": "0.00", "2011-06-30": "0.00", "2011-03-31": "0.00", "2010-12-31": "0.00", "2010-09-30": "0.00", "2010-06-30": "0.00", "2010-03-31": "0.00", "2009-12-31": "0.00", "2009-09-30": "0.00", "2009-06-30": "0.00", "2009-03-31": "0.00", "2008-12-31": "0.00", "2008-09-30": "13.98", "2008-06-30": "14.55", "2008-03-31": "10.75", "2007-12-31": "8.92", "2007-09-30": "11.72", "2007-06-30": "9.98", "2007-03-31": "13.63", "2006-12-31": "14.17"}, "price sales": {"2021-02-05": "4.72", "2020-09-30": "2.92", "2020-06-30": "3.12", "2020-03-31": "1.89", "2019-12-31": "4.89", "2019-09-30": "5.10", "2019-06-30": "4.25", "2019-03-31": "3.75", "2018-12-31": "2.66", "2018-09-30": "2.84", "2018-06-30": "2.80", "2018-03-31": "2.18", "2017-12-31": "2.52", "2017-09-30": "2.45", "2017-06-30": "2.31", "2017-03-31": "3.05", "2016-12-31": "3.61", "2016-09-30": "4.00", "2016-06-30": "4.10", "2016-03-31": "3.97", "2015-12-31": "3.69", "2015-09-30": "3.32", "2015-06-30": "3.33", "2015-03-31": "4.01", "2014-12-31": "3.98", "2014-09-30": "3.67", "2014-06-30": "3.89", "2014-03-31": "3.63", "2013-12-31": "3.40", "2013-09-30": "3.76", "2013-06-30": "3.95", "2013-03-31": "4.06", "2012-12-31": "3.54", "2012-09-30": "3.31", "2012-06-30": "3.09", "2012-03-31": "3.06", "2011-12-31": "2.49", "2011-09-30": "2.16", "2011-06-30": "2.68", "2011-03-31": "2.57", "2010-12-31": "2.44", "2010-09-30": "1.74", "2010-06-30": "1.36", "2010-03-31": "1.45", "2009-12-31": "0.95", "2009-09-30": "0.91", "2009-06-30": "0.42", "2009-03-31": "0.17", "2008-12-31": "0.32", "2008-09-30": "2.00", "2008-06-30": "2.14", "2008-03-31": "2.48", "2007-12-31": "2.26", "2007-09-30": "3.14", "2007-06-30": "2.96", "2007-03-31": "3.64", "2006-12-31": "3.65"}, "price book": {"current": "1.37", "2021-02-05": "1.14", "2020-09-30": "0.71", "2020-06-30": "0.79", "2020-03-31": "0.51", "2019-12-31": "1.34", "2019-09-30": "1.30", "2019-06-30": "1.12", "2019-03-31": "1.12", "2018-12-31": "0.91", "2018-09-30": "1.13", "2018-06-30": "0.91", "2018-03-31": "0.71", "2017-12-31": "0.80", "2017-09-30": "0.73", "2017-06-30": "0.69", "2017-03-31": "0.97", "2016-12-31": "1.12", "2016-09-30": "1.25", "2016-06-30": "1.23", "2016-03-31": "1.19", "2015-12-31": "1.10", "2015-09-30": "1.00", "2015-06-30": "0.98", "2015-03-31": "1.16", "2014-12-31": "1.04", "2014-09-30": "0.92", "2014-06-30": "0.96", "2014-03-31": "0.89", "2013-12-31": "0.81", "2013-09-30": "0.86", "2013-06-30": "0.90", "2013-03-31": "0.92", "2012-12-31": "0.81", "2012-09-30": "0.79", "2012-06-30": "0.75", "2012-03-31": "0.73", "2011-12-31": "0.59", "2011-09-30": "0.52", "2011-06-30": "0.64", "2011-03-31": "0.60", "2010-12-31": "0.61", "2010-09-30": "0.48", "2010-06-30": "0.42", "2010-03-31": "0.49", "2009-12-31": "0.42", "2009-09-30": "0.32", "2009-06-30": "0.14", "2009-03-31": "0.05", "2008-12-31": "0.10", "2008-09-30": "0.61", "2008-06-30": "0.63", "2008-03-31": "0.79", "2007-12-31": "0.65", "2007-09-30": "0.90", "2007-06-30": "0.82", "2007-03-31": "0.93", "2006-12-31": "1.12", "2006-09-30": "0.98", "2006-06-30": "0.89", "2006-03-31": "0.92"}, "price fcf": {"2021-02-05": "", "2020-09-30": "$0.26", "2020-06-30": "$0.42", "2020-03-31": "$0.61", "2019-12-31": "$1.06", "2019-09-30": "$4.66", "2019-06-30": "$4.32", "2019-03-31": "$5.31", "2018-12-31": "$5.65", "2018-09-30": "$3.56", "2018-06-30": "$4.67", "2018-03-31": "$4.90", "2017-12-31": "$4.54", "2017-09-30": "$6.13", "2017-06-30": "$5.21", "2017-03-31": "$4.59", "2016-12-31": "$4.98", "2016-09-30": "$3.03", "2016-06-30": "$3.50", "2016-03-31": "$2.73", "2015-12-31": "$2.44", "2015-09-30": "$2.62", "2015-06-30": "$2.69", "2015-03-31": "$4.12", "2014-12-31": "$4.50", "2014-09-30": "$0.81", "2014-06-30": "$0.11", "2014-03-31": "$-1.55", "2013-12-31": "$-2.81", "2013-09-30": "$-0.55", "2013-06-30": "$-1.37", "2013-03-31": "$-0.80", "2012-12-31": "$-0.76", "2012-09-30": "$1.00", "2012-06-30": "$2.16", "2012-03-31": "$2.51", "2011-12-31": "$2.94", "2011-09-30": "$1.95", "2011-06-30": "$2.27", "2011-03-31": "$2.09", "2010-12-31": "$2.21", "2010-09-30": "$2.04", "2010-06-30": "$3.29", "2010-03-31": "$4.12", "2009-12-31": "$4.64", "2009-09-30": "$4.99", "2009-06-30": "$4.45", "2009-03-31": "$3.04", "2008-12-31": "$2.12", "2008-09-30": "$-21.19", "2008-06-30": "$-21.01", "2008-03-31": "$8.10", "2007-12-31": "$-29.27", "2007-09-30": "$-11.53", "2007-06-30": "$-10.42", "2007-03-31": "$-37.72", "2006-12-31": "$-0.22"}, "net worth": {"value": "$2.24B"}, "current ratio": {"2020-09-30": "0.67", "2020-06-30": "1.07", "2020-03-31": "3.06", "2019-12-31": "0.36", "2019-09-30": "0.40", "2019-06-30": "0.35", "2019-03-31": "0.48", "2018-12-31": "0.40", "2018-09-30": "0.50", "2018-06-30": "0.81", "2018-03-31": "0.79", "2017-12-31": "0.82", "2017-09-30": "0.61", "2017-06-30": "1.66", "2017-03-31": "0.63", "2016-12-31": "0.55", "2016-09-30": "0.52", "2016-06-30": "0.50", "2016-03-31": "0.52", "2015-12-31": "0.48", "2015-09-30": "0.57", "2015-06-30": "0.47", "2015-03-31": "0.61", "2014-12-31": "0.49", "2014-09-30": "0.44", "2014-06-30": "1.02", "2014-03-31": "0.67", "2013-12-31": "0.79", "2013-09-30": "0.40", "2013-06-30": "0.44", "2013-03-31": "0.34", "2012-12-31": "0.77", "2012-09-30": "0.42", "2012-06-30": "0.46", "2012-03-31": "0.64", "2011-12-31": "1.10", "2011-09-30": "0.93", "2011-06-30": "0.89", "2011-03-31": "1.22", "2010-12-31": "1.31", "2010-09-30": "1.00", "2010-06-30": "0.87", "2010-03-31": "1.29", "2009-12-31": "2.64", "2009-09-30": "1.29", "2009-06-30": "1.51", "2009-03-31": "1.65", "2008-12-31": "2.26", "2008-09-30": "1.20", "2008-06-30": "0.87", "2008-03-31": "1.03", "2007-12-31": "2.31", "2007-09-30": "0.40", "2007-06-30": "0.41", "2007-03-31": "0.62", "2006-12-31": "1.47", "2006-09-30": "0.48", "2006-06-30": "0.58", "2006-03-31": "0.56", "2005-12-31": "1.51", "2005-09-30": "0.44", "2005-06-30": "0.60", "2005-03-31": "0.64"}, "quick ratio": {"2020-09-30": "0.00", "2020-06-30": "0.00", "2020-03-31": "0.00", "2019-12-31": "0.00", "2019-09-30": "0.00", "2019-06-30": "0.00", "2019-03-31": "0.00", "2018-12-31": "0.00", "2018-09-30": "0.00", "2018-06-30": "0.00", "2018-03-31": "0.00", "2017-12-31": "0.00", "2017-09-30": "0.00", "2017-06-30": "0.00", "2017-03-31": "0.00", "2016-12-31": "0.00", "2016-09-30": "0.00", "2016-06-30": "0.00", "2016-03-31": "0.00", "2015-12-31": "0.00", "2015-09-30": "0.00", "2015-06-30": "0.00", "2015-03-31": "0.00", "2014-12-31": "0.00", "2014-09-30": "0.00", "2014-06-30": "0.00", "2014-03-31": "0.00", "2013-12-31": "0.00", "2013-09-30": "0.00", "2013-06-30": "0.00", "2013-03-31": "0.00", "2012-12-31": "0.00", "2012-09-30": "0.00", "2012-06-30": "0.00", "2012-03-31": "0.00", "2011-12-31": "0.00", "2011-09-30": "0.00", "2011-06-30": "0.00", "2011-03-31": "0.00", "2010-12-31": "0.00", "2010-09-30": "0.00", "2010-06-30": "0.00", "2010-03-31": "0.00", "2009-12-31": "0.00", "2009-09-30": "0.00", "2009-06-30": "0.00", "2009-03-31": "0.00", "2008-12-31": "0.00", "2008-09-30": "0.00", "2008-06-30": "0.00", "2008-03-31": "0.00", "2007-12-31": "0.00", "2007-09-30": "0.00", "2007-06-30": "0.00", "2007-03-31": "0.00", "2006-12-31": "0.00", "2006-09-30": "0.00", "2006-06-30": "0.00", "2006-03-31": "0.00", "2005-12-31": "0.00", "2005-09-30": "0.00", "2005-06-30": "0.00", "2005-03-31": "0.00"}, "debt equity ratio": {"current": "1.09", "2020-09-30": "1.01", "2020-06-30": "1.07", "2020-03-31": "1.26", "2019-12-31": "1.07", "2019-09-30": "1.04", "2019-06-30": "1.04", "2019-03-31": "1.01", "2018-12-31": "1.03", "2018-09-30": "1.34", "2018-06-30": "1.49", "2018-03-31": "1.49", "2017-12-31": "1.48", "2017-09-30": "1.40", "2017-06-30": "1.54", "2017-03-31": "1.59", "2016-12-31": "1.53", "2016-09-30": "1.66", "2016-06-30": "1.59", "2016-03-31": "1.60", "2015-12-31": "1.63", "2015-09-30": "1.66", "2015-06-30": "1.68", "2015-03-31": "1.64", "2014-12-31": "1.51", "2014-09-30": "1.49", "2014-06-30": "1.52", "2014-03-31": "1.48", "2013-12-31": "1.47", "2013-09-30": "1.49", "2013-06-30": "1.44", "2013-03-31": "1.39", "2012-12-31": "1.39", "2012-09-30": "1.38", "2012-06-30": "1.35", "2012-03-31": "1.45", "2011-12-31": "1.43", "2011-09-30": "1.45", "2011-06-30": "1.39", "2011-03-31": "1.37", "2010-12-31": "1.48", "2010-09-30": "1.49", "2010-06-30": "1.57", "2010-03-31": "1.54", "2009-12-31": "1.85", "2009-09-30": "1.83", "2009-06-30": "2.13", "2009-03-31": "2.05", "2008-12-31": "2.15", "2008-09-30": "2.26", "2008-06-30": "2.16", "2008-03-31": "2.11", "2007-12-31": "2.03", "2007-09-30": "1.78", "2007-06-30": "1.66", "2007-03-31": "2.05", "2006-12-31": "1.88", "2006-09-30": "1.80", "2006-06-30": "1.73", "2006-03-31": "1.74", "2005-12-31": "1.67", "2005-09-30": "1.64", "2005-06-30": "1.58", "2005-03-31": "1.51"}, "return on equity": {"2020-09-30": "1.58%", "2020-06-30": "2.22%", "2020-03-31": "3.16%", "2019-12-31": "3.02%", "2019-09-30": "10.93%", "2019-06-30": "9.40%", "2019-03-31": "7.73%", "2018-12-31": "3.36%", "2018-09-30": "-12.31%", "2018-06-30": "-10.67%", "2018-03-31": "-9.01%", "2017-12-31": "-8.66%", "2017-09-30": "-0.50%", "2017-06-30": "-2.32%", "2017-03-31": "-1.93%", "2016-12-31": "1.11%", "2016-09-30": "2.85%", "2016-06-30": "6.31%", "2016-03-31": "5.66%", "2015-12-31": "-2.72%", "2015-09-30": "-5.59%", "2015-06-30": "-5.18%", "2015-03-31": "-3.57%", "2014-12-31": "2.39%", "2014-09-30": "2.81%", "2014-06-30": "1.04%", "2014-03-31": "-1.80%", "2013-12-31": "-1.23%", "2013-09-30": "-1.52%", "2013-06-30": "-0.93%", "2013-03-31": "-1.17%", "2012-12-31": "-1.85%", "2012-09-30": "-1.74%", "2012-06-30": "-3.80%", "2012-03-31": "-3.25%", "2011-12-31": "-1.70%", "2011-09-30": "-4.62%", "2011-06-30": "-3.81%", "2011-03-31": "-6.04%", "2010-12-31": "-7.94%", "2010-09-30": "-7.90%", "2010-06-30": "-12.00%", "2010-03-31": "-17.03%", "2009-12-31": "-13.67%", "2009-09-30": "-17.41%", "2009-06-30": "-11.56%", "2009-03-31": "-2.31%", "2008-12-31": "-3.93%", "2008-09-30": "3.48%", "2008-06-30": "3.64%", "2008-03-31": "6.23%", "2007-12-31": "6.57%", "2007-09-30": "7.69%", "2007-06-30": "8.69%", "2007-03-31": "7.64%", "2006-12-31": "7.79%", "2006-09-30": "7.23%", "2006-06-30": "7.05%", "2006-03-31": "6.62%", "2005-12-31": "8.77%"}, "return on assets": {"2020-09-30": "0.75%", "2020-06-30": "1.05%", "2020-03-31": "1.50%", "2019-12-31": "1.48%", "2019-09-30": "5.38%", "2019-06-30": "4.47%", "2019-03-31": "3.46%", "2018-12-31": "1.43%", "2018-09-30": "-5.01%", "2018-06-30": "-4.33%", "2018-03-31": "-3.64%", "2017-12-31": "-3.46%", "2017-09-30": "-0.20%", "2017-06-30": "-0.90%", "2017-03-31": "-0.74%", "2016-12-31": "0.43%", "2016-09-30": "1.09%", "2016-06-30": "2.41%", "2016-03-31": "2.14%", "2015-12-31": "-1.02%", "2015-09-30": "-2.13%", "2015-06-30": "-2.01%", "2015-03-31": "-1.41%", "2014-12-31": "0.96%", "2014-09-30": "1.13%", "2014-06-30": "0.42%", "2014-03-31": "-0.73%", "2013-12-31": "-0.50%", "2013-09-30": "-0.63%", "2013-06-30": "-0.39%", "2013-03-31": "-0.49%", "2012-12-31": "-0.77%", "2012-09-30": "-0.72%", "2012-06-30": "-1.57%", "2012-03-31": "-1.34%", "2011-12-31": "-0.71%", "2011-09-30": "-1.91%", "2011-06-30": "-1.57%", "2011-03-31": "-2.44%", "2010-12-31": "-3.15%", "2010-09-30": "-3.03%", "2010-06-30": "-4.45%", "2010-03-31": "-6.03%", "2009-12-31": "-4.61%", "2009-09-30": "-5.73%", "2009-06-30": "-3.67%", "2009-03-31": "-0.73%", "2008-12-31": "-1.24%", "2008-09-30": "1.11%", "2008-06-30": "1.21%", "2008-03-31": "2.16%", "2007-12-31": "2.28%", "2007-09-30": "2.71%", "2007-06-30": "3.05%", "2007-03-31": "2.65%", "2006-12-31": "2.80%", "2006-09-30": "2.64%", "2006-06-30": "2.62%", "2006-03-31": "2.49%", "2005-12-31": "3.37%"}, "return on investments": {"2020-09-30": "2.43%", "2020-06-30": "2.72%", "2020-03-31": "3.17%", "2019-12-31": "3.65%", "2019-09-30": "5.17%", "2019-06-30": "4.75%", "2019-03-31": "4.18%", "2018-12-31": "2.39%", "2018-09-30": "-3.20%", "2018-06-30": "-2.41%", "2018-03-31": "-2.42%", "2017-12-31": "-1.52%", "2017-09-30": "2.08%", "2017-06-30": "0.95%", "2017-03-31": "1.44%", "2016-12-31": "1.87%", "2016-09-30": "1.98%", "2016-06-30": "3.16%", "2016-03-31": "3.08%", "2015-12-31": "-0.23%", "2015-09-30": "-0.47%", "2015-06-30": "-0.61%", "2015-03-31": "-0.83%", "2014-12-31": "2.07%", "2014-09-30": "2.05%", "2014-06-30": "2.03%", "2014-03-31": "2.16%", "2013-12-31": "2.40%", "2013-09-30": "2.31%", "2013-06-30": "2.57%", "2013-03-31": "2.09%", "2012-12-31": "2.09%", "2012-09-30": "2.27%", "2012-06-30": "1.55%", "2012-03-31": "2.10%", "2011-12-31": "1.98%", "2011-09-30": "2.04%", "2011-06-30": "2.59%", "2011-03-31": "1.74%", "2010-12-31": "1.89%", "2010-09-30": "2.55%", "2010-06-30": "2.57%", "2010-03-31": "2.73%", "2009-12-31": "2.66%", "2009-09-30": "1.42%", "2009-06-30": "1.65%", "2009-03-31": "2.55%", "2008-12-31": "2.98%", "2008-09-30": "3.93%", "2008-06-30": "4.14%", "2008-03-31": "4.51%", "2007-12-31": "4.33%", "2007-09-30": "4.67%", "2007-06-30": "4.76%", "2007-03-31": "4.58%", "2006-12-31": "5.04%", "2006-09-30": "4.73%", "2006-06-30": "4.73%", "2006-03-31": "4.84%", "2005-12-31": "4.70%"}, "return on tangible equity": {"2020-09-30": "1.58%", "2020-06-30": "2.22%", "2020-03-31": "3.16%", "2019-12-31": "3.02%", "2019-09-30": "10.93%", "2019-06-30": "9.40%", "2019-03-31": "7.73%", "2018-12-31": "3.36%", "2018-09-30": "-12.31%", "2018-06-30": "-10.67%", "2018-03-31": "-9.01%", "2017-12-31": "-8.66%", "2017-09-30": "-0.50%", "2017-06-30": "-2.32%", "2017-03-31": "-1.93%", "2016-12-31": "1.11%", "2016-09-30": "2.85%", "2016-06-30": "6.31%", "2016-03-31": "5.66%", "2015-12-31": "-2.72%", "2015-09-30": "-5.59%", "2015-06-30": "-5.18%", "2015-03-31": "-3.57%", "2014-12-31": "2.39%", "2014-09-30": "2.81%", "2014-06-30": "1.04%", "2014-03-31": "-1.80%", "2013-12-31": "-1.23%", "2013-09-30": "-1.52%", "2013-06-30": "-0.93%", "2013-03-31": "-1.17%", "2012-12-31": "-1.85%", "2012-09-30": "-1.74%", "2012-06-30": "-3.80%", "2012-03-31": "-3.25%", "2011-12-31": "-1.70%", "2011-09-30": "-4.62%", "2011-06-30": "-3.81%", "2011-03-31": "-6.04%", "2010-12-31": "-7.94%", "2010-09-30": "-7.90%", "2010-06-30": "-12.00%", "2010-03-31": "-17.03%", "2009-12-31": "-13.67%", "2009-09-30": "-17.41%", "2009-06-30": "-11.56%", "2009-03-31": "-2.31%", "2008-12-31": "-3.93%", "2008-09-30": "3.48%", "2008-06-30": "3.64%", "2008-03-31": "6.23%", "2007-12-31": "6.57%", "2007-09-30": "7.69%", "2007-06-30": "8.69%", "2007-03-31": "7.64%", "2006-12-31": "7.79%", "2006-09-30": "7.23%", "2006-06-30": "7.05%", "2006-03-31": "6.62%", "2005-12-31": "8.77%"}, "dividend yield history": {"last payout": "$0.20", "last yield": "1.73%"}}