{"ticker": "SIVB", "price": {"title": "SVB Financial Group Historical Annual Stock Price Data", "value": 500.39, "historical": {"2021": {"Average Stock Price": "459.0025", "Year Open": "387.3400", "Year High": "504.9500", "Year Low": "386.1600", "Year Close": "500.3900", "Annual % Change": "29.02%"}, "2020": {"Average Stock Price": "243.3702", "Year Open": "254.2700", "Year High": "387.8300", "Year Low": "130.9800", "Year Close": "387.8300", "Annual % Change": "54.49%"}, "2019": {"Average Stock Price": "225.1458", "Year Open": "195.8400", "Year High": "258.6100", "Year Low": "184.7100", "Year Close": "251.0400", "Annual % Change": "32.18%"}, "2018": {"Average Stock Price": "276.4845", "Year Open": "237.3800", "Year High": "331.2400", "Year Low": "180.4900", "Year Close": "189.9200", "Annual % Change": "-18.76%"}, "2017": {"Average Stock Price": "187.4980", "Year Open": "172.1200", "Year High": "241.7000", "Year Low": "160.7200", "Year Close": "233.7700", "Annual % Change": "36.18%"}, "2016": {"Average Stock Price": "111.6823", "Year Open": "116.5300", "Year High": "174.2200", "Year Low": "79.9700", "Year Close": "171.6600", "Annual % Change": "44.37%"}, "2015": {"Average Stock Price": "128.2456", "Year Open": "115.1300", "Year High": "150.6300", "Year Low": "103.0200", "Year Close": "118.9000", "Annual % Change": "2.44%"}, "2014": {"Average Stock Price": "112.0383", "Year Open": "103.2300", "Year High": "132.2700", "Year Low": "96.0200", "Year Close": "116.0700", "Annual % Change": "10.69%"}, "2013": {"Average Stock Price": "81.0465", "Year Open": "58.2400", "Year High": "106.1000", "Year Low": "58.2400", "Year Close": "104.8600", "Annual % Change": "87.35%"}, "2012": {"Average Stock Price": "58.6798", "Year Open": "48.8400", "Year High": "67.4400", "Year Low": "48.8400", "Year Close": "55.9700", "Annual % Change": "17.36%"}, "2011": {"Average Stock Price": "51.5094", "Year Open": "54.8800", "Year High": "62.5000", "Year Low": "34.4100", "Year Close": "47.6900", "Annual % Change": "-10.10%"}, "2010": {"Average Stock Price": "44.8399", "Year Open": "42.9800", "Year High": "54.2400", "Year Low": "36.9500", "Year Close": "53.0500", "Annual % Change": "27.34%"}, "2009": {"Average Stock Price": "30.5330", "Year Open": "25.7200", "Year High": "45.5500", "Year Low": "12.0400", "Year Close": "41.6600", "Annual % Change": "58.83%"}, "2008": {"Average Stock Price": "47.5499", "Year Open": "49.9100", "Year High": "66.0000", "Year Low": "23.9800", "Year Close": "26.2300", "Annual % Change": "-47.96%"}, "2007": {"Average Stock Price": "50.3517", "Year Open": "46.9900", "Year High": "54.5800", "Year Low": "46.1500", "Year Close": "50.4000", "Annual % Change": "8.11%"}, "2006": {"Average Stock Price": "47.8054", "Year Open": "46.5500", "Year High": "54.6400", "Year Low": "44.0300", "Year Close": "46.6200", "Annual % Change": "-0.47%"}, "2005": {"Average Stock Price": "47.1951", "Year Open": "44.8000", "Year High": "51.9100", "Year Low": "41.0800", "Year Close": "46.8400", "Annual % Change": "4.51%"}, "2004": {"Average Stock Price": "36.8964", "Year Open": "36.8400", "Year High": "44.9900", "Year Low": "31.0200", "Year Close": "44.8200", "Annual % Change": "24.26%"}, "2003": {"Average Stock Price": "25.1716", "Year Open": "18.6600", "Year High": "37.0000", "Year Low": "15.7500", "Year Close": "36.0700", "Annual % Change": "97.64%"}, "2002": {"Average Stock Price": "24.0892", "Year Open": "26.1600", "Year High": "33.8700", "Year Low": "14.5800", "Year Close": "18.2500", "Annual % Change": "-31.72%"}, "2001": {"Average Stock Price": "24.9915", "Year Open": "31.2500", "Year High": "38.0000", "Year Low": "16.6700", "Year Close": "26.7300", "Annual % Change": "-22.66%"}, "2000": {"Average Stock Price": "39.4453", "Year Open": "26.2500", "Year High": "64.0600", "Year Low": "17.0000", "Year Close": "34.5600", "Annual % Change": "39.64%"}, "1999": {"Average Stock Price": "12.4186", "Year Open": "8.6250", "Year High": "26.4200", "Year Low": "8.4050", "Year Close": "24.7500", "Annual % Change": "190.66%"}, "1998": {"Average Stock Price": "13.7465", "Year Open": "13.4375", "Year High": "19.2500", "Year Low": "6.2500", "Year Close": "8.5150", "Annual % Change": "-39.45%"}, "1997": {"Average Stock Price": "11.3075", "Year Open": "8.0625", "Year High": "14.9375", "Year Low": "8.0625", "Year Close": "14.0625", "Annual % Change": "74.42%"}, "1996": {"Average Stock Price": "6.1354", "Year Open": "5.6875", "Year High": "8.0625", "Year Low": "5.0625", "Year Close": "8.0625", "Annual % Change": "34.38%"}, "1995": {"Average Stock Price": "4.3925", "Year Open": "3.3125", "Year High": "6.2500", "Year Low": "3.2500", "Year Close": "6.0000", "Annual % Change": "77.78%"}, "1994": {"Average Stock Price": "2.7430", "Year Open": "2.5300", "Year High": "3.3750", "Year Low": "2.2500", "Year Close": "3.3750", "Annual % Change": "33.40%"}, "1993": {"Average Stock Price": "2.5023", "Year Open": "2.0625", "Year High": "3.0625", "Year Low": "2.0625", "Year Close": "2.5300", "Annual % Change": "22.67%"}, "1992": {"Average Stock Price": "2.5061", "Year Open": "3.3400", "Year High": "3.8075", "Year Low": "1.5000", "Year Close": "2.0625", "Annual % Change": "-39.91%"}, "1991": {"Average Stock Price": "3.1488", "Year Open": "2.4325", "Year High": "4.1775", "Year Low": "2.2450", "Year Close": "3.4325", "Annual % Change": "29.53%"}}}, "market cap": {"value": "$26.15B"}, "income statement": {"Revenue": {"2020-12-31": "4081.75800", "2019-12-31": "3530.88700", "2018-12-31": "2714.89300", "2017-12-31": "2022.37100", "2016-12-31": "1649.94800", "2015-12-31": "1519.55900", "2014-12-31": "1464.15500", "2013-12-31": "1402.82700", "2012-12-31": "984.26400", "2011-12-31": "947.72000", "2010-12-31": "709.26100", "2009-12-31": "528.96900", "2008-12-31": "591.85600", "2007-12-31": "664.35500", "2006-12-31": "528.84500", "2005-12-31": "433.95400"}, "Cost Of Goods Sold": {"2020-12-31": "85.32600", "2019-12-31": "212.80700", "2018-12-31": "75.92100", "2017-12-31": "44.77100", "2016-12-31": "42.87300", "2015-12-31": "40.34000", "2014-12-31": "35.32100", "2013-12-31": "32.27700", "2012-12-31": "30.85400", "2011-12-31": "39.11100", "2010-12-31": "43.59600", "2009-12-31": "49.07600", "2008-12-31": "70.89600", "2007-12-31": "67.54400", "2006-12-31": "35.18200", "2005-12-31": "17.16600"}, "Gross Profit": {"2020-12-31": "3996.43200", "2019-12-31": "3318.08000", "2018-12-31": "2638.97200", "2017-12-31": "1977.60000", "2016-12-31": "1607.07500", "2015-12-31": "1479.21900", "2014-12-31": "1428.83400", "2013-12-31": "1370.55000", "2012-12-31": "953.41000", "2011-12-31": "908.60890", "2010-12-31": "665.66500", "2009-12-31": "479.89300", "2008-12-31": "520.96000", "2007-12-31": "596.81100", "2006-12-31": "493.66300", "2005-12-31": "416.78800"}, "Research And Development Expenses": {"2020-12-31": "", "2019-12-31": "", "2018-12-31": "", "2017-12-31": "", "2016-12-31": "", "2015-12-31": "", "2014-12-31": "", "2013-12-31": "", "2012-12-31": "", "2011-12-31": "", "2010-12-31": "", "2009-12-31": "", "2008-12-31": "", "2007-12-31": "", "2006-12-31": "", "2005-12-31": ""}, "SG&A Expenses": {"2020-12-31": "2254.55100", "2019-12-31": "1707.67800", "2018-12-31": "1276.06300", "2017-12-31": "1102.95900", "2016-12-31": "966.47600", "2015-12-31": "875.64500", "2014-12-31": "766.66600", "2013-12-31": "678.93700", "2012-12-31": "590.32800", "2011-12-31": "506.72900", "2010-12-31": "467.44600", "2009-12-31": "429.95400", "2008-12-31": "413.60000", "2007-12-31": "346.10100", "2006-12-31": "313.94600", "2005-12-31": "260.09700"}, "Other Operating Income Or Expenses": {"2020-12-31": "", "2019-12-31": "", "2018-12-31": "", "2017-12-31": "", "2016-12-31": "", "2015-12-31": "", "2014-12-31": "", "2013-12-31": "", "2012-12-31": "", "2011-12-31": "", "2010-12-31": "", "2009-12-31": "", "2008-12-31": "", "2007-12-31": "", "2006-12-31": "", "2005-12-31": ""}, "Operating Expenses": {"2020-12-31": "2339.87700", "2019-12-31": "1920.48500", "2018-12-31": "1351.98400", "2017-12-31": "1147.73000", "2016-12-31": "1009.34900", "2015-12-31": "915.98500", "2014-12-31": "801.98700", "2013-12-31": "711.21400", "2012-12-31": "621.18200", "2011-12-31": "545.84000", "2010-12-31": "511.04200", "2009-12-31": "483.12200", "2008-12-31": "484.49600", "2007-12-31": "430.84900", "2006-12-31": "367.56200", "2005-12-31": "277.26300"}, "Operating Income": {"2020-12-31": "1741.88100", "2019-12-31": "1610.40200", "2018-12-31": "1362.90900", "2017-12-31": "874.64110", "2016-12-31": "640.59910", "2015-12-31": "603.57400", "2014-12-31": "662.16800", "2013-12-31": "691.61290", "2012-12-31": "363.08200", "2011-12-31": "401.87990", "2010-12-31": "198.21900", "2009-12-31": "45.84700", "2008-12-31": "107.36000", "2007-12-31": "233.50600", "2006-12-31": "161.28300", "2005-12-31": "156.69100"}, "Total Non-Operating Income/Expense": {"2020-12-31": "", "2019-12-31": "", "2018-12-31": "", "2017-12-31": "", "2016-12-31": "", "2015-12-31": "", "2014-12-31": "", "2013-12-31": "", "2012-12-31": "", "2011-12-31": "", "2010-12-31": "", "2009-12-31": "", "2008-12-31": "", "2007-12-31": "", "2006-12-31": "-6.30800", "2005-12-31": "-3.39600"}, "Pre-Tax Income": {"2020-12-31": "1741.88100", "2019-12-31": "1610.40200", "2018-12-31": "1362.90900", "2017-12-31": "874.64100", "2016-12-31": "640.59900", "2015-12-31": "603.57400", "2014-12-31": "662.16800", "2013-12-31": "691.61300", "2012-12-31": "363.08200", "2011-12-31": "401.88000", "2010-12-31": "198.21900", "2009-12-31": "45.84700", "2008-12-31": "107.36000", "2007-12-31": "233.50600", "2006-12-31": "154.97500", "2005-12-31": "153.29500"}, "Income Taxes": {"2020-12-31": "447.58700", "2019-12-31": "425.68500", "2018-12-31": "351.56100", "2017-12-31": "355.46300", "2016-12-31": "250.33300", "2015-12-31": "228.75400", "2014-12-31": "183.50800", "2013-12-31": "146.83000", "2012-12-31": "113.26900", "2011-12-31": "119.08700", "2010-12-31": "61.40200", "2009-12-31": "35.20700", "2008-12-31": "52.21300", "2007-12-31": "84.58100", "2006-12-31": "65.78200", "2005-12-31": "60.75800"}, "Income After Taxes": {"2020-12-31": "1294.29400", "2019-12-31": "1184.71700", "2018-12-31": "1011.34800", "2017-12-31": "519.17800", "2016-12-31": "390.26600", "2015-12-31": "374.82000", "2014-12-31": "478.66000", "2013-12-31": "544.78300", "2012-12-31": "249.81300", "2011-12-31": "282.79300", "2010-12-31": "136.81700", "2009-12-31": "10.64000", "2008-12-31": "55.14700", "2007-12-31": "148.92500", "2006-12-31": "89.19300", "2005-12-31": "92.53700"}, "Other Income": {"2020-12-31": "", "2019-12-31": "", "2018-12-31": "", "2017-12-31": "", "2016-12-31": "", "2015-12-31": "", "2014-12-31": "", "2013-12-31": "", "2012-12-31": "", "2011-12-31": "", "2010-12-31": "", "2009-12-31": "", "2008-12-31": "", "2007-12-31": "", "2006-12-31": "", "2005-12-31": ""}, "Income From Continuous Operations": {"2020-12-31": "1294.29400", "2019-12-31": "1184.71700", "2018-12-31": "1011.34800", "2017-12-31": "519.17800", "2016-12-31": "390.26600", "2015-12-31": "374.82000", "2014-12-31": "478.66000", "2013-12-31": "544.78300", "2012-12-31": "249.81300", "2011-12-31": "282.79300", "2010-12-31": "136.81700", "2009-12-31": "10.64000", "2008-12-31": "55.14700", "2007-12-31": "148.92500", "2006-12-31": "89.19300", "2005-12-31": "92.53700"}, "Income From Discontinued Operations": {"2020-12-31": "", "2019-12-31": "", "2018-12-31": "", "2017-12-31": "", "2016-12-31": "", "2015-12-31": "", "2014-12-31": "", "2013-12-31": "", "2012-12-31": "", "2011-12-31": "", "2010-12-31": "", "2009-12-31": "", "2008-12-31": "", "2007-12-31": "", "2006-12-31": "", "2005-12-31": ""}, "Net Income": {"2020-12-31": "1191.21700", "2019-12-31": "1136.85600", "2018-12-31": "973.84000", "2017-12-31": "490.50600", "2016-12-31": "382.68500", "2015-12-31": "343.90400", "2014-12-31": "263.87000", "2013-12-31": "214.51700", "2012-12-31": "175.10300", "2011-12-31": "171.90200", "2010-12-31": "94.95100", "2009-12-31": "22.67400", "2008-12-31": "73.57900", "2007-12-31": "120.32900", "2006-12-31": "89.38500", "2005-12-31": "92.53700"}, "EBITDA": {"2020-12-31": "", "2019-12-31": "", "2018-12-31": "", "2017-12-31": "", "2016-12-31": "", "2015-12-31": "", "2014-12-31": "", "2013-12-31": "", "2012-12-31": "", "2011-12-31": "", "2010-12-31": "", "2009-12-31": "", "2008-12-31": "", "2007-12-31": "", "2006-12-31": "", "2005-12-31": ""}, "EBIT": {"2020-12-31": "", "2019-12-31": "", "2018-12-31": "", "2017-12-31": "", "2016-12-31": "", "2015-12-31": "", "2014-12-31": "", "2013-12-31": "", "2012-12-31": "", "2011-12-31": "", "2010-12-31": "", "2009-12-31": "", "2008-12-31": "", "2007-12-31": "", "2006-12-31": "", "2005-12-31": ""}, "Basic Shares Outstanding": {"2020-12-31": "51.68500", "2019-12-31": "51.91500", "2018-12-31": "53.07800", "2017-12-31": "52.58800", "2016-12-31": "51.91500", "2015-12-31": "51.31800", "2014-12-31": "48.93100", "2013-12-31": "45.30900", "2012-12-31": "44.24200", "2011-12-31": "43.00400", "2010-12-31": "41.77400", "2009-12-31": "33.90100", "2008-12-31": "32.42500", "2007-12-31": "33.95000", "2006-12-31": "34.68100", "2005-12-31": "35.11500"}, "Shares Outstanding": {"2020-12-31": "52.08400", "2019-12-31": "52.31100", "2018-12-31": "53.77200", "2017-12-31": "53.30600", "2016-12-31": "52.34900", "2015-12-31": "51.91600", "2014-12-31": "49.66200", "2013-12-31": "45.94400", "2012-12-31": "44.76400", "2011-12-31": "43.63700", "2010-12-31": "42.47800", "2009-12-31": "34.18300", "2008-12-31": "34.01500", "2007-12-31": "36.73800", "2006-12-31": "37.61500", "2005-12-31": "38.48900"}, "Basic EPS": {"2020-12-31": "23.05000", "2019-12-31": "21.90000", "2018-12-31": "18.35000", "2017-12-31": "9.33000", "2016-12-31": "7.37000", "2015-12-31": "6.70000", "2014-12-31": "5.39000", "2013-12-31": "4.73000", "2012-12-31": "3.96000", "2011-12-31": "4.00000", "2010-12-31": "2.27000", "2009-12-31": "0.67000", "2008-12-31": "2.27000", "2007-12-31": "3.54000", "2006-12-31": "2.58000", "2005-12-31": "2.64000"}, "EPS - Earnings Per Share": {"2020-12-31": "22.87000", "2019-12-31": "21.73000", "2018-12-31": "18.11000", "2017-12-31": "9.20000", "2016-12-31": "7.31000", "2015-12-31": "6.62000", "2014-12-31": "5.31000", "2013-12-31": "4.67000", "2012-12-31": "3.91000", "2011-12-31": "3.94000", "2010-12-31": "2.24000", "2009-12-31": "0.66000", "2008-12-31": "2.16000", "2007-12-31": "3.28000", "2006-12-31": "2.38000", "2005-12-31": "2.40000"}}, "income statement, quarterly": {"Revenue": {"2020-12-31": "1229.34100", "2020-09-30": "1090.71000", "2020-06-30": "892.37100", "2020-03-31": "869.33590", "2019-12-31": "902.07870", "2019-09-30": "877.90100", "2019-06-30": "919.51700", "2019-03-31": "831.39000", "2018-12-31": "729.60400", "2018-09-30": "723.38300", "2018-06-30": "673.99000", "2018-03-31": "587.91600", "2017-12-31": "557.28200", "2017-09-30": "544.04900", "2017-06-30": "482.45500", "2017-03-31": "438.58500", "2016-12-31": "420.83500", "2016-09-30": "444.55300", "2016-06-30": "406.76800", "2016-03-31": "377.79200", "2015-12-31": "393.73810", "2015-09-30": "373.26800", "2015-06-30": "380.21300", "2015-03-31": "372.34000", "2014-12-31": "411.36190", "2014-09-30": "309.49300", "2014-06-30": "228.05100", "2014-03-31": "515.24900", "2013-12-31": "434.09690", "2013-09-30": "442.89000", "2013-06-30": "276.22200", "2013-03-31": "249.61800", "2012-12-31": "294.85610", "2012-09-30": "231.09700", "2012-06-30": "240.24400", "2012-03-31": "218.06700", "2011-12-31": "220.86100", "2011-09-30": "238.93500", "2011-06-30": "263.86900", "2011-03-31": "224.05500", "2010-12-31": "190.57300", "2010-09-30": "202.99400", "2010-06-30": "156.40200", "2010-03-31": "159.29200", "2009-12-31": "152.88700", "2009-09-30": "142.29300", "2009-06-30": "132.83100", "2009-03-31": "100.95800", "2008-12-31": "139.49700", "2008-09-30": "153.83300", "2008-06-30": "148.37800", "2008-03-31": "150.14800", "2007-12-31": "167.29200", "2007-09-30": "178.20500", "2007-06-30": "165.43100", "2007-03-31": "153.42700", "2006-12-31": "150.65900", "2006-09-30": "131.27200", "2006-06-30": "134.10800", "2006-03-31": "112.80600", "2005-12-31": "123.25000", "2005-09-30": "107.55000", "2005-06-30": "105.60200", "2005-03-31": "97.55200"}, "Cost Of Goods Sold": {"2020-12-31": "16.07800", "2020-09-30": "15.38700", "2020-06-30": "10.59600", "2020-03-31": "43.26500", "2019-12-31": "55.06700", "2019-09-30": "63.24800", "2019-06-30": "56.36400", "2019-03-31": "38.12800", "2018-12-31": "28.43700", "2018-09-30": "20.09100", "2018-06-30": "14.85800", "2018-03-31": "12.53500", "2017-12-31": "11.31000", "2017-09-30": "11.29700", "2017-06-30": "11.23100", "2017-03-31": "10.93300", "2016-12-31": "10.72800", "2016-09-30": "11.25200", "2016-06-30": "10.65600", "2016-03-31": "10.23700", "2015-12-31": "10.16300", "2015-09-30": "10.13100", "2015-06-30": "10.15500", "2015-03-31": "9.89100", "2014-12-31": "8.98800", "2014-09-30": "8.76100", "2014-06-30": "8.87600", "2014-03-31": "8.69600", "2013-12-31": "8.38600", "2013-09-30": "8.14400", "2013-06-30": "7.90200", "2013-03-31": "7.84500", "2012-12-31": "7.60500", "2012-09-30": "7.52800", "2012-06-30": "7.88400", "2012-03-31": "7.83700", "2011-12-31": "7.73200", "2011-09-30": "7.86900", "2011-06-30": "9.70800", "2011-03-31": "13.80200", "2010-12-31": "14.19100", "2010-09-30": "10.41700", "2010-06-30": "9.80900", "2010-03-31": "9.17900", "2009-12-31": "10.00500", "2009-09-30": "11.16800", "2009-06-30": "12.87500", "2009-03-31": "15.02800", "2008-12-31": "17.24000", "2008-09-30": "18.78400", "2008-06-30": "17.06700", "2008-03-31": "17.80500", "2007-12-31": "22.32400", "2007-09-30": "17.46300", "2007-06-30": "15.15500", "2007-03-31": "12.60200", "2006-12-31": "11.79200", "2006-09-30": "10.49600", "2006-06-30": "7.36800", "2006-03-31": "5.52600", "2005-12-31": "5.43700", "2005-09-30": "4.89300", "2005-06-30": "3.77900", "2005-03-31": "3.05700"}, "Gross Profit": {"2020-12-31": "1213.26300", "2020-09-30": "1075.32300", "2020-06-30": "881.77500", "2020-03-31": "826.07090", "2019-12-31": "847.01170", "2019-09-30": "814.65300", "2019-06-30": "863.15300", "2019-03-31": "793.26200", "2018-12-31": "701.16700", "2018-09-30": "703.29200", "2018-06-30": "659.13200", "2018-03-31": "575.38100", "2017-12-31": "545.97200", "2017-09-30": "532.75200", "2017-06-30": "471.22400", "2017-03-31": "427.65200", "2016-12-31": "410.10700", "2016-09-30": "433.30100", "2016-06-30": "396.11200", "2016-03-31": "367.55500", "2015-12-31": "383.57510", "2015-09-30": "363.13700", "2015-06-30": "370.05800", "2015-03-31": "362.44900", "2014-12-31": "402.37390", "2014-09-30": "300.73200", "2014-06-30": "219.17500", "2014-03-31": "506.55300", "2013-12-31": "425.71090", "2013-09-30": "434.74600", "2013-06-30": "268.32000", "2013-03-31": "241.77300", "2012-12-31": "287.25110", "2012-09-30": "223.56900", "2012-06-30": "232.36000", "2012-03-31": "210.23000", "2011-12-31": "213.12900", "2011-09-30": "231.06600", "2011-06-30": "254.16100", "2011-03-31": "210.25300", "2010-12-31": "176.38200", "2010-09-30": "192.57700", "2010-06-30": "146.59300", "2010-03-31": "150.11300", "2009-12-31": "142.88200", "2009-09-30": "131.12500", "2009-06-30": "119.95600", "2009-03-31": "85.93000", "2008-12-31": "122.25700", "2008-09-30": "135.04900", "2008-06-30": "131.31100", "2008-03-31": "132.34300", "2007-12-31": "144.96800", "2007-09-30": "160.74200", "2007-06-30": "150.27600", "2007-03-31": "140.82500", "2006-12-31": "138.86700", "2006-09-30": "120.77600", "2006-06-30": "126.74000", "2006-03-31": "107.28000", "2005-12-31": "117.81300", "2005-09-30": "102.65700", "2005-06-30": "101.82300", "2005-03-31": "94.49500"}, "Research And Development Expenses": {"2020-12-31": "", "2020-09-30": "", "2020-06-30": "", "2020-03-31": "", "2019-12-31": "", "2019-09-30": "", "2019-06-30": "", "2019-03-31": "", "2018-12-31": "", "2018-09-30": "", "2018-06-30": "", "2018-03-31": "", "2017-12-31": "", "2017-09-30": "", "2017-06-30": "", "2017-03-31": "", "2016-12-31": "", "2016-09-30": "", "2016-06-30": "", "2016-03-31": "", "2015-12-31": "", "2015-09-30": "", "2015-06-30": "", "2015-03-31": "", "2014-12-31": "", "2014-09-30": "", "2014-06-30": "", "2014-03-31": "", "2013-12-31": "", "2013-09-30": "", "2013-06-30": "", "2013-03-31": "", "2012-12-31": "", "2012-09-30": "", "2012-06-30": "", "2012-03-31": "", "2011-12-31": "", "2011-09-30": "", "2011-06-30": "", "2011-03-31": "", "2010-12-31": "", "2010-09-30": "", "2010-06-30": "", "2010-03-31": "", "2009-12-31": "", "2009-09-30": "", "2009-06-30": "", "2009-03-31": "", "2008-12-31": "", "2008-09-30": "", "2008-06-30": "", "2008-03-31": "", "2007-12-31": "", "2007-09-30": "", "2007-06-30": "", "2007-03-31": "", "2006-12-31": "", "2006-09-30": "", "2006-06-30": "", "2006-03-31": "", "2005-12-31": "", "2005-09-30": "", "2005-06-30": "", "2005-03-31": ""}, "SG&A Expenses": {"2020-12-31": "626.36600", "2020-09-30": "439.00300", "2020-06-30": "546.11700", "2020-03-31": "643.06510", "2019-12-31": "478.13490", "2019-09-30": "427.86000", "2019-06-30": "407.46800", "2019-03-31": "394.21500", "2018-12-31": "321.23600", "2018-09-30": "326.61900", "2018-06-30": "334.81900", "2018-03-31": "293.38900", "2017-12-31": "286.25700", "2017-09-30": "281.28300", "2017-06-30": "267.05200", "2017-03-31": "268.36700", "2016-12-31": "251.64000", "2016-09-30": "240.77700", "2016-06-30": "236.68500", "2016-03-31": "237.37400", "2015-12-31": "239.86900", "2015-09-30": "218.15800", "2015-06-30": "220.62500", "2015-03-31": "196.99300", "2014-12-31": "226.50200", "2014-09-30": "196.37100", "2014-06-30": "172.89100", "2014-03-31": "170.90200", "2013-12-31": "191.08400", "2013-09-30": "171.16200", "2013-06-30": "161.86400", "2013-03-31": "154.82700", "2012-12-31": "158.06300", "2012-09-30": "141.95900", "2012-06-30": "143.76500", "2012-03-31": "146.54100", "2011-12-31": "142.95500", "2011-09-30": "128.22000", "2011-06-30": "121.16600", "2011-03-31": "114.38800", "2010-12-31": "131.39500", "2010-09-30": "115.14200", "2010-06-30": "111.58800", "2010-03-31": "109.32100", "2009-12-31": "105.19800", "2009-09-30": "87.83700", "2009-06-30": "110.40500", "2009-03-31": "126.51400", "2008-12-31": "132.78700", "2008-09-30": "94.11300", "2008-06-30": "95.54000", "2008-03-31": "91.16000", "2007-12-31": "88.74000", "2007-09-30": "86.11400", "2007-06-30": "88.82900", "2007-03-31": "81.71000", "2006-12-31": "88.15200", "2006-09-30": "77.77400", "2006-06-30": "79.80600", "2006-03-31": "68.21400", "2005-12-31": "72.54700", "2005-09-30": "63.41000", "2005-06-30": "67.13900", "2005-03-31": "57.00100"}, "Other Operating Income Or Expenses": {"2020-12-31": "", "2020-09-30": "", "2020-06-30": "", "2020-03-31": "", "2019-12-31": "", "2019-09-30": "", "2019-06-30": "", "2019-03-31": "", "2018-12-31": "", "2018-09-30": "", "2018-06-30": "", "2018-03-31": "", "2017-12-31": "", "2017-09-30": "", "2017-06-30": "", "2017-03-31": "", "2016-12-31": "", "2016-09-30": "", "2016-06-30": "", "2016-03-31": "", "2015-12-31": "", "2015-09-30": "", "2015-06-30": "", "2015-03-31": "", "2014-12-31": "", "2014-09-30": "", "2014-06-30": "", "2014-03-31": "", "2013-12-31": "", "2013-09-30": "", "2013-06-30": "", "2013-03-31": "", "2012-12-31": "", "2012-09-30": "", "2012-06-30": "", "2012-03-31": "", "2011-12-31": "", "2011-09-30": "", "2011-06-30": "", "2011-03-31": "", "2010-12-31": "", "2010-09-30": "", "2010-06-30": "", "2010-03-31": "", "2009-12-31": "", "2009-09-30": "", "2009-06-30": "", "2009-03-31": "", "2008-12-31": "", "2008-09-30": "", "2008-06-30": "", "2008-03-31": "", "2007-12-31": "", "2007-09-30": "", "2007-06-30": "", "2007-03-31": "", "2006-12-31": "", "2006-09-30": "", "2006-06-30": "", "2006-03-31": "", "2005-12-31": "", "2005-09-30": "", "2005-06-30": "", "2005-03-31": ""}, "Operating Expenses": {"2020-12-31": "642.44400", "2020-09-30": "454.39000", "2020-06-30": "556.71300", "2020-03-31": "686.33010", "2019-12-31": "533.20200", "2019-09-30": "491.10800", "2019-06-30": "463.83200", "2019-03-31": "432.34300", "2018-12-31": "349.67300", "2018-09-30": "346.71000", "2018-06-30": "349.67700", "2018-03-31": "305.92400", "2017-12-31": "297.56700", "2017-09-30": "292.58000", "2017-06-30": "278.28300", "2017-03-31": "279.30000", "2016-12-31": "262.36800", "2016-09-30": "252.02900", "2016-06-30": "247.34100", "2016-03-31": "247.61100", "2015-12-31": "250.03200", "2015-09-30": "228.28900", "2015-06-30": "230.78000", "2015-03-31": "206.88400", "2014-12-31": "235.49000", "2014-09-30": "205.13200", "2014-06-30": "181.76700", "2014-03-31": "179.59800", "2013-12-31": "199.47000", "2013-09-30": "179.30600", "2013-06-30": "169.76600", "2013-03-31": "162.67200", "2012-12-31": "165.66800", "2012-09-30": "149.48700", "2012-06-30": "151.64900", "2012-03-31": "154.37800", "2011-12-31": "150.68700", "2011-09-30": "136.08900", "2011-06-30": "130.87400", "2011-03-31": "128.19000", "2010-12-31": "145.58600", "2010-09-30": "125.55900", "2010-06-30": "121.39700", "2010-03-31": "118.50000", "2009-12-31": "115.20300", "2009-09-30": "99.00500", "2009-06-30": "123.28000", "2009-03-31": "145.63400", "2008-12-31": "150.02700", "2008-09-30": "112.89700", "2008-06-30": "112.60700", "2008-03-31": "108.96500", "2007-12-31": "111.06400", "2007-09-30": "103.57700", "2007-06-30": "121.18800", "2007-03-31": "94.31200", "2006-12-31": "99.94400", "2006-09-30": "88.27000", "2006-06-30": "105.60800", "2006-03-31": "73.74000", "2005-12-31": "77.98400", "2005-09-30": "68.30300", "2005-06-30": "70.91800", "2005-03-31": "60.05800"}, "Operating Income": {"2020-12-31": "586.89700", "2020-09-30": "636.31990", "2020-06-30": "335.65800", "2020-03-31": "183.00590", "2019-12-31": "368.87680", "2019-09-30": "386.79300", "2019-06-30": "455.68500", "2019-03-31": "399.04700", "2018-12-31": "379.93100", "2018-09-30": "376.67300", "2018-06-30": "324.31300", "2018-03-31": "281.99200", "2017-12-31": "259.71500", "2017-09-30": "251.46900", "2017-06-30": "204.17200", "2017-03-31": "159.28500", "2016-12-31": "158.46700", "2016-09-30": "192.52400", "2016-06-30": "159.42700", "2016-03-31": "130.18100", "2015-12-31": "143.70610", "2015-09-30": "144.97900", "2015-06-30": "149.43300", "2015-03-31": "165.45600", "2014-12-31": "175.87190", "2014-09-30": "104.36100", "2014-06-30": "46.28400", "2014-03-31": "335.65100", "2013-12-31": "234.62690", "2013-09-30": "263.58400", "2013-06-30": "106.45600", "2013-03-31": "86.94600", "2012-12-31": "129.18810", "2012-09-30": "81.61000", "2012-06-30": "88.59500", "2012-03-31": "63.68900", "2011-12-31": "70.17400", "2011-09-30": "102.84600", "2011-06-30": "132.99500", "2011-03-31": "95.86500", "2010-12-31": "44.98700", "2010-09-30": "77.43500", "2010-06-30": "35.00500", "2010-03-31": "40.79200", "2009-12-31": "37.68400", "2009-09-30": "43.28800", "2009-06-30": "9.55100", "2009-03-31": "-44.67600", "2008-12-31": "-10.53000", "2008-09-30": "40.93600", "2008-06-30": "35.77100", "2008-03-31": "41.18300", "2007-12-31": "56.22800", "2007-09-30": "74.62800", "2007-06-30": "44.24300", "2007-03-31": "59.11500", "2006-12-31": "50.71500", "2006-09-30": "43.00200", "2006-06-30": "28.50000", "2006-03-31": "39.06600", "2005-12-31": "45.26600", "2005-09-30": "39.24700", "2005-06-30": "34.68400", "2005-03-31": "37.49400"}, "Total Non-Operating Income/Expense": {"2020-12-31": "", "2020-09-30": "", "2020-06-30": "", "2020-03-31": "", "2019-12-31": "", "2019-09-30": "", "2019-06-30": "", "2019-03-31": "", "2018-12-31": "", "2018-09-30": "", "2018-06-30": "", "2018-03-31": "", "2017-12-31": "", "2017-09-30": "", "2017-06-30": "", "2017-03-31": "", "2016-12-31": "", "2016-09-30": "", "2016-06-30": "", "2016-03-31": "", "2015-12-31": "", "2015-09-30": "", "2015-06-30": "", "2015-03-31": "", "2014-12-31": "", "2014-09-30": "", "2014-06-30": "", "2014-03-31": "", "2013-12-31": "", "2013-09-30": "", "2013-06-30": "", "2013-03-31": "", "2012-12-31": "", "2012-09-30": "", "2012-06-30": "", "2012-03-31": "", "2011-12-31": "", "2011-09-30": "", "2011-06-30": "", "2011-03-31": "", "2010-12-31": "", "2010-09-30": "", "2010-06-30": "", "2010-03-31": "", "2009-12-31": "", "2009-09-30": "", "2009-06-30": "", "2009-03-31": "", "2008-12-31": "", "2008-09-30": "", "2008-06-30": "", "2008-03-31": "", "2007-12-31": "", "2007-09-30": "-10.45800", "2007-06-30": "-5.82500", "2007-03-31": "-10.35600", "2006-12-31": "-1.16900", "2006-09-30": "0.91900", "2006-06-30": "-5.81400", "2006-03-31": "-0.24400", "2005-12-31": "-2.92800", "2005-09-30": "-1.28100", "2005-06-30": "0.37200", "2005-03-31": "0.44100"}, "Pre-Tax Income": {"2020-12-31": "586.89700", "2020-09-30": "636.32000", "2020-06-30": "335.65800", "2020-03-31": "183.00600", "2019-12-31": "368.87700", "2019-09-30": "386.79300", "2019-06-30": "455.68500", "2019-03-31": "399.04700", "2018-12-31": "379.93110", "2018-09-30": "376.67300", "2018-06-30": "324.31300", "2018-03-31": "281.99200", "2017-12-31": "259.71500", "2017-09-30": "251.46900", "2017-06-30": "204.17200", "2017-03-31": "159.28500", "2016-12-31": "158.46700", "2016-09-30": "192.52400", "2016-06-30": "159.42700", "2016-03-31": "130.18100", "2015-12-31": "143.70600", "2015-09-30": "144.97900", "2015-06-30": "149.43300", "2015-03-31": "165.45600", "2014-12-31": "175.87200", "2014-09-30": "104.36100", "2014-06-30": "46.28400", "2014-03-31": "335.65100", "2013-12-31": "234.62700", "2013-09-30": "263.58400", "2013-06-30": "106.45600", "2013-03-31": "86.94600", "2012-12-31": "129.18800", "2012-09-30": "81.61000", "2012-06-30": "88.59500", "2012-03-31": "63.68900", "2011-12-31": "70.17400", "2011-09-30": "102.84600", "2011-06-30": "132.99500", "2011-03-31": "95.86500", "2010-12-31": "44.98700", "2010-09-30": "77.43500", "2010-06-30": "35.00500", "2010-03-31": "40.79200", "2009-12-31": "37.68400", "2009-09-30": "43.28800", "2009-06-30": "9.55100", "2009-03-31": "-44.67600", "2008-12-31": "-10.53000", "2008-09-30": "40.93600", "2008-06-30": "35.77100", "2008-03-31": "41.18300", "2007-12-31": "82.15900", "2007-09-30": "64.17000", "2007-06-30": "38.41800", "2007-03-31": "48.75900", "2006-12-31": "49.54600", "2006-09-30": "43.92100", "2006-06-30": "22.68600", "2006-03-31": "38.82200", "2005-12-31": "42.33800", "2005-09-30": "37.96600", "2005-06-30": "35.05600", "2005-03-31": "37.93500"}, "Income Taxes": {"2020-12-31": "148.09600", "2020-09-30": "162.26500", "2020-06-30": "87.86900", "2020-03-31": "49.35700", "2019-12-31": "94.06100", "2019-09-30": "105.07500", "2019-06-30": "119.11400", "2019-03-31": "107.43500", "2018-12-31": "105.00000", "2018-09-30": "95.30800", "2018-06-30": "77.28700", "2018-03-31": "73.96600", "2017-12-31": "135.05100", "2017-09-30": "97.35100", "2017-06-30": "71.65600", "2017-03-31": "51.40500", "2016-12-31": "54.82500", "2016-09-30": "76.87700", "2016-06-30": "65.04700", "2016-03-31": "53.58400", "2015-12-31": "53.69700", "2015-09-30": "57.01700", "2015-06-30": "54.97400", "2015-03-31": "63.06600", "2014-12-31": "46.07700", "2014-09-30": "40.20700", "2014-06-30": "35.92800", "2014-03-31": "61.29600", "2013-12-31": "43.05700", "2013-09-30": "47.40400", "2013-06-30": "29.96800", "2013-03-31": "26.40100", "2012-12-31": "29.52600", "2012-09-30": "28.47000", "2012-06-30": "31.51700", "2012-03-31": "23.75600", "2011-12-31": "26.28400", "2011-09-30": "26.77000", "2011-06-30": "43.26300", "2011-03-31": "22.77000", "2010-12-31": "11.00500", "2010-09-30": "24.99600", "2010-06-30": "13.81900", "2010-03-31": "11.58200", "2009-12-31": "13.60200", "2009-09-30": "16.87900", "2009-06-30": "7.17400", "2009-03-31": "-2.44800", "2008-12-31": "0.92800", "2008-09-30": "16.71100", "2008-06-30": "16.29100", "2008-03-31": "18.28300", "2007-12-31": "22.60600", "2007-09-30": "26.05400", "2007-06-30": "15.55300", "2007-03-31": "20.36800", "2006-12-31": "21.19600", "2006-09-30": "18.75100", "2006-06-30": "9.09200", "2006-03-31": "16.74300", "2005-12-31": "16.69200", "2005-09-30": "14.90700", "2005-06-30": "14.16000", "2005-03-31": "14.99900"}, "Income After Taxes": {"2020-12-31": "438.80100", "2020-09-30": "474.05500", "2020-06-30": "247.78900", "2020-03-31": "133.64900", "2019-12-31": "274.81600", "2019-09-30": "281.71800", "2019-06-30": "336.57100", "2019-03-31": "291.61200", "2018-12-31": "274.93100", "2018-09-30": "281.36500", "2018-06-30": "247.02600", "2018-03-31": "208.02600", "2017-12-31": "124.66400", "2017-09-30": "154.11800", "2017-06-30": "132.51600", "2017-03-31": "107.88000", "2016-12-31": "103.64200", "2016-09-30": "115.64700", "2016-06-30": "94.38000", "2016-03-31": "76.59700", "2015-12-31": "90.00900", "2015-09-30": "87.96200", "2015-06-30": "94.45900", "2015-03-31": "102.39000", "2014-12-31": "129.79500", "2014-09-30": "64.15400", "2014-06-30": "10.35600", "2014-03-31": "274.35500", "2013-12-31": "191.56990", "2013-09-30": "216.18000", "2013-06-30": "76.48800", "2013-03-31": "60.54500", "2012-12-31": "99.66200", "2012-09-30": "53.14000", "2012-06-30": "57.07800", "2012-03-31": "39.93300", "2011-12-31": "43.89000", "2011-09-30": "76.07600", "2011-06-30": "89.73200", "2011-03-31": "73.09500", "2010-12-31": "33.98200", "2010-09-30": "52.43900", "2010-06-30": "21.18600", "2010-03-31": "29.21000", "2009-12-31": "24.08200", "2009-09-30": "26.40900", "2009-06-30": "2.37700", "2009-03-31": "-42.22800", "2008-12-31": "-11.45800", "2008-09-30": "24.22500", "2008-06-30": "19.48000", "2008-03-31": "22.90000", "2007-12-31": "59.55300", "2007-09-30": "38.11600", "2007-06-30": "22.86500", "2007-03-31": "28.39100", "2006-12-31": "28.35000", "2006-09-30": "25.17000", "2006-06-30": "13.59400", "2006-03-31": "22.07900", "2005-12-31": "25.64600", "2005-09-30": "23.05900", "2005-06-30": "20.89600", "2005-03-31": "22.93600"}, "Other Income": {"2020-12-31": "", "2020-09-30": "", "2020-06-30": "", "2020-03-31": "", "2019-12-31": "", "2019-09-30": "", "2019-06-30": "", "2019-03-31": "", "2018-12-31": "", "2018-09-30": "", "2018-06-30": "", "2018-03-31": "", "2017-12-31": "", "2017-09-30": "", "2017-06-30": "", "2017-03-31": "", "2016-12-31": "", "2016-09-30": "", "2016-06-30": "", "2016-03-31": "", "2015-12-31": "", "2015-09-30": "", "2015-06-30": "", "2015-03-31": "", "2014-12-31": "", "2014-09-30": "", "2014-06-30": "", "2014-03-31": "", "2013-12-31": "", "2013-09-30": "", "2013-06-30": "", "2013-03-31": "", "2012-12-31": "", "2012-09-30": "", "2012-06-30": "", "2012-03-31": "", "2011-12-31": "", "2011-09-30": "", "2011-06-30": "", "2011-03-31": "", "2010-12-31": "", "2010-09-30": "", "2010-06-30": "", "2010-03-31": "", "2009-12-31": "", "2009-09-30": "", "2009-06-30": "", "2009-03-31": "", "2008-12-31": "", "2008-09-30": "", "2008-06-30": "", "2008-03-31": "", "2007-12-31": "", "2007-09-30": "", "2007-06-30": "", "2007-03-31": "", "2006-12-31": "", "2006-09-30": "", "2006-06-30": "", "2006-03-31": "", "2005-12-31": "", "2005-09-30": "", "2005-06-30": "", "2005-03-31": ""}, "Income From Continuous Operations": {"2020-12-31": "438.80100", "2020-09-30": "474.05500", "2020-06-30": "247.78900", "2020-03-31": "133.64900", "2019-12-31": "274.81600", "2019-09-30": "281.71800", "2019-06-30": "336.57100", "2019-03-31": "291.61200", "2018-12-31": "274.93100", "2018-09-30": "281.36500", "2018-06-30": "247.02600", "2018-03-31": "208.02600", "2017-12-31": "124.66400", "2017-09-30": "154.11800", "2017-06-30": "132.51600", "2017-03-31": "107.88000", "2016-12-31": "103.64200", "2016-09-30": "115.64700", "2016-06-30": "94.38000", "2016-03-31": "76.59700", "2015-12-31": "90.00900", "2015-09-30": "87.96200", "2015-06-30": "94.45900", "2015-03-31": "102.39000", "2014-12-31": "129.79500", "2014-09-30": "64.15400", "2014-06-30": "10.35600", "2014-03-31": "274.35500", "2013-12-31": "191.56990", "2013-09-30": "216.18000", "2013-06-30": "76.48800", "2013-03-31": "60.54500", "2012-12-31": "99.66200", "2012-09-30": "53.14000", "2012-06-30": "57.07800", "2012-03-31": "39.93300", "2011-12-31": "43.89000", "2011-09-30": "76.07600", "2011-06-30": "89.73200", "2011-03-31": "73.09500", "2010-12-31": "33.98200", "2010-09-30": "52.43900", "2010-06-30": "21.18600", "2010-03-31": "29.21000", "2009-12-31": "24.08200", "2009-09-30": "26.40900", "2009-06-30": "2.37700", "2009-03-31": "-42.22800", "2008-12-31": "-11.45800", "2008-09-30": "24.22500", "2008-06-30": "19.48000", "2008-03-31": "22.90000", "2007-12-31": "59.55300", "2007-09-30": "38.11600", "2007-06-30": "22.86500", "2007-03-31": "28.39100", "2006-12-31": "28.35000", "2006-09-30": "25.17000", "2006-06-30": "13.59400", "2006-03-31": "22.07900", "2005-12-31": "25.64600", "2005-09-30": "23.05900", "2005-06-30": "20.89600", "2005-03-31": "22.93600"}, "Income From Discontinued Operations": {"2020-12-31": "", "2020-09-30": "", "2020-06-30": "", "2020-03-31": "", "2019-12-31": "", "2019-09-30": "", "2019-06-30": "", "2019-03-31": "", "2018-12-31": "", "2018-09-30": "", "2018-06-30": "", "2018-03-31": "", "2017-12-31": "", "2017-09-30": "", "2017-06-30": "", "2017-03-31": "", "2016-12-31": "", "2016-09-30": "", "2016-06-30": "", "2016-03-31": "", "2015-12-31": "", "2015-09-30": "", "2015-06-30": "", "2015-03-31": "", "2014-12-31": "", "2014-09-30": "", "2014-06-30": "", "2014-03-31": "", "2013-12-31": "", "2013-09-30": "", "2013-06-30": "", "2013-03-31": "", "2012-12-31": "", "2012-09-30": "", "2012-06-30": "", "2012-03-31": "", "2011-12-31": "", "2011-09-30": "", "2011-06-30": "", "2011-03-31": "", "2010-12-31": "", "2010-09-30": "", "2010-06-30": "", "2010-03-31": "", "2009-12-31": "", "2009-09-30": "", "2009-06-30": "", "2009-03-31": "", "2008-12-31": "", "2008-09-30": "", "2008-06-30": "", "2008-03-31": "", "2007-12-31": "", "2007-09-30": "", "2007-06-30": "", "2007-03-31": "", "2006-12-31": "", "2006-09-30": "", "2006-06-30": "", "2006-03-31": "", "2005-12-31": "", "2005-09-30": "", "2005-06-30": "", "2005-03-31": ""}, "Net Income": {"2020-12-31": "388.31600", "2020-09-30": "441.71300", "2020-06-30": "228.93500", "2020-03-31": "132.25300", "2019-12-31": "262.85600", "2019-09-30": "267.28100", "2019-06-30": "317.98700", "2019-03-31": "288.73200", "2018-12-31": "266.26410", "2018-09-30": "274.81700", "2018-06-30": "237.79800", "2018-03-31": "194.96100", "2017-12-31": "117.21000", "2017-09-30": "148.62000", "2017-06-30": "123.19300", "2017-03-31": "101.48300", "2016-12-31": "99.46600", "2016-09-30": "111.08100", "2016-06-30": "92.96400", "2016-03-31": "79.17400", "2015-12-31": "87.51200", "2015-09-30": "81.73300", "2015-06-30": "86.14300", "2015-03-31": "88.51600", "2014-12-31": "57.99000", "2014-09-30": "63.97700", "2014-06-30": "50.95300", "2014-03-31": "90.95000", "2013-12-31": "57.42100", "2013-09-30": "67.62100", "2013-06-30": "48.58400", "2013-03-31": "40.89100", "2012-12-31": "50.42100", "2012-09-30": "42.28900", "2012-06-30": "47.60300", "2012-03-31": "34.79000", "2011-12-31": "35.57400", "2011-09-30": "37.57100", "2011-06-30": "65.75000", "2011-03-31": "33.00700", "2010-12-31": "17.48700", "2010-09-30": "37.78700", "2010-06-30": "21.12000", "2010-03-31": "18.55700", "2009-12-31": "6.04400", "2009-09-30": "20.60800", "2009-06-30": "7.79300", "2009-03-31": "-11.77100", "2008-12-31": "-0.47100", "2008-09-30": "25.91800", "2008-06-30": "21.01400", "2008-03-31": "27.11800", "2007-12-31": "30.95700", "2007-09-30": "38.11600", "2007-06-30": "22.86500", "2007-03-31": "28.39100", "2006-12-31": "28.35000", "2006-09-30": "25.17000", "2006-06-30": "13.59400", "2006-03-31": "22.27100", "2005-12-31": "25.64600", "2005-09-30": "23.05900", "2005-06-30": "20.89600", "2005-03-31": "22.93600"}, "EBITDA": {"2020-12-31": "", "2020-09-30": "", "2020-06-30": "", "2020-03-31": "", "2019-12-31": "", "2019-09-30": "", "2019-06-30": "", "2019-03-31": "", "2018-12-31": "", "2018-09-30": "", "2018-06-30": "", "2018-03-31": "", "2017-12-31": "", "2017-09-30": "", "2017-06-30": "", "2017-03-31": "", "2016-12-31": "", "2016-09-30": "", "2016-06-30": "", "2016-03-31": "", "2015-12-31": "", "2015-09-30": "", "2015-06-30": "", "2015-03-31": "", "2014-12-31": "", "2014-09-30": "", "2014-06-30": "", "2014-03-31": "", "2013-12-31": "", "2013-09-30": "", "2013-06-30": "", "2013-03-31": "", "2012-12-31": "", "2012-09-30": "", "2012-06-30": "", "2012-03-31": "", "2011-12-31": "", "2011-09-30": "", "2011-06-30": "", "2011-03-31": "", "2010-12-31": "", "2010-09-30": "", "2010-06-30": "", "2010-03-31": "", "2009-12-31": "", "2009-09-30": "", "2009-06-30": "", "2009-03-31": "", "2008-12-31": "", "2008-09-30": "", "2008-06-30": "", "2008-03-31": "", "2007-12-31": "", "2007-09-30": "", "2007-06-30": "", "2007-03-31": "", "2006-12-31": "", "2006-09-30": "", "2006-06-30": "", "2006-03-31": "", "2005-12-31": "", "2005-09-30": "", "2005-06-30": "", "2005-03-31": ""}, "EBIT": {"2020-12-31": "", "2020-09-30": "", "2020-06-30": "", "2020-03-31": "", "2019-12-31": "", "2019-09-30": "", "2019-06-30": "", "2019-03-31": "", "2018-12-31": "", "2018-09-30": "", "2018-06-30": "", "2018-03-31": "", "2017-12-31": "", "2017-09-30": "", "2017-06-30": "", "2017-03-31": "", "2016-12-31": "", "2016-09-30": "", "2016-06-30": "", "2016-03-31": "", "2015-12-31": "", "2015-09-30": "", "2015-06-30": "", "2015-03-31": "", "2014-12-31": "", "2014-09-30": "", "2014-06-30": "", "2014-03-31": "", "2013-12-31": "", "2013-09-30": "", "2013-06-30": "", "2013-03-31": "", "2012-12-31": "", "2012-09-30": "", "2012-06-30": "", "2012-03-31": "", "2011-12-31": "", "2011-09-30": "", "2011-06-30": "", "2011-03-31": "", "2010-12-31": "", "2010-09-30": "", "2010-06-30": "", "2010-03-31": "", "2009-12-31": "", "2009-09-30": "", "2009-06-30": "", "2009-03-31": "", "2008-12-31": "", "2008-09-30": "", "2008-06-30": "", "2008-03-31": "", "2007-12-31": "", "2007-09-30": "", "2007-06-30": "", "2007-03-31": "", "2006-12-31": "", "2006-09-30": "", "2006-06-30": "", "2006-03-31": "", "2005-12-31": "", "2005-09-30": "", "2005-06-30": "", "2005-03-31": ""}, "Basic Shares Outstanding": {"2020-12-31": "51.81700", "2020-09-30": "51.77300", "2020-06-30": "51.58100", "2020-03-31": "51.56500", "2019-12-31": "51.91500", "2019-09-30": "51.54500", "2019-06-30": "51.95500", "2019-03-31": "52.58700", "2018-12-31": "53.07800", "2018-09-30": "53.23500", "2018-06-30": "53.06400", "2018-03-31": "52.88300", "2017-12-31": "52.58800", "2017-09-30": "52.70500", "2017-06-30": "52.53700", "2017-03-31": "52.34400", "2016-12-31": "51.91500", "2016-09-30": "52.04600", "2016-06-30": "51.83100", "2016-03-31": "51.64600", "2015-12-31": "51.31800", "2015-09-30": "51.47900", "2015-06-30": "51.26800", "2015-03-31": "51.00900", "2014-12-31": "48.93100", "2014-09-30": "50.75200", "2014-06-30": "48.16800", "2014-03-31": "45.86600", "2013-12-31": "45.30900", "2013-09-30": "45.58000", "2013-06-30": "45.16400", "2013-03-31": "44.80200", "2012-12-31": "44.24200", "2012-09-30": "44.44900", "2012-06-30": "44.20700", "2012-03-31": "43.78000", "2011-12-31": "43.00400", "2011-09-30": "43.23300", "2011-06-30": "42.92400", "2011-03-31": "42.48200", "2010-12-31": "41.77400", "2010-09-30": "41.93000", "2010-06-30": "41.72000", "2010-03-31": "41.40500", "2009-12-31": "33.90100", "2009-09-30": "33.17700", "2009-06-30": "32.95200", "2009-03-31": "32.93200", "2008-12-31": "32.42500", "2008-09-30": "32.53500", "2008-06-30": "32.05400", "2008-03-31": "32.28000", "2007-12-31": "33.95000", "2007-09-30": "34.02900", "2007-06-30": "34.31900", "2007-03-31": "34.42200", "2006-12-31": "34.68100", "2006-09-30": "34.41700", "2006-06-30": "34.96800", "2006-03-31": "35.08600", "2005-12-31": "35.11500", "2005-09-30": "34.83800", "2005-06-30": "35.01000", "2005-03-31": "35.63200"}, "Shares Outstanding": {"2020-12-31": "52.46600", "2020-09-30": "52.14600", "2020-06-30": "51.79500", "2020-03-31": "51.94400", "2019-12-31": "52.31100", "2019-09-30": "51.85800", "2019-06-30": "52.33600", "2019-03-31": "53.10900", "2018-12-31": "53.77200", "2018-09-30": "53.91900", "2018-06-30": "53.77600", "2018-03-31": "53.68500", "2017-12-31": "53.30600", "2017-09-30": "53.30500", "2017-06-30": "53.19400", "2017-03-31": "53.17900", "2016-12-31": "52.34900", "2016-09-30": "52.41300", "2016-06-30": "52.18700", "2016-03-31": "52.08500", "2015-12-31": "51.91600", "2015-09-30": "52.04800", "2015-06-30": "51.87600", "2015-03-31": "51.71900", "2014-12-31": "49.66200", "2014-09-30": "51.57100", "2014-06-30": "49.04500", "2014-03-31": "46.72500", "2013-12-31": "45.94400", "2013-09-30": "46.20200", "2013-06-30": "45.68400", "2013-03-31": "45.39300", "2012-12-31": "44.76400", "2012-09-30": "44.91500", "2012-06-30": "44.71200", "2012-03-31": "44.46000", "2011-12-31": "43.63700", "2011-09-30": "43.79100", "2011-06-30": "43.74000", "2011-03-31": "43.42600", "2010-12-31": "42.47800", "2010-09-30": "42.51300", "2010-06-30": "42.47600", "2010-03-31": "42.29100", "2009-12-31": "34.18300", "2009-09-30": "33.67200", "2009-06-30": "33.07800", "2009-03-31": "32.93200", "2008-12-31": "34.01500", "2008-09-30": "33.77800", "2008-06-30": "34.19200", "2008-03-31": "34.58300", "2007-12-31": "36.73800", "2007-09-30": "36.86900", "2007-06-30": "37.40800", "2007-03-31": "37.16300", "2006-12-31": "37.61500", "2006-09-30": "37.05400", "2006-06-30": "37.99100", "2006-03-31": "38.44700", "2005-12-31": "38.48900", "2005-09-30": "38.45500", "2005-06-30": "38.47400", "2005-03-31": "38.76600"}, "Basic EPS": {"2020-12-31": "7.49000", "2020-09-30": "8.53000", "2020-06-30": "4.44000", "2020-03-31": "2.56000", "2019-12-31": "5.10000", "2019-09-30": "5.19000", "2019-06-30": "6.12000", "2019-03-31": "5.49000", "2018-12-31": "5.02000", "2018-09-30": "5.16000", "2018-06-30": "4.48000", "2018-03-31": "3.69000", "2017-12-31": "2.23000", "2017-09-30": "2.82000", "2017-06-30": "2.34000", "2017-03-31": "1.94000", "2016-12-31": "1.92000", "2016-09-30": "2.13000", "2016-06-30": "1.79000", "2016-03-31": "1.53000", "2015-12-31": "1.69000", "2015-09-30": "1.59000", "2015-06-30": "1.68000", "2015-03-31": "1.74000", "2014-12-31": "1.09000", "2014-09-30": "1.26000", "2014-06-30": "1.06000", "2014-03-31": "1.98000", "2013-12-31": "1.26000", "2013-09-30": "1.48000", "2013-06-30": "1.08000", "2013-03-31": "0.91000", "2012-12-31": "1.14000", "2012-09-30": "0.95000", "2012-06-30": "1.08000", "2012-03-31": "0.79000", "2011-12-31": "0.82000", "2011-09-30": "0.87000", "2011-06-30": "1.53000", "2011-03-31": "0.78000", "2010-12-31": "0.41000", "2010-09-30": "0.90000", "2010-06-30": "0.51000", "2010-03-31": "0.45000", "2009-12-31": "0.17000", "2009-09-30": "0.62000", "2009-06-30": "0.24000", "2009-03-31": "-0.36000", "2008-12-31": "-0.03000", "2008-09-30": "0.80000", "2008-06-30": "0.66000", "2008-03-31": "0.84000", "2007-12-31": "0.93000", "2007-09-30": "1.12000", "2007-06-30": "0.67000", "2007-03-31": "0.82000", "2006-12-31": "0.83000", "2006-09-30": "0.73000", "2006-06-30": "0.39000", "2006-03-31": "0.63000", "2005-12-31": "0.74000", "2005-09-30": "0.66000", "2005-06-30": "0.60000", "2005-03-31": "0.64000"}, "EPS - Earnings Per Share": {"2020-12-31": "7.40000", "2020-09-30": "8.47000", "2020-06-30": "4.42000", "2020-03-31": "2.55000", "2019-12-31": "5.06000", "2019-09-30": "5.15000", "2019-06-30": "6.08000", "2019-03-31": "5.44000", "2018-12-31": "4.96000", "2018-09-30": "5.10000", "2018-06-30": "4.42000", "2018-03-31": "3.63000", "2017-12-31": "2.18000", "2017-09-30": "2.79000", "2017-06-30": "2.32000", "2017-03-31": "1.91000", "2016-12-31": "1.89000", "2016-09-30": "2.12000", "2016-06-30": "1.78000", "2016-03-31": "1.52000", "2015-12-31": "1.68000", "2015-09-30": "1.57000", "2015-06-30": "1.66000", "2015-03-31": "1.71000", "2014-12-31": "1.08000", "2014-09-30": "1.24000", "2014-06-30": "1.04000", "2014-03-31": "1.95000", "2013-12-31": "1.25000", "2013-09-30": "1.46000", "2013-06-30": "1.06000", "2013-03-31": "0.90000", "2012-12-31": "1.13000", "2012-09-30": "0.94000", "2012-06-30": "1.06000", "2012-03-31": "0.78000", "2011-12-31": "0.82000", "2011-09-30": "0.86000", "2011-06-30": "1.50000", "2011-03-31": "0.76000", "2010-12-31": "0.41000", "2010-09-30": "0.89000", "2010-06-30": "0.50000", "2010-03-31": "0.44000", "2009-12-31": "0.17000", "2009-09-30": "0.61000", "2009-06-30": "0.24000", "2009-03-31": "-0.36000", "2008-12-31": "0.00000", "2008-09-30": "0.77000", "2008-06-30": "0.61000", "2008-03-31": "0.78000", "2007-12-31": "0.88000", "2007-09-30": "1.03000", "2007-06-30": "0.61000", "2007-03-31": "0.76000", "2006-12-31": "0.76000", "2006-09-30": "0.68000", "2006-06-30": "0.36000", "2006-03-31": "0.58000", "2005-12-31": "0.67000", "2005-09-30": "0.60000", "2005-06-30": "0.54000", "2005-03-31": "0.59000"}}, "balance sheet": {"Cash On Hand": {"2020-12-31": "17674.76000", "2019-12-31": "6781.78300", "2018-12-31": "3571.53900", "2017-12-31": "2923.07500", "2016-12-31": "2545.75000", "2015-12-31": "1503.25700", "2014-12-31": "1796.06200", "2013-12-31": "1538.77900", "2012-12-31": "1008.98300", "2011-12-31": "1114.94800", "2010-12-31": "3076.43200", "2009-12-31": "3512.85300", "2008-12-31": "2436.72500", "2007-12-31": "684.06300", "2006-12-31": "632.58500", "2005-12-31": "462.09800"}, "Receivables": {"2020-12-31": "", "2019-12-31": "", "2018-12-31": "", "2017-12-31": "", "2016-12-31": "", "2015-12-31": "", "2014-12-31": "", "2013-12-31": "", "2012-12-31": "", "2011-12-31": "", "2010-12-31": "", "2009-12-31": "", "2008-12-31": "", "2007-12-31": "", "2006-12-31": "", "2005-12-31": ""}, "Inventory": {"2020-12-31": "", "2019-12-31": "", "2018-12-31": "", "2017-12-31": "", "2016-12-31": "", "2015-12-31": "", "2014-12-31": "", "2013-12-31": "", "2012-12-31": "", "2011-12-31": "", "2010-12-31": "", "2009-12-31": "", "2008-12-31": "", "2007-12-31": "", "2006-12-31": "", "2005-12-31": ""}, "Pre-Paid Expenses": {"2020-12-31": "", "2019-12-31": "", "2018-12-31": "", "2017-12-31": "", "2016-12-31": "", "2015-12-31": "", "2014-12-31": "", "2013-12-31": "", "2012-12-31": "", "2011-12-31": "", "2010-12-31": "", "2009-12-31": "", "2008-12-31": "", "2007-12-31": "", "2006-12-31": "", "2005-12-31": ""}, "Other Current Assets": {"2020-12-31": "", "2019-12-31": "", "2018-12-31": "", "2017-12-31": "", "2016-12-31": "", "2015-12-31": "", "2014-12-31": "", "2013-12-31": "", "2012-12-31": "", "2011-12-31": "", "2010-12-31": "", "2009-12-31": "", "2008-12-31": "", "2007-12-31": "", "2006-12-31": "", "2005-12-31": ""}, "Total Current Assets": {"2020-12-31": "65614.31000", "2019-12-31": "41386.73000", "2018-12-31": "32580.18000", "2017-12-31": "26650.61000", "2016-12-31": "22893.02000", "2015-12-31": "18737.42000", "2014-12-31": "16568.19000", "2013-12-31": "12767.39000", "2012-12-31": "10172.14000", "2011-12-31": "8371.93700", "2010-12-31": "8843.72900", "2009-12-31": "8317.94300", "2008-12-31": "8197.49900", "2007-12-31": "5047.16200", "2006-12-31": "4330.50700", "2005-12-31": "3443.70800"}, "Property, Plant, And Equipment": {"2020-12-31": "175.81800", "2019-12-31": "161.87600", "2018-12-31": "129.21300", "2017-12-31": "128.68200", "2016-12-31": "120.68300", "2015-12-31": "102.62500", "2014-12-31": "79.84500", "2013-12-31": "67.48500", "2012-12-31": "66.54500", "2011-12-31": "56.47100", "2010-12-31": "44.54500", "2009-12-31": "31.73600", "2008-12-31": "30.58900", "2007-12-31": "38.62800", "2006-12-31": "37.30600", "2005-12-31": "25.09900"}, "Long-Term Investments": {"2020-12-31": "49306.82000", "2019-12-31": "29071.69000", "2018-12-31": "24218.59000", "2017-12-31": "24435.17000", "2016-12-31": "21669.96000", "2015-12-31": "25846.66000", "2014-12-31": "22689.84000", "2013-12-31": "13582.32000", "2012-12-31": "12527.44000", "2011-12-31": "11540.49000", "2010-12-31": "8639.48700", "2009-12-31": "4491.71900", "2008-12-31": "1786.10000", "2007-12-31": "1602.57400", "2006-12-31": "1692.34300", "2005-12-31": "2037.27000"}, "Goodwill And Intangible Assets": {"2020-12-31": "204.12000", "2019-12-31": "187.24000", "2018-12-31": "", "2017-12-31": "", "2016-12-31": "", "2015-12-31": "", "2014-12-31": "", "2013-12-31": "", "2012-12-31": "", "2011-12-31": "", "2010-12-31": "", "2009-12-31": "", "2008-12-31": "4.09200", "2007-12-31": "4.09200", "2006-12-31": "21.29600", "2005-12-31": "35.63800"}, "Other Long-Term Assets": {"2020-12-31": "", "2019-12-31": "", "2018-12-31": "", "2017-12-31": "", "2016-12-31": "", "2015-12-31": "", "2014-12-31": "", "2013-12-31": "", "2012-12-31": "", "2011-12-31": "", "2010-12-31": "", "2009-12-31": "", "2008-12-31": "", "2007-12-31": "", "2006-12-31": "", "2005-12-31": ""}, "Total Long-Term Assets": {"2020-12-31": "49686.76000", "2019-12-31": "29420.81000", "2018-12-31": "24347.80000", "2017-12-31": "24563.85000", "2016-12-31": "21790.64000", "2015-12-31": "25949.28000", "2014-12-31": "22769.68000", "2013-12-31": "13649.80000", "2012-12-31": "12593.99000", "2011-12-31": "11596.96000", "2010-12-31": "8684.03200", "2009-12-31": "4523.45500", "2008-12-31": "1820.78100", "2007-12-31": "1645.29400", "2006-12-31": "1750.94500", "2005-12-31": "2098.00700"}, "Total Assets": {"2020-12-31": "115511.00000", "2019-12-31": "71004.91000", "2018-12-31": "56927.98000", "2017-12-31": "51214.47000", "2016-12-31": "44683.66000", "2015-12-31": "44686.70000", "2014-12-31": "39337.87000", "2013-12-31": "26417.19000", "2012-12-31": "22766.12000", "2011-12-31": "19968.89000", "2010-12-31": "17527.76000", "2009-12-31": "12841.40000", "2008-12-31": "10018.28000", "2007-12-31": "6692.45600", "2006-12-31": "6081.45200", "2005-12-31": "5541.71500"}, "Total Current Liabilities": {"2020-12-31": "102002.40000", "2019-12-31": "61775.24000", "2018-12-31": "49960.31000", "2017-12-31": "45287.80000", "2016-12-31": "39492.54000", "2015-12-31": "39917.68000", "2014-12-31": "34351.28000", "2013-12-31": "22478.06000", "2012-12-31": "19342.56000", "2011-12-31": "16709.54000", "2010-12-31": "14374.19000", "2009-12-31": "10370.69000", "2008-12-31": "7535.59200", "2007-12-31": "4701.20300", "2006-12-31": "4741.16200", "2005-12-31": "4532.20500"}, "Long Term Debt": {"2020-12-31": "843.62800", "2019-12-31": "347.98700", "2018-12-31": "696.46500", "2017-12-31": "695.49200", "2016-12-31": "795.70400", "2015-12-31": "796.70200", "2014-12-31": "451.36200", "2013-12-31": "455.21600", "2012-12-31": "457.76200", "2011-12-31": "603.64800", "2010-12-31": "1209.26000", "2009-12-31": "856.65000", "2008-12-31": "995.42300", "2007-12-31": "875.25400", "2006-12-31": "352.46500", "2005-12-31": "195.83200"}, "Other Non-Current Liabilities": {"2020-12-31": "3971.97400", "2019-12-31": "2041.75200", "2018-12-31": "1006.35900", "2017-12-31": "911.75500", "2016-12-31": "618.38300", "2015-12-31": "639.09400", "2014-12-31": "483.49300", "2013-12-31": "404.58600", "2012-12-31": "360.56600", "2011-12-31": "405.32100", "2010-12-31": "196.03700", "2009-12-31": "139.94700", "2008-12-31": "175.55300", "2007-12-31": "199.24300", "2006-12-31": "193.29600", "2005-12-31": "124.92100"}, "Total Long Term Liabilities": {"2020-12-31": "4815.60200", "2019-12-31": "2389.73900", "2018-12-31": "1702.82400", "2017-12-31": "1607.24700", "2016-12-31": "1414.08700", "2015-12-31": "1435.79600", "2014-12-31": "934.85500", "2013-12-31": "859.80200", "2012-12-31": "818.32800", "2011-12-31": "1008.96900", "2010-12-31": "1405.29700", "2009-12-31": "996.59700", "2008-12-31": "1170.97600", "2007-12-31": "1314.59900", "2006-12-31": "711.77600", "2005-12-31": "440.20900"}, "Total Liabilities": {"2020-12-31": "107077.50000", "2019-12-31": "64383.82000", "2018-12-31": "51663.14000", "2017-12-31": "46895.05000", "2016-12-31": "40906.62000", "2015-12-31": "41353.47000", "2014-12-31": "35286.14000", "2013-12-31": "23337.86000", "2012-12-31": "20160.89000", "2011-12-31": "17718.51000", "2010-12-31": "15779.48000", "2009-12-31": "11367.29000", "2008-12-31": "8706.56800", "2007-12-31": "6015.80200", "2006-12-31": "5452.93800", "2005-12-31": "4972.41400"}, "Common Stock Net": {"2020-12-31": "0.05200", "2019-12-31": "0.05200", "2018-12-31": "0.05300", "2017-12-31": "0.05300", "2016-12-31": "0.05200", "2015-12-31": "0.05200", "2014-12-31": "0.05100", "2013-12-31": "0.04600", "2012-12-31": "0.04500", "2011-12-31": "0.04400", "2010-12-31": "0.04200", "2009-12-31": "0.04100", "2008-12-31": "0.03300", "2007-12-31": "0.03300", "2006-12-31": "0.03400", "2005-12-31": "0.03500"}, "Retained Earnings (Accumulated Deficit)": {"2020-12-31": "5671.74900", "2019-12-31": "4575.60100", "2018-12-31": "3791.83800", "2017-12-31": "2866.83700", "2016-12-31": "2376.33100", "2015-12-31": "1993.64600", "2014-12-31": "1649.96700", "2013-12-31": "1390.73200", "2012-12-31": "1174.87800", "2011-12-31": "999.73300", "2010-12-31": "827.83100", "2009-12-31": "732.90700", "2008-12-31": "709.72600", "2007-12-31": "682.91100", "2006-12-31": "641.52800", "2005-12-31": "587.71300"}, "Comprehensive Income": {"2020-12-31": "622.51700", "2019-12-31": "84.44500", "2018-12-31": "-54.12000", "2017-12-31": "-1.47200", "2016-12-31": "23.43000", "2015-12-31": "15.40400", "2014-12-31": "42.70400", "2013-12-31": "-48.76400", "2012-12-31": "108.55300", "2011-12-31": "85.39900", "2010-12-31": "24.14300", "2009-12-31": "5.90500", "2008-12-31": "-5.78900", "2007-12-31": "-6.29000", "2006-12-31": "-17.92100", "2005-12-31": "-21.09400"}, "Other Share Holders Equity": {"2020-12-31": "", "2019-12-31": "", "2018-12-31": "", "2017-12-31": "", "2016-12-31": "", "2015-12-31": "", "2014-12-31": "", "2013-12-31": "", "2012-12-31": "", "2011-12-31": "", "2010-12-31": "", "2009-12-31": "", "2008-12-31": "", "2007-12-31": "", "2006-12-31": "", "2005-12-31": ""}, "Share Holder Equity": {"2020-12-31": "8433.49100", "2019-12-31": "6621.08000", "2018-12-31": "5264.84300", "2017-12-31": "4319.41500", "2016-12-31": "3777.03700", "2015-12-31": "3333.23100", "2014-12-31": "4051.73400", "2013-12-31": "3079.32800", "2012-12-31": "2605.23300", "2011-12-31": "2250.38900", "2010-12-31": "1748.27800", "2009-12-31": "1474.11000", "2008-12-31": "1311.71200", "2007-12-31": "676.65400", "2006-12-31": "628.51400", "2005-12-31": "569.30100"}, "Total Liabilities And Share Holders Equity": {"2020-12-31": "115511.00000", "2019-12-31": "71004.91000", "2018-12-31": "56927.98000", "2017-12-31": "51214.47000", "2016-12-31": "44683.66000", "2015-12-31": "44686.70000", "2014-12-31": "39337.87000", "2013-12-31": "26417.19000", "2012-12-31": "22766.12000", "2011-12-31": "19968.89000", "2010-12-31": "17527.76000", "2009-12-31": "12841.40000", "2008-12-31": "10018.28000", "2007-12-31": "6692.45600", "2006-12-31": "6081.45200", "2005-12-31": "5541.71500"}}, "balance sheet, quarterly": {"Cash On Hand": {"2020-12-31": "17674.76000", "2020-09-30": "15687.78000", "2020-06-30": "14202.11000", "2020-03-31": "9561.44800", "2019-12-31": "6781.78300", "2019-09-30": "6946.19600", "2019-06-30": "9020.92500", "2019-03-31": "7066.88300", "2018-12-31": "3571.53900", "2018-09-30": "3819.14100", "2018-06-30": "2712.10100", "2018-03-31": "2619.38400", "2017-12-31": "2923.07500", "2017-09-30": "3555.57100", "2017-06-30": "3854.24400", "2017-03-31": "3795.67900", "2016-12-31": "2545.75000", "2016-09-30": "2521.31900", "2016-06-30": "1854.45700", "2016-03-31": "1868.51200", "2015-12-31": "1503.25700", "2015-09-30": "1674.14500", "2015-06-30": "2625.55000", "2015-03-31": "1308.00300", "2014-12-31": "1796.06200", "2014-09-30": "1872.53700", "2014-06-30": "2649.83100", "2014-03-31": "3862.46400", "2013-12-31": "1538.77900", "2013-09-30": "1942.74400", "2013-06-30": "873.25100", "2013-03-31": "1519.24900", "2012-12-31": "1008.98300", "2012-09-30": "906.68000", "2012-06-30": "1411.72500", "2012-03-31": "850.62400", "2011-12-31": "1114.94800", "2011-09-30": "2041.97200", "2011-06-30": "2565.21900", "2011-03-31": "2350.06000", "2010-12-31": "3076.43200", "2010-09-30": "3778.36900", "2010-06-30": "4190.34300", "2010-03-31": "4691.70300", "2009-12-31": "3512.85300", "2009-09-30": "4110.82800", "2009-06-30": "3709.37000", "2009-03-31": "3649.00300", "2008-12-31": "2436.72500", "2008-09-30": "752.59800", "2008-06-30": "630.86500", "2008-03-31": "676.13200", "2007-12-31": "684.06300", "2007-09-30": "659.11900", "2007-06-30": "1006.27900", "2007-03-31": "564.87400", "2006-12-31": "632.58500", "2006-09-30": "600.50100", "2006-06-30": "544.27100", "2006-03-31": "549.99500", "2005-12-31": "462.09800", "2005-09-30": "418.69100", "2005-06-30": "538.24500", "2005-03-31": "396.70700"}, "Receivables": {"2020-12-31": "", "2020-09-30": "", "2020-06-30": "", "2020-03-31": "", "2019-12-31": "", "2019-09-30": "", "2019-06-30": "", "2019-03-31": "", "2018-12-31": "", "2018-09-30": "", "2018-06-30": "", "2018-03-31": "", "2017-12-31": "", "2017-09-30": "", "2017-06-30": "", "2017-03-31": "", "2016-12-31": "", "2016-09-30": "", "2016-06-30": "", "2016-03-31": "", "2015-12-31": "", "2015-09-30": "", "2015-06-30": "", "2015-03-31": "", "2014-12-31": "", "2014-09-30": "", "2014-06-30": "", "2014-03-31": "", "2013-12-31": "", "2013-09-30": "", "2013-06-30": "", "2013-03-31": "", "2012-12-31": "", "2012-09-30": "", "2012-06-30": "", "2012-03-31": "", "2011-12-31": "", "2011-09-30": "", "2011-06-30": "", "2011-03-31": "", "2010-12-31": "", "2010-09-30": "", "2010-06-30": "", "2010-03-31": "", "2009-12-31": "", "2009-09-30": "", "2009-06-30": "", "2009-03-31": "", "2008-12-31": "", "2008-09-30": "", "2008-06-30": "", "2008-03-31": "", "2007-12-31": "", "2007-09-30": "", "2007-06-30": "", "2007-03-31": "", "2006-12-31": "", "2006-09-30": "", "2006-06-30": "", "2006-03-31": "", "2005-12-31": "", "2005-09-30": "", "2005-06-30": "", "2005-03-31": ""}, "Inventory": {"2020-12-31": "", "2020-09-30": "", "2020-06-30": "", "2020-03-31": "", "2019-12-31": "", "2019-09-30": "", "2019-06-30": "", "2019-03-31": "", "2018-12-31": "", "2018-09-30": "", "2018-06-30": "", "2018-03-31": "", "2017-12-31": "", "2017-09-30": "", "2017-06-30": "", "2017-03-31": "", "2016-12-31": "", "2016-09-30": "", "2016-06-30": "", "2016-03-31": "", "2015-12-31": "", "2015-09-30": "", "2015-06-30": "", "2015-03-31": "", "2014-12-31": "", "2014-09-30": "", "2014-06-30": "", "2014-03-31": "", "2013-12-31": "", "2013-09-30": "", "2013-06-30": "", "2013-03-31": "", "2012-12-31": "", "2012-09-30": "", "2012-06-30": "", "2012-03-31": "", "2011-12-31": "", "2011-09-30": "", "2011-06-30": "", "2011-03-31": "", "2010-12-31": "", "2010-09-30": "", "2010-06-30": "", "2010-03-31": "", "2009-12-31": "", "2009-09-30": "", "2009-06-30": "", "2009-03-31": "", "2008-12-31": "", "2008-09-30": "", "2008-06-30": "", "2008-03-31": "", "2007-12-31": "", "2007-09-30": "", "2007-06-30": "", "2007-03-31": "", "2006-12-31": "", "2006-09-30": "", "2006-06-30": "", "2006-03-31": "", "2005-12-31": "", "2005-09-30": "", "2005-06-30": "", "2005-03-31": ""}, "Pre-Paid Expenses": {"2020-12-31": "", "2020-09-30": "", "2020-06-30": "", "2020-03-31": "", "2019-12-31": "", "2019-09-30": "", "2019-06-30": "", "2019-03-31": "", "2018-12-31": "", "2018-09-30": "", "2018-06-30": "", "2018-03-31": "", "2017-12-31": "", "2017-09-30": "", "2017-06-30": "", "2017-03-31": "", "2016-12-31": "", "2016-09-30": "", "2016-06-30": "", "2016-03-31": "", "2015-12-31": "", "2015-09-30": "", "2015-06-30": "", "2015-03-31": "", "2014-12-31": "", "2014-09-30": "", "2014-06-30": "", "2014-03-31": "", "2013-12-31": "", "2013-09-30": "", "2013-06-30": "", "2013-03-31": "", "2012-12-31": "", "2012-09-30": "", "2012-06-30": "", "2012-03-31": "", "2011-12-31": "", "2011-09-30": "", "2011-06-30": "", "2011-03-31": "", "2010-12-31": "", "2010-09-30": "", "2010-06-30": "", "2010-03-31": "", "2009-12-31": "", "2009-09-30": "", "2009-06-30": "", "2009-03-31": "", "2008-12-31": "", "2008-09-30": "", "2008-06-30": "", "2008-03-31": "", "2007-12-31": "", "2007-09-30": "", "2007-06-30": "", "2007-03-31": "", "2006-12-31": "", "2006-09-30": "", "2006-06-30": "", "2006-03-31": "", "2005-12-31": "", "2005-09-30": "", "2005-06-30": "", "2005-03-31": ""}, "Other Current Assets": {"2020-12-31": "", "2020-09-30": "", "2020-06-30": "", "2020-03-31": "", "2019-12-31": "", "2019-09-30": "", "2019-06-30": "", "2019-03-31": "", "2018-12-31": "", "2018-09-30": "", "2018-06-30": "", "2018-03-31": "", "2017-12-31": "", "2017-09-30": "", "2017-06-30": "", "2017-03-31": "", "2016-12-31": "", "2016-09-30": "", "2016-06-30": "", "2016-03-31": "", "2015-12-31": "", "2015-09-30": "", "2015-06-30": "", "2015-03-31": "", "2014-12-31": "", "2014-09-30": "", "2014-06-30": "", "2014-03-31": "", "2013-12-31": "", "2013-09-30": "", "2013-06-30": "", "2013-03-31": "", "2012-12-31": "", "2012-09-30": "", "2012-06-30": "", "2012-03-31": "", "2011-12-31": "", "2011-09-30": "", "2011-06-30": "", "2011-03-31": "", "2010-12-31": "", "2010-09-30": "", "2010-06-30": "", "2010-03-31": "", "2009-12-31": "", "2009-09-30": "", "2009-06-30": "", "2009-03-31": "", "2008-12-31": "", "2008-09-30": "", "2008-06-30": "", "2008-03-31": "", "2007-12-31": "", "2007-09-30": "", "2007-06-30": "", "2007-03-31": "", "2006-12-31": "", "2006-09-30": "", "2006-06-30": "", "2006-03-31": "", "2005-12-31": "", "2005-09-30": "", "2005-06-30": "", "2005-03-31": ""}, "Total Current Assets": {"2020-12-31": "65614.30000", "2020-09-30": "55905.69000", "2020-06-30": "52580.49000", "2020-03-31": "47039.63000", "2019-12-31": "41386.73000", "2019-09-30": "39291.85000", "2019-06-30": "39393.69000", "2019-03-31": "36878.08000", "2018-12-31": "32580.18000", "2018-09-30": "32134.26000", "2018-06-30": "29406.01000", "2018-03-31": "27919.56000", "2017-12-31": "26650.61000", "2017-09-30": "26345.65000", "2017-06-30": "25638.34000", "2017-03-31": "24655.78000", "2016-12-31": "22893.02000", "2016-09-30": "22076.20000", "2016-06-30": "21099.05000", "2016-03-31": "19921.52000", "2015-12-31": "18737.42000", "2015-09-30": "17371.59000", "2015-06-30": "17270.68000", "2015-03-31": "16342.67000", "2014-12-31": "16568.19000", "2014-09-30": "14267.62000", "2014-06-30": "14343.61000", "2014-03-31": "15031.36000", "2013-12-31": "12767.39000", "2013-09-30": "12040.42000", "2013-06-30": "10789.49000", "2013-03-31": "10606.34000", "2012-12-31": "10172.14000", "2012-09-30": "9297.11900", "2012-06-30": "9471.73500", "2012-03-31": "8209.53500", "2011-12-31": "8371.93700", "2011-09-30": "8550.55600", "2011-06-30": "8861.18500", "2011-03-31": "8273.21300", "2010-12-31": "8843.72900", "2010-09-30": "8958.88700", "2010-06-30": "8911.29100", "2010-03-31": "9151.19900", "2009-12-31": "8317.94300", "2009-09-30": "9016.60000", "2009-06-30": "8797.31100", "2009-03-31": "8897.27000", "2008-12-31": "8197.49900", "2008-09-30": "6254.53100", "2008-06-30": "5482.99600", "2008-03-31": "5237.94400", "2007-12-31": "5047.16200", "2007-09-30": "4689.36100", "2007-06-30": "4967.00300", "2007-03-31": "4131.15300", "2006-12-31": "4330.50700", "2006-09-30": "4089.13100", "2006-06-30": "3663.73200", "2006-03-31": "3439.37300", "2005-12-31": "3443.70800", "2005-09-30": "3154.58600", "2005-06-30": "3052.38900", "2005-03-31": "2807.33900"}, "Property, Plant, And Equipment": {"2020-12-31": "175.81800", "2020-09-30": "173.47700", "2020-06-30": "169.31300", "2020-03-31": "154.78000", "2019-12-31": "161.87600", "2019-09-30": "146.71300", "2019-06-30": "141.88800", "2019-03-31": "139.00300", "2018-12-31": "129.21300", "2018-09-30": "121.89000", "2018-06-30": "117.60300", "2018-03-31": "127.05400", "2017-12-31": "128.68200", "2017-09-30": "122.82600", "2017-06-30": "121.94700", "2017-03-31": "122.30400", "2016-12-31": "120.68300", "2016-09-30": "115.01400", "2016-06-30": "110.48500", "2016-03-31": "108.57000", "2015-12-31": "102.62500", "2015-09-30": "94.65200", "2015-06-30": "88.28400", "2015-03-31": "82.72400", "2014-12-31": "79.84500", "2014-09-30": "74.37500", "2014-06-30": "71.46500", "2014-03-31": "66.12300", "2013-12-31": "67.48500", "2013-09-30": "65.38500", "2013-06-30": "65.64400", "2013-03-31": "65.71300", "2012-12-31": "66.54500", "2012-09-30": "68.27000", "2012-06-30": "64.77300", "2012-03-31": "59.32000", "2011-12-31": "56.47100", "2011-09-30": "53.45800", "2011-06-30": "49.45200", "2011-03-31": "46.16100", "2010-12-31": "44.54500", "2010-09-30": "41.91700", "2010-06-30": "38.12300", "2010-03-31": "34.96600", "2009-12-31": "31.73600", "2009-09-30": "30.72200", "2009-06-30": "30.19600", "2009-03-31": "29.34100", "2008-12-31": "30.58900", "2008-09-30": "32.34400", "2008-06-30": "34.78700", "2008-03-31": "36.72500", "2007-12-31": "38.62800", "2007-09-30": "39.01600", "2007-06-30": "40.02800", "2007-03-31": "37.86800", "2006-12-31": "37.30600", "2006-09-30": "36.23600", "2006-06-30": "31.32800", "2006-03-31": "26.92200", "2005-12-31": "25.09900", "2005-09-30": "23.14800", "2005-06-30": "18.78200", "2005-03-31": "16.47600"}, "Long-Term Investments": {"2020-12-31": "49306.82000", "2020-09-30": "40433.91000", "2020-06-30": "32581.31000", "2020-03-31": "27422.95000", "2019-12-31": "29071.69000", "2019-09-30": "28424.03000", "2019-06-30": "23888.83000", "2019-03-31": "22785.33000", "2018-12-31": "24218.59000", "2018-09-30": "25883.58000", "2018-06-30": "26344.13000", "2018-03-31": "25454.18000", "2017-12-31": "24435.17000", "2017-09-30": "24285.81000", "2017-06-30": "22640.09000", "2017-03-31": "21635.25000", "2016-12-31": "21669.96000", "2016-09-30": "21082.82000", "2016-06-30": "21923.11000", "2016-03-31": "23543.81000", "2015-12-31": "25846.66000", "2015-09-30": "24264.74000", "2015-06-30": "22877.16000", "2015-03-31": "23270.59000", "2014-12-31": "22689.84000", "2014-09-30": "21699.01000", "2014-06-30": "18893.95000", "2014-03-31": "14613.55000", "2013-12-31": "13582.32000", "2013-09-30": "11635.05000", "2013-06-30": "11298.77000", "2013-03-31": "12123.95000", "2012-12-31": "12527.44000", "2012-09-30": "12211.54000", "2012-06-30": "11753.26000", "2012-03-31": "12549.48000", "2011-12-31": "11540.49000", "2011-09-30": "10591.35000", "2011-06-30": "10456.10000", "2011-03-31": "10298.89000", "2010-12-31": "8639.48700", "2010-09-30": "6659.26500", "2010-06-30": "5954.57200", "2010-03-31": "4939.08400", "2009-12-31": "4491.71900", "2009-09-30": "3491.28100", "2009-06-30": "2638.38000", "2009-03-31": "2032.15700", "2008-12-31": "1786.10000", "2008-09-30": "1779.97800", "2008-06-30": "1787.99600", "2008-03-31": "1618.54200", "2007-12-31": "1602.57400", "2007-09-30": "1571.61900", "2007-06-30": "1593.95700", "2007-03-31": "1657.53900", "2006-12-31": "1692.34300", "2006-09-30": "1726.49900", "2006-06-30": "1759.38700", "2006-03-31": "1944.33500", "2005-12-31": "2037.27000", "2005-09-30": "2155.69400", "2005-06-30": "2201.01600", "2005-03-31": "2188.18200"}, "Goodwill And Intangible Assets": {"2020-12-31": "204.12000", "2020-09-30": "183.20300", "2020-06-30": "184.54900", "2020-03-31": "185.89500", "2019-12-31": "187.24000", "2019-09-30": "190.11100", "2019-06-30": "192.98100", "2019-03-31": "193.21900", "2018-12-31": "", "2018-09-30": "", "2018-06-30": "", "2018-03-31": "", "2017-12-31": "", "2017-09-30": "", "2017-06-30": "", "2017-03-31": "", "2016-12-31": "", "2016-09-30": "", "2016-06-30": "", "2016-03-31": "", "2015-12-31": "", "2015-09-30": "", "2015-06-30": "", "2015-03-31": "", "2014-12-31": "", "2014-09-30": "", "2014-06-30": "", "2014-03-31": "", "2013-12-31": "", "2013-09-30": "", "2013-06-30": "", "2013-03-31": "", "2012-12-31": "", "2012-09-30": "", "2012-06-30": "", "2012-03-31": "", "2011-12-31": "", "2011-09-30": "", "2011-06-30": "", "2011-03-31": "", "2010-12-31": "", "2010-09-30": "", "2010-06-30": "", "2010-03-31": "", "2009-12-31": "", "2009-09-30": "", "2009-06-30": "", "2009-03-31": "", "2008-12-31": "4.09200", "2008-09-30": "4.09200", "2008-06-30": "4.09200", "2008-03-31": "4.09200", "2007-12-31": "4.09200", "2007-09-30": "4.09200", "2007-06-30": "4.09200", "2007-03-31": "21.29600", "2006-12-31": "21.29600", "2006-09-30": "21.24300", "2006-06-30": "17.20400", "2006-03-31": "35.63800", "2005-12-31": "35.63800", "2005-09-30": "35.63800", "2005-06-30": "35.63900", "2005-03-31": "35.63900"}, "Other Long-Term Assets": {"2020-12-31": "", "2020-09-30": "", "2020-06-30": "", "2020-03-31": "", "2019-12-31": "", "2019-09-30": "", "2019-06-30": "", "2019-03-31": "", "2018-12-31": "", "2018-09-30": "", "2018-06-30": "", "2018-03-31": "", "2017-12-31": "", "2017-09-30": "", "2017-06-30": "", "2017-03-31": "", "2016-12-31": "", "2016-09-30": "", "2016-06-30": "", "2016-03-31": "", "2015-12-31": "", "2015-09-30": "", "2015-06-30": "", "2015-03-31": "", "2014-12-31": "", "2014-09-30": "", "2014-06-30": "", "2014-03-31": "", "2013-12-31": "", "2013-09-30": "", "2013-06-30": "", "2013-03-31": "", "2012-12-31": "", "2012-09-30": "", "2012-06-30": "", "2012-03-31": "", "2011-12-31": "", "2011-09-30": "", "2011-06-30": "", "2011-03-31": "", "2010-12-31": "", "2010-09-30": "", "2010-06-30": "", "2010-03-31": "", "2009-12-31": "", "2009-09-30": "", "2009-06-30": "", "2009-03-31": "", "2008-12-31": "", "2008-09-30": "", "2008-06-30": "", "2008-03-31": "", "2007-12-31": "", "2007-09-30": "", "2007-06-30": "", "2007-03-31": "", "2006-12-31": "", "2006-09-30": "", "2006-06-30": "", "2006-03-31": "", "2005-12-31": "", "2005-09-30": "", "2005-06-30": "", "2005-03-31": ""}, "Total Long-Term Assets": {"2020-12-31": "49686.76000", "2020-09-30": "40790.59000", "2020-06-30": "32935.18000", "2020-03-31": "27763.62000", "2019-12-31": "29420.81000", "2019-09-30": "28760.85000", "2019-06-30": "24223.70000", "2019-03-31": "23117.55000", "2018-12-31": "24347.80000", "2018-09-30": "26005.47000", "2018-06-30": "26461.74000", "2018-03-31": "25581.23000", "2017-12-31": "24563.85000", "2017-09-30": "24408.64000", "2017-06-30": "22762.04000", "2017-03-31": "21757.56000", "2016-12-31": "21790.64000", "2016-09-30": "21197.84000", "2016-06-30": "22033.60000", "2016-03-31": "23652.38000", "2015-12-31": "25949.28000", "2015-09-30": "24359.39000", "2015-06-30": "22965.44000", "2015-03-31": "23353.32000", "2014-12-31": "22769.68000", "2014-09-30": "21773.39000", "2014-06-30": "18965.41000", "2014-03-31": "14679.68000", "2013-12-31": "13649.80000", "2013-09-30": "11700.44000", "2013-06-30": "11364.41000", "2013-03-31": "12189.66000", "2012-12-31": "12593.99000", "2012-09-30": "12279.81000", "2012-06-30": "11818.04000", "2012-03-31": "12608.80000", "2011-12-31": "11596.96000", "2011-09-30": "10644.81000", "2011-06-30": "10505.55000", "2011-03-31": "10345.05000", "2010-12-31": "8684.03200", "2010-09-30": "6701.18200", "2010-06-30": "5992.69500", "2010-03-31": "4974.05000", "2009-12-31": "4523.45500", "2009-09-30": "3522.00300", "2009-06-30": "2668.57600", "2009-03-31": "2061.49800", "2008-12-31": "1820.78100", "2008-09-30": "1816.41400", "2008-06-30": "1826.87500", "2008-03-31": "1659.35900", "2007-12-31": "1645.29400", "2007-09-30": "1614.72700", "2007-06-30": "1638.07700", "2007-03-31": "1716.70300", "2006-12-31": "1750.94500", "2006-09-30": "1783.97800", "2006-06-30": "1807.91900", "2006-03-31": "2006.89500", "2005-12-31": "2098.00700", "2005-09-30": "2214.48000", "2005-06-30": "2255.43700", "2005-03-31": "2240.29700"}, "Total Assets": {"2020-12-31": "115511.00000", "2020-09-30": "96916.77000", "2020-06-30": "85730.98000", "2020-03-31": "75009.64000", "2019-12-31": "71004.91000", "2019-09-30": "68231.23000", "2019-06-30": "63773.74000", "2019-03-31": "60160.29000", "2018-12-31": "56927.98000", "2018-09-30": "58139.73000", "2018-06-30": "55867.75000", "2018-03-31": "53500.79000", "2017-12-31": "51214.47000", "2017-09-30": "50754.29000", "2017-06-30": "48400.38000", "2017-03-31": "46413.34000", "2016-12-31": "44683.66000", "2016-09-30": "43274.04000", "2016-06-30": "43132.65000", "2016-03-31": "43573.90000", "2015-12-31": "44686.70000", "2015-09-30": "41730.98000", "2015-06-30": "40236.12000", "2015-03-31": "39695.99000", "2014-12-31": "39337.87000", "2014-09-30": "36041.01000", "2014-06-30": "33309.02000", "2014-03-31": "29711.04000", "2013-12-31": "26417.19000", "2013-09-30": "23740.86000", "2013-06-30": "22153.90000", "2013-03-31": "22796.00000", "2012-12-31": "22766.12000", "2012-09-30": "21576.93000", "2012-06-30": "21289.77000", "2012-03-31": "20818.34000", "2011-12-31": "19968.89000", "2011-09-30": "19195.36000", "2011-06-30": "19366.73000", "2011-03-31": "18618.27000", "2010-12-31": "17527.76000", "2010-09-30": "15660.07000", "2010-06-30": "14903.99000", "2010-03-31": "14125.25000", "2009-12-31": "12841.40000", "2009-09-30": "12538.60000", "2009-06-30": "11465.89000", "2009-03-31": "10958.77000", "2008-12-31": "10018.28000", "2008-09-30": "8070.94500", "2008-06-30": "7309.87100", "2008-03-31": "6897.30300", "2007-12-31": "6692.45600", "2007-09-30": "6304.08800", "2007-06-30": "6605.08000", "2007-03-31": "5847.85600", "2006-12-31": "6081.45200", "2006-09-30": "5873.10900", "2006-06-30": "5471.65100", "2006-03-31": "5446.26800", "2005-12-31": "5541.71500", "2005-09-30": "5369.06600", "2005-06-30": "5307.82600", "2005-03-31": "5047.63600"}, "Total Current Liabilities": {"2020-12-31": "102002.40000", "2020-09-30": "84792.09000", "2020-06-30": "74556.69000", "2020-03-31": "65050.12000", "2019-12-31": "61775.24000", "2019-09-30": "59561.77000", "2019-06-30": "55634.79000", "2019-03-31": "52341.65000", "2018-12-31": "49960.31000", "2018-09-30": "51227.36000", "2018-06-30": "49304.54000", "2018-03-31": "47038.67000", "2017-12-31": "45287.80000", "2017-09-30": "44816.87000", "2017-06-30": "42465.76000", "2017-03-31": "41084.86000", "2016-12-31": "39492.54000", "2016-09-30": "38191.84000", "2016-06-30": "38099.79000", "2016-03-31": "38759.72000", "2015-12-31": "39917.68000", "2015-09-30": "37053.18000", "2015-06-30": "35629.50000", "2015-03-31": "33929.34000", "2014-12-31": "34351.28000", "2014-09-30": "31129.77000", "2014-06-30": "28357.46000", "2014-03-31": "25481.71000", "2013-12-31": "22478.06000", "2013-09-30": "20002.57000", "2013-06-30": "18695.47000", "2013-03-31": "19317.37000", "2012-12-31": "19342.56000", "2012-09-30": "18233.24000", "2012-06-30": "18074.69000", "2012-03-31": "17566.26000", "2011-12-31": "16709.54000", "2011-09-30": "16139.22000", "2011-06-30": "16278.47000", "2011-03-31": "15365.73000", "2010-12-31": "14374.19000", "2010-09-30": "12474.68000", "2010-06-30": "12185.15000", "2010-03-31": "11553.19000", "2009-12-31": "10370.69000", "2009-09-30": "10107.92000", "2009-06-30": "9025.92300", "2009-03-31": "8538.77400", "2008-12-31": "7535.59200", "2008-09-30": "5857.60900", "2008-06-30": "5193.58000", "2008-03-31": "4889.21300", "2007-12-31": "4701.20300", "2007-09-30": "4343.24000", "2007-06-30": "4711.48900", "2007-03-31": "4459.10000", "2006-12-31": "4741.16200", "2006-09-30": "4784.22700", "2006-06-30": "4447.11500", "2006-03-31": "4438.11000", "2005-12-31": "4532.20500", "2005-09-30": "4411.30300", "2005-06-30": "4373.11900", "2005-03-31": "4156.27500"}, "Long Term Debt": {"2020-12-31": "843.62800", "2020-09-30": "843.43000", "2020-06-30": "843.22000", "2020-03-31": "348.07600", "2019-12-31": "347.98700", "2019-09-30": "697.22700", "2019-06-30": "696.97000", "2019-03-31": "696.71500", "2018-12-31": "696.46500", "2018-09-30": "696.21700", "2018-06-30": "695.97200", "2018-03-31": "695.73100", "2017-12-31": "695.49200", "2017-09-30": "749.61800", "2017-06-30": "749.42900", "2017-03-31": "795.46500", "2016-12-31": "795.70400", "2016-09-30": "795.97100", "2016-06-30": "796.32900", "2016-03-31": "796.57000", "2015-12-31": "796.70200", "2015-09-30": "797.21100", "2015-06-30": "802.45400", "2015-03-31": "802.91700", "2014-12-31": "451.36200", "2014-09-30": "453.76400", "2014-06-30": "454.46200", "2014-03-31": "454.77000", "2013-12-31": "455.21600", "2013-09-30": "455.74400", "2013-06-30": "455.93800", "2013-03-31": "457.19400", "2012-12-31": "457.76200", "2012-09-30": "458.31400", "2012-06-30": "458.23200", "2012-03-31": "601.83500", "2011-12-31": "603.64800", "2011-09-30": "609.55700", "2011-06-30": "609.59600", "2011-03-31": "1204.73300", "2010-12-31": "1209.26000", "2010-09-30": "1225.81000", "2010-06-30": "869.81000", "2010-03-31": "859.71300", "2009-12-31": "856.65000", "2009-09-30": "866.74800", "2009-06-30": "909.64100", "2009-03-31": "964.17500", "2008-12-31": "995.42300", "2008-09-30": "981.94600", "2008-06-30": "975.87800", "2008-03-31": "893.18900", "2007-12-31": "875.25400", "2007-09-30": "855.37000", "2007-06-30": "838.11600", "2007-03-31": "353.15100", "2006-12-31": "352.46500", "2006-09-30": "202.08500", "2006-06-30": "197.84700", "2006-03-31": "199.94400", "2005-12-31": "195.83200", "2005-09-30": "198.62700", "2005-06-30": "208.91700", "2005-03-31": "209.16200"}, "Other Non-Current Liabilities": {"2020-12-31": "3971.97400", "2020-09-30": "3067.22100", "2020-06-30": "2623.40700", "2020-03-31": "2200.95300", "2019-12-31": "2041.75200", "2019-09-30": "1731.22200", "2019-06-30": "1540.47600", "2019-03-31": "1432.92800", "2018-12-31": "1006.35900", "2018-09-30": "1146.10900", "2018-06-30": "1062.39100", "2018-03-31": "1206.66000", "2017-12-31": "911.75500", "2017-09-30": "990.49800", "2017-06-30": "1145.15400", "2017-03-31": "629.55500", "2016-12-31": "618.38300", "2016-09-30": "562.91200", "2016-06-30": "602.74600", "2016-03-31": "506.57100", "2015-12-31": "639.09400", "2015-09-30": "566.37000", "2015-06-30": "614.69000", "2015-03-31": "686.50100", "2014-12-31": "483.49300", "2014-09-30": "517.46200", "2014-06-30": "559.07300", "2014-03-31": "407.57300", "2013-12-31": "404.58600", "2013-09-30": "358.90500", "2013-06-30": "330.39400", "2013-03-31": "359.38000", "2012-12-31": "360.56600", "2012-09-30": "330.03800", "2012-06-30": "312.52300", "2012-03-31": "307.53700", "2011-12-31": "405.32100", "2011-09-30": "254.25600", "2011-06-30": "462.61400", "2011-03-31": "200.76800", "2010-12-31": "196.03700", "2010-09-30": "263.28300", "2010-06-30": "222.07300", "2010-03-31": "163.18700", "2009-12-31": "139.94700", "2009-09-30": "171.16600", "2009-06-30": "205.11300", "2009-03-31": "163.42200", "2008-12-31": "175.55300", "2008-09-30": "175.74000", "2008-06-30": "163.91100", "2008-03-31": "167.01600", "2007-12-31": "199.24300", "2007-09-30": "196.71300", "2007-06-30": "169.39300", "2007-03-31": "187.14700", "2006-12-31": "193.29600", "2006-09-30": "134.32900", "2006-06-30": "105.53500", "2006-03-31": "83.73100", "2005-12-31": "124.92100", "2005-09-30": "103.97300", "2005-06-30": "94.78000", "2005-03-31": "80.40900"}, "Total Long Term Liabilities": {"2020-12-31": "4815.60200", "2020-09-30": "3910.65100", "2020-06-30": "3466.62700", "2020-03-31": "2549.02900", "2019-12-31": "2389.73900", "2019-09-30": "2428.44900", "2019-06-30": "2237.44600", "2019-03-31": "2129.64300", "2018-12-31": "1702.82400", "2018-09-30": "1842.32600", "2018-06-30": "1758.36300", "2018-03-31": "1902.39100", "2017-12-31": "1607.24700", "2017-09-30": "1740.11600", "2017-06-30": "1894.58300", "2017-03-31": "1425.02000", "2016-12-31": "1414.08700", "2016-09-30": "1358.88300", "2016-06-30": "1399.07500", "2016-03-31": "1303.14100", "2015-12-31": "1435.79600", "2015-09-30": "1363.58100", "2015-06-30": "1417.14400", "2015-03-31": "1489.41800", "2014-12-31": "934.85500", "2014-09-30": "971.22600", "2014-06-30": "1013.53500", "2014-03-31": "862.34300", "2013-12-31": "859.80200", "2013-09-30": "814.64900", "2013-06-30": "786.33200", "2013-03-31": "816.57400", "2012-12-31": "818.32800", "2012-09-30": "788.35200", "2012-06-30": "770.75500", "2012-03-31": "909.37200", "2011-12-31": "1008.96900", "2011-09-30": "863.81300", "2011-06-30": "1072.21000", "2011-03-31": "1405.50100", "2010-12-31": "1405.29700", "2010-09-30": "1489.09300", "2010-06-30": "1091.88300", "2010-03-31": "1022.90000", "2009-12-31": "996.59700", "2009-09-30": "1037.91400", "2009-06-30": "1114.75400", "2009-03-31": "1127.59700", "2008-12-31": "1170.97600", "2008-09-30": "1482.68400", "2008-06-30": "1431.16400", "2008-03-31": "1332.93400", "2007-12-31": "1314.59900", "2007-09-30": "1288.21400", "2007-06-30": "1224.68100", "2007-03-31": "735.29100", "2006-12-31": "711.77600", "2006-09-30": "493.10400", "2006-06-30": "456.41500", "2006-03-31": "422.04000", "2005-12-31": "440.20900", "2005-09-30": "411.91600", "2005-06-30": "401.77700", "2005-03-31": "374.49500"}, "Total Liabilities": {"2020-12-31": "107077.50000", "2020-09-30": "88949.39000", "2020-06-30": "78262.67000", "2020-03-31": "67826.42000", "2019-12-31": "64383.82000", "2019-09-30": "62182.77000", "2019-06-30": "58067.56000", "2019-03-31": "54676.46000", "2018-12-31": "51663.14000", "2018-09-30": "53069.69000", "2018-06-30": "51062.90000", "2018-03-31": "48941.06000", "2017-12-31": "46895.05000", "2017-09-30": "46556.99000", "2017-06-30": "44360.34000", "2017-03-31": "42509.88000", "2016-12-31": "40906.62000", "2016-09-30": "39550.72000", "2016-06-30": "39498.86000", "2016-03-31": "40062.86000", "2015-12-31": "41353.47000", "2015-09-30": "38416.75000", "2015-06-30": "37046.64000", "2015-03-31": "35418.76000", "2014-12-31": "35286.14000", "2014-09-30": "32100.99000", "2014-06-30": "29370.99000", "2014-03-31": "26344.06000", "2013-12-31": "23337.86000", "2013-09-30": "20817.22000", "2013-06-30": "19481.81000", "2013-03-31": "20133.94000", "2012-12-31": "20160.89000", "2012-09-30": "19021.59000", "2012-06-30": "18845.45000", "2012-03-31": "18475.63000", "2011-12-31": "17718.51000", "2011-09-30": "17003.04000", "2011-06-30": "17350.68000", "2011-03-31": "16771.23000", "2010-12-31": "15779.48000", "2010-09-30": "13963.77000", "2010-06-30": "13277.03000", "2010-03-31": "12576.09000", "2009-12-31": "11367.29000", "2009-09-30": "11145.83000", "2009-06-30": "10140.68000", "2009-03-31": "9666.37100", "2008-12-31": "8706.56800", "2008-09-30": "7340.29300", "2008-06-30": "6624.74400", "2008-03-31": "6222.14700", "2007-12-31": "6015.80200", "2007-09-30": "5631.45400", "2007-06-30": "5936.17000", "2007-03-31": "5194.39100", "2006-12-31": "5452.93800", "2006-09-30": "5277.33100", "2006-06-30": "4903.53000", "2006-03-31": "4860.15000", "2005-12-31": "4972.41400", "2005-09-30": "4823.21900", "2005-06-30": "4774.89600", "2005-03-31": "4530.77000"}, "Common Stock Net": {"2020-12-31": "0.05200", "2020-09-30": "0.05200", "2020-06-30": "0.05200", "2020-03-31": "0.05200", "2019-12-31": "0.05200", "2019-09-30": "0.05200", "2019-06-30": "0.05200", "2019-03-31": "0.05200", "2018-12-31": "0.05300", "2018-09-30": "0.05300", "2018-06-30": "0.05300", "2018-03-31": "0.05300", "2017-12-31": "0.05300", "2017-09-30": "0.05300", "2017-06-30": "0.05300", "2017-03-31": "0.05200", "2016-12-31": "0.05200", "2016-09-30": "0.05200", "2016-06-30": "0.05200", "2016-03-31": "0.05200", "2015-12-31": "0.05200", "2015-09-30": "0.05100", "2015-06-30": "0.05100", "2015-03-31": "0.05100", "2014-12-31": "0.05100", "2014-09-30": "0.05100", "2014-06-30": "0.05100", "2014-03-31": "0.04600", "2013-12-31": "0.04600", "2013-09-30": "0.04600", "2013-06-30": "0.04500", "2013-03-31": "0.04500", "2012-12-31": "0.04500", "2012-09-30": "0.04500", "2012-06-30": "0.04400", "2012-03-31": "0.04400", "2011-12-31": "0.04400", "2011-09-30": "0.04300", "2011-06-30": "0.04300", "2011-03-31": "0.04300", "2010-12-31": "0.04200", "2010-09-30": "0.04200", "2010-06-30": "0.04200", "2010-03-31": "0.04200", "2009-12-31": "0.04100", "2009-09-30": "0.03300", "2009-06-30": "0.03300", "2009-03-31": "0.03300", "2008-12-31": "0.03300", "2008-09-30": "0.03300", "2008-06-30": "0.03200", "2008-03-31": "0.03200", "2007-12-31": "0.03300", "2007-09-30": "0.03300", "2007-06-30": "0.03400", "2007-03-31": "0.03400", "2006-12-31": "0.03400", "2006-09-30": "0.03400", "2006-06-30": "0.03500", "2006-03-31": "0.03500", "2005-12-31": "0.03500", "2005-09-30": "0.03500", "2005-06-30": "0.03500", "2005-03-31": "0.03500"}, "Retained Earnings (Accumulated Deficit)": {"2020-12-31": "5671.74900", "2020-09-30": "5283.43300", "2020-06-30": "4841.72000", "2020-03-31": "4612.78500", "2019-12-31": "4575.60100", "2019-09-30": "4312.74500", "2019-06-30": "4051.19400", "2019-03-31": "3963.96500", "2018-12-31": "3791.83800", "2018-09-30": "3672.69600", "2018-06-30": "3397.87900", "2018-03-31": "3160.08100", "2017-12-31": "2866.83700", "2017-09-30": "2749.62700", "2017-06-30": "2601.00700", "2017-03-31": "2477.81400", "2016-12-31": "2376.33100", "2016-09-30": "2276.86500", "2016-06-30": "2165.78400", "2016-03-31": "2072.82000", "2015-12-31": "1993.64600", "2015-09-30": "1906.13500", "2015-06-30": "1824.62600", "2015-03-31": "1738.48300", "2014-12-31": "1649.96700", "2014-09-30": "1595.82500", "2014-06-30": "1532.83000", "2014-03-31": "1482.03300", "2013-12-31": "1390.73200", "2013-09-30": "1331.97500", "2013-06-30": "1264.35400", "2013-03-31": "1215.77000", "2012-12-31": "1174.87800", "2012-09-30": "1124.41500", "2012-06-30": "1082.12600", "2012-03-31": "1034.52300", "2011-12-31": "999.73300", "2011-09-30": "964.15900", "2011-06-30": "926.58800", "2011-03-31": "860.83800", "2010-12-31": "827.83100", "2010-09-30": "810.37900", "2010-06-30": "772.59200", "2010-03-31": "751.47200", "2009-12-31": "732.90700", "2009-09-30": "726.45500", "2009-06-30": "705.84700", "2009-03-31": "701.70800", "2008-12-31": "709.72600", "2008-09-30": "725.73700", "2008-06-30": "698.72900", "2008-03-31": "678.07800", "2007-12-31": "682.91100", "2007-09-30": "687.35000", "2007-06-30": "690.35000", "2007-03-31": "668.48600", "2006-12-31": "641.52800", "2006-09-30": "614.96400", "2006-06-30": "596.12800", "2006-03-31": "609.76400", "2005-12-31": "587.71300", "2005-09-30": "562.06700", "2005-06-30": "539.03500", "2005-03-31": "511.65900"}, "Comprehensive Income": {"2020-12-31": "622.51700", "2020-09-30": "620.39400", "2020-06-30": "614.73500", "2020-03-31": "592.53400", "2019-12-31": "84.44500", "2019-09-30": "136.15300", "2019-06-30": "81.23200", "2019-03-31": "-15.37400", "2018-12-31": "-54.12000", "2018-09-30": "-108.41000", "2018-06-30": "-86.86500", "2018-03-31": "-71.68600", "2017-12-31": "-1.47200", "2017-09-30": "15.63400", "2017-06-30": "14.89000", "2017-03-31": "17.95800", "2016-12-31": "23.43000", "2016-09-30": "96.57900", "2016-06-30": "129.92100", "2016-03-31": "115.39000", "2015-12-31": "15.40400", "2015-09-30": "97.06400", "2015-06-30": "63.91700", "2015-03-31": "92.66800", "2014-12-31": "42.70400", "2014-09-30": "18.74400", "2014-06-30": "50.27600", "2014-03-31": "-30.39000", "2013-12-31": "-48.76400", "2013-09-30": "5.44300", "2013-06-30": "-9.77100", "2013-03-31": "95.61500", "2012-12-31": "108.55300", "2012-09-30": "122.01000", "2012-06-30": "104.07700", "2012-03-31": "89.30900", "2011-12-31": "85.39900", "2011-09-30": "99.45300", "2011-06-30": "47.37700", "2011-03-31": "9.24000", "2010-12-31": "24.14300", "2010-09-30": "47.60000", "2010-06-30": "59.94800", "2010-03-31": "23.45600", "2009-12-31": "5.90500", "2009-09-30": "25.51300", "2009-06-30": "4.47000", "2009-03-31": "-3.16200", "2008-12-31": "-5.78900", "2008-09-30": "-18.93400", "2008-06-30": "-13.63400", "2008-03-31": "-2.95400", "2007-12-31": "-6.29000", "2007-09-30": "-14.74900", "2007-06-30": "-25.32500", "2007-03-31": "-15.05500", "2006-12-31": "-17.92100", "2006-09-30": "-19.22000", "2006-06-30": "-36.91800", "2006-03-31": "-31.49300", "2005-12-31": "-21.09400", "2005-09-30": "-14.84000", "2005-06-30": "-2.23200", "2005-03-31": "-10.91200"}, "Other Share Holders Equity": {"2020-12-31": "", "2020-09-30": "", "2020-06-30": "", "2020-03-31": "", "2019-12-31": "", "2019-09-30": "", "2019-06-30": "", "2019-03-31": "", "2018-12-31": "", "2018-09-30": "", "2018-06-30": "", "2018-03-31": "", "2017-12-31": "", "2017-09-30": "", "2017-06-30": "", "2017-03-31": "", "2016-12-31": "", "2016-09-30": "", "2016-06-30": "", "2016-03-31": "", "2015-12-31": "", "2015-09-30": "", "2015-06-30": "", "2015-03-31": "", "2014-12-31": "", "2014-09-30": "", "2014-06-30": "", "2014-03-31": "", "2013-12-31": "", "2013-09-30": "", "2013-06-30": "", "2013-03-31": "", "2012-12-31": "", "2012-09-30": "", "2012-06-30": "", "2012-03-31": "", "2011-12-31": "", "2011-09-30": "", "2011-06-30": "", "2011-03-31": "", "2010-12-31": "", "2010-09-30": "", "2010-06-30": "", "2010-03-31": "", "2009-12-31": "", "2009-09-30": "", "2009-06-30": "", "2009-03-31": "", "2008-12-31": "", "2008-09-30": "", "2008-06-30": "", "2008-03-31": "", "2007-12-31": "", "2007-09-30": "", "2007-06-30": "", "2007-03-31": "", "2006-12-31": "", "2006-09-30": "", "2006-06-30": "", "2006-03-31": "", "2005-12-31": "", "2005-09-30": "", "2005-06-30": "", "2005-03-31": ""}, "Share Holder Equity": {"2020-12-31": "8433.49100", "2020-09-30": "7967.38000", "2020-06-30": "7468.31300", "2020-03-31": "7183.22100", "2019-12-31": "6621.08000", "2019-09-30": "6048.46900", "2019-06-30": "5706.17500", "2019-03-31": "5483.82300", "2018-12-31": "5264.84300", "2018-09-30": "5070.04500", "2018-06-30": "4804.84100", "2018-03-31": "4559.72400", "2017-12-31": "4319.41500", "2017-09-30": "4197.29800", "2017-06-30": "4040.03500", "2017-03-31": "3903.45600", "2016-12-31": "3777.03700", "2016-09-30": "3723.31700", "2016-06-30": "3633.79300", "2016-03-31": "3511.04000", "2015-12-31": "3333.23100", "2015-09-30": "3314.22800", "2015-06-30": "3189.47200", "2015-03-31": "4277.23100", "2014-12-31": "4051.73400", "2014-09-30": "3940.01600", "2014-06-30": "3938.02400", "2014-03-31": "3366.98100", "2013-12-31": "3079.32800", "2013-09-30": "2923.64400", "2013-06-30": "2672.09500", "2013-03-31": "2662.05800", "2012-12-31": "2605.23300", "2012-09-30": "2555.34600", "2012-06-30": "2444.32500", "2012-03-31": "2342.70300", "2011-12-31": "2250.38900", "2011-09-30": "2192.32800", "2011-06-30": "2016.05100", "2011-03-31": "1847.03100", "2010-12-31": "1748.27800", "2010-09-30": "1696.29600", "2010-06-30": "1626.95500", "2010-03-31": "1549.16000", "2009-12-31": "1474.11000", "2009-09-30": "1392.77200", "2009-06-30": "1325.21000", "2009-03-31": "1292.39700", "2008-12-31": "1311.71200", "2008-09-30": "730.65200", "2008-06-30": "685.12700", "2008-03-31": "675.15600", "2007-12-31": "676.65400", "2007-09-30": "672.63400", "2007-06-30": "668.91000", "2007-03-31": "653.46500", "2006-12-31": "628.51400", "2006-09-30": "595.77800", "2006-06-30": "568.12100", "2006-03-31": "586.11800", "2005-12-31": "569.30100", "2005-09-30": "545.84700", "2005-06-30": "532.93000", "2005-03-31": "516.86600"}, "Total Liabilities And Share Holders Equity": {"2020-12-31": "115511.00000", "2020-09-30": "96916.77000", "2020-06-30": "85730.98000", "2020-03-31": "75009.64000", "2019-12-31": "71004.91000", "2019-09-30": "68231.23000", "2019-06-30": "63773.74000", "2019-03-31": "60160.29000", "2018-12-31": "56927.98000", "2018-09-30": "58139.73000", "2018-06-30": "55867.75000", "2018-03-31": "53500.79000", "2017-12-31": "51214.47000", "2017-09-30": "50754.29000", "2017-06-30": "48400.38000", "2017-03-31": "46413.34000", "2016-12-31": "44683.66000", "2016-09-30": "43274.04000", "2016-06-30": "43132.65000", "2016-03-31": "43573.90000", "2015-12-31": "44686.70000", "2015-09-30": "41730.98000", "2015-06-30": "40236.12000", "2015-03-31": "39695.99000", "2014-12-31": "39337.87000", "2014-09-30": "36041.01000", "2014-06-30": "33309.02000", "2014-03-31": "29711.04000", "2013-12-31": "26417.19000", "2013-09-30": "23740.86000", "2013-06-30": "22153.90000", "2013-03-31": "22796.00000", "2012-12-31": "22766.12000", "2012-09-30": "21576.93000", "2012-06-30": "21289.77000", "2012-03-31": "20818.34000", "2011-12-31": "19968.89000", "2011-09-30": "19195.36000", "2011-06-30": "19366.73000", "2011-03-31": "18618.27000", "2010-12-31": "17527.76000", "2010-09-30": "15660.07000", "2010-06-30": "14903.99000", "2010-03-31": "14125.25000", "2009-12-31": "12841.40000", "2009-09-30": "12538.60000", "2009-06-30": "11465.89000", "2009-03-31": "10958.77000", "2008-12-31": "10018.28000", "2008-09-30": "8070.94500", "2008-06-30": "7309.87100", "2008-03-31": "6897.30300", "2007-12-31": "6692.45600", "2007-09-30": "6304.08800", "2007-06-30": "6605.08000", "2007-03-31": "5847.85600", "2006-12-31": "6081.45200", "2006-09-30": "5873.10900", "2006-06-30": "5471.65100", "2006-03-31": "5446.26800", "2005-12-31": "5541.71500", "2005-09-30": "5369.06600", "2005-06-30": "5307.82600", "2005-03-31": "5047.63600"}}, "cash flow statement": {"Net Income/Loss": {"2020-12-31": "0.00000", "2019-12-31": "1184.71700", "2018-12-31": "1011.34800", "2017-12-31": "519.17800", "2016-12-31": "390.26600", "2015-12-31": "374.82000", "2014-12-31": "478.66000", "2013-12-31": "544.78300", "2012-12-31": "249.81300", "2011-12-31": "282.79300", "2010-12-31": "136.81700", "2009-12-31": "10.64000", "2008-12-31": "55.14700", "2007-12-31": "148.92500", "2006-12-31": "89.38500", "2005-12-31": "92.53700"}, "Total Depreciation And Amortization - Cash Flow": {"2020-12-31": "", "2019-12-31": "9.61600", "2018-12-31": "-24.52400", "2017-12-31": "-16.18500", "2016-12-31": "-44.74900", "2015-12-31": "-31.10500", "2014-12-31": "-18.06800", "2013-12-31": "-6.97400", "2012-12-31": "25.18500", "2011-12-31": "-5.81900", "2010-12-31": "-3.19300", "2009-12-31": "-12.98700", "2008-12-31": "-18.74000", "2007-12-31": "34.19200", "2006-12-31": "28.89100", "2005-12-31": "2.11300"}, "Other Non-Cash Items": {"2020-12-31": "", "2019-12-31": "70.63500", "2018-12-31": "15.60200", "2017-12-31": "84.62700", "2016-12-31": "110.73000", "2015-12-31": "-26.62100", "2014-12-31": "-207.16800", "2013-12-31": "-315.25200", "2012-12-31": "-56.17700", "2011-12-31": "-165.57000", "2010-12-31": "-36.59400", "2009-12-31": "147.24500", "2008-12-31": "143.54300", "2007-12-31": "-21.13900", "2006-12-31": "32.83100", "2005-12-31": "16.02000"}, "Total Non-Cash Items": {"2020-12-31": "", "2019-12-31": "80.25100", "2018-12-31": "-8.92200", "2017-12-31": "68.44200", "2016-12-31": "65.98100", "2015-12-31": "-57.72600", "2014-12-31": "-225.23600", "2013-12-31": "-322.22600", "2012-12-31": "-30.99200", "2011-12-31": "-171.38900", "2010-12-31": "-39.78700", "2009-12-31": "134.25800", "2008-12-31": "124.80300", "2007-12-31": "13.05300", "2006-12-31": "61.72200", "2005-12-31": "18.13300"}, "Change In Accounts Receivable": {"2020-12-31": "", "2019-12-31": "-24.18900", "2018-12-31": "-55.83400", "2017-12-31": "-31.37200", "2016-12-31": "-3.66300", "2015-12-31": "-8.39700", "2014-12-31": "-26.64200", "2013-12-31": "-3.24100", "2012-12-31": "-6.25400", "2011-12-31": "-12.37000", "2010-12-31": "1.56000", "2009-12-31": "-9.98800", "2008-12-31": "-4.69000", "2007-12-31": "0.42000", "2006-12-31": "-1.73600", "2005-12-31": "-9.69300"}, "Change In Inventories": {"2020-12-31": "", "2019-12-31": "", "2018-12-31": "", "2017-12-31": "", "2016-12-31": "", "2015-12-31": "", "2014-12-31": "", "2013-12-31": "", "2012-12-31": "", "2011-12-31": "", "2010-12-31": "", "2009-12-31": "", "2008-12-31": "", "2007-12-31": "", "2006-12-31": "", "2005-12-31": ""}, "Change In Accounts Payable": {"2020-12-31": "", "2019-12-31": "", "2018-12-31": "", "2017-12-31": "", "2016-12-31": "", "2015-12-31": "", "2014-12-31": "", "2013-12-31": "", "2012-12-31": "", "2011-12-31": "", "2010-12-31": "", "2009-12-31": "", "2008-12-31": "", "2007-12-31": "", "2006-12-31": "", "2005-12-31": ""}, "Change In Assets/Liabilities": {"2020-12-31": "", "2019-12-31": "-49.76700", "2018-12-31": "-64.08400", "2017-12-31": "12.76000", "2016-12-31": "30.79600", "2015-12-31": "10.06400", "2014-12-31": "29.58300", "2013-12-31": "-45.65200", "2012-12-31": "-10.17200", "2011-12-31": "32.76400", "2010-12-31": "6.74900", "2009-12-31": "-35.09400", "2008-12-31": "-16.50700", "2007-12-31": "-11.08700", "2006-12-31": "-15.63200", "2005-12-31": "9.02200"}, "Total Change In Assets/Liabilities": {"2020-12-31": "", "2019-12-31": "-100.83900", "2018-12-31": "-68.86400", "2017-12-31": "59.24500", "2016-12-31": "15.51300", "2015-12-31": "22.10300", "2014-12-31": "1.84400", "2013-12-31": "-50.77900", "2012-12-31": "-22.71300", "2011-12-31": "54.98800", "2010-12-31": "66.19800", "2009-12-31": "-57.93500", "2008-12-31": "-52.90500", "2007-12-31": "12.01300", "2006-12-31": "-23.39800", "2005-12-31": "2.95800"}, "Cash Flow From Operating Activities": {"2020-12-31": "", "2019-12-31": "1164.12900", "2018-12-31": "933.56200", "2017-12-31": "646.86500", "2016-12-31": "471.76000", "2015-12-31": "339.19700", "2014-12-31": "255.26800", "2013-12-31": "171.77800", "2012-12-31": "196.10800", "2011-12-31": "166.39200", "2010-12-31": "163.22800", "2009-12-31": "86.96300", "2008-12-31": "127.04500", "2007-12-31": "173.99100", "2006-12-31": "127.70900", "2005-12-31": "113.62800"}, "Net Change In Property, Plant, And Equipment": {"2020-12-31": "", "2019-12-31": "-65.47900", "2018-12-31": "-45.86500", "2017-12-31": "-50.88400", "2016-12-31": "-53.31100", "2015-12-31": "-53.91800", "2014-12-31": "-42.43100", "2013-12-31": "-30.00400", "2012-12-31": "-34.26000", "2011-12-31": "-30.85600", "2010-12-31": "-27.05600", "2009-12-31": "-15.96300", "2008-12-31": "-8.54400", "2007-12-31": "-12.85200", "2006-12-31": "-20.69700", "2005-12-31": "-18.25500"}, "Net Change In Intangible Assets": {"2020-12-31": "", "2019-12-31": "", "2018-12-31": "", "2017-12-31": "", "2016-12-31": "", "2015-12-31": "", "2014-12-31": "", "2013-12-31": "", "2012-12-31": "", "2011-12-31": "", "2010-12-31": "-0.36000", "2009-12-31": "", "2008-12-31": "0.00000", "2007-12-31": "", "2006-12-31": "", "2005-12-31": ""}, "Net Acquisitions/Divestitures": {"2020-12-31": "", "2019-12-31": "-102.32800", "2018-12-31": "", "2017-12-31": "", "2016-12-31": "", "2015-12-31": "", "2014-12-31": "", "2013-12-31": "", "2012-12-31": "", "2011-12-31": "", "2010-12-31": "-1.30000", "2009-12-31": "", "2008-12-31": "", "2007-12-31": "-0.39500", "2006-12-31": "-3.99400", "2005-12-31": ""}, "Net Change In Short-term Investments": {"2020-12-31": "", "2019-12-31": "", "2018-12-31": "", "2017-12-31": "", "2016-12-31": "", "2015-12-31": "", "2014-12-31": "", "2013-12-31": "", "2012-12-31": "", "2011-12-31": "", "2010-12-31": "", "2009-12-31": "", "2008-12-31": "", "2007-12-31": "", "2006-12-31": "", "2005-12-31": ""}, "Net Change In Long-Term Investments": {"2020-12-31": "", "2019-12-31": "-4430.29900", "2018-12-31": "420.89890", "2017-12-31": "-2752.51300", "2016-12-31": "4192.15300", "2015-12-31": "-4168.15300", "2014-12-31": "-8717.12300", "2013-12-31": "-876.49540", "2012-12-31": "-900.42110", "2011-12-31": "-2603.52100", "2010-12-31": "-4057.89800", "2009-12-31": "-2710.41600", "2008-12-31": "-189.87300", "2007-12-31": "174.95300", "2006-12-31": "360.97700", "2005-12-31": "-11.60990"}, "Net Change In Investments - Total": {"2020-12-31": "", "2019-12-31": "-4430.29900", "2018-12-31": "420.89890", "2017-12-31": "-2752.51300", "2016-12-31": "4192.15300", "2015-12-31": "-4168.15300", "2014-12-31": "-8717.12300", "2013-12-31": "-876.49540", "2012-12-31": "-900.42110", "2011-12-31": "-2603.52100", "2010-12-31": "-4057.89800", "2009-12-31": "-2710.41600", "2008-12-31": "-189.87300", "2007-12-31": "174.95300", "2006-12-31": "360.97700", "2005-12-31": "-11.60990"}, "Investing Activities - Other": {"2020-12-31": "", "2019-12-31": "-4773.77500", "2018-12-31": "-5175.40900", "2017-12-31": "-3167.09900", "2016-12-31": "-3157.28100", "2015-12-31": "-2273.66500", "2014-12-31": "-3474.12700", "2013-12-31": "-1932.48900", "2012-12-31": "-1951.68700", "2011-12-31": "-1404.57900", "2010-12-31": "-966.09300", "2009-12-31": "868.91300", "2008-12-31": "-1359.09600", "2007-12-31": "-677.21200", "2006-12-31": "-635.85500", "2005-12-31": "-538.02800"}, "Cash Flow From Investing Activities": {"2020-12-31": "", "2019-12-31": "-9371.88200", "2018-12-31": "-4800.37500", "2017-12-31": "-5970.49600", "2016-12-31": "981.56100", "2015-12-31": "-6495.73600", "2014-12-31": "-12233.68000", "2013-12-31": "-2838.98800", "2012-12-31": "-2886.36800", "2011-12-31": "-4038.95600", "2010-12-31": "-5052.70700", "2009-12-31": "-1857.46600", "2008-12-31": "-1557.51300", "2007-12-31": "-515.50600", "2006-12-31": "-299.56900", "2005-12-31": "-567.89300"}, "Net Long-Term Debt": {"2020-12-31": "", "2019-12-31": "-358.39500", "2018-12-31": "", "2017-12-31": "-97.78100", "2016-12-31": "", "2015-12-31": "", "2014-12-31": "", "2013-12-31": "", "2012-12-31": "-142.65100", "2011-12-31": "-563.66300", "2010-12-31": "342.51500", "2009-12-31": "-102.57800", "2008-12-31": "21.68800", "2007-12-31": "494.93000", "2006-12-31": "149.89600", "2005-12-31": "-0.06400"}, "Net Current Debt": {"2020-12-31": "", "2019-12-31": "-613.98200", "2018-12-31": "-402.31800", "2017-12-31": "521.06200", "2016-12-31": "-262.23200", "2015-12-31": "1113.55000", "2014-12-31": "2.70100", "2013-12-31": "-161.03000", "2012-12-31": "166.11000", "2011-12-31": "-37.24500", "2010-12-31": "-1.51000", "2009-12-31": "-23.36500", "2008-12-31": "-27.88000", "2007-12-31": "-593.53700", "2006-12-31": "404.06200", "2005-12-31": "269.65500"}, "Debt Issuance/Retirement Net - Total": {"2020-12-31": "", "2019-12-31": "-972.37700", "2018-12-31": "-402.31800", "2017-12-31": "423.28100", "2016-12-31": "-262.23200", "2015-12-31": "1113.55000", "2014-12-31": "2.70100", "2013-12-31": "-161.03000", "2012-12-31": "23.45900", "2011-12-31": "-600.90800", "2010-12-31": "341.00500", "2009-12-31": "-125.94300", "2008-12-31": "-6.19200", "2007-12-31": "-98.60700", "2006-12-31": "553.95800", "2005-12-31": "269.59100"}, "Net Common Equity Issued/Repurchased": {"2020-12-31": "", "2019-12-31": "-327.69300", "2018-12-31": "-128.73600", "2017-12-31": "27.00300", "2016-12-31": "26.14700", "2015-12-31": "22.41000", "2014-12-31": "457.01200", "2013-12-31": "46.56900", "2012-12-31": "29.28200", "2011-12-31": "36.87300", "2010-12-31": "24.01900", "2009-12-31": "297.98000", "2008-12-31": "-12.81200", "2007-12-31": "-115.54200", "2006-12-31": "-69.88700", "2005-12-31": "-59.03700"}, "Net Total Equity Issued/Repurchased": {"2020-12-31": "", "2019-12-31": "12.44500", "2018-12-31": "-128.73600", "2017-12-31": "27.00300", "2016-12-31": "26.14700", "2015-12-31": "22.41000", "2014-12-31": "457.01200", "2013-12-31": "46.56900", "2012-12-31": "29.28200", "2011-12-31": "36.87300", "2010-12-31": "24.01900", "2009-12-31": "62.98000", "2008-12-31": "222.18800", "2007-12-31": "-115.54200", "2006-12-31": "-69.88700", "2005-12-31": "-59.03700"}, "Total Common And Preferred Stock Dividends Paid": {"2020-12-31": "", "2019-12-31": "", "2018-12-31": "", "2017-12-31": "", "2016-12-31": "", "2015-12-31": "", "2014-12-31": "", "2013-12-31": "", "2012-12-31": "", "2011-12-31": "", "2010-12-31": "", "2009-12-31": "-12.11000", "2008-12-31": "", "2007-12-31": "", "2006-12-31": "", "2005-12-31": ""}, "Financial Activities - Other": {"2020-12-31": "", "2019-12-31": "12377.93000", "2018-12-31": "5046.33100", "2017-12-31": "5250.67200", "2016-12-31": "-174.74300", "2015-12-31": "4712.82200", "2014-12-31": "11790.94000", "2013-12-31": "3311.46700", "2012-12-31": "2531.55400", "2011-12-31": "2475.11500", "2010-12-31": "4088.03400", "2009-12-31": "2921.70400", "2008-12-31": "2968.02300", "2007-12-31": "606.25300", "2006-12-31": "-141.72400", "2005-12-31": "78.59100"}, "Cash Flow From Financial Activities": {"2020-12-31": "", "2019-12-31": "11418.00000", "2018-12-31": "4515.27700", "2017-12-31": "5700.95600", "2016-12-31": "-410.82800", "2015-12-31": "5848.78200", "2014-12-31": "12250.65000", "2013-12-31": "3197.00600", "2012-12-31": "2584.29500", "2011-12-31": "1911.08000", "2010-12-31": "4453.05800", "2009-12-31": "2846.63100", "2008-12-31": "3184.01900", "2007-12-31": "392.10400", "2006-12-31": "342.34700", "2005-12-31": "289.14500"}, "Net Cash Flow": {"2020-12-31": "", "2019-12-31": "3210.24400", "2018-12-31": "648.46400", "2017-12-31": "377.32500", "2016-12-31": "1042.49300", "2015-12-31": "-307.75700", "2014-12-31": "272.23500", "2013-12-31": "529.79600", "2012-12-31": "-105.96500", "2011-12-31": "-1961.48400", "2010-12-31": "-436.42100", "2009-12-31": "1076.12800", "2008-12-31": "1753.55100", "2007-12-31": "50.58900", "2006-12-31": "170.48700", "2005-12-31": "-165.12000"}, "Stock-Based Compensation": {"2020-12-31": "", "2019-12-31": "", "2018-12-31": "", "2017-12-31": "", "2016-12-31": "35.49400", "2015-12-31": "32.23900", "2014-12-31": "29.54500", "2013-12-31": "", "2012-12-31": "21.86100", "2011-12-31": "18.22100", "2010-12-31": "13.76100", "2009-12-31": "14.78400", "2008-12-31": "13.60600", "2007-12-31": "15.13100", "2006-12-31": "21.34000", "2005-12-31": "7.87300"}, "Common Stock Dividends Paid": {"2020-12-31": "", "2019-12-31": "", "2018-12-31": "", "2017-12-31": "", "2016-12-31": "", "2015-12-31": "", "2014-12-31": "", "2013-12-31": "", "2012-12-31": "", "2011-12-31": "", "2010-12-31": "", "2009-12-31": "", "2008-12-31": "", "2007-12-31": "", "2006-12-31": "", "2005-12-31": ""}}, "cash flow statement, quarterly": {"Net Income/Loss": {"2020-12-31": -855.493, "2020-09-30": 474.055, "2020-06-30": 247.789, "2020-03-31": "133.64900", "2019-12-31": 274.816, "2019-09-30": 281.718, "2019-06-30": 336.571, "2019-03-31": "291.61200", "2018-12-31": 274.931, "2018-09-30": 281.365, "2018-06-30": 247.026, "2018-03-31": "208.02600", "2017-12-31": 124.664, "2017-09-30": 154.118, "2017-06-30": 132.516, "2017-03-31": "107.88000", "2016-12-31": 103.642, "2016-09-30": 115.647, "2016-06-30": 94.38, "2016-03-31": "76.59700", "2015-12-31": 90.009, "2015-09-30": 87.962, "2015-06-30": 94.459, "2015-03-31": "102.39000", "2014-12-31": 129.795, "2014-09-30": 64.154, "2014-06-30": 10.356, "2014-03-31": "274.35500", "2013-12-31": 191.57, "2013-09-30": 216.18, "2013-06-30": 76.488, "2013-03-31": "60.54500", "2012-12-31": 99.662, "2012-09-30": 53.14, "2012-06-30": 57.078, "2012-03-31": "39.93300", "2011-12-31": 43.89, "2011-09-30": 76.076, "2011-06-30": 89.732, "2011-03-31": "73.09500", "2010-12-31": 33.982, "2010-09-30": 52.439, "2010-06-30": 21.186, "2010-03-31": "29.21000", "2009-12-31": 24.082, "2009-09-30": 26.409, "2009-06-30": 2.377, "2009-03-31": "-42.22800", "2008-12-31": -11.58, "2008-09-30": 24.225, "2008-06-30": 15.384, "2008-03-31": "27.11800", "2007-12-31": 59.553, "2007-09-30": 38.116, "2007-06-30": 22.865, "2007-03-31": "28.39100", "2006-12-31": 28.35, "2006-09-30": 25.17, "2006-06-30": 13.594, "2006-03-31": "22.27100", "2005-12-31": 25.646, "2005-09-30": 23.059, "2005-06-30": 20.896, "2005-03-31": "22.93600"}, "Total Depreciation And Amortization - Cash Flow": {"2020-12-31": -65.953, "2020-09-30": 64.712, "2020-06-30": -4.132, "2020-03-31": "5.37300", "2019-12-31": 1.395, "2019-09-30": 39.116, "2019-06-30": -18.055, "2019-03-31": "-12.84000", "2018-12-31": -6.858, "2018-09-30": 19.516, "2018-06-30": -21.301, "2018-03-31": "-15.88100", "2017-12-31": 23.001, "2017-09-30": -15.332, "2017-06-30": -12.995, "2017-03-31": "-10.85900", "2016-12-31": -16.678, "2016-09-30": -27.291, "2016-06-30": -0.082, "2016-03-31": "-0.69800", "2015-12-31": -9.993, "2015-09-30": -7.333, "2015-06-30": -8.92, "2015-03-31": "-4.85900", "2014-12-31": -6.491, "2014-09-30": -6.106, "2014-06-30": -9.353, "2014-03-31": "3.88200", "2013-12-31": -2.547, "2013-09-30": -4.526, "2013-06-30": -1.688, "2013-03-31": "1.78700", "2012-12-31": 2.331, "2012-09-30": 16.868, "2012-06-30": 5.151, "2012-03-31": "0.83500", "2011-12-31": -0.182, "2011-09-30": 0.083, "2011-06-30": -0.563, "2011-03-31": "-5.15700", "2010-12-31": 0.312, "2010-09-30": -0.938, "2010-06-30": -2.541, "2010-03-31": "-0.02600", "2009-12-31": -36.75, "2009-09-30": 8.676, "2009-06-30": 5.882, "2009-03-31": "9.20500", "2008-12-31": -34.127, "2008-09-30": 4.547, "2008-06-30": 5.493, "2008-03-31": "5.34700", "2007-12-31": 8.13, "2007-09-30": 2.22, "2007-06-30": 20.632, "2007-03-31": "3.21000", "2006-12-31": 7.311, "2006-09-30": 1.181, "2006-06-30": 20.034, "2006-03-31": "0.36500", "2005-12-31": 0.951, "2005-09-30": 0.493, "2005-06-30": 0.279, "2005-03-31": "0.39000"}, "Other Non-Cash Items": {"2020-12-31": -40.043, "2020-09-30": -223.141, "2020-06-30": 78.369, "2020-03-31": "184.81500", "2019-12-31": 7.258, "2019-09-30": 27.117, "2019-06-30": 27.83, "2019-03-31": "8.43000", "2018-12-31": 15.556, "2018-09-30": -10.694, "2018-06-30": -1.197, "2018-03-31": "11.93700", "2017-12-31": 26.783, "2017-09-30": 21.102, "2017-06-30": 20.563, "2017-03-31": "16.17900", "2016-12-31": 67.271, "2016-09-30": 0.001, "2016-06-30": 13.598, "2016-03-31": "29.86000", "2015-12-31": -42.001, "2015-09-30": 21.671, "2015-06-30": 12.325, "2015-03-31": "-18.61600", "2014-12-31": -57.352, "2014-09-30": -5.603, "2014-06-30": 63.377, "2014-03-31": "-207.59000", "2013-12-31": -108.518, "2013-09-30": -174.317, "2013-06-30": -15.715, "2013-03-31": "-16.70200", "2012-12-31": -46.157, "2012-09-30": -12.653, "2012-06-30": -8.426, "2012-03-31": "11.05900", "2011-12-31": -2.514, "2011-09-30": -46.134, "2011-06-30": -71.4, "2011-03-31": "-45.52200", "2010-12-31": -9.714, "2010-09-30": -32.946, "2010-06-30": 7.087, "2010-03-31": "-1.02100", "2009-12-31": 17.213, "2009-09-30": 12.866, "2009-06-30": 36.372, "2009-03-31": "80.79400", "2008-12-31": 72.199, "2008-09-30": 25.598, "2008-06-30": 22.452, "2008-03-31": "23.29400", "2007-12-31": -26.211, "2007-09-30": -0.412, "2007-06-30": 0.465, "2007-03-31": "5.01900", "2006-12-31": 2.609, "2006-09-30": 5.195, "2006-06-30": 12.561, "2006-03-31": "12.46600", "2005-12-31": 2.861, "2005-09-30": 4.594, "2005-06-30": 6.687, "2005-03-31": "1.87800"}, "Total Non-Cash Items": {"2020-12-31": -105.996, "2020-09-30": -158.429, "2020-06-30": 74.237, "2020-03-31": "190.18800", "2019-12-31": 8.653, "2019-09-30": 66.233, "2019-06-30": 9.775, "2019-03-31": "-4.41000", "2018-12-31": 8.698, "2018-09-30": 8.822, "2018-06-30": -22.498, "2018-03-31": "-3.94400", "2017-12-31": 49.784, "2017-09-30": 5.77, "2017-06-30": 7.568, "2017-03-31": "5.32000", "2016-12-31": 50.593, "2016-09-30": -27.29, "2016-06-30": 13.516, "2016-03-31": "29.16200", "2015-12-31": -51.994, "2015-09-30": 14.338, "2015-06-30": 3.405, "2015-03-31": "-23.47500", "2014-12-31": -63.843, "2014-09-30": -11.709, "2014-06-30": 54.024, "2014-03-31": "-203.70800", "2013-12-31": -111.065, "2013-09-30": -178.843, "2013-06-30": -17.403, "2013-03-31": "-14.91500", "2012-12-31": -43.826, "2012-09-30": 4.215, "2012-06-30": -3.275, "2012-03-31": "11.89400", "2011-12-31": -2.696, "2011-09-30": -46.051, "2011-06-30": -71.963, "2011-03-31": "-50.67900", "2010-12-31": -9.402, "2010-09-30": -33.884, "2010-06-30": 4.546, "2010-03-31": "-1.04700", "2009-12-31": -19.537, "2009-09-30": 21.542, "2009-06-30": 42.254, "2009-03-31": "89.99900", "2008-12-31": 38.072, "2008-09-30": 30.145, "2008-06-30": 27.945, "2008-03-31": "28.64100", "2007-12-31": -18.081, "2007-09-30": 1.808, "2007-06-30": 21.097, "2007-03-31": "8.22900", "2006-12-31": 9.92, "2006-09-30": 6.376, "2006-06-30": 32.595, "2006-03-31": "12.83100", "2005-12-31": 3.812, "2005-09-30": 5.087, "2005-06-30": 6.966, "2005-03-31": "2.26800"}, "Change In Accounts Receivable": {"2020-12-31": -15.565, "2020-09-30": -1.041, "2020-06-30": -7.376, "2020-03-31": "23.98200", "2019-12-31": -13.76, "2019-09-30": -6.579, "2019-06-30": -0.489, "2019-03-31": "-3.36100", "2018-12-31": -4.313, "2018-09-30": -23.308, "2018-06-30": -9.848, "2018-03-31": "-18.36500", "2017-12-31": -5.28, "2017-09-30": -17.24, "2017-06-30": -2.102, "2017-03-31": "-6.75000", "2016-12-31": -4.832, "2016-09-30": 0.937, "2016-06-30": 4.86, "2016-03-31": "-4.62800", "2015-12-31": -2.085, "2015-09-30": -8.399, "2015-06-30": 1.315, "2015-03-31": "0.77200", "2014-12-31": -9.154, "2014-09-30": -6.162, "2014-06-30": -4.722, "2014-03-31": "-6.60400", "2013-12-31": 1.942, "2013-09-30": -0.871, "2013-06-30": 0.423, "2013-03-31": "-4.73500", "2012-12-31": 2.83, "2012-09-30": -4.64, "2012-06-30": 1.955, "2012-03-31": "-6.39900", "2011-12-31": 1.549, "2011-09-30": -5.571, "2011-06-30": 0.248, "2011-03-31": "-8.59600", "2010-12-31": -4.257, "2010-09-30": 7.166, "2010-06-30": -5.463, "2010-03-31": "4.11400", "2009-12-31": -7.753, "2009-09-30": 1.786, "2009-06-30": -9.524, "2009-03-31": "5.50300", "2008-12-31": -6.505, "2008-09-30": 4.322, "2008-06-30": -6.435, "2008-03-31": "3.92800", "2007-12-31": -7.133, "2007-09-30": 6.579, "2007-06-30": 0.929, "2007-03-31": "0.04500", "2006-12-31": 2.679, "2006-09-30": -6.015, "2006-06-30": -0.905, "2006-03-31": "2.50500", "2005-12-31": -2.28, "2005-09-30": -2.789, "2005-06-30": -3.507, "2005-03-31": "-1.11700"}, "Change In Inventories": {"2020-12-31": 0, "2020-09-30": 0, "2020-06-30": 0, "2020-03-31": "", "2019-12-31": 0, "2019-09-30": 0, "2019-06-30": 0, "2019-03-31": "", "2018-12-31": 0, "2018-09-30": 0, "2018-06-30": 0, "2018-03-31": "", "2017-12-31": 0, "2017-09-30": 0, "2017-06-30": 0, "2017-03-31": "", "2016-12-31": 0, "2016-09-30": 0, "2016-06-30": 0, "2016-03-31": "", "2015-12-31": 0, "2015-09-30": 0, "2015-06-30": 0, "2015-03-31": "", "2014-12-31": 0, "2014-09-30": 0, "2014-06-30": 0, "2014-03-31": "", "2013-12-31": 0, "2013-09-30": 0, "2013-06-30": 0, "2013-03-31": "", "2012-12-31": 0, "2012-09-30": 0, "2012-06-30": 0, "2012-03-31": "", "2011-12-31": 0, "2011-09-30": 0, "2011-06-30": 0, "2011-03-31": "", "2010-12-31": 0, "2010-09-30": 0, "2010-06-30": 0, "2010-03-31": "", "2009-12-31": 0, "2009-09-30": 0, "2009-06-30": 0, "2009-03-31": "", "2008-12-31": 0, "2008-09-30": 0, "2008-06-30": 0, "2008-03-31": "", "2007-12-31": 0, "2007-09-30": 0, "2007-06-30": 0, "2007-03-31": "", "2006-12-31": 0, "2006-09-30": 0, "2006-06-30": 0, "2006-03-31": "", "2005-12-31": 0, "2005-09-30": 0, "2005-06-30": 0, "2005-03-31": ""}, "Change In Accounts Payable": {"2020-12-31": 0, "2020-09-30": 0, "2020-06-30": 0, "2020-03-31": "", "2019-12-31": 0, "2019-09-30": 0, "2019-06-30": 0, "2019-03-31": "", "2018-12-31": 0, "2018-09-30": 0, "2018-06-30": 0, "2018-03-31": "", "2017-12-31": -4.12, "2017-09-30": 4.12, "2017-06-30": 0, "2017-03-31": "", "2016-12-31": 0, "2016-09-30": 0, "2016-06-30": -0.552, "2016-03-31": "0.55200", "2015-12-31": 0, "2015-09-30": 0, "2015-06-30": 9.141, "2015-03-31": "-9.14100", "2014-12-31": 0, "2014-09-30": 0, "2014-06-30": 0, "2014-03-31": "", "2013-12-31": 0, "2013-09-30": 0, "2013-06-30": 0, "2013-03-31": "", "2012-12-31": 0, "2012-09-30": 0, "2012-06-30": 0, "2012-03-31": "", "2011-12-31": 0, "2011-09-30": 0, "2011-06-30": 0, "2011-03-31": "", "2010-12-31": 0, "2010-09-30": 0.371, "2010-06-30": -0.371, "2010-03-31": "", "2009-12-31": 0, "2009-09-30": 0, "2009-06-30": 0, "2009-03-31": "", "2008-12-31": 0, "2008-09-30": 0, "2008-06-30": 0, "2008-03-31": "", "2007-12-31": 0, "2007-09-30": 0, "2007-06-30": 0, "2007-03-31": "", "2006-12-31": 0, "2006-09-30": 0, "2006-06-30": 0, "2006-03-31": "", "2005-12-31": 0, "2005-09-30": 0, "2005-06-30": 0, "2005-03-31": ""}, "Change In Assets/Liabilities": {"2020-12-31": -92.138, "2020-09-30": 25.179, "2020-06-30": 76.4, "2020-03-31": "-9.44100", "2019-12-31": 42.195, "2019-09-30": -175.401, "2019-06-30": -132.687, "2019-03-31": "216.12600", "2018-12-31": -108.169, "2018-09-30": 20.212, "2018-06-30": -175.301, "2018-03-31": "199.17400", "2017-12-31": -98.775, "2017-09-30": -91.55, "2017-06-30": 173.469, "2017-03-31": "29.61600", "2016-12-31": 25.414, "2016-09-30": -35.571, "2016-06-30": 14.045, "2016-03-31": "26.90800", "2015-12-31": -8.476, "2015-09-30": -39.171, "2015-06-30": 9.72, "2015-03-31": "47.99100", "2014-12-31": -75.282, "2014-09-30": -33.195, "2014-06-30": 102.585, "2014-03-31": "35.47500", "2013-12-31": -22.093, "2013-09-30": -6.777, "2013-06-30": -30.982, "2013-03-31": "14.20000", "2012-12-31": -18.254, "2012-09-30": 39.463, "2012-06-30": -27.308, "2012-03-31": "-4.07300", "2011-12-31": 17.009, "2011-09-30": -132.895, "2011-06-30": 126.477, "2011-03-31": "22.17300", "2010-12-31": -13.346, "2010-09-30": -16.063, "2010-06-30": 20.655, "2010-03-31": "15.50300", "2009-12-31": -26.688, "2009-09-30": -42.088, "2009-06-30": 44.709, "2009-03-31": "-11.02700", "2008-12-31": -2.962, "2008-09-30": -4.358, "2008-06-30": -17.775, "2008-03-31": "8.58800", "2007-12-31": -8.291, "2007-09-30": -8.946, "2007-06-30": -1.523, "2007-03-31": "7.67300", "2006-12-31": -11.079, "2006-09-30": 10.579, "2006-06-30": -17.981, "2006-03-31": "2.84900", "2005-12-31": -12.996, "2005-09-30": 7.105, "2005-06-30": 7.459, "2005-03-31": "7.45400"}, "Total Change In Assets/Liabilities": {"2020-12-31": -91.802, "2020-09-30": -7.813, "2020-06-30": 255.327, "2020-03-31": "-155.71200", "2019-12-31": 170.916, "2019-09-30": -88.778, "2019-06-30": -236.525, "2019-03-31": "53.54800", "2018-12-31": -53.971, "2018-09-30": 66.337, "2018-06-30": -225.552, "2018-03-31": "144.32200", "2017-12-31": -48.656, "2017-09-30": -35.536, "2017-06-30": 144.7, "2017-03-31": "-1.26300", "2016-12-31": 44.521, "2016-09-30": 42.58, "2016-06-30": -21.89, "2016-03-31": "-49.69800", "2015-12-31": 46.975, "2015-09-30": -58.972, "2015-06-30": 59.809, "2015-03-31": "-25.70900", "2014-12-31": -47.058, "2014-09-30": -34.16, "2014-06-30": 103.719, "2014-03-31": "-20.65700", "2013-12-31": -6.769, "2013-09-30": 28.333, "2013-06-30": -25.669, "2013-03-31": "-46.67400", "2012-12-31": 12.666, "2012-09-30": 76.353, "2012-06-30": -49.033, "2012-03-31": "-62.69900", "2011-12-31": 35.01, "2011-09-30": -111.643, "2011-06-30": 147.914, "2011-03-31": "-16.29300", "2010-12-31": -6.214, "2010-09-30": 31.315, "2010-06-30": 21.407, "2010-03-31": "19.69000", "2009-12-31": -20.383, "2009-09-30": -31.752, "2009-06-30": 28.713, "2009-03-31": "-34.51300", "2008-12-31": -15.435, "2008-09-30": 13.769, "2008-06-30": -23.81, "2008-03-31": "-27.42900", "2007-12-31": 2.096, "2007-09-30": 24.379, "2007-06-30": 8.744, "2007-03-31": "-23.20600", "2006-12-31": 5.991, "2006-09-30": 17.526, "2006-06-30": -8.139, "2006-03-31": "-38.77600", "2005-12-31": 0.116, "2005-09-30": 13.032, "2005-06-30": 3.074, "2005-03-31": "-13.26400"}, "Cash Flow From Operating Activities": {"2020-12-31": -1053.291, "2020-09-30": 307.813, "2020-06-30": 577.353, "2020-03-31": "168.12500", "2019-12-31": 454.385, "2019-09-30": 259.173, "2019-06-30": 109.821, "2019-03-31": "340.75000", "2018-12-31": 229.658, "2018-09-30": 356.524, "2018-06-30": -1.024, "2018-03-31": "348.40400", "2017-12-31": 125.792, "2017-09-30": 124.352, "2017-06-30": 284.784, "2017-03-31": "111.93700", "2016-12-31": 198.756, "2016-09-30": 130.937, "2016-06-30": 86.006, "2016-03-31": "56.06100", "2015-12-31": 84.99, "2015-09-30": 43.328, "2015-06-30": 157.673, "2015-03-31": "53.20600", "2014-12-31": 18.894, "2014-09-30": 18.285, "2014-06-30": 168.099, "2014-03-31": "49.99000", "2013-12-31": 73.736, "2013-09-30": 65.67, "2013-06-30": 33.416, "2013-03-31": "-1.04400", "2012-12-31": 68.502, "2012-09-30": 133.708, "2012-06-30": 4.77, "2012-03-31": "-10.87200", "2011-12-31": 76.204, "2011-09-30": -81.618, "2011-06-30": 165.683, "2011-03-31": "6.12300", "2010-12-31": 18.366, "2010-09-30": 49.87, "2010-06-30": 47.139, "2010-03-31": "47.85300", "2009-12-31": -15.838, "2009-09-30": 16.199, "2009-06-30": 73.344, "2009-03-31": "13.25800", "2008-12-31": 11.057, "2008-09-30": 68.139, "2008-06-30": 19.519, "2008-03-31": "28.33000", "2007-12-31": 43.568, "2007-09-30": 64.303, "2007-06-30": 52.706, "2007-03-31": "13.41400", "2006-12-31": 44.261, "2006-09-30": 49.072, "2006-06-30": 38.05, "2006-03-31": "-3.67400", "2005-12-31": 29.574, "2005-09-30": 41.178, "2005-06-30": 30.936, "2005-03-31": "11.94000"}, "Net Change In Property, Plant, And Equipment": {"2020-12-31": 66.003, "2020-09-30": -14.789, "2020-06-30": -26.126, "2020-03-31": "-25.08800", "2019-12-31": -31.608, "2019-09-30": -15.239, "2019-06-30": -13.128, "2019-03-31": "-5.50400", "2018-12-31": -17.147, "2018-09-30": -13.867, "2018-06-30": -7.134, "2018-03-31": "-7.71700", "2017-12-31": -15.414, "2017-09-30": -13.974, "2017-06-30": -10.897, "2017-03-31": "-10.59900", "2016-12-31": -16.127, "2016-09-30": -13.127, "2016-06-30": -10.377, "2016-03-31": "-13.68000", "2015-12-31": -16.453, "2015-09-30": -12.926, "2015-06-30": -12.501, "2015-03-31": "-12.03800", "2014-12-31": -13.099, "2014-09-30": -10.588, "2014-06-30": -12.77, "2014-03-31": "-5.97400", "2013-12-31": -9.167, "2013-09-30": -7.291, "2013-06-30": -6.94, "2013-03-31": "-6.60600", "2012-12-31": -0.771, "2012-09-30": -13.473, "2012-06-30": -11.962, "2012-03-31": "-8.05400", "2011-12-31": -9.256, "2011-09-30": -8.757, "2011-06-30": -7.232, "2011-03-31": "-5.61100", "2010-12-31": -6.025, "2010-09-30": -7.811, "2010-06-30": -6.457, "2010-03-31": "-6.76300", "2009-12-31": -4.418, "2009-09-30": -4.734, "2009-06-30": -4.336, "2009-03-31": "-2.47500", "2008-12-31": -2.585, "2008-09-30": -1.771, "2008-06-30": -2.205, "2008-03-31": "-1.98300", "2007-12-31": -2.368, "2007-09-30": -1.333, "2007-06-30": -5.292, "2007-03-31": "-3.85900", "2006-12-31": -2.914, "2006-09-30": -7.479, "2006-06-30": -6.61, "2006-03-31": "-3.69400", "2005-12-31": -3.79, "2005-09-30": -6.22, "2005-06-30": -4.662, "2005-03-31": "-3.58300"}, "Net Change In Intangible Assets": {"2020-12-31": 0, "2020-09-30": 0, "2020-06-30": 0, "2020-03-31": "", "2019-12-31": 0, "2019-09-30": 0, "2019-06-30": 0, "2019-03-31": "", "2018-12-31": 0, "2018-09-30": 0, "2018-06-30": 0, "2018-03-31": "", "2017-12-31": 0, "2017-09-30": 0, "2017-06-30": 0, "2017-03-31": "", "2016-12-31": 0, "2016-09-30": 0, "2016-06-30": 0, "2016-03-31": "", "2015-12-31": 0, "2015-09-30": 0, "2015-06-30": 0, "2015-03-31": "", "2014-12-31": 0, "2014-09-30": 0, "2014-06-30": 0, "2014-03-31": "", "2013-12-31": 0, "2013-09-30": 0, "2013-06-30": 0, "2013-03-31": "", "2012-12-31": 0, "2012-09-30": 0, "2012-06-30": 0, "2012-03-31": "", "2011-12-31": 0, "2011-09-30": 0, "2011-06-30": 0, "2011-03-31": "", "2010-12-31": 0, "2010-09-30": 0, "2010-06-30": -0.36, "2010-03-31": "", "2009-12-31": 0, "2009-09-30": 0, "2009-06-30": 0, "2009-03-31": "", "2008-12-31": 0, "2008-09-30": 0, "2008-06-30": 0, "2008-03-31": "", "2007-12-31": 0, "2007-09-30": 0, "2007-06-30": 0, "2007-03-31": "", "2006-12-31": 0, "2006-09-30": 0, "2006-06-30": 0, "2006-03-31": "", "2005-12-31": 0, "2005-09-30": 0, "2005-06-30": 0, "2005-03-31": ""}, "Net Acquisitions/Divestitures": {"2020-12-31": 0, "2020-09-30": 0, "2020-06-30": 0, "2020-03-31": "", "2019-12-31": 0, "2019-09-30": 0, "2019-06-30": -2.291, "2019-03-31": "-100.03700", "2018-12-31": 0, "2018-09-30": 0, "2018-06-30": 0, "2018-03-31": "", "2017-12-31": 0, "2017-09-30": 0, "2017-06-30": 0, "2017-03-31": "", "2016-12-31": 0, "2016-09-30": 0, "2016-06-30": 0, "2016-03-31": "", "2015-12-31": 0, "2015-09-30": 0, "2015-06-30": 0, "2015-03-31": "", "2014-12-31": 0, "2014-09-30": 0, "2014-06-30": 0, "2014-03-31": "", "2013-12-31": 0, "2013-09-30": 0, "2013-06-30": 0, "2013-03-31": "", "2012-12-31": 0, "2012-09-30": 0, "2012-06-30": 0, "2012-03-31": "", "2011-12-31": 0, "2011-09-30": 0, "2011-06-30": 0, "2011-03-31": "", "2010-12-31": -1.3, "2010-09-30": 0, "2010-06-30": 0.36, "2010-03-31": "-0.36000", "2009-12-31": 0, "2009-09-30": 0, "2009-06-30": 0, "2009-03-31": "", "2008-12-31": 0, "2008-09-30": 0, "2008-06-30": 0, "2008-03-31": "", "2007-12-31": -0.395, "2007-09-30": 0, "2007-06-30": 0.209, "2007-03-31": "-0.20900", "2006-12-31": 0, "2006-09-30": -3.994, "2006-06-30": 0, "2006-03-31": "", "2005-12-31": 0, "2005-09-30": 0, "2005-06-30": 0, "2005-03-31": ""}, "Net Change In Short-term Investments": {"2020-12-31": 0, "2020-09-30": 0, "2020-06-30": 0, "2020-03-31": "", "2019-12-31": 0, "2019-09-30": 0, "2019-06-30": 0, "2019-03-31": "", "2018-12-31": 0, "2018-09-30": 0, "2018-06-30": 0, "2018-03-31": "", "2017-12-31": 0, "2017-09-30": 0, "2017-06-30": 0, "2017-03-31": "", "2016-12-31": 0, "2016-09-30": 0, "2016-06-30": 0, "2016-03-31": "", "2015-12-31": 0, "2015-09-30": 0, "2015-06-30": 0, "2015-03-31": "", "2014-12-31": 0, "2014-09-30": 0, "2014-06-30": 0, "2014-03-31": "", "2013-12-31": 0, "2013-09-30": 0, "2013-06-30": 0, "2013-03-31": "", "2012-12-31": 0, "2012-09-30": 0, "2012-06-30": 0, "2012-03-31": "", "2011-12-31": 0, "2011-09-30": 0, "2011-06-30": 0, "2011-03-31": "", "2010-12-31": 0, "2010-09-30": 0, "2010-06-30": 0, "2010-03-31": "", "2009-12-31": 0, "2009-09-30": 0, "2009-06-30": 0, "2009-03-31": "", "2008-12-31": 0, "2008-09-30": 0, "2008-06-30": 0, "2008-03-31": "", "2007-12-31": 0, "2007-09-30": 0, "2007-06-30": 0, "2007-03-31": "", "2006-12-31": 0, "2006-09-30": 0, "2006-06-30": 0, "2006-03-31": "", "2005-12-31": 0, "2005-09-30": 0, "2005-06-30": 0, "2005-03-31": ""}, "Net Change In Long-Term Investments": {"2020-12-31": 10329.22, "2020-09-30": -7377.585, "2020-06-30": -5174.091, "2020-03-31": "2222.45600", "2019-12-31": -686.873, "2019-09-30": -4392.195, "2019-06-30": -866.715, "2019-03-31": "1515.48400", "2018-12-31": 1771.4969, "2018-09-30": 349.121, "2018-06-30": -774.781, "2018-03-31": "-924.93800", "2017-12-31": -261.159, "2017-09-30": -1559.376, "2017-06-30": -1000.6139, "2017-03-31": "68.63590", "2016-12-31": -683.115, "2016-09-30": 737.231, "2016-06-30": 1658.34, "2016-03-31": "2479.69700", "2015-12-31": -1684.805, "2015-09-30": -1344.128, "2015-06-30": -649.388, "2015-03-31": "-489.83200", "2014-12-31": -867.644, "2014-09-30": -2860.168, "2014-06-30": -4211.268, "2014-03-31": "-778.04300", "2013-12-31": -1881.1234, "2013-09-30": -116.421, "2013-06-30": 692.455, "2013-03-31": "428.59400", "2012-12-31": -328.092, "2012-09-30": -418.8062, "2012-06-30": 845.0821, "2012-03-31": "-998.60500", "2011-12-31": -949.772, "2011-09-30": -4.733, "2011-06-30": -11.725, "2011-03-31": "-1637.29100", "2010-12-31": -1992.657, "2010-09-30": -704.664, "2010-06-30": -952.8391, "2010-03-31": "-407.73790", "2009-12-31": -1032.481, "2009-09-30": -804.902, "2009-06-30": -596.044, "2009-03-31": "-276.98900", "2008-12-31": 12.551, "2008-09-30": -3.518, "2008-06-30": -181.04, "2008-03-31": "-17.86600", "2007-12-31": 0.845, "2007-09-30": 57.073, "2007-06-30": 62.154, "2007-03-31": "54.88100", "2006-12-31": 34.522, "2006-09-30": 67.881, "2006-06-30": 181.807, "2006-03-31": "76.76700", "2005-12-31": 94.0651, "2005-09-30": 25.535, "2005-06-30": -53.992, "2005-03-31": "-77.21800"}, "Net Change In Investments - Total": {"2020-12-31": 10329.22, "2020-09-30": -7377.585, "2020-06-30": -5174.091, "2020-03-31": "2222.45600", "2019-12-31": -686.873, "2019-09-30": -4392.195, "2019-06-30": -866.715, "2019-03-31": "1515.48400", "2018-12-31": 1771.4969, "2018-09-30": 349.121, "2018-06-30": -774.781, "2018-03-31": "-924.93800", "2017-12-31": -261.159, "2017-09-30": -1559.376, "2017-06-30": -1000.6139, "2017-03-31": "68.63590", "2016-12-31": -683.115, "2016-09-30": 737.231, "2016-06-30": 1658.34, "2016-03-31": "2479.69700", "2015-12-31": -1684.805, "2015-09-30": -1344.128, "2015-06-30": -649.388, "2015-03-31": "-489.83200", "2014-12-31": -867.644, "2014-09-30": -2860.168, "2014-06-30": -4211.268, "2014-03-31": "-778.04300", "2013-12-31": -1881.1234, "2013-09-30": -116.421, "2013-06-30": 692.455, "2013-03-31": "428.59400", "2012-12-31": -328.092, "2012-09-30": -418.8062, "2012-06-30": 845.0821, "2012-03-31": "-998.60500", "2011-12-31": -949.772, "2011-09-30": -4.733, "2011-06-30": -11.725, "2011-03-31": "-1637.29100", "2010-12-31": -1992.657, "2010-09-30": -704.664, "2010-06-30": -952.8391, "2010-03-31": "-407.73790", "2009-12-31": -1032.481, "2009-09-30": -804.902, "2009-06-30": -596.044, "2009-03-31": "-276.98900", "2008-12-31": 12.551, "2008-09-30": -3.518, "2008-06-30": -181.04, "2008-03-31": "-17.86600", "2007-12-31": 0.845, "2007-09-30": 57.073, "2007-06-30": 62.154, "2007-03-31": "54.88100", "2006-12-31": 34.522, "2006-09-30": 67.881, "2006-06-30": 181.807, "2006-03-31": "76.76700", "2005-12-31": 94.0651, "2005-09-30": 25.535, "2005-06-30": -53.992, "2005-03-31": "-77.21800"}, "Investing Activities - Other": {"2020-12-31": 5193.146, "2020-09-30": -1663.126, "2020-06-30": -733.611, "2020-03-31": "-2796.40900", "2019-12-31": -2088.624, "2019-09-30": -1840.321, "2019-06-30": -339.314, "2019-03-31": "-505.51600", "2018-12-31": -818.429, "2018-09-30": -1501.443, "2018-06-30": -1391.539, "2018-03-31": "-1463.99800", "2017-12-31": -906.499, "2017-09-30": -1194.544, "2017-06-30": -546.602, "2017-03-31": "-519.45400", "2016-12-31": -791.641, "2016-09-30": -279.811, "2016-06-30": -1093.89, "2016-03-31": "-991.93900", "2015-12-31": -1422.369, "2015-09-30": -1057.869, "2015-06-30": 242.913, "2015-03-31": "-36.34000", "2014-12-31": -2375.993, "2014-09-30": -660.287, "2014-06-30": -505.245, "2014-03-31": "67.39800", "2013-12-31": -1073.577, "2013-09-30": -193.343, "2013-06-30": -775.907, "2013-03-31": "110.33800", "2012-12-31": -744.209, "2012-09-30": -399.558, "2012-06-30": -666.399, "2012-03-31": "-141.52100", "2011-12-31": -634.036, "2011-09-30": -332.485, "2011-06-30": -320.876, "2011-03-31": "-117.18200", "2010-12-31": -656.963, "2010-09-30": -408.804, "2010-06-30": -238.27, "2010-03-31": "337.94400", "2009-12-31": 121.452, "2009-09-30": 147.33, "2009-06-30": 138.341, "2009-03-31": "461.79000", "2008-12-31": -207.952, "2008-09-30": -657.875, "2008-06-30": -290.069, "2008-03-31": "-203.20000", "2007-12-31": -338.131, "2007-09-30": -56.534, "2007-06-30": -404.414, "2007-03-31": "121.86700", "2006-12-31": -156.812, "2006-09-30": -370.106, "2006-06-30": -200.238, "2006-03-31": "91.30100", "2005-12-31": -205.044, "2005-09-30": -217.398, "2005-06-30": -86.764, "2005-03-31": "-28.82200"}, "Cash Flow From Investing Activities": {"2020-12-31": 15588.37, "2020-09-30": -9055.502, "2020-06-30": -5933.827, "2020-03-31": "-599.04100", "2019-12-31": -2807.106, "2019-09-30": -6247.755, "2019-06-30": -1221.448, "2019-03-31": "904.42700", "2018-12-31": 935.921, "2018-09-30": -1166.189, "2018-06-30": -2173.454, "2018-03-31": "-2396.65300", "2017-12-31": -1183.072, "2017-09-30": -2767.894, "2017-06-30": -1558.113, "2017-03-31": "-461.41700", "2016-12-31": -1490.883, "2016-09-30": 444.293, "2016-06-30": 554.073, "2016-03-31": "1474.07800", "2015-12-31": -3123.627, "2015-09-30": -2414.923, "2015-06-30": -418.976, "2015-03-31": "-538.21000", "2014-12-31": -3256.735, "2014-09-30": -3531.043, "2014-06-30": -4729.283, "2014-03-31": "-716.61900", "2013-12-31": -2963.867, "2013-09-30": -317.055, "2013-06-30": -90.392, "2013-03-31": "532.32600", "2012-12-31": -1073.072, "2012-09-30": -831.837, "2012-06-30": 166.721, "2012-03-31": "-1148.18000", "2011-12-31": -1593.064, "2011-09-30": -345.975, "2011-06-30": -339.833, "2011-03-31": "-1760.08400", "2010-12-31": -2656.945, "2010-09-30": -1121.279, "2010-06-30": -1197.566, "2010-03-31": "-76.91700", "2009-12-31": -915.447, "2009-09-30": -662.306, "2009-06-30": -462.039, "2009-03-31": "182.32600", "2008-12-31": -197.986, "2008-09-30": -663.164, "2008-06-30": -473.314, "2008-03-31": "-223.04900", "2007-12-31": -340.049, "2007-09-30": -0.794, "2007-06-30": -347.343, "2007-03-31": "172.68000", "2006-12-31": -125.204, "2006-09-30": -313.698, "2006-06-30": -25.041, "2006-03-31": "164.37400", "2005-12-31": -114.769, "2005-09-30": -198.083, "2005-06-30": -145.418, "2005-03-31": "-109.62300"}, "Net Long-Term Debt": {"2020-12-31": 0, "2020-09-30": 0, "2020-06-30": 0, "2020-03-31": "", "2019-12-31": -358.395, "2019-09-30": 0, "2019-06-30": 0, "2019-03-31": "", "2018-12-31": 0, "2018-09-30": 0, "2018-06-30": 0, "2018-03-31": "", "2017-12-31": -51.546, "2017-09-30": 0, "2017-06-30": -46.235, "2017-03-31": "", "2016-12-31": 0, "2016-09-30": 0, "2016-06-30": 0, "2016-03-31": "", "2015-12-31": 0, "2015-09-30": 0, "2015-06-30": 0, "2015-03-31": "", "2014-12-31": 0, "2014-09-30": 0, "2014-06-30": 0, "2014-03-31": "", "2013-12-31": 0, "2013-09-30": 0, "2013-06-30": 0, "2013-03-31": "", "2012-12-31": 0, "2012-09-30": 0, "2012-06-30": -142.651, "2012-03-31": "", "2011-12-31": -4.179, "2011-09-30": 0, "2011-06-30": -559.484, "2011-03-31": "", "2010-12-31": -1.779, "2010-09-30": 344.294, "2010-06-30": 0, "2010-03-31": "", "2009-12-31": -1.306, "2009-09-30": -50.387, "2009-06-30": -50.38, "2009-03-31": "-0.50500", "2008-12-31": 172.321, "2008-09-30": -0.358, "2008-06-30": -150.031, "2008-03-31": "-0.24400", "2007-12-31": -0.1, "2007-09-30": 0, "2007-06-30": 495.03, "2007-03-31": "", "2006-12-31": 149.896, "2006-09-30": 0, "2006-06-30": -12.703, "2006-03-31": "12.70300", "2005-12-31": -111.825, "2005-09-30": 110.163, "2005-06-30": -0.497, "2005-03-31": "2.09500"}, "Net Current Debt": {"2020-12-31": -496.662, "2020-09-30": -31.856, "2020-06-30": -2592.214, "2020-03-31": "3120.73200", "2019-12-31": -1.468, "2019-09-30": -5.354, "2019-06-30": 9.797, "2019-03-31": "-616.95700", "2018-12-31": -1999.84, "2018-09-30": 2214.006, "2018-06-30": -684.894, "2018-03-31": "68.41000", "2017-12-31": 1028.89, "2017-09-30": 4.37, "2017-06-30": -4.693, "2017-03-31": "-507.50500", "2016-12-31": 510.247, "2016-09-30": -500.798, "2016-06-30": 503.219, "2016-03-31": "-774.90000", "2015-12-31": 771.144, "2015-09-30": 1.219, "2015-06-30": -75.229, "2015-03-31": "416.41600", "2014-12-31": 1.151, "2014-09-30": 1.72, "2014-06-30": 0.1, "2014-03-31": "-0.27000", "2013-12-31": -0.5, "2013-09-30": 0.18, "2013-06-30": -2.06, "2013-03-31": "-158.65000", "2012-12-31": -342.06, "2012-09-30": 502.29, "2012-06-30": -843.5, "2012-03-31": "849.38000", "2011-12-31": 0, "2011-09-30": 0, "2011-06-30": -35.415, "2011-03-31": "-1.83000", "2010-12-31": -22.49, "2010-09-30": 15, "2010-06-30": 4.84, "2010-03-31": "1.14000", "2009-12-31": -13.53, "2009-09-30": 20.945, "2009-06-30": -25.11, "2009-03-31": "-5.67000", "2008-12-31": -362.88, "2008-09-30": 95, "2008-06-30": 210, "2008-03-31": "30.00000", "2007-12-31": -280, "2007-09-30": 65, "2007-06-30": -278.901, "2007-03-31": "-99.63600", "2006-12-31": -126.23, "2006-09-30": 275.956, "2006-06-30": 254.336, "2006-03-31": "", "2005-12-31": 269.655, "2005-09-30": 0, "2005-06-30": 0, "2005-03-31": ""}, "Debt Issuance/Retirement Net - Total": {"2020-12-31": -496.662, "2020-09-30": -31.856, "2020-06-30": -2592.214, "2020-03-31": "3120.73200", "2019-12-31": -359.863, "2019-09-30": -5.354, "2019-06-30": 9.797, "2019-03-31": "-616.95700", "2018-12-31": -1999.84, "2018-09-30": 2214.006, "2018-06-30": -684.894, "2018-03-31": "68.41000", "2017-12-31": 977.344, "2017-09-30": 4.37, "2017-06-30": -50.928, "2017-03-31": "-507.50500", "2016-12-31": 510.247, "2016-09-30": -500.798, "2016-06-30": 503.219, "2016-03-31": "-774.90000", "2015-12-31": 771.144, "2015-09-30": 1.219, "2015-06-30": -75.229, "2015-03-31": "416.41600", "2014-12-31": 1.151, "2014-09-30": 1.72, "2014-06-30": 0.1, "2014-03-31": "-0.27000", "2013-12-31": -0.5, "2013-09-30": 0.18, "2013-06-30": -2.06, "2013-03-31": "-158.65000", "2012-12-31": -342.06, "2012-09-30": 502.29, "2012-06-30": -986.151, "2012-03-31": "849.38000", "2011-12-31": -4.179, "2011-09-30": 0, "2011-06-30": -594.899, "2011-03-31": "-1.83000", "2010-12-31": -24.269, "2010-09-30": 359.294, "2010-06-30": 4.84, "2010-03-31": "1.14000", "2009-12-31": -14.836, "2009-09-30": -29.442, "2009-06-30": -75.49, "2009-03-31": "-6.17500", "2008-12-31": -190.559, "2008-09-30": 94.642, "2008-06-30": 59.969, "2008-03-31": "29.75600", "2007-12-31": -280.1, "2007-09-30": 65, "2007-06-30": 216.129, "2007-03-31": "-99.63600", "2006-12-31": 23.666, "2006-09-30": 275.956, "2006-06-30": 241.633, "2006-03-31": "12.70300", "2005-12-31": 157.83, "2005-09-30": 110.163, "2005-06-30": -0.497, "2005-03-31": "2.09500"}, "Net Common Equity Issued/Repurchased": {"2020-12-31": 41.882, "2020-09-30": 4.797, "2020-06-30": 13.925, "2020-03-31": "-60.60400", "2019-12-31": 12.076, "2019-09-30": -4.347, "2019-06-30": -219.969, "2019-03-31": "-115.45300", "2018-12-31": -140.421, "2018-09-30": 1.943, "2018-06-30": 7.644, "2018-03-31": "2.09800", "2017-12-31": 10.717, "2017-09-30": 2.37, "2017-06-30": 5.079, "2017-03-31": "8.83700", "2016-12-31": 13.158, "2016-09-30": 1.809, "2016-06-30": 7.102, "2016-03-31": "4.07800", "2015-12-31": 4.186, "2015-09-30": 1.133, "2015-06-30": 6.984, "2015-03-31": "10.10700", "2014-12-31": 4.378, "2014-09-30": 5.75, "2014-06-30": 438.74, "2014-03-31": "8.14400", "2013-12-31": 8.161, "2013-09-30": 6.122, "2013-06-30": 14.225, "2013-03-31": "18.06100", "2012-12-31": 1.932, "2012-09-30": 3.047, "2012-06-30": 6.403, "2012-03-31": "17.90000", "2011-12-31": 6.602, "2011-09-30": 4.141, "2011-06-30": 11.696, "2011-03-31": "14.43400", "2010-12-31": 8.809, "2010-09-30": 2.006, "2010-06-30": 8.139, "2010-03-31": "5.06500", "2009-12-31": 293.864, "2009-09-30": 1.462, "2009-06-30": 2.569, "2009-03-31": "0.08500", "2008-12-31": -219.694, "2008-09-30": 13.923, "2008-06-30": 232.069, "2008-03-31": "-39.11000", "2007-12-31": -43.777, "2007-09-30": -52.129, "2007-06-30": -6.422, "2007-03-31": "-13.21400", "2006-12-31": -9.694, "2006-09-30": -17.02, "2006-06-30": -35.51, "2006-03-31": "-7.66300", "2005-12-31": 2.969, "2005-09-30": -1.787, "2005-06-30": -31.994, "2005-03-31": "-28.22500"}, "Net Total Equity Issued/Repurchased": {"2020-12-31": 41.882, "2020-09-30": 4.797, "2020-06-30": 13.925, "2020-03-31": "-60.60400", "2019-12-31": 352.214, "2019-09-30": -4.347, "2019-06-30": -219.969, "2019-03-31": "-115.45300", "2018-12-31": -140.421, "2018-09-30": 1.943, "2018-06-30": 7.644, "2018-03-31": "2.09800", "2017-12-31": 10.717, "2017-09-30": 2.37, "2017-06-30": 5.079, "2017-03-31": "8.83700", "2016-12-31": 13.158, "2016-09-30": 1.809, "2016-06-30": 7.102, "2016-03-31": "4.07800", "2015-12-31": 4.186, "2015-09-30": 1.133, "2015-06-30": 6.984, "2015-03-31": "10.10700", "2014-12-31": 4.378, "2014-09-30": 5.75, "2014-06-30": 438.74, "2014-03-31": "8.14400", "2013-12-31": 8.161, "2013-09-30": 6.122, "2013-06-30": 14.225, "2013-03-31": "18.06100", "2012-12-31": 1.932, "2012-09-30": 3.047, "2012-06-30": 6.403, "2012-03-31": "17.90000", "2011-12-31": 6.602, "2011-09-30": 4.141, "2011-06-30": 11.696, "2011-03-31": "14.43400", "2010-12-31": 8.809, "2010-09-30": 2.006, "2010-06-30": 8.139, "2010-03-31": "5.06500", "2009-12-31": 58.864, "2009-09-30": 1.462, "2009-06-30": 2.569, "2009-03-31": "0.08500", "2008-12-31": 15.306, "2008-09-30": 13.923, "2008-06-30": 232.069, "2008-03-31": "-39.11000", "2007-12-31": -43.777, "2007-09-30": -52.129, "2007-06-30": -6.422, "2007-03-31": "-13.21400", "2006-12-31": -9.694, "2006-09-30": -17.02, "2006-06-30": -35.51, "2006-03-31": "-7.66300", "2005-12-31": 2.969, "2005-09-30": -1.787, "2005-06-30": -31.994, "2005-03-31": "-28.22500"}, "Total Common And Preferred Stock Dividends Paid": {"2020-12-31": 12.557, "2020-09-30": -4.594, "2020-06-30": -4.594, "2020-03-31": "-3.36900", "2019-12-31": 0, "2019-09-30": 0, "2019-06-30": 0, "2019-03-31": "", "2018-12-31": 0, "2018-09-30": 0, "2018-06-30": 0, "2018-03-31": "", "2017-12-31": 0, "2017-09-30": 0, "2017-06-30": 0, "2017-03-31": "", "2016-12-31": 0, "2016-09-30": 0, "2016-06-30": 0, "2016-03-31": "", "2015-12-31": 0, "2015-09-30": 0, "2015-06-30": 0, "2015-03-31": "", "2014-12-31": 0, "2014-09-30": 0, "2014-06-30": 0, "2014-03-31": "", "2013-12-31": 0, "2013-09-30": 0, "2013-06-30": 0, "2013-03-31": "", "2012-12-31": 0, "2012-09-30": 0, "2012-06-30": 0, "2012-03-31": "", "2011-12-31": 0, "2011-09-30": 0, "2011-06-30": 0, "2011-03-31": "", "2010-12-31": 0, "2010-09-30": 0, "2010-06-30": 0, "2010-03-31": "", "2009-12-31": -4.178, "2009-09-30": -2.938, "2009-06-30": -2.938, "2009-03-31": "-2.05600", "2008-12-31": 0, "2008-09-30": 0, "2008-06-30": 0, "2008-03-31": "", "2007-12-31": 0, "2007-09-30": 0, "2007-06-30": 0, "2007-03-31": "", "2006-12-31": 0, "2006-09-30": 0, "2006-06-30": 0, "2006-03-31": "", "2005-12-31": 0, "2005-09-30": 0, "2005-06-30": 0, "2005-03-31": ""}, "Financial Activities - Other": {"2020-12-31": -22998.85, "2020-09-30": 10265.01, "2020-06-30": 12580.018, "2020-03-31": "153.82200", "2019-12-31": 2195.96, "2019-09-30": 3923.552, "2019-06-30": 3275.841, "2019-03-31": "2982.57700", "2018-12-31": 727.08, "2018-09-30": -299.244, "2018-06-30": 2944.445, "2018-03-31": "1674.05000", "2017-12-31": -563.277, "2017-09-30": 2338.129, "2017-06-30": 1377.743, "2017-03-31": "2098.07700", "2016-12-31": 793.153, "2016-09-30": 590.621, "2016-06-30": -1164.455, "2016-03-31": "-394.06200", "2015-12-31": 2092.419, "2015-09-30": 1417.838, "2015-06-30": 1691.252, "2015-03-31": "-488.68700", "2014-12-31": 3170.794, "2014-09-30": 2727.995, "2014-06-30": 2909.711, "2014-03-31": "2982.44000", "2013-12-31": 2478.505, "2013-09-30": 1314.576, "2013-06-30": -601.187, "2013-03-31": "119.57300", "2012-12-31": 1447.001, "2012-09-30": -312.253, "2012-06-30": 1369.358, "2012-03-31": "27.44800", "2011-12-31": 587.413, "2011-09-30": -99.795, "2011-06-30": 972.512, "2011-03-31": "1014.98500", "2010-12-31": 1952.102, "2010-09-30": 298.135, "2010-06-30": 636.088, "2010-03-31": "1201.70900", "2009-12-31": 293.46, "2009-09-30": 1078.483, "2009-06-30": 526.938, "2009-03-31": "1022.82300", "2008-12-31": 2048.394, "2008-09-30": 608.193, "2008-06-30": 115.294, "2008-03-31": "196.14200", "2007-12-31": 644.413, "2007-09-30": -423.54, "2007-06-30": 526.335, "2007-03-31": "-140.95500", "2006-12-31": 99.055, "2006-09-30": 61.92, "2006-06-30": -224.856, "2006-03-31": "-77.84300", "2005-12-31": -32.197, "2005-09-30": -71.025, "2005-06-30": 230.186, "2005-03-31": "-48.37300"}, "Cash Flow From Financial Activities": {"2020-12-31": -23441.07, "2020-09-30": 10233.36, "2020-06-30": 9997.129, "2020-03-31": "3210.58100", "2019-12-31": 2188.311, "2019-09-30": 3913.853, "2019-06-30": 3065.669, "2019-03-31": "2250.16700", "2018-12-31": -1413.181, "2018-09-30": 1916.705, "2018-06-30": 2267.195, "2018-03-31": "1744.55800", "2017-12-31": 424.784, "2017-09-30": 2344.869, "2017-06-30": 1331.894, "2017-03-31": "1599.40900", "2016-12-31": 1316.558, "2016-09-30": 91.632, "2016-06-30": -654.134, "2016-03-31": "-1164.88400", "2015-12-31": 2867.749, "2015-09-30": 1420.19, "2015-06-30": 1623.007, "2015-03-31": "-62.16400", "2014-12-31": 3176.321, "2014-09-30": 2735.464, "2014-06-30": 3348.551, "2014-03-31": "2990.31400", "2013-12-31": 2486.166, "2013-09-30": 1320.878, "2013-06-30": -589.022, "2013-03-31": "-21.01600", "2012-12-31": 1106.873, "2012-09-30": 193.084, "2012-06-30": 389.61, "2012-03-31": "894.72800", "2011-12-31": 589.836, "2011-09-30": -95.654, "2011-06-30": 389.309, "2011-03-31": "1027.58900", "2010-12-31": 1936.642, "2010-09-30": 659.435, "2010-06-30": 649.067, "2010-03-31": "1207.91400", "2009-12-31": 333.31, "2009-09-30": 1047.565, "2009-06-30": 451.079, "2009-03-31": "1014.67700", "2008-12-31": 1873.141, "2008-09-30": 716.758, "2008-06-30": 407.332, "2008-03-31": "186.78800", "2007-12-31": 320.536, "2007-09-30": -410.669, "2007-06-30": 736.042, "2007-03-31": "-253.80500", "2006-12-31": 113.027, "2006-09-30": 320.856, "2006-06-30": -18.733, "2006-03-31": "-72.80300", "2005-12-31": 128.602, "2005-09-30": 37.351, "2005-06-30": 197.695, "2005-03-31": "-74.50300"}, "Net Cash Flow": {"2020-12-31": -8905.993, "2020-09-30": 1485.67, "2020-06-30": 4640.658, "2020-03-31": "2779.66500", "2019-12-31": -164.413, "2019-09-30": -2074.729, "2019-06-30": 1954.042, "2019-03-31": "3495.34400", "2018-12-31": -247.602, "2018-09-30": 1107.04, "2018-06-30": 92.717, "2018-03-31": "-303.69100", "2017-12-31": -632.496, "2017-09-30": -298.673, "2017-06-30": 58.565, "2017-03-31": "1249.92900", "2016-12-31": 24.431, "2016-09-30": 666.862, "2016-06-30": -14.055, "2016-03-31": "365.25500", "2015-12-31": -170.888, "2015-09-30": -951.405, "2015-06-30": 1361.704, "2015-03-31": "-547.16800", "2014-12-31": -61.523, "2014-09-30": -777.294, "2014-06-30": -1212.633, "2014-03-31": "2323.68500", "2013-12-31": -403.965, "2013-09-30": 1069.493, "2013-06-30": -645.998, "2013-03-31": "510.26600", "2012-12-31": 102.303, "2012-09-30": -505.045, "2012-06-30": 561.101, "2012-03-31": "-264.32400", "2011-12-31": -927.024, "2011-09-30": -523.247, "2011-06-30": 215.159, "2011-03-31": "-726.37200", "2010-12-31": -701.937, "2010-09-30": -411.974, "2010-06-30": -501.36, "2010-03-31": "1178.85000", "2009-12-31": -597.975, "2009-09-30": 401.458, "2009-06-30": 62.384, "2009-03-31": "1210.26100", "2008-12-31": 1686.212, "2008-09-30": 121.733, "2008-06-30": -46.463, "2008-03-31": "-7.93100", "2007-12-31": 24.055, "2007-09-30": -347.16, "2007-06-30": 441.405, "2007-03-31": "-67.71100", "2006-12-31": 32.084, "2006-09-30": 56.23, "2006-06-30": -5.724, "2006-03-31": "87.89700", "2005-12-31": 43.407, "2005-09-30": -119.554, "2005-06-30": 83.213, "2005-03-31": "-172.18600"}, "Stock-Based Compensation": {"2020-12-31": 0, "2020-09-30": -39.325, "2020-06-30": 20.154, "2020-03-31": "19.17100", "2019-12-31": 0, "2019-09-30": -31.768, "2019-06-30": 16.646, "2019-03-31": "15.12200", "2018-12-31": 0, "2018-09-30": -22.467, "2018-06-30": 11.944, "2018-03-31": "10.52300", "2017-12-31": -27.739, "2017-09-30": 8.644, "2017-06-30": 9.892, "2017-03-31": "9.20300", "2016-12-31": 13.152, "2016-09-30": 22.342, "2016-06-30": 0, "2016-03-31": "", "2015-12-31": 8.065, "2015-09-30": 8.188, "2015-06-30": 8.215, "2015-03-31": "7.77100", "2014-12-31": 7.26, "2014-09-30": 7.52, "2014-06-30": 14.765, "2014-03-31": "", "2013-12-31": -18.945, "2013-09-30": 6.723, "2013-06-30": 6.396, "2013-03-31": "5.82600", "2012-12-31": 5.267, "2012-09-30": 5.617, "2012-06-30": 5.828, "2012-03-31": "5.14900", "2011-12-31": 4.72, "2011-09-30": 4.552, "2011-06-30": 4.706, "2011-03-31": "4.24300", "2010-12-31": 3.857, "2010-09-30": 3.608, "2010-06-30": 3.005, "2010-03-31": "3.29100", "2009-12-31": 3.607, "2009-09-30": 3.434, "2009-06-30": 3.856, "2009-03-31": "3.88700", "2008-12-31": 2.736, "2008-09-30": 3.4, "2008-06-30": 3.823, "2008-03-31": "3.64700", "2007-12-31": 2.925, "2007-09-30": 3.961, "2007-06-30": 4.597, "2007-03-31": "3.64800", "2006-12-31": 4.552, "2006-09-30": 5.243, "2006-06-30": 5.607, "2006-03-31": "5.93800", "2005-12-31": 2.435, "2005-09-30": 1.997, "2005-06-30": 2.196, "2005-03-31": "1.24500"}, "Common Stock Dividends Paid": {"2020-12-31": 0, "2020-09-30": 0, "2020-06-30": 0, "2020-03-31": "", "2019-12-31": 0, "2019-09-30": 0, "2019-06-30": 0, "2019-03-31": "", "2018-12-31": 0, "2018-09-30": 0, "2018-06-30": 0, "2018-03-31": "", "2017-12-31": 0, "2017-09-30": 0, "2017-06-30": 0, "2017-03-31": "", "2016-12-31": 0, "2016-09-30": 0, "2016-06-30": 0, "2016-03-31": "", "2015-12-31": 0, "2015-09-30": 0, "2015-06-30": 0, "2015-03-31": "", "2014-12-31": 0, "2014-09-30": 0, "2014-06-30": 0, "2014-03-31": "", "2013-12-31": 0, "2013-09-30": 0, "2013-06-30": 0, "2013-03-31": "", "2012-12-31": 0, "2012-09-30": 0, "2012-06-30": 0, "2012-03-31": "", "2011-12-31": 0, "2011-09-30": 0, "2011-06-30": 0, "2011-03-31": "", "2010-12-31": 0, "2010-09-30": 0, "2010-06-30": 0, "2010-03-31": "", "2009-12-31": 0, "2009-09-30": 0, "2009-06-30": 0, "2009-03-31": "", "2008-12-31": 0, "2008-09-30": 0, "2008-06-30": 0, "2008-03-31": "", "2007-12-31": 0, "2007-09-30": 0, "2007-06-30": 0, "2007-03-31": "", "2006-12-31": 0, "2006-09-30": 0, "2006-06-30": 0, "2006-03-31": "", "2005-12-31": 0, "2005-09-30": 0, "2005-06-30": 0, "2005-03-31": ""}}, "financial ratios": {"Current Ratio": {"2019-12-31": "", "2018-12-31": "", "2017-12-31": "", "2016-12-31": "", "2015-12-31": "", "2014-12-31": "", "2013-12-31": "", "2012-12-31": "", "2011-12-31": "", "2010-12-31": "", "2009-12-31": "", "2008-12-31": "", "2007-12-31": "", "2006-12-31": "", "2005-12-31": ""}, "Long-term Debt / Capital": {"2019-12-31": "0.04990", "2018-12-31": "0.11680", "2017-12-31": "0.13870", "2016-12-31": "0.17400", "2015-12-31": "0.19290", "2014-12-31": "0.10020", "2013-12-31": "0.12880", "2012-12-31": "0.14940", "2011-12-31": "0.21150", "2010-12-31": "0.40890", "2009-12-31": "0.36750", "2008-12-31": "0.43150", "2007-12-31": "0.56400", "2006-12-31": "0.35930", "2005-12-31": "0.25590"}, "Debt/Equity Ratio": {"2019-12-31": "0.05520", "2018-12-31": "0.25220", "2017-12-31": "0.40030", "2016-12-31": "0.34640", "2015-12-31": "0.47150", "2014-12-31": "0.11330", "2013-12-31": "0.14950", "2012-12-31": "0.23950", "2011-12-31": "0.26820", "2010-12-31": "0.71300", "2009-12-31": "0.60740", "2008-12-31": "0.80620", "2007-12-31": "1.42650", "2006-12-31": "1.64830", "2005-12-31": "0.83490"}, "Gross Margin": {"2019-12-31": "", "2018-12-31": "", "2017-12-31": "", "2016-12-31": "", "2015-12-31": "", "2014-12-31": "", "2013-12-31": "", "2012-12-31": "", "2011-12-31": "", "2010-12-31": "", "2009-12-31": "", "2008-12-31": "", "2007-12-31": "", "2006-12-31": "", "2005-12-31": ""}, "Operating Margin": {"2019-12-31": "", "2018-12-31": "", "2017-12-31": "", "2016-12-31": "", "2015-12-31": "", "2014-12-31": "", "2013-12-31": "", "2012-12-31": "", "2011-12-31": "", "2010-12-31": "", "2009-12-31": "", "2008-12-31": "", "2007-12-31": "", "2006-12-31": "", "2005-12-31": ""}, "EBIT Margin": {"2019-12-31": "", "2018-12-31": "", "2017-12-31": "", "2016-12-31": "", "2015-12-31": "", "2014-12-31": "", "2013-12-31": "", "2012-12-31": "", "2011-12-31": "", "2010-12-31": "", "2009-12-31": "", "2008-12-31": "", "2007-12-31": "", "2006-12-31": "", "2005-12-31": ""}, "EBITDA Margin": {"2019-12-31": "", "2018-12-31": "", "2017-12-31": "", "2016-12-31": "", "2015-12-31": "", "2014-12-31": "", "2013-12-31": "", "2012-12-31": "", "2011-12-31": "", "2010-12-31": "", "2009-12-31": "", "2008-12-31": "", "2007-12-31": "", "2006-12-31": "", "2005-12-31": ""}, "Pre-Tax Profit Margin": {"2019-12-31": "50.14230", "2018-12-31": "53.42430", "2017-12-31": "46.39280", "2016-12-31": "42.69530", "2015-12-31": "43.62550", "2014-12-31": "48.35650", "2013-12-31": "52.92190", "2012-12-31": "39.93950", "2011-12-31": "44.52920", "2010-12-31": "31.91740", "2009-12-31": "11.76430", "2008-12-31": "25.54690", "2007-12-31": "40.26140", "2006-12-31": "32.03380", "2005-12-31": "36.80100"}, "Net Profit Margin": {"2019-12-31": "35.39770", "2018-12-31": "38.17330", "2017-12-31": "26.01750", "2016-12-31": "25.50560", "2015-12-31": "24.85690", "2014-12-31": "19.26980", "2013-12-31": "16.41470", "2012-12-31": "19.26160", "2011-12-31": "19.04710", "2010-12-31": "15.28910", "2009-12-31": "5.81810", "2008-12-31": "17.50850", "2007-12-31": "20.74730", "2006-12-31": "18.47610", "2005-12-31": "22.21510"}, "Asset Turnover": {"2019-12-31": "0.04520", "2018-12-31": "0.04480", "2017-12-31": "0.03680", "2016-12-31": "0.03360", "2015-12-31": "0.03100", "2014-12-31": "0.03480", "2013-12-31": "0.04950", "2012-12-31": "0.03990", "2011-12-31": "0.04520", "2010-12-31": "0.03540", "2009-12-31": "0.03030", "2008-12-31": "0.04190", "2007-12-31": "0.08670", "2006-12-31": "0.07960", "2005-12-31": "0.07520"}, "Inventory Turnover Ratio": {"2019-12-31": "", "2018-12-31": "", "2017-12-31": "", "2016-12-31": "", "2015-12-31": "", "2014-12-31": "", "2013-12-31": "", "2012-12-31": "", "2011-12-31": "", "2010-12-31": "", "2009-12-31": "", "2008-12-31": "", "2007-12-31": "", "2006-12-31": "", "2005-12-31": ""}, "Receiveable Turnover": {"2019-12-31": "", "2018-12-31": "", "2017-12-31": "", "2016-12-31": "", "2015-12-31": "", "2014-12-31": "", "2013-12-31": "", "2012-12-31": "", "2011-12-31": "", "2010-12-31": "", "2009-12-31": "", "2008-12-31": "", "2007-12-31": "", "2006-12-31": "", "2005-12-31": ""}, "Days Sales In Receivables": {"2019-12-31": "", "2018-12-31": "", "2017-12-31": "", "2016-12-31": "", "2015-12-31": "", "2014-12-31": "", "2013-12-31": "", "2012-12-31": "", "2011-12-31": "", "2010-12-31": "", "2009-12-31": "", "2008-12-31": "", "2007-12-31": "", "2006-12-31": "", "2005-12-31": ""}, "ROE - Return On Equity": {"2019-12-31": "18.86210", "2018-12-31": "19.20950", "2017-12-31": "12.01960", "2016-12-31": "10.33260", "2015-12-31": "11.24490", "2014-12-31": "11.81370", "2013-12-31": "17.69160", "2012-12-31": "9.58890", "2011-12-31": "12.56640", "2010-12-31": "7.82580", "2009-12-31": "0.72180", "2008-12-31": "5.05690", "2007-12-31": "22.00900", "2006-12-31": "14.19110", "2005-12-31": "16.25450"}, "Return On Tangible Equity": {"2019-12-31": "18.41380", "2018-12-31": "19.20950", "2017-12-31": "12.01960", "2016-12-31": "10.33260", "2015-12-31": "11.24500", "2014-12-31": "11.81370", "2013-12-31": "17.69160", "2012-12-31": "9.58890", "2011-12-31": "12.56640", "2010-12-31": "7.82580", "2009-12-31": "0.72180", "2008-12-31": "4.21740", "2007-12-31": "22.14290", "2006-12-31": "14.68880", "2005-12-31": "17.34000"}, "ROA - Return On Assets": {"2019-12-31": "1.66850", "2018-12-31": "1.77650", "2017-12-31": "1.01370", "2016-12-31": "0.87340", "2015-12-31": "0.83880", "2014-12-31": "1.21680", "2013-12-31": "2.06220", "2012-12-31": "1.09730", "2011-12-31": "1.41620", "2010-12-31": "0.78060", "2009-12-31": "0.08290", "2008-12-31": "0.55050", "2007-12-31": "2.22530", "2006-12-31": "1.46660", "2005-12-31": "1.66980"}, "ROI - Return On Investment": {"2019-12-31": "16.99970", "2018-12-31": "16.96520", "2017-12-31": "10.35270", "2016-12-31": "8.53460", "2015-12-31": "9.07570", "2014-12-31": "10.62960", "2013-12-31": "15.41310", "2012-12-31": "8.15580", "2011-12-31": "9.90850", "2010-12-31": "4.62600", "2009-12-31": "0.45650", "2008-12-31": "2.39030", "2007-12-31": "9.59630", "2006-12-31": "9.09220", "2005-12-31": "12.09420"}, "Book Value Per Share": {"2019-12-31": "128.17640", "2018-12-31": "100.11870", "2017-12-31": "81.75290", "2016-12-31": "72.28230", "2015-12-31": "64.58500", "2014-12-31": "79.56280", "2013-12-31": "67.23420", "2012-12-31": "58.37800", "2011-12-31": "51.72360", "2010-12-31": "41.36170", "2009-12-31": "35.65990", "2008-12-31": "39.84910", "2007-12-31": "20.71120", "2006-12-31": "18.27020", "2005-12-31": "16.18940"}, "Operating Cash Flow Per Share": {"2019-12-31": 4.8925, "2018-12-31": 5.2266, "2017-12-31": 3.1231, "2016-12-31": 2.4782, "2015-12-31": 1.3935, "2014-12-31": 1.4012, "2013-12-31": -0.642, "2012-12-31": 0.5678, "2011-12-31": -0.0295, "2010-12-31": 1.2986, "2009-12-31": -1.191, "2008-12-31": -1.001, "2007-12-31": 1.3408, "2006-12-31": 0.443, "2005-12-31": 2.9522}, "Free Cash Flow Per Share": {"2019-12-31": 4.4938, "2018-12-31": 5.3281, "2017-12-31": 3.187, "2016-12-31": 2.4984, "2015-12-31": 1.2093, "2014-12-31": 1.1999, "2013-12-31": -0.5298, "2012-12-31": 0.5096, "2011-12-31": -0.0997, "2010-12-31": 1.1286, "2009-12-31": -1.4067, "2008-12-31": -0.9024, "2007-12-31": 1.5413, "2006-12-31": 0.367, "2005-12-31": 2.4779}}, "financial ratios, quarterly": {"Current Ratio": {"2020-09-30": "", "2020-06-30": "", "2020-03-31": "", "2019-12-31": "", "2019-09-30": "", "2019-06-30": "", "2019-03-31": "", "2018-12-31": "", "2018-09-30": "", "2018-06-30": "", "2018-03-31": "", "2017-12-31": "", "2017-09-30": "", "2017-06-30": "", "2017-03-31": "", "2016-12-31": "", "2016-09-30": "", "2016-06-30": "", "2016-03-31": "", "2015-12-31": "", "2015-09-30": "", "2015-06-30": "", "2015-03-31": "", "2014-12-31": "", "2014-09-30": "", "2014-06-30": "", "2014-03-31": "", "2013-12-31": "", "2013-09-30": "", "2013-06-30": "", "2013-03-31": "", "2012-12-31": "", "2012-09-30": "", "2012-06-30": "", "2012-03-31": "", "2011-12-31": "", "2011-09-30": "", "2011-06-30": "", "2011-03-31": "", "2010-12-31": "", "2010-09-30": "", "2010-06-30": "", "2010-03-31": "", "2009-12-31": "", "2009-09-30": "", "2009-06-30": "", "2009-03-31": "", "2008-12-31": "", "2008-09-30": "", "2008-06-30": "", "2008-03-31": "", "2007-12-31": "", "2007-09-30": "", "2007-06-30": "", "2007-03-31": "", "2006-12-31": "", "2006-09-30": "", "2006-06-30": "", "2006-03-31": "", "2005-12-31": "", "2005-09-30": "", "2005-06-30": "", "2005-03-31": ""}, "Long-term Debt / Capital": {"2020-09-30": "0.09570", "2020-06-30": "0.10150", "2020-03-31": "0.04620", "2019-12-31": "0.04990", "2019-09-30": "0.10340", "2019-06-30": "0.10880", "2019-03-31": "0.11270", "2018-12-31": "0.11680", "2018-09-30": "0.12070", "2018-06-30": "0.12650", "2018-03-31": "0.13240", "2017-12-31": "0.13870", "2017-09-30": "0.15150", "2017-06-30": "0.15650", "2017-03-31": "0.16930", "2016-12-31": "0.17400", "2016-09-30": "0.17610", "2016-06-30": "0.17980", "2016-03-31": "0.18490", "2015-12-31": "0.19290", "2015-09-30": "0.19390", "2015-06-30": "0.20100", "2015-03-31": "0.15800", "2014-12-31": "0.10020", "2014-09-30": "0.10330", "2014-06-30": "0.10350", "2014-03-31": "0.11900", "2013-12-31": "0.12880", "2013-09-30": "0.13490", "2013-06-30": "0.14580", "2013-03-31": "0.14660", "2012-12-31": "0.14940", "2012-09-30": "0.15210", "2012-06-30": "0.15790", "2012-03-31": "0.20440", "2011-12-31": "0.21150", "2011-09-30": "0.21760", "2011-06-30": "0.23220", "2011-03-31": "0.39480", "2010-12-31": "0.40890", "2010-09-30": "0.41950", "2010-06-30": "0.34840", "2010-03-31": "0.35690", "2009-12-31": "0.36750", "2009-09-30": "0.38360", "2009-06-30": "0.40700", "2009-03-31": "0.42730", "2008-12-31": "0.43150", "2008-09-30": "0.57340", "2008-06-30": "0.58750", "2008-03-31": "0.56950", "2007-12-31": "0.56400", "2007-09-30": "0.55980", "2007-06-30": "0.55610", "2007-03-31": "0.35080", "2006-12-31": "0.35930", "2006-09-30": "0.25330", "2006-06-30": "0.25830", "2006-03-31": "0.25440", "2005-12-31": "0.25590", "2005-09-30": "0.26680", "2005-06-30": "0.28160", "2005-03-31": "0.28810"}, "Debt/Equity Ratio": {"2020-09-30": "0.10830", "2020-06-30": "0.11970", "2020-03-31": "0.48530", "2019-12-31": "0.05520", "2019-09-30": "0.11840", "2019-06-30": "0.12640", "2019-03-31": "0.12970", "2018-12-31": "0.25220", "2018-09-30": "0.65630", "2018-06-30": "0.23170", "2018-03-31": "0.39430", "2017-12-31": "0.40030", "2017-09-30": "0.17970", "2017-06-30": "0.18560", "2017-03-31": "0.20510", "2016-12-31": "0.34640", "2016-09-30": "0.21440", "2016-06-30": "0.35760", "2016-03-31": "0.22690", "2015-12-31": "0.47150", "2015-09-30": "0.24170", "2015-06-30": "0.25240", "2015-03-31": "0.20590", "2014-12-31": "0.11330", "2014-09-30": "0.11690", "2014-06-30": "0.11670", "2014-03-31": "0.13650", "2013-12-31": "0.14950", "2013-09-30": "0.15780", "2013-06-30": "0.17270", "2013-03-31": "0.17450", "2012-12-31": "0.23950", "2012-09-30": "0.37820", "2012-06-30": "0.18990", "2012-03-31": "0.61950", "2011-12-31": "0.26820", "2011-09-30": "0.27800", "2011-06-30": "0.30240", "2011-03-31": "0.67140", "2010-12-31": "0.71300", "2010-09-30": "0.75790", "2010-06-30": "0.56210", "2010-03-31": "0.58070", "2009-12-31": "0.60740", "2009-09-30": "0.65990", "2009-06-30": "0.71010", "2009-03-31": "0.78970", "2008-12-31": "0.80620", "2008-09-30": "1.92560", "2008-06-30": "1.90600", "2008-03-31": "1.50070", "2007-12-31": "1.42650", "2007-09-30": "1.82170", "2007-06-30": "1.70890", "2007-03-31": "1.43400", "2006-12-31": "1.64830", "2006-09-30": "1.69840", "2006-06-30": "1.28790", "2006-03-31": "0.83520", "2005-12-31": "0.83490", "2005-09-30": "0.58220", "2005-06-30": "0.39200", "2005-03-31": "0.40470"}, "Gross Margin": {"2020-09-30": "", "2020-06-30": "", "2020-03-31": "", "2019-12-31": "", "2019-09-30": "", "2019-06-30": "", "2019-03-31": "", "2018-12-31": "", "2018-09-30": "", "2018-06-30": "", "2018-03-31": "", "2017-12-31": "", "2017-09-30": "", "2017-06-30": "", "2017-03-31": "", "2016-12-31": "", "2016-09-30": "", "2016-06-30": "", "2016-03-31": "", "2015-12-31": "", "2015-09-30": "", "2015-06-30": "", "2015-03-31": "", "2014-12-31": "", "2014-09-30": "", "2014-06-30": "", "2014-03-31": "", "2013-12-31": "", "2013-09-30": "", "2013-06-30": "", "2013-03-31": "", "2012-12-31": "", "2012-09-30": "", "2012-06-30": "", "2012-03-31": "", "2011-12-31": "", "2011-09-30": "", "2011-06-30": "", "2011-03-31": "", "2010-12-31": "", "2010-09-30": "", "2010-06-30": "", "2010-03-31": "", "2009-12-31": "", "2009-09-30": "", "2009-06-30": "", "2009-03-31": "", "2008-12-31": "", "2008-09-30": "", "2008-06-30": "", "2008-03-31": "", "2007-12-31": "", "2007-09-30": "", "2007-06-30": "", "2007-03-31": "", "2006-12-31": "", "2006-09-30": "", "2006-06-30": "", "2006-03-31": "", "2005-12-31": "", "2005-09-30": "", "2005-06-30": "", "2005-03-31": ""}, "Operating Margin": {"2020-09-30": "", "2020-06-30": "", "2020-03-31": "", "2019-12-31": "", "2019-09-30": "", "2019-06-30": "", "2019-03-31": "", "2018-12-31": "", "2018-09-30": "", "2018-06-30": "", "2018-03-31": "", "2017-12-31": "", "2017-09-30": "", "2017-06-30": "", "2017-03-31": "", "2016-12-31": "", "2016-09-30": "", "2016-06-30": "", "2016-03-31": "", "2015-12-31": "", "2015-09-30": "", "2015-06-30": "", "2015-03-31": "", "2014-12-31": "", "2014-09-30": "", "2014-06-30": "", "2014-03-31": "", "2013-12-31": "", "2013-09-30": "", "2013-06-30": "", "2013-03-31": "", "2012-12-31": "", "2012-09-30": "", "2012-06-30": "", "2012-03-31": "", "2011-12-31": "", "2011-09-30": "", "2011-06-30": "", "2011-03-31": "", "2010-12-31": "", "2010-09-30": "", "2010-06-30": "", "2010-03-31": "", "2009-12-31": "", "2009-09-30": "", "2009-06-30": "", "2009-03-31": "", "2008-12-31": "", "2008-09-30": "", "2008-06-30": "", "2008-03-31": "", "2007-12-31": "", "2007-09-30": "", "2007-06-30": "", "2007-03-31": "", "2006-12-31": "", "2006-09-30": "", "2006-06-30": "", "2006-03-31": "", "2005-12-31": "", "2005-09-30": "", "2005-06-30": "", "2005-03-31": ""}, "EBIT Margin": {"2020-09-30": "", "2020-06-30": "", "2020-03-31": "", "2019-12-31": "", "2019-09-30": "", "2019-06-30": "", "2019-03-31": "", "2018-12-31": "", "2018-09-30": "", "2018-06-30": "", "2018-03-31": "", "2017-12-31": "", "2017-09-30": "", "2017-06-30": "", "2017-03-31": "", "2016-12-31": "", "2016-09-30": "", "2016-06-30": "", "2016-03-31": "", "2015-12-31": "", "2015-09-30": "", "2015-06-30": "", "2015-03-31": "", "2014-12-31": "", "2014-09-30": "", "2014-06-30": "", "2014-03-31": "", "2013-12-31": "", "2013-09-30": "", "2013-06-30": "", "2013-03-31": "", "2012-12-31": "", "2012-09-30": "", "2012-06-30": "", "2012-03-31": "", "2011-12-31": "", "2011-09-30": "", "2011-06-30": "", "2011-03-31": "", "2010-12-31": "", "2010-09-30": "", "2010-06-30": "", "2010-03-31": "", "2009-12-31": "", "2009-09-30": "", "2009-06-30": "", "2009-03-31": "", "2008-12-31": "", "2008-09-30": "", "2008-06-30": "", "2008-03-31": "", "2007-12-31": "", "2007-09-30": "", "2007-06-30": "", "2007-03-31": "", "2006-12-31": "", "2006-09-30": "", "2006-06-30": "", "2006-03-31": "", "2005-12-31": "", "2005-09-30": "", "2005-06-30": "", "2005-03-31": ""}, "EBITDA Margin": {"2020-09-30": "", "2020-06-30": "", "2020-03-31": "", "2019-12-31": "", "2019-09-30": "", "2019-06-30": "", "2019-03-31": "", "2018-12-31": "", "2018-09-30": "", "2018-06-30": "", "2018-03-31": "", "2017-12-31": "", "2017-09-30": "", "2017-06-30": "", "2017-03-31": "", "2016-12-31": "", "2016-09-30": "", "2016-06-30": "", "2016-03-31": "", "2015-12-31": "", "2015-09-30": "", "2015-06-30": "", "2015-03-31": "", "2014-12-31": "", "2014-09-30": "", "2014-06-30": "", "2014-03-31": "", "2013-12-31": "", "2013-09-30": "", "2013-06-30": "", "2013-03-31": "", "2012-12-31": "", "2012-09-30": "", "2012-06-30": "", "2012-03-31": "", "2011-12-31": "", "2011-09-30": "", "2011-06-30": "", "2011-03-31": "", "2010-12-31": "", "2010-09-30": "", "2010-06-30": "", "2010-03-31": "", "2009-12-31": "", "2009-09-30": "", "2009-06-30": "", "2009-03-31": "", "2008-12-31": "", "2008-09-30": "", "2008-06-30": "", "2008-03-31": "", "2007-12-31": "", "2007-09-30": "", "2007-06-30": "", "2007-03-31": "", "2006-12-31": "", "2006-09-30": "", "2006-06-30": "", "2006-03-31": "", "2005-12-31": "", "2005-09-30": "", "2005-06-30": "", "2005-03-31": ""}, "Pre-Tax Profit Margin": {"2020-09-30": "56.44430", "2020-06-30": "41.17020", "2020-03-31": "31.41240", "2019-12-31": "44.46290", "2019-09-30": "49.70890", "2019-06-30": "54.29950", "2019-03-31": "52.18270", "2018-12-31": "55.26090", "2018-09-30": "54.89920", "2018-06-30": "51.47400", "2018-03-31": "51.51400", "2017-12-31": "49.58950", "2017-09-30": "49.38220", "2017-06-30": "44.83180", "2017-03-31": "40.13050", "2016-12-31": "40.25550", "2016-09-30": "46.58250", "2016-06-30": "44.36340", "2016-03-31": "38.96700", "2015-12-31": "40.56510", "2015-09-30": "43.96850", "2015-06-30": "43.49740", "2015-03-31": "46.47680", "2014-12-31": "48.59160", "2014-09-30": "36.73110", "2014-06-30": "21.30660", "2014-03-31": "66.32650", "2013-12-31": "59.09390", "2013-09-30": "62.15020", "2013-06-30": "42.62540", "2013-03-31": "36.84780", "2012-12-31": "47.45430", "2012-09-30": "37.64630", "2012-06-30": "39.48770", "2012-03-31": "32.54400", "2011-12-31": "34.25060", "2011-09-30": "44.65800", "2011-06-30": "52.35470", "2011-03-31": "44.94370", "2010-12-31": "27.96340", "2010-09-30": "42.63900", "2010-06-30": "25.15000", "2010-03-31": "29.26930", "2009-12-31": "30.00530", "2009-09-30": "35.16630", "2009-06-30": "9.69020", "2009-03-31": "-105.20910", "2008-12-31": "-20.52630", "2008-09-30": "33.72910", "2008-06-30": "29.09160", "2008-03-31": "33.04690", "2007-12-31": "59.10850", "2007-09-30": "40.72040", "2007-06-30": "27.02470", "2007-03-31": "34.52410", "2006-12-31": "37.00640", "2006-09-30": "37.21840", "2006-06-30": "18.57410", "2006-03-31": "35.37180", "2005-12-31": "36.49730", "2005-09-30": "37.50470", "2005-06-30": "34.70580", "2005-03-31": "38.58750"}, "Net Profit Margin": {"2020-09-30": "39.18180", "2020-06-30": "28.08010", "2020-03-31": "22.70080", "2019-12-31": "31.68360", "2019-09-30": "34.34970", "2019-06-30": "37.89140", "2019-03-31": "37.75700", "2018-12-31": "38.72800", "2018-09-30": "40.05390", "2018-06-30": "37.74260", "2018-03-31": "35.61520", "2017-12-31": "22.37990", "2017-09-30": "29.18520", "2017-06-30": "27.05050", "2017-03-31": "25.56780", "2016-12-31": "25.26740", "2016-09-30": "26.87680", "2016-06-30": "25.86890", "2016-03-31": "23.69910", "2015-12-31": "24.70280", "2015-09-30": "24.78760", "2015-06-30": "25.07470", "2015-03-31": "24.86430", "2014-12-31": "16.02200", "2014-09-30": "22.51740", "2014-06-30": "23.45600", "2014-03-31": "17.97220", "2013-12-31": "14.46220", "2013-09-30": "15.94430", "2013-06-30": "19.45320", "2013-03-31": "17.32960", "2012-12-31": "18.52100", "2012-09-30": "19.50770", "2012-06-30": "21.21720", "2012-03-31": "17.77710", "2011-12-31": "17.36300", "2011-09-30": "16.31420", "2011-06-30": "25.88310", "2011-03-31": "15.47450", "2010-12-31": "10.86970", "2010-09-30": "20.80710", "2010-06-30": "15.17410", "2010-03-31": "13.31510", "2009-12-31": "4.81240", "2009-09-30": "16.74150", "2009-06-30": "7.90660", "2009-03-31": "-27.72000", "2008-12-31": "-0.91810", "2008-09-30": "21.35510", "2008-06-30": "17.09010", "2008-03-31": "21.76060", "2007-12-31": "22.27170", "2007-09-30": "24.18730", "2007-06-30": "16.08410", "2007-03-31": "20.10240", "2006-12-31": "21.17490", "2006-09-30": "21.32890", "2006-06-30": "11.13000", "2006-03-31": "20.29170", "2005-12-31": "22.10810", "2005-09-30": "22.77880", "2005-06-30": "20.68730", "2005-03-31": "23.33050"}, "Asset Turnover": {"2020-09-30": "0.01160", "2020-06-30": "0.00950", "2020-03-31": "0.00780", "2019-12-31": "0.01170", "2019-09-30": "0.01140", "2019-06-30": "0.01320", "2019-03-31": "0.01270", "2018-12-31": "0.01210", "2018-09-30": "0.01180", "2018-06-30": "0.01130", "2018-03-31": "0.01020", "2017-12-31": "0.01020", "2017-09-30": "0.01000", "2017-06-30": "0.00940", "2017-03-31": "0.00860", "2016-12-31": "0.00880", "2016-09-30": "0.00960", "2016-06-30": "0.00830", "2016-03-31": "0.00770", "2015-12-31": "0.00790", "2015-09-30": "0.00790", "2015-06-30": "0.00850", "2015-03-31": "0.00900", "2014-12-31": "0.00920", "2014-09-30": "0.00790", "2014-06-30": "0.00650", "2014-03-31": "0.01700", "2013-12-31": "0.01500", "2013-09-30": "0.01790", "2013-06-30": "0.01130", "2013-03-31": "0.01040", "2012-12-31": "0.01200", "2012-09-30": "0.01000", "2012-06-30": "0.01050", "2012-03-31": "0.00940", "2011-12-31": "0.01030", "2011-09-30": "0.01200", "2011-06-30": "0.01310", "2011-03-31": "0.01150", "2010-12-31": "0.00920", "2010-09-30": "0.01160", "2010-06-30": "0.00930", "2010-03-31": "0.00990", "2009-12-31": "0.00980", "2009-09-30": "0.00980", "2009-06-30": "0.00860", "2009-03-31": "0.00390", "2008-12-31": "0.00510", "2008-09-30": "0.01500", "2008-06-30": "0.01680", "2008-03-31": "0.01810", "2007-12-31": "0.02080", "2007-09-30": "0.02500", "2007-06-30": "0.02150", "2007-03-31": "0.02420", "2006-12-31": "0.02200", "2006-09-30": "0.02010", "2006-06-30": "0.02230", "2006-03-31": "0.02020", "2005-12-31": "0.02090", "2005-09-30": "0.01890", "2005-06-30": "0.01900", "2005-03-31": "0.01950"}, "Inventory Turnover Ratio": {"2020-09-30": "", "2020-06-30": "", "2020-03-31": "", "2019-12-31": "", "2019-09-30": "", "2019-06-30": "", "2019-03-31": "", "2018-12-31": "", "2018-09-30": "", "2018-06-30": "", "2018-03-31": "", "2017-12-31": "", "2017-09-30": "", "2017-06-30": "", "2017-03-31": "", "2016-12-31": "", "2016-09-30": "", "2016-06-30": "", "2016-03-31": "", "2015-12-31": "", "2015-09-30": "", "2015-06-30": "", "2015-03-31": "", "2014-12-31": "", "2014-09-30": "", "2014-06-30": "", "2014-03-31": "", "2013-12-31": "", "2013-09-30": "", "2013-06-30": "", "2013-03-31": "", "2012-12-31": "", "2012-09-30": "", "2012-06-30": "", "2012-03-31": "", "2011-12-31": "", "2011-09-30": "", "2011-06-30": "", "2011-03-31": "", "2010-12-31": "", "2010-09-30": "", "2010-06-30": "", "2010-03-31": "", "2009-12-31": "", "2009-09-30": "", "2009-06-30": "", "2009-03-31": "", "2008-12-31": "", "2008-09-30": "", "2008-06-30": "", "2008-03-31": "", "2007-12-31": "", "2007-09-30": "", "2007-06-30": "", "2007-03-31": "", "2006-12-31": "", "2006-09-30": "", "2006-06-30": "", "2006-03-31": "", "2005-12-31": "", "2005-09-30": "", "2005-06-30": "", "2005-03-31": ""}, "Receiveable Turnover": {"2020-09-30": "", "2020-06-30": "", "2020-03-31": "", "2019-12-31": "", "2019-09-30": "", "2019-06-30": "", "2019-03-31": "", "2018-12-31": "", "2018-09-30": "", "2018-06-30": "", "2018-03-31": "", "2017-12-31": "", "2017-09-30": "", "2017-06-30": "", "2017-03-31": "", "2016-12-31": "", "2016-09-30": "", "2016-06-30": "", "2016-03-31": "", "2015-12-31": "", "2015-09-30": "", "2015-06-30": "", "2015-03-31": "", "2014-12-31": "", "2014-09-30": "", "2014-06-30": "", "2014-03-31": "", "2013-12-31": "", "2013-09-30": "", "2013-06-30": "", "2013-03-31": "", "2012-12-31": "", "2012-09-30": "", "2012-06-30": "", "2012-03-31": "", "2011-12-31": "", "2011-09-30": "", "2011-06-30": "", "2011-03-31": "", "2010-12-31": "", "2010-09-30": "", "2010-06-30": "", "2010-03-31": "", "2009-12-31": "", "2009-09-30": "", "2009-06-30": "", "2009-03-31": "", "2008-12-31": "", "2008-09-30": "", "2008-06-30": "", "2008-03-31": "", "2007-12-31": "", "2007-09-30": "", "2007-06-30": "", "2007-03-31": "", "2006-12-31": "", "2006-09-30": "", "2006-06-30": "", "2006-03-31": "", "2005-12-31": "", "2005-09-30": "", "2005-06-30": "", "2005-03-31": ""}, "Days Sales In Receivables": {"2020-09-30": "", "2020-06-30": "", "2020-03-31": "", "2019-12-31": "", "2019-09-30": "", "2019-06-30": "", "2019-03-31": "", "2018-12-31": "", "2018-09-30": "", "2018-06-30": "", "2018-03-31": "", "2017-12-31": "", "2017-09-30": "", "2017-06-30": "", "2017-03-31": "", "2016-12-31": "", "2016-09-30": "", "2016-06-30": "", "2016-03-31": "", "2015-12-31": "", "2015-09-30": "", "2015-06-30": "", "2015-03-31": "", "2014-12-31": "", "2014-09-30": "", "2014-06-30": "", "2014-03-31": "", "2013-12-31": "", "2013-09-30": "", "2013-06-30": "", "2013-03-31": "", "2012-12-31": "", "2012-09-30": "", "2012-06-30": "", "2012-03-31": "", "2011-12-31": "", "2011-09-30": "", "2011-06-30": "", "2011-03-31": "", "2010-12-31": "", "2010-09-30": "", "2010-06-30": "", "2010-03-31": "", "2009-12-31": "", "2009-09-30": "", "2009-06-30": "", "2009-03-31": "", "2008-12-31": "", "2008-09-30": "", "2008-06-30": "", "2008-03-31": "", "2007-12-31": "", "2007-09-30": "", "2007-06-30": "", "2007-03-31": "", "2006-12-31": "", "2006-09-30": "", "2006-06-30": "", "2006-03-31": "", "2005-12-31": "", "2005-09-30": "", "2005-06-30": "", "2005-03-31": ""}, "ROE - Return On Equity": {"2020-09-30": "6.21530", "2020-06-30": "3.47620", "2020-03-31": "1.95310", "2019-12-31": "4.37540", "2019-09-30": "4.65770", "2019-06-30": "5.89840", "2019-03-31": "5.31770", "2018-12-31": "5.22200", "2018-09-30": "5.54960", "2018-06-30": "5.14120", "2018-03-31": "4.56230", "2017-12-31": "2.88610", "2017-09-30": "3.67180", "2017-06-30": "3.28010", "2017-03-31": "2.76370", "2016-12-31": "2.74400", "2016-09-30": "3.10600", "2016-06-30": "2.59730", "2016-03-31": "2.18160", "2015-12-31": "2.70040", "2015-09-30": "2.65410", "2015-06-30": "2.96160", "2015-03-31": "2.39380", "2014-12-31": "3.20340", "2014-09-30": "1.62830", "2014-06-30": "0.26300", "2014-03-31": "8.14840", "2013-12-31": "6.22120", "2013-09-30": "7.39420", "2013-06-30": "2.86250", "2013-03-31": "2.27440", "2012-12-31": "3.82550", "2012-09-30": "2.07960", "2012-06-30": "2.33510", "2012-03-31": "1.70460", "2011-12-31": "1.95030", "2011-09-30": "3.47010", "2011-06-30": "4.45090", "2011-03-31": "3.95740", "2010-12-31": "1.94370", "2010-09-30": "3.09140", "2010-06-30": "1.30220", "2010-03-31": "1.88550", "2009-12-31": "1.63370", "2009-09-30": "2.25760", "2009-06-30": "0.21550", "2009-03-31": "-3.94430", "2008-12-31": "-1.05070", "2008-09-30": "3.31550", "2008-06-30": "2.84330", "2008-03-31": "3.39180", "2007-12-31": "8.80110", "2007-09-30": "5.66670", "2007-06-30": "3.41820", "2007-03-31": "4.34470", "2006-12-31": "4.51060", "2006-09-30": "4.22470", "2006-06-30": "2.39280", "2006-03-31": "3.76700", "2005-12-31": "4.50480", "2005-09-30": "4.22440", "2005-06-30": "3.92100", "2005-03-31": "4.43750"}, "Return On Tangible Equity": {"2020-09-30": "6.09000", "2020-06-30": "3.40190", "2020-03-31": "1.91000", "2019-12-31": "4.27140", "2019-09-30": "4.80880", "2019-06-30": "6.10480", "2019-03-31": "5.51190", "2018-12-31": "5.22200", "2018-09-30": "5.54960", "2018-06-30": "5.14120", "2018-03-31": "4.56230", "2017-12-31": "2.88610", "2017-09-30": "3.67180", "2017-06-30": "3.28010", "2017-03-31": "2.76370", "2016-12-31": "2.74400", "2016-09-30": "3.10600", "2016-06-30": "2.59730", "2016-03-31": "2.18160", "2015-12-31": "2.70040", "2015-09-30": "2.65410", "2015-06-30": "2.96160", "2015-03-31": "2.39380", "2014-12-31": "3.20340", "2014-09-30": "1.62830", "2014-06-30": "0.26300", "2014-03-31": "8.14840", "2013-12-31": "6.22120", "2013-09-30": "7.39420", "2013-06-30": "2.86250", "2013-03-31": "2.27440", "2012-12-31": "3.82550", "2012-09-30": "2.07960", "2012-06-30": "2.33510", "2012-03-31": "1.70460", "2011-12-31": "1.95030", "2011-09-30": "3.47010", "2011-06-30": "4.45090", "2011-03-31": "3.95740", "2010-12-31": "1.94370", "2010-09-30": "3.09140", "2010-06-30": "1.30220", "2010-03-31": "1.88550", "2009-12-31": "1.63370", "2009-09-30": "1.89610", "2009-06-30": "0.17940", "2009-03-31": "-3.26740", "2008-12-31": "-0.87620", "2008-09-30": "3.33420", "2008-06-30": "2.86040", "2008-03-31": "3.41250", "2007-12-31": "8.85460", "2007-09-30": "5.70140", "2007-06-30": "3.43930", "2007-03-31": "4.49100", "2006-12-31": "4.66880", "2006-09-30": "4.38090", "2006-06-30": "2.46750", "2006-03-31": "4.01090", "2005-12-31": "4.80570", "2005-09-30": "4.51950", "2005-06-30": "4.20200", "2005-03-31": "4.76610"}, "ROA - Return On Assets": {"2020-09-30": "0.48910", "2020-06-30": "0.28900", "2020-03-31": "0.17820", "2019-12-31": "0.38700", "2019-09-30": "0.41290", "2019-06-30": "0.52780", "2019-03-31": "0.48470", "2018-12-31": "0.48290", "2018-09-30": "0.48390", "2018-06-30": "0.44220", "2018-03-31": "0.38880", "2017-12-31": "0.24340", "2017-09-30": "0.30370", "2017-06-30": "0.27380", "2017-03-31": "0.23240", "2016-12-31": "0.23190", "2016-09-30": "0.26720", "2016-06-30": "0.21880", "2016-03-31": "0.17580", "2015-12-31": "0.20140", "2015-09-30": "0.21080", "2015-06-30": "0.23480", "2015-03-31": "0.25790", "2014-12-31": "0.32990", "2014-09-30": "0.17800", "2014-06-30": "0.03110", "2014-03-31": "0.92340", "2013-12-31": "0.72520", "2013-09-30": "0.91060", "2013-06-30": "0.34530", "2013-03-31": "0.26560", "2012-12-31": "0.43780", "2012-09-30": "0.24630", "2012-06-30": "0.26810", "2012-03-31": "0.19180", "2011-12-31": "0.21980", "2011-09-30": "0.39630", "2011-06-30": "0.46330", "2011-03-31": "0.39260", "2010-12-31": "0.19390", "2010-09-30": "0.33490", "2010-06-30": "0.14210", "2010-03-31": "0.20680", "2009-12-31": "0.18750", "2009-09-30": "0.21060", "2009-06-30": "0.02070", "2009-03-31": "-0.38530", "2008-12-31": "-0.11440", "2008-09-30": "0.30020", "2008-06-30": "0.26650", "2008-03-31": "0.33200", "2007-12-31": "0.88990", "2007-09-30": "0.60460", "2007-06-30": "0.34620", "2007-03-31": "0.48550", "2006-12-31": "0.46620", "2006-09-30": "0.42860", "2006-06-30": "0.24840", "2006-03-31": "0.40540", "2005-12-31": "0.46280", "2005-09-30": "0.42950", "2005-06-30": "0.39370", "2005-03-31": "0.45440"}, "ROI - Return On Investment": {"2020-09-30": "5.38040", "2020-06-30": "2.98130", "2020-03-31": "1.77460", "2019-12-31": "3.94340", "2019-09-30": "4.17630", "2019-06-30": "5.25630", "2019-03-31": "4.71820", "2018-12-31": "4.61190", "2018-09-30": "4.87950", "2018-06-30": "4.49070", "2018-03-31": "3.95830", "2017-12-31": "2.48590", "2017-09-30": "3.11540", "2017-06-30": "2.76680", "2017-03-31": "2.29580", "2016-12-31": "2.26650", "2016-09-30": "2.55900", "2016-06-30": "2.13040", "2016-03-31": "1.77820", "2015-12-31": "2.17940", "2015-09-30": "2.13940", "2015-06-30": "2.36630", "2015-03-31": "2.01550", "2014-12-31": "2.88240", "2014-09-30": "1.46010", "2014-06-30": "0.23580", "2014-03-31": "7.17880", "2013-12-31": "5.41990", "2013-09-30": "6.39700", "2013-06-30": "2.44520", "2013-03-31": "1.94100", "2012-12-31": "3.25370", "2012-09-30": "1.76330", "2012-06-30": "1.96650", "2012-03-31": "1.35620", "2011-12-31": "1.53780", "2011-09-30": "2.71520", "2011-06-30": "3.41750", "2011-03-31": "2.39520", "2010-12-31": "1.14900", "2010-09-30": "1.79460", "2010-06-30": "0.84850", "2010-03-31": "1.21260", "2009-12-31": "1.03320", "2009-09-30": "1.16880", "2009-06-30": "0.10640", "2009-03-31": "-1.87130", "2008-12-31": "-0.49660", "2008-09-30": "1.41450", "2008-06-30": "1.17280", "2008-03-31": "1.46010", "2007-12-31": "3.83740", "2007-09-30": "2.49450", "2007-06-30": "1.51720", "2007-03-31": "2.82040", "2006-12-31": "2.89000", "2006-09-30": "3.15470", "2006-06-30": "1.77470", "2006-03-31": "2.80880", "2005-12-31": "3.35180", "2005-09-30": "3.09740", "2005-06-30": "2.81680", "2005-03-31": "3.15910"}, "Book Value Per Share": {"2020-09-30": "153.84610", "2020-06-30": "144.34030", "2020-03-31": "139.50710", "2019-12-31": "128.17640", "2019-09-30": "117.31840", "2019-06-30": "110.66630", "2019-03-31": "104.80910", "2018-12-31": "100.11870", "2018-09-30": "95.21210", "2018-06-30": "90.29790", "2018-03-31": "86.15930", "2017-12-31": "81.75290", "2017-09-30": "79.60890", "2017-06-30": "76.68430", "2017-03-31": "74.45370", "2016-12-31": "72.28230", "2016-09-30": "71.51840", "2016-06-30": "69.84570", "2016-03-31": "67.91050", "2015-12-31": "64.58500", "2015-09-30": "64.36770", "2015-06-30": "61.97840", "2015-03-31": "83.71130", "2014-12-31": "79.56280", "2014-09-30": "77.52730", "2014-06-30": "77.68070", "2014-03-31": "73.29880", "2013-12-31": "67.23420", "2013-09-30": "64.10380", "2013-06-30": "58.77770", "2013-03-31": "59.19630", "2012-12-31": "58.37800", "2012-09-30": "57.40930", "2012-06-30": "55.04870", "2012-03-31": "53.13820", "2011-12-31": "51.72360", "2011-09-30": "50.66740", "2011-06-30": "46.73710", "2011-03-31": "43.25800", "2010-12-31": "41.36170", "2010-09-30": "40.42170", "2010-06-30": "38.84250", "2010-03-31": "37.30580", "2009-12-31": "35.65990", "2009-09-30": "41.94840", "2009-06-30": "39.98460", "2009-03-31": "39.23960", "2008-12-31": "39.84910", "2008-09-30": "22.31950", "2008-06-30": "21.24290", "2008-03-31": "21.17800", "2007-12-31": "20.71120", "2007-09-30": "20.10980", "2007-06-30": "19.45240", "2007-03-31": "19.09040", "2006-12-31": "18.27020", "2006-09-30": "17.39300", "2006-06-30": "16.29820", "2006-03-31": "16.53550", "2005-12-31": "16.18940", "2005-09-30": "15.54100", "2005-06-30": "15.18450", "2005-03-31": "14.59790"}, "Operating Cash Flow Per Share": {"2020-09-30": 5.806, "2020-06-30": 11.1562, "2020-03-31": "3.23670", "2019-12-31": 8.5677, "2019-09-30": 5.0771, "2019-06-30": 2.1931, "2019-03-31": "6.41610", "2018-12-31": 4.3067, "2018-09-30": 6.595, "2018-06-30": -0.03, "2018-03-31": "6.48980", "2017-12-31": 2.3596, "2017-09-30": 2.3173, "2017-06-30": 5.3531, "2017-03-31": "2.10490", "2016-12-31": 3.8031, "2016-09-30": 2.4864, "2016-06-30": 1.646, "2016-03-31": "1.07630", "2015-12-31": 1.6495, "2015-09-30": 0.819, "2015-06-30": 3.0363, "2015-03-31": "1.02880", "2014-12-31": 0.5566, "2014-09-30": 0.1368, "2014-06-30": 3.3768, "2014-03-31": "1.06990", "2013-12-31": 1.6169, "2013-09-30": 1.4134, "2013-06-30": 0.7316, "2013-03-31": "-0.02300", "2012-12-31": 1.5398, "2012-09-30": 2.9776, "2012-06-30": 0.108, "2012-03-31": "-0.24450", "2011-12-31": 1.7536, "2011-09-30": -1.8684, "2011-06-30": 3.7869, "2011-03-31": "0.14100", "2010-12-31": 0.4351, "2010-09-30": 1.1711, "2010-06-30": 1.1049, "2010-03-31": "1.13150", "2009-12-31": -0.509, "2009-09-30": 0.4349, "2009-06-30": 2.2155, "2009-03-31": "0.40260", "2008-12-31": 0.3012, "2008-09-30": 2.0344, "2008-06-30": 0.5802, "2008-03-31": "0.81920", "2007-12-31": 1.1985, "2007-09-30": 1.77, "2007-06-30": 1.4065, "2007-03-31": "0.36100", "2006-12-31": 1.1431, "2006-09-30": 1.3473, "2006-06-30": 1.0004, "2006-03-31": "-0.09560", "2005-12-31": 0.7664, "2005-09-30": 1.0714, "2005-06-30": 0.8064, "2005-03-31": "0.30800"}, "Free Cash Flow Per Share": {"2020-09-30": 5.5291, "2020-06-30": 10.6504, "2020-03-31": "2.75370", "2019-12-31": 7.9691, "2019-09-30": 4.78, "2019-06-30": 1.9408, "2019-03-31": "6.31240", "2018-12-31": 3.9863, "2018-09-30": 6.3386, "2018-06-30": -0.1624, "2018-03-31": "6.34600", "2017-12-31": 2.0705, "2017-09-30": 2.056, "2017-06-30": 5.1483, "2017-03-31": "1.90560", "2016-12-31": 3.4941, "2016-09-30": 2.238, "2016-06-30": 1.4476, "2016-03-31": "0.81370", "2015-12-31": 1.3307, "2015-09-30": 0.5723, "2015-06-30": 2.796, "2015-03-31": "0.79600", "2014-12-31": 0.271, "2014-09-30": -0.0498, "2014-06-30": 3.1225, "2014-03-31": "0.94200", "2013-12-31": 1.4148, "2013-09-30": 1.2589, "2013-06-30": 0.5806, "2013-03-31": "-0.16850", "2012-12-31": 1.5202, "2012-09-30": 2.6795, "2012-06-30": -0.1584, "2012-03-31": "-0.42570", "2011-12-31": 1.5397, "2011-09-30": -2.068, "2011-06-30": 3.6225, "2011-03-31": "0.01180", "2010-12-31": 0.2929, "2010-09-30": 0.9877, "2010-06-30": 0.9535, "2010-03-31": "0.97160", "2009-12-31": -0.633, "2009-09-30": 0.2979, "2009-06-30": 2.0848, "2009-03-31": "0.32740", "2008-12-31": 0.2264, "2008-09-30": 1.9805, "2008-06-30": 0.5151, "2008-03-31": "0.76180", "2007-12-31": 1.1331, "2007-09-30": 1.7302, "2007-06-30": 1.2658, "2007-03-31": "0.25710", "2006-12-31": 1.0728, "2006-09-30": 1.1385, "2006-06-30": 0.8252, "2006-03-31": "-0.19160", "2005-12-31": 0.6683, "2005-09-30": 0.9095, "2005-06-30": 0.6845, "2005-03-31": "0.21560"}}, "revenue": {"SVB Financial Group Annual Revenue (Millions of US $)": {"2020": "$4,082", "2019": "$3,531", "2018": "$2,715", "2017": "$2,022", "2016": "$1,650", "2015": "$1,520", "2014": "$1,464", "2013": "$1,403", "2012": "$984", "2011": "$948", "2010": "$709", "2009": "$529", "2008": "$592", "2007": "$664", "2006": "$529", "2005": "$434"}, "SVB Financial Group Quarterly Revenue (Millions of US $)": {"2020-12-31": "$1,229", "2020-09-30": "$1,091", "2020-06-30": "$892", "2020-03-31": "$869", "2019-12-31": "$902", "2019-09-30": "$878", "2019-06-30": "$920", "2019-03-31": "$831", "2018-12-31": "$730", "2018-09-30": "$723", "2018-06-30": "$674", "2018-03-31": "$588", "2017-12-31": "$557", "2017-09-30": "$544", "2017-06-30": "$482", "2017-03-31": "$439", "2016-12-31": "$421", "2016-09-30": "$445", "2016-06-30": "$407", "2016-03-31": "$378", "2015-12-31": "$394", "2015-09-30": "$373", "2015-06-30": "$380", "2015-03-31": "$372", "2014-12-31": "$411", "2014-09-30": "$309", "2014-06-30": "$228", "2014-03-31": "$515", "2013-12-31": "$434", "2013-09-30": "$443", "2013-06-30": "$276", "2013-03-31": "$250", "2012-12-31": "$295", "2012-09-30": "$231", "2012-06-30": "$240", "2012-03-31": "$218", "2011-12-31": "$221", "2011-09-30": "$239", "2011-06-30": "$264", "2011-03-31": "$224", "2010-12-31": "$191", "2010-09-30": "$203", "2010-06-30": "$156", "2010-03-31": "$159", "2009-12-31": "$153", "2009-09-30": "$142", "2009-06-30": "$133", "2009-03-31": "$101", "2008-12-31": "$139", "2008-09-30": "$154", "2008-06-30": "$148", "2008-03-31": "$150", "2007-12-31": "$167", "2007-09-30": "$178", "2007-06-30": "$165", "2007-03-31": "$153", "2006-12-31": "$151", "2006-09-30": "$131", "2006-06-30": "$134", "2006-03-31": "$113", "2005-12-31": "$123", "2005-09-30": "$108", "2005-06-30": "$106", "2005-03-31": "$98"}}, "gross-profit": {"SVB Financial Group Annual Gross Profit (Millions of US $)": {"2020": "$3,996", "2019": "$3,318", "2018": "$2,639", "2017": "$1,978", "2016": "$1,607", "2015": "$1,479", "2014": "$1,429", "2013": "$1,371", "2012": "$953", "2011": "$909", "2010": "$666", "2009": "$480", "2008": "$521", "2007": "$597", "2006": "$494", "2005": "$417"}, "SVB Financial Group Quarterly Gross Profit (Millions of US $)": {"2020-12-31": "$1,213", "2020-09-30": "$1,075", "2020-06-30": "$882", "2020-03-31": "$826", "2019-12-31": "$847", "2019-09-30": "$815", "2019-06-30": "$863", "2019-03-31": "$793", "2018-12-31": "$701", "2018-09-30": "$703", "2018-06-30": "$659", "2018-03-31": "$575", "2017-12-31": "$546", "2017-09-30": "$533", "2017-06-30": "$471", "2017-03-31": "$428", "2016-12-31": "$410", "2016-09-30": "$433", "2016-06-30": "$396", "2016-03-31": "$368", "2015-12-31": "$384", "2015-09-30": "$363", "2015-06-30": "$370", "2015-03-31": "$362", "2014-12-31": "$402", "2014-09-30": "$301", "2014-06-30": "$219", "2014-03-31": "$507", "2013-12-31": "$426", "2013-09-30": "$435", "2013-06-30": "$268", "2013-03-31": "$242", "2012-12-31": "$287", "2012-09-30": "$224", "2012-06-30": "$232", "2012-03-31": "$210", "2011-12-31": "$213", "2011-09-30": "$231", "2011-06-30": "$254", "2011-03-31": "$210", "2010-12-31": "$176", "2010-09-30": "$193", "2010-06-30": "$147", "2010-03-31": "$150", "2009-12-31": "$143", "2009-09-30": "$131", "2009-06-30": "$120", "2009-03-31": "$86", "2008-12-31": "$122", "2008-09-30": "$135", "2008-06-30": "$131", "2008-03-31": "$132", "2007-12-31": "$145", "2007-09-30": "$161", "2007-06-30": "$150", "2007-03-31": "$141", "2006-12-31": "$139", "2006-09-30": "$121", "2006-06-30": "$127", "2006-03-31": "$107", "2005-12-31": "$118", "2005-09-30": "$103", "2005-06-30": "$102", "2005-03-31": "$94"}}, "operating-income": {"SVB Financial Group Annual Operating Income (Millions of US $)": {"2020": "$1,742", "2019": "$1,610", "2018": "$1,363", "2017": "$875", "2016": "$641", "2015": "$604", "2014": "$662", "2013": "$692", "2012": "$363", "2011": "$402", "2010": "$198", "2009": "$46", "2008": "$107", "2007": "$234", "2006": "$161", "2005": "$157"}, "SVB Financial Group Quarterly Operating Income (Millions of US $)": {"2020-12-31": "$587", "2020-09-30": "$636", "2020-06-30": "$336", "2020-03-31": "$183", "2019-12-31": "$369", "2019-09-30": "$387", "2019-06-30": "$456", "2019-03-31": "$399", "2018-12-31": "$380", "2018-09-30": "$377", "2018-06-30": "$324", "2018-03-31": "$282", "2017-12-31": "$260", "2017-09-30": "$251", "2017-06-30": "$204", "2017-03-31": "$159", "2016-12-31": "$158", "2016-09-30": "$193", "2016-06-30": "$159", "2016-03-31": "$130", "2015-12-31": "$144", "2015-09-30": "$145", "2015-06-30": "$149", "2015-03-31": "$165", "2014-12-31": "$176", "2014-09-30": "$104", "2014-06-30": "$46", "2014-03-31": "$336", "2013-12-31": "$235", "2013-09-30": "$264", "2013-06-30": "$106", "2013-03-31": "$87", "2012-12-31": "$129", "2012-09-30": "$82", "2012-06-30": "$89", "2012-03-31": "$64", "2011-12-31": "$70", "2011-09-30": "$103", "2011-06-30": "$133", "2011-03-31": "$96", "2010-12-31": "$45", "2010-09-30": "$77", "2010-06-30": "$35", "2010-03-31": "$41", "2009-12-31": "$38", "2009-09-30": "$43", "2009-06-30": "$10", "2009-03-31": "$-45", "2008-12-31": "$-11", "2008-09-30": "$41", "2008-06-30": "$36", "2008-03-31": "$41", "2007-12-31": "$56", "2007-09-30": "$75", "2007-06-30": "$44", "2007-03-31": "$59", "2006-12-31": "$51", "2006-09-30": "$43", "2006-06-30": "$29", "2006-03-31": "$39", "2005-12-31": "$45", "2005-09-30": "$39", "2005-06-30": "$35", "2005-03-31": "$37"}}, "ebitda": {"SVB Financial Group Annual EBITDA (Millions of US $)": {"2019": "$", "2018": "$", "2017": "$", "2016": "$", "2015": "$", "2014": "$", "2013": "$", "2012": "$", "2011": "$", "2010": "$", "2009": "$", "2008": "$", "2007": "$", "2006": "$", "2005": "$"}, "SVB Financial Group Quarterly EBITDA (Millions of US $)": {"2020-09-30": "", "2020-06-30": "", "2020-03-31": "", "2019-12-31": "", "2019-09-30": "", "2019-06-30": "", "2019-03-31": "", "2018-12-31": "", "2018-09-30": "", "2018-06-30": "", "2018-03-31": "", "2017-12-31": "", "2017-09-30": "", "2017-06-30": "", "2017-03-31": "", "2016-12-31": "", "2016-09-30": "", "2016-06-30": "", "2016-03-31": "", "2015-12-31": "", "2015-09-30": "", "2015-06-30": "", "2015-03-31": "", "2014-12-31": "", "2014-09-30": "", "2014-06-30": "", "2014-03-31": "", "2013-12-31": "", "2013-09-30": "", "2013-06-30": "", "2013-03-31": "", "2012-12-31": "", "2012-09-30": "", "2012-06-30": "", "2012-03-31": "", "2011-12-31": "", "2011-09-30": "", "2011-06-30": "", "2011-03-31": "", "2010-12-31": "", "2010-09-30": "", "2010-06-30": "", "2010-03-31": "", "2009-12-31": "", "2009-09-30": "", "2009-06-30": "", "2009-03-31": "", "2008-12-31": "", "2008-09-30": "", "2008-06-30": "", "2008-03-31": "", "2007-12-31": "", "2007-09-30": "", "2007-06-30": "", "2007-03-31": "", "2006-12-31": "", "2006-09-30": "", "2006-06-30": "", "2006-03-31": "", "2005-12-31": "", "2005-09-30": "", "2005-06-30": "", "2005-03-31": ""}}, "net-income": {"SVB Financial Group Annual Net Income (Millions of US $)": {"2020": "$1,191", "2019": "$1,137", "2018": "$974", "2017": "$491", "2016": "$383", "2015": "$344", "2014": "$264", "2013": "$215", "2012": "$175", "2011": "$172", "2010": "$95", "2009": "$23", "2008": "$74", "2007": "$120", "2006": "$89", "2005": "$93"}, "SVB Financial Group Quarterly Net Income (Millions of US $)": {"2020-12-31": "$388", "2020-09-30": "$442", "2020-06-30": "$229", "2020-03-31": "$132", "2019-12-31": "$263", "2019-09-30": "$267", "2019-06-30": "$318", "2019-03-31": "$289", "2018-12-31": "$266", "2018-09-30": "$275", "2018-06-30": "$238", "2018-03-31": "$195", "2017-12-31": "$117", "2017-09-30": "$149", "2017-06-30": "$123", "2017-03-31": "$101", "2016-12-31": "$99", "2016-09-30": "$111", "2016-06-30": "$93", "2016-03-31": "$79", "2015-12-31": "$88", "2015-09-30": "$82", "2015-06-30": "$86", "2015-03-31": "$89", "2014-12-31": "$58", "2014-09-30": "$64", "2014-06-30": "$51", "2014-03-31": "$91", "2013-12-31": "$57", "2013-09-30": "$68", "2013-06-30": "$49", "2013-03-31": "$41", "2012-12-31": "$50", "2012-09-30": "$42", "2012-06-30": "$48", "2012-03-31": "$35", "2011-12-31": "$36", "2011-09-30": "$38", "2011-06-30": "$66", "2011-03-31": "$33", "2010-12-31": "$17", "2010-09-30": "$38", "2010-06-30": "$21", "2010-03-31": "$19", "2009-12-31": "$6", "2009-09-30": "$21", "2009-06-30": "$8", "2009-03-31": "$-12", "2008-12-31": "$-0", "2008-09-30": "$26", "2008-06-30": "$21", "2008-03-31": "$27", "2007-12-31": "$31", "2007-09-30": "$38", "2007-06-30": "$23", "2007-03-31": "$28", "2006-12-31": "$28", "2006-09-30": "$25", "2006-06-30": "$14", "2006-03-31": "$22", "2005-12-31": "$26", "2005-09-30": "$23", "2005-06-30": "$21", "2005-03-31": "$23"}}, "eps-earnings-per-share-diluted": {"SVB Financial Group Annual EPS": {"2020": "$22.87", "2019": "$21.73", "2018": "$18.11", "2017": "$9.20", "2016": "$7.31", "2015": "$6.62", "2014": "$5.31", "2013": "$4.67", "2012": "$3.91", "2011": "$3.94", "2010": "$2.24", "2009": "$0.66", "2008": "$2.16", "2007": "$3.28", "2006": "$2.38", "2005": "$2.40"}, "SVB Financial Group Quarterly EPS": {"2020-12-31": "$7.40", "2020-09-30": "$8.47", "2020-06-30": "$4.42", "2020-03-31": "$2.55", "2019-12-31": "$5.06", "2019-09-30": "$5.15", "2019-06-30": "$6.08", "2019-03-31": "$5.44", "2018-12-31": "$4.96", "2018-09-30": "$5.10", "2018-06-30": "$4.42", "2018-03-31": "$3.63", "2017-12-31": "$2.18", "2017-09-30": "$2.79", "2017-06-30": "$2.32", "2017-03-31": "$1.91", "2016-12-31": "$1.89", "2016-09-30": "$2.12", "2016-06-30": "$1.78", "2016-03-31": "$1.52", "2015-12-31": "$1.68", "2015-09-30": "$1.57", "2015-06-30": "$1.66", "2015-03-31": "$1.71", "2014-12-31": "$1.08", "2014-09-30": "$1.24", "2014-06-30": "$1.04", "2014-03-31": "$1.95", "2013-12-31": "$1.25", "2013-09-30": "$1.46", "2013-06-30": "$1.06", "2013-03-31": "$0.90", "2012-12-31": "$1.13", "2012-09-30": "$0.94", "2012-06-30": "$1.06", "2012-03-31": "$0.78", "2011-12-31": "$0.82", "2011-09-30": "$0.86", "2011-06-30": "$1.50", "2011-03-31": "$0.76", "2010-12-31": "$0.41", "2010-09-30": "$0.89", "2010-06-30": "$0.50", "2010-03-31": "$0.44", "2009-12-31": "$0.17", "2009-09-30": "$0.61", "2009-06-30": "$0.24", "2009-03-31": "$-0.36", "2008-12-31": "$0.00", "2008-09-30": "$0.77", "2008-06-30": "$0.61", "2008-03-31": "$0.78", "2007-12-31": "$0.88", "2007-09-30": "$1.03", "2007-06-30": "$0.61", "2007-03-31": "$0.76", "2006-12-31": "$0.76", "2006-09-30": "$0.68", "2006-06-30": "$0.36", "2006-03-31": "$0.58", "2005-12-31": "$0.67", "2005-09-30": "$0.60", "2005-06-30": "$0.54", "2005-03-31": "$0.59"}}, "shares-outstanding": {"SVB Financial Group Annual Shares Outstanding (Millions of Shares)": {"2020": "52", "2019": "52", "2018": "54", "2017": "53", "2016": "52", "2015": "52", "2014": "50", "2013": "46", "2012": "45", "2011": "44", "2010": "42", "2009": "34", "2008": "34", "2007": "37", "2006": "38", "2005": "38"}, "SVB Financial Group Quarterly Shares Outstanding (Millions of Shares)": {"2020-12-31": "52", "2020-09-30": "52", "2020-06-30": "52", "2020-03-31": "52", "2019-12-31": "52", "2019-09-30": "52", "2019-06-30": "52", "2019-03-31": "53", "2018-12-31": "54", "2018-09-30": "54", "2018-06-30": "54", "2018-03-31": "54", "2017-12-31": "53", "2017-09-30": "53", "2017-06-30": "53", "2017-03-31": "53", "2016-12-31": "52", "2016-09-30": "52", "2016-06-30": "52", "2016-03-31": "52", "2015-12-31": "52", "2015-09-30": "52", "2015-06-30": "52", "2015-03-31": "52", "2014-12-31": "50", "2014-09-30": "52", "2014-06-30": "49", "2014-03-31": "47", "2013-12-31": "46", "2013-09-30": "46", "2013-06-30": "46", "2013-03-31": "45", "2012-12-31": "45", "2012-09-30": "45", "2012-06-30": "45", "2012-03-31": "44", "2011-12-31": "44", "2011-09-30": "44", "2011-06-30": "44", "2011-03-31": "43", "2010-12-31": "42", "2010-09-30": "43", "2010-06-30": "42", "2010-03-31": "42", "2009-12-31": "34", "2009-09-30": "34", "2009-06-30": "33", "2009-03-31": "33", "2008-12-31": "34", "2008-09-30": "34", "2008-06-30": "34", "2008-03-31": "35", "2007-12-31": "37", "2007-09-30": "37", "2007-06-30": "37", "2007-03-31": "37", "2006-12-31": "38", "2006-09-30": "37", "2006-06-30": "38", "2006-03-31": "38", "2005-12-31": "38", "2005-09-30": "38", "2005-06-30": "38", "2005-03-31": "39"}}, "total-assets": {"SVB Financial Group Annual Total Assets (Millions of US $)": {"2019": "$71,005", "2018": "$56,928", "2017": "$51,214", "2016": "$44,684", "2015": "$44,687", "2014": "$39,338", "2013": "$26,417", "2012": "$22,766", "2011": "$19,969", "2010": "$17,528", "2009": "$12,841", "2008": "$10,018", "2007": "$6,692", "2006": "$6,081", "2005": "$5,542"}, "SVB Financial Group Quarterly Total Assets (Millions of US $)": {"2020-09-30": "$96,917", "2020-06-30": "$85,731", "2020-03-31": "$75,010", "2019-12-31": "$71,005", "2019-09-30": "$68,231", "2019-06-30": "$63,774", "2019-03-31": "$60,160", "2018-12-31": "$56,928", "2018-09-30": "$58,140", "2018-06-30": "$55,868", "2018-03-31": "$53,501", "2017-12-31": "$51,214", "2017-09-30": "$50,754", "2017-06-30": "$48,400", "2017-03-31": "$46,413", "2016-12-31": "$44,684", "2016-09-30": "$43,274", "2016-06-30": "$43,133", "2016-03-31": "$43,574", "2015-12-31": "$44,687", "2015-09-30": "$41,731", "2015-06-30": "$40,236", "2015-03-31": "$39,696", "2014-12-31": "$39,338", "2014-09-30": "$36,041", "2014-06-30": "$33,309", "2014-03-31": "$29,711", "2013-12-31": "$26,417", "2013-09-30": "$23,741", "2013-06-30": "$22,154", "2013-03-31": "$22,796", "2012-12-31": "$22,766", "2012-09-30": "$21,577", "2012-06-30": "$21,290", "2012-03-31": "$20,818", "2011-12-31": "$19,969", "2011-09-30": "$19,195", "2011-06-30": "$19,367", "2011-03-31": "$18,618", "2010-12-31": "$17,528", "2010-09-30": "$15,660", "2010-06-30": "$14,904", "2010-03-31": "$14,125", "2009-12-31": "$12,841", "2009-09-30": "$12,539", "2009-06-30": "$11,466", "2009-03-31": "$10,959", "2008-12-31": "$10,018", "2008-09-30": "$8,071", "2008-06-30": "$7,310", "2008-03-31": "$6,897", "2007-12-31": "$6,692", "2007-09-30": "$6,304", "2007-06-30": "$6,605", "2007-03-31": "$5,848", "2006-12-31": "$6,081", "2006-09-30": "$5,873", "2006-06-30": "$5,472", "2006-03-31": "$5,446", "2005-12-31": "$5,542", "2005-09-30": "$5,369", "2005-06-30": "$5,308", "2005-03-31": "$5,048"}}, "cash-on-hand": {"SVB Financial Group Annual Cash on Hand (Millions of US $)": {"2019": "$6,782", "2018": "$3,572", "2017": "$2,923", "2016": "$2,546", "2015": "$1,503", "2014": "$1,796", "2013": "$1,539", "2012": "$1,009", "2011": "$1,115", "2010": "$3,076", "2009": "$3,513", "2008": "$2,437", "2007": "$684", "2006": "$633", "2005": "$462"}, "SVB Financial Group Quarterly Cash on Hand (Millions of US $)": {"2020-09-30": "$15,688", "2020-06-30": "$14,202", "2020-03-31": "$9,561", "2019-12-31": "$6,782", "2019-09-30": "$6,946", "2019-06-30": "$9,021", "2019-03-31": "$7,067", "2018-12-31": "$3,572", "2018-09-30": "$3,819", "2018-06-30": "$2,712", "2018-03-31": "$2,619", "2017-12-31": "$2,923", "2017-09-30": "$3,556", "2017-06-30": "$3,854", "2017-03-31": "$3,796", "2016-12-31": "$2,546", "2016-09-30": "$2,521", "2016-06-30": "$1,854", "2016-03-31": "$1,869", "2015-12-31": "$1,503", "2015-09-30": "$1,674", "2015-06-30": "$2,626", "2015-03-31": "$1,308", "2014-12-31": "$1,796", "2014-09-30": "$1,873", "2014-06-30": "$2,650", "2014-03-31": "$3,862", "2013-12-31": "$1,539", "2013-09-30": "$1,943", "2013-06-30": "$873", "2013-03-31": "$1,519", "2012-12-31": "$1,009", "2012-09-30": "$907", "2012-06-30": "$1,412", "2012-03-31": "$851", "2011-12-31": "$1,115", "2011-09-30": "$2,042", "2011-06-30": "$2,565", "2011-03-31": "$2,350", "2010-12-31": "$3,076", "2010-09-30": "$3,778", "2010-06-30": "$4,190", "2010-03-31": "$4,692", "2009-12-31": "$3,513", "2009-09-30": "$4,111", "2009-06-30": "$3,709", "2009-03-31": "$3,649", "2008-12-31": "$2,437", "2008-09-30": "$753", "2008-06-30": "$631", "2008-03-31": "$676", "2007-12-31": "$684", "2007-09-30": "$659", "2007-06-30": "$1,006", "2007-03-31": "$565", "2006-12-31": "$633", "2006-09-30": "$601", "2006-06-30": "$544", "2006-03-31": "$550", "2005-12-31": "$462", "2005-09-30": "$419", "2005-06-30": "$538", "2005-03-31": "$397"}}, "long-term-debt": {"SVB Financial Group Annual Long Term Debt (Millions of US $)": {"2019": "$348", "2018": "$696", "2017": "$695", "2016": "$796", "2015": "$797", "2014": "$451", "2013": "$455", "2012": "$458", "2011": "$604", "2010": "$1,209", "2009": "$857", "2008": "$995", "2007": "$875", "2006": "$352", "2005": "$196"}, "SVB Financial Group Quarterly Long Term Debt (Millions of US $)": {"2020-09-30": "$843", "2020-06-30": "$843", "2020-03-31": "$348", "2019-12-31": "$348", "2019-09-30": "$697", "2019-06-30": "$697", "2019-03-31": "$697", "2018-12-31": "$696", "2018-09-30": "$696", "2018-06-30": "$696", "2018-03-31": "$696", "2017-12-31": "$695", "2017-09-30": "$750", "2017-06-30": "$749", "2017-03-31": "$795", "2016-12-31": "$796", "2016-09-30": "$796", "2016-06-30": "$796", "2016-03-31": "$797", "2015-12-31": "$797", "2015-09-30": "$797", "2015-06-30": "$802", "2015-03-31": "$803", "2014-12-31": "$451", "2014-09-30": "$454", "2014-06-30": "$454", "2014-03-31": "$455", "2013-12-31": "$455", "2013-09-30": "$456", "2013-06-30": "$456", "2013-03-31": "$457", "2012-12-31": "$458", "2012-09-30": "$458", "2012-06-30": "$458", "2012-03-31": "$602", "2011-12-31": "$604", "2011-09-30": "$610", "2011-06-30": "$610", "2011-03-31": "$1,205", "2010-12-31": "$1,209", "2010-09-30": "$1,226", "2010-06-30": "$870", "2010-03-31": "$860", "2009-12-31": "$857", "2009-09-30": "$867", "2009-06-30": "$910", "2009-03-31": "$964", "2008-12-31": "$995", "2008-09-30": "$982", "2008-06-30": "$976", "2008-03-31": "$893", "2007-12-31": "$875", "2007-09-30": "$855", "2007-06-30": "$838", "2007-03-31": "$353", "2006-12-31": "$352", "2006-09-30": "$202", "2006-06-30": "$198", "2006-03-31": "$200", "2005-12-31": "$196", "2005-09-30": "$199", "2005-06-30": "$209", "2005-03-31": "$209"}}, "total-liabilities": {"SVB Financial Group Annual Total Liabilities (Millions of US $)": {"2019": "$64,384", "2018": "$51,663", "2017": "$46,895", "2016": "$40,907", "2015": "$41,353", "2014": "$35,286", "2013": "$23,338", "2012": "$20,161", "2011": "$17,719", "2010": "$15,779", "2009": "$11,367", "2008": "$8,707", "2007": "$6,016", "2006": "$5,453", "2005": "$4,972"}, "SVB Financial Group Quarterly Total Liabilities (Millions of US $)": {"2020-09-30": "$88,949", "2020-06-30": "$78,263", "2020-03-31": "$67,826", "2019-12-31": "$64,384", "2019-09-30": "$62,183", "2019-06-30": "$58,068", "2019-03-31": "$54,676", "2018-12-31": "$51,663", "2018-09-30": "$53,070", "2018-06-30": "$51,063", "2018-03-31": "$48,941", "2017-12-31": "$46,895", "2017-09-30": "$46,557", "2017-06-30": "$44,360", "2017-03-31": "$42,510", "2016-12-31": "$40,907", "2016-09-30": "$39,551", "2016-06-30": "$39,499", "2016-03-31": "$40,063", "2015-12-31": "$41,353", "2015-09-30": "$38,417", "2015-06-30": "$37,047", "2015-03-31": "$35,419", "2014-12-31": "$35,286", "2014-09-30": "$32,101", "2014-06-30": "$29,371", "2014-03-31": "$26,344", "2013-12-31": "$23,338", "2013-09-30": "$20,817", "2013-06-30": "$19,482", "2013-03-31": "$20,134", "2012-12-31": "$20,161", "2012-09-30": "$19,022", "2012-06-30": "$18,845", "2012-03-31": "$18,476", "2011-12-31": "$17,719", "2011-09-30": "$17,003", "2011-06-30": "$17,351", "2011-03-31": "$16,771", "2010-12-31": "$15,779", "2010-09-30": "$13,964", "2010-06-30": "$13,277", "2010-03-31": "$12,576", "2009-12-31": "$11,367", "2009-09-30": "$11,146", "2009-06-30": "$10,141", "2009-03-31": "$9,666", "2008-12-31": "$8,707", "2008-09-30": "$7,340", "2008-06-30": "$6,625", "2008-03-31": "$6,222", "2007-12-31": "$6,016", "2007-09-30": "$5,631", "2007-06-30": "$5,936", "2007-03-31": "$5,194", "2006-12-31": "$5,453", "2006-09-30": "$5,277", "2006-06-30": "$4,904", "2006-03-31": "$4,860", "2005-12-31": "$4,972", "2005-09-30": "$4,823", "2005-06-30": "$4,775", "2005-03-31": "$4,531"}}, "total-share-holder-equity": {"SVB Financial Group Annual Share Holder Equity (Millions of US $)": {"2019": "$6,621", "2018": "$5,265", "2017": "$4,319", "2016": "$3,777", "2015": "$3,333", "2014": "$4,052", "2013": "$3,079", "2012": "$2,605", "2011": "$2,250", "2010": "$1,748", "2009": "$1,474", "2008": "$1,312", "2007": "$677", "2006": "$629", "2005": "$569"}, "SVB Financial Group Quarterly Share Holder Equity (Millions of US $)": {"2020-09-30": "$7,967", "2020-06-30": "$7,468", "2020-03-31": "$7,183", "2019-12-31": "$6,621", "2019-09-30": "$6,048", "2019-06-30": "$5,706", "2019-03-31": "$5,484", "2018-12-31": "$5,265", "2018-09-30": "$5,070", "2018-06-30": "$4,805", "2018-03-31": "$4,560", "2017-12-31": "$4,319", "2017-09-30": "$4,197", "2017-06-30": "$4,040", "2017-03-31": "$3,903", "2016-12-31": "$3,777", "2016-09-30": "$3,723", "2016-06-30": "$3,634", "2016-03-31": "$3,511", "2015-12-31": "$3,333", "2015-09-30": "$3,314", "2015-06-30": "$3,189", "2015-03-31": "$4,277", "2014-12-31": "$4,052", "2014-09-30": "$3,940", "2014-06-30": "$3,938", "2014-03-31": "$3,367", "2013-12-31": "$3,079", "2013-09-30": "$2,924", "2013-06-30": "$2,672", "2013-03-31": "$2,662", "2012-12-31": "$2,605", "2012-09-30": "$2,555", "2012-06-30": "$2,444", "2012-03-31": "$2,343", "2011-12-31": "$2,250", "2011-09-30": "$2,192", "2011-06-30": "$2,016", "2011-03-31": "$1,847", "2010-12-31": "$1,748", "2010-09-30": "$1,696", "2010-06-30": "$1,627", "2010-03-31": "$1,549", "2009-12-31": "$1,474", "2009-09-30": "$1,393", "2009-06-30": "$1,325", "2009-03-31": "$1,292", "2008-12-31": "$1,312", "2008-09-30": "$731", "2008-06-30": "$685", "2008-03-31": "$675", "2007-12-31": "$677", "2007-09-30": "$673", "2007-06-30": "$669", "2007-03-31": "$653", "2006-12-31": "$629", "2006-09-30": "$596", "2006-06-30": "$568", "2006-03-31": "$586", "2005-12-31": "$569", "2005-09-30": "$546", "2005-06-30": "$533", "2005-03-31": "$517"}}, "profit-margins": {"current": "29.49%"}, "gross margin": {"2020-12-31": "97.92%", "2020-09-30": "96.70%", "2020-06-30": "95.17%", "2020-03-31": "93.89%", "2019-12-31": "93.97%", "2019-09-30": "94.43%", "2019-06-30": "95.51%", "2019-03-31": "96.55%", "2018-12-31": "97.16%", "2018-09-30": "97.68%", "2018-06-30": "97.88%", "2018-03-31": "97.88%", "2017-12-31": "97.82%", "2017-09-30": "97.67%", "2017-06-30": "97.48%", "2017-03-31": "97.37%", "2016-12-31": "97.33%", "2016-09-30": "97.35%", "2016-06-30": "97.36%", "2016-03-31": "97.38%", "2015-12-31": "97.37%", "2015-09-30": "97.46%", "2015-06-30": "97.49%", "2015-03-31": "97.27%", "2014-12-31": "97.68%", "2014-09-30": "97.78%", "2014-06-30": "97.96%", "2014-03-31": "98.08%", "2013-12-31": "97.72%", "2013-09-30": "97.47%", "2013-06-30": "97.05%", "2013-03-31": "96.95%", "2012-12-31": "96.85%", "2012-09-30": "96.59%", "2012-06-30": "96.51%", "2012-03-31": "96.39%", "2011-12-31": "95.78%", "2011-09-30": "94.88%", "2011-06-30": "94.44%", "2011-03-31": "93.80%", "2010-12-31": "93.94%", "2010-09-30": "94.34%", "2010-06-30": "93.61%", "2010-03-31": "92.67%", "2009-12-31": "90.74%", "2009-09-30": "89.13%", "2009-06-30": "87.86%", "2009-03-31": "87.45%", "2008-12-31": "87.99%", "2008-09-30": "87.72%", "2008-06-30": "88.49%", "2008-03-31": "89.09%", "2007-12-31": "90.05%", "2007-09-30": "91.34%", "2007-06-30": "91.83%", "2007-03-31": "92.79%", "2006-12-31": "93.38%", "2006-09-30": "94.41%", "2006-06-30": "95.19%", "2006-03-31": "95.56%", "2005-12-31": "95.86%"}, "operating margin": {"2020-12-31": "42.69%", "2020-09-30": "40.60%", "2020-06-30": "36.01%", "2020-03-31": "39.09%", "2019-12-31": "45.62%", "2019-09-30": "48.29%", "2019-06-30": "50.31%", "2019-03-31": "50.03%", "2018-12-31": "50.20%", "2018-09-30": "48.90%", "2018-06-30": "47.27%", "2018-03-31": "45.92%", "2017-12-31": "43.22%", "2017-09-30": "40.93%", "2017-06-30": "39.96%", "2017-03-31": "39.08%", "2016-12-31": "38.76%", "2016-09-30": "38.55%", "2016-06-30": "37.24%", "2016-03-31": "37.25%", "2015-12-31": "39.70%", "2015-09-30": "41.34%", "2015-06-30": "40.35%", "2015-03-31": "37.20%", "2014-12-31": "45.25%", "2014-09-30": "48.52%", "2014-06-30": "54.38%", "2014-03-31": "56.41%", "2013-12-31": "49.32%", "2013-09-30": "46.36%", "2013-06-30": "38.40%", "2013-03-31": "38.09%", "2012-12-31": "36.99%", "2012-09-30": "33.52%", "2012-06-30": "35.51%", "2012-03-31": "39.28%", "2011-12-31": "42.41%", "2011-09-30": "41.07%", "2011-06-30": "39.80%", "2011-03-31": "32.69%", "2010-12-31": "27.93%", "2010-09-30": "28.46%", "2010-06-30": "25.74%", "2010-03-31": "22.49%", "2009-12-31": "8.70%", "2009-09-30": "-0.58%", "2009-06-30": "-0.95%", "2009-03-31": "3.87%", "2008-12-31": "18.10%", "2008-09-30": "28.11%", "2008-06-30": "32.35%", "2008-03-31": "32.73%", "2007-12-31": "35.29%", "2007-09-30": "35.39%", "2007-06-30": "32.83%", "2007-03-31": "31.99%", "2006-12-31": "30.62%", "2006-09-30": "31.14%", "2006-06-30": "31.80%", "2006-03-31": "35.11%", "2005-12-31": "35.86%"}, "ebitda margin": {"2020-09-30": "0.00%", "2020-06-30": "0.00%", "2020-03-31": "0.00%", "2019-12-31": "0.00%", "2019-09-30": "0.00%", "2019-06-30": "0.00%", "2019-03-31": "0.00%", "2018-12-31": "0.00%", "2018-09-30": "0.00%", "2018-06-30": "0.00%", "2018-03-31": "0.00%", "2017-12-31": "0.00%", "2017-09-30": "0.00%", "2017-06-30": "0.00%", "2017-03-31": "0.00%", "2016-12-31": "0.00%", "2016-09-30": "0.00%", "2016-06-30": "0.00%", "2016-03-31": "0.00%", "2015-12-31": "0.00%", "2015-09-30": "0.00%", "2015-06-30": "0.00%", "2015-03-31": "0.00%", "2014-12-31": "0.00%", "2014-09-30": "0.00%", "2014-06-30": "0.00%", "2014-03-31": "0.00%", "2013-12-31": "0.00%", "2013-09-30": "0.00%", "2013-06-30": "0.00%", "2013-03-31": "0.00%", "2012-12-31": "0.00%", "2012-09-30": "0.00%", "2012-06-30": "0.00%", "2012-03-31": "0.00%", "2011-12-31": "0.00%", "2011-09-30": "0.00%", "2011-06-30": "0.00%", "2011-03-31": "0.00%", "2010-12-31": "0.00%", "2010-09-30": "0.00%", "2010-06-30": "0.00%", "2010-03-31": "0.00%", "2009-12-31": "0.00%", "2009-09-30": "0.00%", "2009-06-30": "0.00%", "2009-03-31": "0.00%", "2008-12-31": "0.00%", "2008-09-30": "0.00%", "2008-06-30": "0.00%", "2008-03-31": "0.00%", "2007-12-31": "0.00%", "2007-09-30": "0.00%", "2007-06-30": "0.00%", "2007-03-31": "0.00%", "2006-12-31": "0.00%", "2006-09-30": "0.00%", "2006-06-30": "0.00%", "2006-03-31": "0.00%", "2005-12-31": "0.00%"}, "pre tax profit margin": {"2020-12-31": "42.69%", "2020-09-30": "40.60%", "2020-06-30": "36.01%", "2020-03-31": "39.09%", "2019-12-31": "45.62%", "2019-09-30": "48.29%", "2019-06-30": "50.31%", "2019-03-31": "50.03%", "2018-12-31": "50.20%", "2018-09-30": "48.90%", "2018-06-30": "47.27%", "2018-03-31": "45.92%", "2017-12-31": "43.22%", "2017-09-30": "40.93%", "2017-06-30": "39.96%", "2017-03-31": "39.08%", "2016-12-31": "38.76%", "2016-09-30": "38.55%", "2016-06-30": "37.24%", "2016-03-31": "37.25%", "2015-12-31": "39.70%", "2015-09-30": "41.34%", "2015-06-30": "40.35%", "2015-03-31": "37.20%", "2014-12-31": "45.25%", "2014-09-30": "48.52%", "2014-06-30": "54.38%", "2014-03-31": "56.41%", "2013-12-31": "49.32%", "2013-09-30": "46.36%", "2013-06-30": "38.40%", "2013-03-31": "38.09%", "2012-12-31": "36.99%", "2012-09-30": "33.52%", "2012-06-30": "35.51%", "2012-03-31": "39.28%", "2011-12-31": "42.41%", "2011-09-30": "41.07%", "2011-06-30": "39.80%", "2011-03-31": "32.69%", "2010-12-31": "27.93%", "2010-09-30": "28.46%", "2010-06-30": "25.74%", "2010-03-31": "22.49%", "2009-12-31": "8.70%", "2009-09-30": "-0.58%", "2009-06-30": "-0.95%", "2009-03-31": "3.87%", "2008-12-31": "18.10%", "2008-09-30": "32.31%", "2008-06-30": "34.68%", "2008-03-31": "34.09%", "2007-12-31": "35.14%", "2007-09-30": "31.07%", "2007-06-30": "30.17%", "2007-03-31": "29.17%", "2006-12-31": "29.49%", "2006-09-30": "29.54%", "2006-06-30": "29.71%", "2006-03-31": "34.22%", "2005-12-31": "35.17%"}, "net profit margin": {"2020-12-31": "29.18%", "2020-09-30": "28.40%", "2020-06-30": "25.16%", "2020-03-31": "27.46%", "2019-12-31": "32.20%", "2019-09-30": "33.94%", "2019-06-30": "35.83%", "2019-03-31": "36.11%", "2018-12-31": "35.87%", "2018-09-30": "32.45%", "2018-06-30": "29.58%", "2018-03-31": "26.90%", "2017-12-31": "24.23%", "2017-09-30": "25.03%", "2017-06-30": "24.29%", "2017-03-31": "23.60%", "2016-12-31": "23.14%", "2016-09-30": "22.84%", "2016-06-30": "22.04%", "2016-03-31": "21.97%", "2015-12-31": "22.71%", "2015-09-30": "20.51%", "2015-06-30": "20.18%", "2015-03-31": "19.85%", "2014-12-31": "18.05%", "2014-09-30": "17.70%", "2014-06-30": "16.48%", "2014-03-31": "15.89%", "2013-12-31": "15.32%", "2013-09-30": "16.46%", "2013-06-30": "17.30%", "2013-03-31": "17.81%", "2012-12-31": "17.78%", "2012-09-30": "17.69%", "2012-06-30": "17.10%", "2012-03-31": "18.58%", "2011-12-31": "18.25%", "2011-09-30": "16.78%", "2011-06-30": "17.46%", "2011-03-31": "14.08%", "2010-12-31": "13.40%", "2010-09-30": "12.52%", "2010-06-30": "10.98%", "2010-03-31": "9.20%", "2009-12-31": "4.35%", "2009-09-30": "3.30%", "2009-06-30": "4.17%", "2009-03-31": "6.46%", "2008-12-31": "12.52%", "2008-09-30": "16.96%", "2008-06-30": "18.20%", "2008-03-31": "18.03%", "2007-12-31": "18.10%", "2007-09-30": "18.08%", "2007-06-30": "17.33%", "2007-03-31": "16.70%", "2006-12-31": "16.82%", "2006-09-30": "17.37%", "2006-06-30": "17.78%", "2006-03-31": "20.44%", "2005-12-31": "21.38%"}, "pe ratio": {"current": "22.11", "2021-02-11": "32.41", "2020-12-31": "25.12", "2020-09-30": "11.74", "2020-06-30": "12.55", "2020-03-31": "8.02", "2019-12-31": "11.55", "2019-09-30": "9.66", "2019-06-30": "10.41", "2019-03-31": "11.16", "2018-12-31": "10.49", "2018-09-30": "20.26", "2018-06-30": "22.16", "2018-03-31": "21.96", "2017-12-31": "25.38", "2017-09-30": "21.00", "2017-06-30": "21.33", "2017-03-31": "24.17", "2016-12-31": "23.48", "2016-09-30": "15.57", "2016-06-30": "14.53", "2016-03-31": "15.87", "2015-12-31": "17.96", "2015-09-30": "19.00", "2015-06-30": "25.13", "2015-03-31": "24.86", "2014-12-31": "21.70", "2014-09-30": "20.45", "2014-06-30": "20.39", "2014-03-31": "22.44", "2013-12-31": "22.36", "2013-09-30": "19.02", "2013-06-30": "20.73", "2013-03-31": "17.65", "2012-12-31": "14.35", "2012-09-30": "16.84", "2012-06-30": "16.73", "2012-03-31": "16.29", "2011-12-31": "12.13", "2011-09-30": "10.48", "2011-06-30": "16.77", "2011-03-31": "22.24", "2010-12-31": "23.68", "2010-09-30": "21.27", "2010-06-30": "24.11", "2010-03-31": "32.18", "2009-12-31": "60.38", "2009-09-30": "69.79", "2009-06-30": "33.60", "2009-03-31": "16.82", "2008-12-31": "11.31", "2008-09-30": "18.16", "2008-06-30": "14.07", "2008-03-31": "12.80", "2007-12-31": "15.00", "2007-09-30": "14.94", "2007-06-30": "18.83", "2007-03-31": "18.91", "2006-12-31": "19.51"}, "price sales": {"2021-02-11": "6.39", "2020-12-31": "4.95", "2020-09-30": "3.34", "2020-06-30": "3.16", "2020-03-31": "2.21", "2019-12-31": "3.72", "2019-09-30": "3.28", "2019-06-30": "3.73", "2019-03-31": "4.03", "2018-12-31": "3.76", "2018-09-30": "6.56", "2018-06-30": "6.54", "2018-03-31": "5.90", "2017-12-31": "6.16", "2017-09-30": "5.26", "2017-06-30": "5.20", "2017-03-31": "5.71", "2016-12-31": "5.44", "2016-09-30": "3.55", "2016-06-30": "3.19", "2016-03-31": "3.48", "2015-12-31": "4.06", "2015-09-30": "3.85", "2015-06-30": "5.00", "2015-03-31": "4.86", "2014-12-31": "3.87", "2014-09-30": "3.60", "2014-06-30": "3.36", "2014-03-31": "3.57", "2013-12-31": "3.43", "2013-09-30": "3.12", "2013-06-30": "3.58", "2013-03-31": "3.14", "2012-12-31": "2.54", "2012-09-30": "2.95", "2012-06-30": "2.82", "2012-03-31": "3.00", "2011-12-31": "2.20", "2011-09-30": "1.75", "2011-06-30": "2.92", "2011-03-31": "3.14", "2010-12-31": "3.17", "2010-09-30": "2.53", "2010-06-30": "2.55", "2010-03-31": "2.83", "2009-12-31": "2.64", "2009-09-30": "2.81", "2009-06-30": "1.73", "2009-03-31": "1.25", "2008-12-31": "1.51", "2008-09-30": "3.26", "2008-06-30": "2.66", "2008-03-31": "2.40", "2007-12-31": "2.81", "2007-09-30": "2.72", "2007-06-30": "3.30", "2007-03-31": "3.20", "2006-12-31": "3.33"}, "price book": {"current": "3.23", "2021-02-11": "3.25", "2020-09-30": "1.56", "2020-06-30": "1.49", "2020-03-31": "1.08", "2019-12-31": "1.96", "2019-09-30": "1.78", "2019-06-30": "2.03", "2019-03-31": "2.12", "2018-12-31": "1.90", "2018-09-30": "3.26", "2018-06-30": "3.20", "2018-03-31": "2.79", "2017-12-31": "2.86", "2017-09-30": "2.35", "2017-06-30": "2.29", "2017-03-31": "2.50", "2016-12-31": "2.37", "2016-09-30": "1.55", "2016-06-30": "1.36", "2016-03-31": "1.50", "2015-12-31": "1.84", "2015-09-30": "1.79", "2015-06-30": "2.32", "2015-03-31": "1.52", "2014-12-31": "1.46", "2014-09-30": "1.45", "2014-06-30": "1.50", "2014-03-31": "1.76", "2013-12-31": "1.56", "2013-09-30": "1.35", "2013-06-30": "1.42", "2013-03-31": "1.20", "2012-12-31": "0.96", "2012-09-30": "1.05", "2012-06-30": "1.07", "2012-03-31": "1.21", "2011-12-31": "0.92", "2011-09-30": "0.73", "2011-06-30": "1.28", "2011-03-31": "1.32", "2010-12-31": "1.28", "2010-09-30": "1.05", "2010-06-30": "1.06", "2010-03-31": "1.25", "2009-12-31": "1.17", "2009-09-30": "1.03", "2009-06-30": "0.68", "2009-03-31": "0.51", "2008-12-31": "0.66", "2008-09-30": "2.60", "2008-06-30": "2.26", "2008-03-31": "2.06", "2007-12-31": "2.43", "2007-09-30": "2.36", "2007-06-30": "2.73", "2007-03-31": "2.55", "2006-12-31": "2.55", "2006-09-30": "2.57", "2006-06-30": "2.79", "2006-03-31": "3.21"}, "price fcf": {"2021-02-11": "", "2020-09-30": "$26.90", "2020-06-30": "$26.15", "2020-03-31": "$17.44", "2019-12-31": "$21.00", "2019-09-30": "$17.02", "2019-06-30": "$18.58", "2019-03-31": "$16.47", "2018-12-31": "$16.51", "2018-09-30": "$14.59", "2018-06-30": "$10.31", "2018-03-31": "$15.62", "2017-12-31": "$11.18", "2017-09-30": "$12.60", "2017-06-30": "$12.79", "2017-03-31": "$9.09", "2016-12-31": "$7.99", "2016-09-30": "$5.83", "2016-06-30": "$4.16", "2016-03-31": "$5.51", "2015-12-31": "$5.50", "2015-09-30": "$4.44", "2015-06-30": "$3.81", "2015-03-31": "$4.14", "2014-12-31": "$4.29", "2014-09-30": "$5.43", "2014-06-30": "$6.74", "2014-03-31": "$4.20", "2013-12-31": "$3.09", "2013-09-30": "$3.19", "2013-06-30": "$4.61", "2013-03-31": "$3.87", "2012-12-31": "$3.62", "2012-09-30": "$3.64", "2012-06-30": "$-1.11", "2012-03-31": "$2.67", "2011-12-31": "$3.11", "2011-09-30": "$1.86", "2011-06-30": "$4.91", "2011-03-31": "$2.25", "2010-12-31": "$3.21", "2010-09-30": "$2.28", "2010-06-30": "$1.59", "2010-03-31": "$2.72", "2009-12-31": "$2.08", "2009-09-30": "$2.94", "2009-06-30": "$4.62", "2009-03-31": "$3.05", "2008-12-31": "$3.48", "2008-09-30": "$4.39", "2008-06-30": "$4.14", "2008-03-31": "$4.89", "2007-12-31": "$4.39", "2007-09-30": "$4.33", "2007-06-30": "$3.73", "2007-03-31": "$3.29", "2006-12-31": "$2.84"}, "net worth": {"value": "$26.15B"}, "current ratio": {"2020-12-31": "0.64", "2020-09-30": "0.66", "2020-06-30": "0.71", "2020-03-31": "0.72", "2019-12-31": "0.67", "2019-09-30": "0.66", "2019-06-30": "0.71", "2019-03-31": "0.71", "2018-12-31": "0.65", "2018-09-30": "0.63", "2018-06-30": "0.60", "2018-03-31": "0.59", "2017-12-31": "0.59", "2017-09-30": "0.59", "2017-06-30": "0.60", "2017-03-31": "0.60", "2016-12-31": "0.58", "2016-09-30": "0.58", "2016-06-30": "0.55", "2016-03-31": "0.51", "2015-12-31": "0.47", "2015-09-30": "0.47", "2015-06-30": "0.49", "2015-03-31": "0.48", "2014-12-31": "0.48", "2014-09-30": "0.46", "2014-06-30": "0.51", "2014-03-31": "0.59", "2013-12-31": "0.57", "2013-09-30": "0.60", "2013-06-30": "0.58", "2013-03-31": "0.55", "2012-12-31": "0.53", "2012-09-30": "0.51", "2012-06-30": "0.52", "2012-03-31": "0.47", "2011-12-31": "0.50", "2011-09-30": "0.53", "2011-06-30": "0.54", "2011-03-31": "0.54", "2010-12-31": "0.62", "2010-09-30": "0.72", "2010-06-30": "0.73", "2010-03-31": "0.79", "2009-12-31": "0.80", "2009-09-30": "0.89", "2009-06-30": "0.98", "2009-03-31": "1.04", "2008-12-31": "1.09", "2008-09-30": "1.07", "2008-06-30": "1.06", "2008-03-31": "1.07", "2007-12-31": "1.07", "2007-09-30": "1.08", "2007-06-30": "1.05", "2007-03-31": "0.93", "2006-12-31": "0.91", "2006-09-30": "0.86", "2006-06-30": "0.82", "2006-03-31": "0.78", "2005-12-31": "0.76", "2005-09-30": "0.72", "2005-06-30": "0.70", "2005-03-31": "0.68"}, "quick ratio": {"2020-12-31": "0.00", "2020-09-30": "0.00", "2020-06-30": "0.00", "2020-03-31": "0.00", "2019-12-31": "0.00", "2019-09-30": "0.00", "2019-06-30": "0.00", "2019-03-31": "0.00", "2018-12-31": "0.00", "2018-09-30": "0.00", "2018-06-30": "0.00", "2018-03-31": "0.00", "2017-12-31": "0.00", "2017-09-30": "0.00", "2017-06-30": "0.00", "2017-03-31": "0.00", "2016-12-31": "0.00", "2016-09-30": "0.00", "2016-06-30": "0.00", "2016-03-31": "0.00", "2015-12-31": "0.00", "2015-09-30": "0.00", "2015-06-30": "0.00", "2015-03-31": "0.00", "2014-12-31": "0.00", "2014-09-30": "0.00", "2014-06-30": "0.00", "2014-03-31": "0.00", "2013-12-31": "0.00", "2013-09-30": "0.00", "2013-06-30": "0.00", "2013-03-31": "0.00", "2012-12-31": "0.00", "2012-09-30": "0.00", "2012-06-30": "0.00", "2012-03-31": "0.00", "2011-12-31": "0.00", "2011-09-30": "0.00", "2011-06-30": "0.00", "2011-03-31": "0.00", "2010-12-31": "0.00", "2010-09-30": "0.00", "2010-06-30": "0.00", "2010-03-31": "0.00", "2009-12-31": "0.00", "2009-09-30": "0.00", "2009-06-30": "0.00", "2009-03-31": "0.00", "2008-12-31": "0.00", "2008-09-30": "0.00", "2008-06-30": "0.00", "2008-03-31": "0.00", "2007-12-31": "0.00", "2007-09-30": "0.00", "2007-06-30": "0.00", "2007-03-31": "0.00", "2006-12-31": "0.00", "2006-09-30": "0.00", "2006-06-30": "0.00", "2006-03-31": "0.00", "2005-12-31": "0.00", "2005-09-30": "0.00", "2005-06-30": "0.00", "2005-03-31": "0.00"}, "debt equity ratio": {"current": "0.10", "2020-12-31": "12.70", "2020-09-30": "11.16", "2020-06-30": "10.48", "2020-03-31": "9.44", "2019-12-31": "9.72", "2019-09-30": "10.28", "2019-06-30": "10.18", "2019-03-31": "9.97", "2018-12-31": "9.81", "2018-09-30": "10.47", "2018-06-30": "10.63", "2018-03-31": "10.73", "2017-12-31": "10.86", "2017-09-30": "11.09", "2017-06-30": "10.98", "2017-03-31": "10.89", "2016-12-31": "10.83", "2016-09-30": "10.62", "2016-06-30": "10.87", "2016-03-31": "11.41", "2015-12-31": "12.41", "2015-09-30": "11.59", "2015-06-30": "11.62", "2015-03-31": "8.28", "2014-12-31": "8.71", "2014-09-30": "8.15", "2014-06-30": "7.46", "2014-03-31": "7.82", "2013-12-31": "7.58", "2013-09-30": "7.12", "2013-06-30": "7.29", "2013-03-31": "7.56", "2012-12-31": "7.74", "2012-09-30": "7.44", "2012-06-30": "7.71", "2012-03-31": "7.89", "2011-12-31": "7.87", "2011-09-30": "7.76", "2011-06-30": "8.61", "2011-03-31": "9.08", "2010-12-31": "9.03", "2010-09-30": "8.23", "2010-06-30": "8.16", "2010-03-31": "8.12", "2009-12-31": "7.71", "2009-09-30": "8.00", "2009-06-30": "7.65", "2009-03-31": "7.48", "2008-12-31": "6.64", "2008-09-30": "10.05", "2008-06-30": "9.67", "2008-03-31": "9.22", "2007-12-31": "8.89", "2007-09-30": "8.37", "2007-06-30": "8.87", "2007-03-31": "7.95", "2006-12-31": "8.68", "2006-09-30": "8.86", "2006-06-30": "8.63", "2006-03-31": "8.29", "2005-12-31": "8.73", "2005-09-30": "8.84", "2005-06-30": "8.96", "2005-03-31": "8.77"}, "return on equity": {"2020-12-31": "15.34%", "2020-09-30": "14.58%", "2020-06-30": "13.05%", "2020-03-31": "15.34%", "2019-12-31": "19.06%", "2019-09-30": "20.26%", "2019-06-30": "21.33%", "2019-03-31": "20.71%", "2018-12-31": "19.78%", "2018-09-30": "17.60%", "2018-06-30": "15.64%", "2018-03-31": "13.65%", "2017-12-31": "11.91%", "2017-09-30": "11.86%", "2017-06-30": "11.24%", "2017-03-31": "10.75%", "2016-12-31": "10.43%", "2016-09-30": "10.45%", "2016-06-30": "9.92%", "2016-03-31": "10.04%", "2015-12-31": "9.78%", "2015-09-30": "8.50%", "2015-06-30": "7.69%", "2015-03-31": "6.47%", "2014-12-31": "6.90%", "2014-09-30": "7.34%", "2014-06-30": "8.03%", "2014-03-31": "8.80%", "2013-12-31": "7.59%", "2013-09-30": "7.66%", "2013-06-30": "6.94%", "2013-03-31": "7.05%", "2012-12-31": "7.04%", "2012-09-30": "6.71%", "2012-06-30": "6.80%", "2012-03-31": "7.95%", "2011-12-31": "8.33%", "2011-09-30": "7.89%", "2011-06-30": "8.43%", "2011-03-31": "6.30%", "2010-12-31": "5.74%", "2010-09-30": "5.29%", "2010-06-30": "4.43%", "2010-03-31": "3.76%", "2009-12-31": "1.68%", "2009-09-30": "1.28%", "2009-06-30": "1.89%", "2009-03-31": "3.48%", "2008-12-31": "8.70%", "2008-09-30": "15.17%", "2008-06-30": "17.27%", "2008-03-31": "17.67%", "2007-12-31": "17.96%", "2007-09-30": "17.84%", "2007-06-30": "16.33%", "2007-03-31": "15.54%", "2006-12-31": "14.96%", "2006-09-30": "15.01%", "2006-06-30": "14.98%", "2006-03-31": "16.47%", "2005-12-31": "17.18%"}, "return on assets": {"2020-12-31": "1.28%", "2020-09-30": "1.30%", "2020-06-30": "1.19%", "2020-03-31": "1.41%", "2019-12-31": "1.73%", "2019-09-30": "1.83%", "2019-06-30": "1.92%", "2019-03-31": "1.85%", "2018-12-31": "1.74%", "2018-09-30": "1.51%", "2018-06-30": "1.32%", "2018-03-31": "1.15%", "2017-12-31": "1.00%", "2017-09-30": "0.99%", "2017-06-30": "0.95%", "2017-03-31": "0.91%", "2016-12-31": "0.87%", "2016-09-30": "0.85%", "2016-06-30": "0.79%", "2016-03-31": "0.79%", "2015-12-31": "0.83%", "2015-09-30": "0.78%", "2015-06-30": "0.76%", "2015-03-31": "0.71%", "2014-12-31": "0.76%", "2014-09-30": "0.84%", "2014-06-30": "0.94%", "2014-03-31": "1.04%", "2013-12-31": "0.90%", "2013-09-30": "0.91%", "2013-06-30": "0.82%", "2013-03-31": "0.82%", "2012-12-31": "0.81%", "2012-09-30": "0.77%", "2012-06-30": "0.77%", "2012-03-31": "0.88%", "2011-12-31": "0.90%", "2011-09-30": "0.82%", "2011-06-30": "0.87%", "2011-03-31": "0.65%", "2010-12-31": "0.61%", "2010-09-30": "0.58%", "2010-06-30": "0.49%", "2010-03-31": "0.42%", "2009-12-31": "0.19%", "2009-09-30": "0.15%", "2009-06-30": "0.22%", "2009-03-31": "0.39%", "2008-12-31": "0.92%", "2008-09-30": "1.45%", "2008-06-30": "1.72%", "2008-03-31": "1.80%", "2007-12-31": "1.89%", "2007-09-30": "1.88%", "2007-06-30": "1.70%", "2007-03-31": "1.63%", "2006-12-31": "1.56%", "2006-09-30": "1.56%", "2006-06-30": "1.56%", "2006-03-31": "1.70%", "2005-12-31": "1.75%"}, "return on investments": {"2020-12-31": "20.54%", "2020-09-30": "19.28%", "2020-06-30": "17.25%", "2020-03-31": "20.18%", "2019-12-31": "24.50%", "2019-09-30": "25.65%", "2019-06-30": "26.52%", "2019-03-31": "25.29%", "2018-12-31": "24.25%", "2018-09-30": "23.09%", "2018-06-30": "21.57%", "2018-03-31": "19.93%", "2017-12-31": "17.97%", "2017-09-30": "16.25%", "2017-06-30": "15.37%", "2017-03-31": "14.69%", "2016-12-31": "14.36%", "2016-09-30": "14.40%", "2016-06-30": "13.62%", "2016-03-31": "13.74%", "2015-12-31": "13.93%", "2015-09-30": "14.36%", "2015-06-30": "13.22%", "2015-03-31": "10.69%", "2014-12-31": "15.48%", "2014-09-30": "17.87%", "2014-06-30": "23.29%", "2014-03-31": "27.15%", "2013-12-31": "21.03%", "2013-09-30": "18.47%", "2013-06-30": "13.11%", "2013-03-31": "12.79%", "2012-12-31": "12.21%", "2012-09-30": "10.41%", "2012-06-30": "11.34%", "2012-03-31": "13.18%", "2011-12-31": "14.19%", "2011-09-30": "13.18%", "2011-06-30": "12.15%", "2011-03-31": "8.85%", "2010-12-31": "7.34%", "2010-09-30": "7.52%", "2010-06-30": "6.61%", "2010-03-31": "5.72%", "2009-12-31": "2.03%", "2009-09-30": "-0.13%", "2009-06-30": "-0.23%", "2009-03-31": "1.06%", "2008-12-31": "5.90%", "2008-09-30": "10.72%", "2008-06-30": "13.19%", "2008-03-31": "14.04%", "2007-12-31": "16.73%", "2007-09-30": "18.24%", "2007-06-30": "18.36%", "2007-03-31": "20.50%", "2006-12-31": "19.45%", "2006-09-30": "20.03%", "2006-06-30": "19.86%", "2006-03-31": "20.81%", "2005-12-31": "20.96%"}, "return on tangible equity": {"2020-09-30": "14.96%", "2020-06-30": "13.41%", "2020-03-31": "15.81%", "2019-12-31": "19.69%", "2019-09-30": "20.80%", "2019-06-30": "21.72%", "2019-03-31": "20.91%", "2018-12-31": "19.78%", "2018-09-30": "17.60%", "2018-06-30": "15.64%", "2018-03-31": "13.65%", "2017-12-31": "11.91%", "2017-09-30": "11.86%", "2017-06-30": "11.24%", "2017-03-31": "10.75%", "2016-12-31": "10.43%", "2016-09-30": "10.45%", "2016-06-30": "9.92%", "2016-03-31": "10.04%", "2015-12-31": "9.78%", "2015-09-30": "8.50%", "2015-06-30": "7.69%", "2015-03-31": "6.47%", "2014-12-31": "6.90%", "2014-09-30": "7.34%", "2014-06-30": "8.03%", "2014-03-31": "8.80%", "2013-12-31": "7.59%", "2013-09-30": "7.66%", "2013-06-30": "6.94%", "2013-03-31": "7.05%", "2012-12-31": "7.04%", "2012-09-30": "6.71%", "2012-06-30": "6.80%", "2012-03-31": "7.95%", "2011-12-31": "8.33%", "2011-09-30": "7.89%", "2011-06-30": "8.43%", "2011-03-31": "6.30%", "2010-12-31": "5.74%", "2010-09-30": "5.29%", "2010-06-30": "4.43%", "2010-03-31": "3.76%", "2009-12-31": "1.68%", "2009-09-30": "1.28%", "2009-06-30": "1.89%", "2009-03-31": "3.49%", "2008-12-31": "8.74%", "2008-09-30": "15.26%", "2008-06-30": "17.37%", "2008-03-31": "17.77%", "2007-12-31": "18.19%", "2007-09-30": "18.19%", "2007-06-30": "16.78%", "2007-03-31": "16.07%", "2006-12-31": "15.59%", "2006-09-30": "15.75%", "2006-06-30": "15.85%", "2006-03-31": "17.60%", "2005-12-31": "18.40%"}, "dividend yield history": {"last payout": "$0.00", "last yield": "0.00%"}}