{"ticker": "SIX", "price": {"title": "Six Flags Entertainment New Historical Annual Stock Price Data", "value": 39.18, "historical": {"2020": {"Average Stock Price": "24.3765", "Year Open": "45.0600", "Year High": "45.2600", "Year Low": "10.3600", "Year Close": "34.1000", "Annual % Change": "-24.41%"}, "2019": {"Average Stock Price": "52.0596", "Year Open": "56.0300", "Year High": "63.8700", "Year Low": "41.5400", "Year Close": "45.1100", "Annual % Change": "-18.91%"}, "2018": {"Average Stock Price": "64.5416", "Year Open": "66.8400", "Year High": "72.7600", "Year Low": "50.8000", "Year Close": "55.6300", "Annual % Change": "-16.43%"}, "2017": {"Average Stock Price": "60.1243", "Year Open": "60.0600", "Year High": "67.5800", "Year Low": "51.9000", "Year Close": "66.5700", "Annual % Change": "11.02%"}, "2016": {"Average Stock Price": "54.8935", "Year Open": "54.4900", "Year High": "61.3300", "Year Low": "46.7400", "Year Close": "59.9600", "Annual % Change": "9.14%"}, "2015": {"Average Stock Price": "47.7113", "Year Open": "43.3500", "Year High": "54.9600", "Year Low": "42.3400", "Year Close": "54.9400", "Annual % Change": "27.32%"}, "2014": {"Average Stock Price": "39.0938", "Year Open": "36.7800", "Year High": "43.2400", "Year Low": "33.1500", "Year Close": "43.1500", "Annual % Change": "17.19%"}, "2013": {"Average Stock Price": "35.4357", "Year Open": "31.0300", "Year High": "39.9800", "Year Low": "30.5500", "Year Close": "36.8200", "Annual % Change": "20.33%"}, "2012": {"Average Stock Price": "26.0634", "Year Open": "20.6850", "Year High": "32.4250", "Year Low": "20.4300", "Year Close": "30.6000", "Annual % Change": "48.40%"}, "2011": {"Average Stock Price": "17.0593", "Year Open": "13.7050", "Year High": "20.6900", "Year Low": "12.8950", "Year Close": "20.6200", "Annual % Change": "51.62%"}, "2010": {"Average Stock Price": "10.5477", "Year Open": "9.7500", "Year High": "14.1625", "Year Low": "7.9975", "Year Close": "13.6000", "Annual % Change": "0.00%"}}}, "market cap": {"value": "$3.33B"}, "income statement": {"Revenue": {"2019-12-31": "1487.58300", "2018-12-31": "1463.70700", "2017-12-31": "1359.07400", "2016-12-31": "1319.39800", "2015-12-31": "1263.93800", "2014-12-31": "1175.79300", "2013-12-31": "1109.93000", "2012-12-31": "1070.33200", "2011-12-31": "1013.17400", "2010-12-31": "975.88900", "2009-12-31": "898.93200", "2008-12-31": "1005.79500", "2007-12-31": "970.82500", "2006-12-31": "942.17700", "2005-12-31": "956.75700"}, "Cost Of Goods Sold": {"2019-12-31": "130.30400", "2018-12-31": "121.80300", "2017-12-31": "110.37400", "2016-12-31": "109.57900", "2015-12-31": "100.70900", "2014-12-31": "90.51500", "2013-12-31": "86.66300", "2012-12-31": "80.16900", "2011-12-31": "77.28600", "2010-12-31": "79.09700", "2009-12-31": "75.29600", "2008-12-31": "84.68000", "2007-12-31": "81.47200", "2006-12-31": "79.98500", "2005-12-31": "83.19700"}, "Gross Profit": {"2019-12-31": "1357.27900", "2018-12-31": "1341.90400", "2017-12-31": "1248.70000", "2016-12-31": "1209.81900", "2015-12-31": "1163.22900", "2014-12-31": "1085.27800", "2013-12-31": "1023.26700", "2012-12-31": "990.16300", "2011-12-31": "935.88800", "2010-12-31": "896.79200", "2009-12-31": "823.63600", "2008-12-31": "921.11500", "2007-12-31": "889.35300", "2006-12-31": "862.19200", "2005-12-31": "873.56000"}, "Research And Development Expenses": {"2019-12-31": "", "2018-12-31": "", "2017-12-31": "", "2016-12-31": "", "2015-12-31": "", "2014-12-31": "", "2013-12-31": "", "2012-12-31": "", "2011-12-31": "", "2010-12-31": "", "2009-12-31": "", "2008-12-31": "", "2007-12-31": "", "2006-12-31": "", "2005-12-31": ""}, "SG&A Expenses": {"2019-12-31": "199.19400", "2018-12-31": "132.16800", "2017-12-31": "159.07000", "2016-12-31": "293.00500", "2015-12-31": "234.81000", "2014-12-31": "310.95500", "2013-12-31": "189.21800", "2012-12-31": "225.87500", "2011-12-31": "215.05900", "2010-12-31": "189.68700", "2009-12-31": "192.61800", "2008-12-31": "211.51200", "2007-12-31": "243.88600", "2006-12-31": "239.36000", "2005-12-31": "192.83800"}, "Other Operating Income Or Expenses": {"2019-12-31": "-609.95300", "2018-12-31": "-576.60300", "2017-12-31": "-515.83200", "2016-12-31": "-492.08400", "2015-12-31": "-475.10100", "2014-12-31": "-433.26000", "2013-12-31": "-426.06100", "2012-12-31": "-419.78400", "2011-12-31": "-405.48900", "2010-12-31": "-421.83600", "2009-12-31": "-424.95200", "2008-12-31": "-424.88900", "2007-12-31": "-469.41700", "2006-12-31": "-440.34600", "2005-12-31": "-404.70300"}, "Operating Expenses": {"2019-12-31": "1053.49500", "2018-12-31": "941.09800", "2017-12-31": "893.62500", "2016-12-31": "999.64100", "2015-12-31": "918.03100", "2014-12-31": "942.83700", "2013-12-31": "830.01700", "2012-12-31": "873.87300", "2011-12-31": "891.91890", "2010-12-31": "892.06100", "2009-12-31": "834.57300", "2008-12-31": "856.52000", "2007-12-31": "932.68100", "2006-12-31": "891.19000", "2005-12-31": "808.39600"}, "Operating Income": {"2019-12-31": "434.08800", "2018-12-31": "522.60900", "2017-12-31": "465.44900", "2016-12-31": "319.75700", "2015-12-31": "345.90700", "2014-12-31": "232.95600", "2013-12-31": "279.91310", "2012-12-31": "196.45900", "2011-12-31": "121.25510", "2010-12-31": "83.82800", "2009-12-31": "64.35900", "2008-12-31": "149.27500", "2007-12-31": "38.14400", "2006-12-31": "50.98700", "2005-12-31": "148.36100"}, "Total Non-Operating Income/Expense": {"2019-12-31": "-122.32800", "2018-12-31": "-110.75100", "2017-12-31": "-136.39700", "2016-12-31": "-86.49100", "2015-12-31": "-82.68300", "2014-12-31": "-72.94500", "2013-12-31": "-75.98800", "2012-12-31": "15.15300", "2011-12-31": "-117.37600", "2010-12-31": "664.59300", "2009-12-31": "-221.54500", "2008-12-31": "-90.71800", "2007-12-31": "-233.62600", "2006-12-31": "-252.64500", "2005-12-31": "-253.52100"}, "Pre-Tax Income": {"2019-12-31": "311.76000", "2018-12-31": "411.85800", "2017-12-31": "329.05200", "2016-12-31": "233.26600", "2015-12-31": "263.22400", "2014-12-31": "160.01100", "2013-12-31": "203.92500", "2012-12-31": "211.61200", "2011-12-31": "3.87900", "2010-12-31": "748.42100", "2009-12-31": "-157.18600", "2008-12-31": "58.55700", "2007-12-31": "-195.48200", "2006-12-31": "-201.65800", "2005-12-31": "-105.16000"}, "Income Taxes": {"2019-12-31": "91.94200", "2018-12-31": "95.85500", "2017-12-31": "16.02600", "2016-12-31": "76.53900", "2015-12-31": "70.36900", "2014-12-31": "46.52200", "2013-12-31": "47.60100", "2012-12-31": "-184.15400", "2011-12-31": "-8.06500", "2010-12-31": "123.82500", "2009-12-31": "2.90200", "2008-12-31": "116.63000", "2007-12-31": "6.20300", "2006-12-31": "4.31800", "2005-12-31": "3.70500"}, "Income After Taxes": {"2019-12-31": "219.81800", "2018-12-31": "316.00300", "2017-12-31": "313.02600", "2016-12-31": "156.72700", "2015-12-31": "192.85500", "2014-12-31": "113.48900", "2013-12-31": "156.32400", "2012-12-31": "395.76600", "2011-12-31": "11.94400", "2010-12-31": "624.59600", "2009-12-31": "-160.08800", "2008-12-31": "-58.07300", "2007-12-31": "-201.68500", "2006-12-31": "-205.97600", "2005-12-31": "-108.86500"}, "Other Income": {"2019-12-31": "", "2018-12-31": "", "2017-12-31": "", "2016-12-31": "", "2015-12-31": "", "2014-12-31": "", "2013-12-31": "", "2012-12-31": "", "2011-12-31": "", "2010-12-31": "", "2009-12-31": "", "2008-12-31": "", "2007-12-31": "", "2006-12-31": "", "2005-12-31": ""}, "Income From Continuous Operations": {"2019-12-31": "219.81800", "2018-12-31": "316.00300", "2017-12-31": "313.02600", "2016-12-31": "156.72700", "2015-12-31": "192.85500", "2014-12-31": "113.48900", "2013-12-31": "156.32400", "2012-12-31": "395.76600", "2011-12-31": "11.94400", "2010-12-31": "624.59600", "2009-12-31": "-160.08800", "2008-12-31": "-58.07300", "2007-12-31": "-201.68500", "2006-12-31": "-205.97600", "2005-12-31": "-108.86500"}, "Income From Discontinued Operations": {"2019-12-31": "", "2018-12-31": "", "2017-12-31": "", "2016-12-31": "", "2015-12-31": "", "2014-12-31": "0.54500", "2013-12-31": "0.54900", "2012-12-31": "7.27300", "2011-12-31": "1.20100", "2010-12-31": "9.19400", "2009-12-31": "-34.00700", "2008-12-31": "-21.01600", "2007-12-31": "-13.93900", "2006-12-31": "-98.60400", "2005-12-31": "-2.07300"}, "Net Income": {"2019-12-31": "179.06500", "2018-12-31": "275.99600", "2017-12-31": "273.81600", "2016-12-31": "118.30200", "2015-12-31": "154.69000", "2014-12-31": "76.02200", "2013-12-31": "118.55200", "2012-12-31": "365.93500", "2011-12-31": "-22.66000", "2010-12-31": "598.92600", "2009-12-31": "-245.50900", "2008-12-31": "-141.78700", "2007-12-31": "-277.27800", "2006-12-31": "-327.58800", "2005-12-31": "-132.90800"}, "EBITDA": {"2019-12-31": "555.88100", "2018-12-31": "642.28100", "2017-12-31": "581.18100", "2016-12-31": "431.15300", "2015-12-31": "457.83600", "2014-12-31": "345.81100", "2013-12-31": "412.27310", "2012-12-31": "346.91500", "2011-12-31": "298.00510", "2010-12-31": "253.45600", "2009-12-31": "210.11000", "2008-12-31": "290.15500", "2007-12-31": "183.17700", "2006-12-31": "192.02500", "2005-12-31": "284.22300"}, "EBIT": {"2019-12-31": "434.08800", "2018-12-31": "522.60900", "2017-12-31": "465.44900", "2016-12-31": "319.75700", "2015-12-31": "345.90700", "2014-12-31": "232.95600", "2013-12-31": "279.91310", "2012-12-31": "196.45900", "2011-12-31": "121.25510", "2010-12-31": "83.82800", "2009-12-31": "64.35900", "2008-12-31": "149.27500", "2007-12-31": "38.14400", "2006-12-31": "50.98700", "2005-12-31": "148.36100"}, "Basic Shares Outstanding": {"2019-12-31": "84.34800", "2018-12-31": "84.10000", "2017-12-31": "86.80200", "2016-12-31": "92.34900", "2015-12-31": "93.58000", "2014-12-31": "94.47700", "2013-12-31": "96.94000", "2012-12-31": "107.68400", "2011-12-31": "110.15000", "2010-12-31": "110.60000", "2009-12-31": "195.44000", "2008-12-31": "387.80000", "2007-12-31": "378.98800", "2006-12-31": "376.96800", "2005-12-31": "372.44000"}, "Shares Outstanding": {"2019-12-31": "84.96800", "2018-12-31": "85.44500", "2017-12-31": "88.49400", "2016-12-31": "94.39800", "2015-12-31": "97.98100", "2014-12-31": "98.13900", "2013-12-31": "100.37100", "2012-12-31": "110.93600", "2011-12-31": "110.15000", "2010-12-31": "110.60000", "2009-12-31": "195.44000", "2008-12-31": "387.80000", "2007-12-31": "378.98800", "2006-12-31": "376.96800", "2005-12-31": "372.44000"}, "Basic EPS": {"2019-12-31": "2.12000", "2018-12-31": "3.28000", "2017-12-31": "3.15000", "2016-12-31": "1.28000", "2015-12-31": "1.65000", "2014-12-31": "0.80000", "2013-12-31": "1.22000", "2012-12-31": "3.40000", "2011-12-31": "-0.21000", "2010-12-31": "5.41500", "2009-12-31": "-1.25500", "2008-12-31": "-0.36500", "2007-12-31": "-0.73250", "2006-12-31": "-0.87000", "2005-12-31": "-0.35750"}, "EPS - Earnings Per Share": {"2019-12-31": "2.11000", "2018-12-31": "3.23000", "2017-12-31": "3.09000", "2016-12-31": "1.25000", "2015-12-31": "1.58000", "2014-12-31": "0.77000", "2013-12-31": "1.18000", "2012-12-31": "3.30000", "2011-12-31": "-0.21000", "2010-12-31": "5.41500", "2009-12-31": "-1.25500", "2008-12-31": "-0.36500", "2007-12-31": "-0.73250", "2006-12-31": "-0.87000", "2005-12-31": "-0.35750"}}, "income statement, quarterly": {"Revenue": {"2020-09-30": "126.32700", "2020-06-30": "19.14300", "2020-03-31": "102.50300", "2019-12-31": "261.00000", "2019-09-30": "621.18000", "2019-06-30": "477.21000", "2019-03-31": "128.19300", "2018-12-31": "269.50300", "2018-09-30": "619.82000", "2018-06-30": "445.42000", "2018-03-31": "128.96400", "2017-12-31": "256.75590", "2017-09-30": "580.41800", "2017-06-30": "422.37200", "2017-03-31": "99.52800", "2016-12-31": "239.31390", "2016-09-30": "557.59900", "2016-06-30": "407.06600", "2016-03-31": "115.41900", "2015-12-31": "217.45700", "2015-09-30": "575.26100", "2015-06-30": "386.06500", "2015-03-31": "85.15500", "2014-12-31": "183.68100", "2014-09-30": "541.84300", "2014-06-30": "376.55100", "2014-03-31": "73.71800", "2013-12-31": "154.18800", "2013-09-30": "504.52000", "2013-06-30": "363.70100", "2013-03-31": "87.52100", "2012-12-31": "143.91900", "2012-09-30": "485.14300", "2012-06-30": "374.91200", "2012-03-31": "66.35800", "2011-12-31": "137.56100", "2011-09-30": "475.60500", "2011-06-30": "338.67300", "2011-03-31": "61.33500", "2010-12-31": "121.78900", "2010-09-30": "475.58700", "2010-06-30": "321.25000", "2010-03-31": "57.26300", "2009-12-31": "101.11900", "2009-09-30": "449.93000", "2009-06-30": "296.78100", "2009-03-31": "51.10200", "2008-12-31": "102.54790", "2008-09-30": "489.34000", "2008-06-30": "345.68300", "2008-03-31": "68.22400", "2007-12-31": "112.32100", "2007-09-30": "464.21500", "2007-06-30": "343.62900", "2007-03-31": "50.66000", "2006-12-31": "100.85500", "2006-09-30": "474.23900", "2006-06-30": "325.00200", "2006-03-31": "42.08100", "2005-12-31": "0.55900", "2005-09-30": "546.09500", "2005-06-30": "360.56200", "2005-03-31": "49.54100"}, "Cost Of Goods Sold": {"2020-09-30": "12.98000", "2020-06-30": "2.21400", "2020-03-31": "7.76000", "2019-12-31": "23.00800", "2019-09-30": "53.50800", "2019-06-30": "43.51300", "2019-03-31": "10.27500", "2018-12-31": "21.73900", "2018-09-30": "50.08100", "2018-06-30": "39.52000", "2018-03-31": "10.46300", "2017-12-31": "19.35300", "2017-09-30": "45.95100", "2017-06-30": "37.48900", "2017-03-31": "7.58100", "2016-12-31": "19.14400", "2016-09-30": "44.27700", "2016-06-30": "36.02000", "2016-03-31": "10.13800", "2015-12-31": "15.85300", "2015-09-30": "43.48900", "2015-06-30": "34.18200", "2015-03-31": "7.18500", "2014-12-31": "13.19400", "2014-09-30": "39.73000", "2014-06-30": "31.34800", "2014-03-31": "6.24300", "2013-12-31": "11.12200", "2013-09-30": "36.61600", "2013-06-30": "31.00000", "2013-03-31": "7.92500", "2012-12-31": "10.02500", "2012-09-30": "34.48300", "2012-06-30": "29.93400", "2012-03-31": "5.72700", "2011-12-31": "9.80500", "2011-09-30": "34.59400", "2011-06-30": "27.31700", "2011-03-31": "5.57000", "2010-12-31": "9.40800", "2010-09-30": "36.25300", "2010-06-30": "27.94000", "2010-03-31": "5.49600", "2009-12-31": "7.50000", "2009-09-30": "37.29600", "2009-06-30": "25.80200", "2009-03-31": "4.69800", "2008-12-31": "8.18900", "2008-09-30": "40.15300", "2008-06-30": "30.20400", "2008-03-31": "6.13400", "2007-12-31": "8.52000", "2007-09-30": "38.95100", "2007-06-30": "29.49900", "2007-03-31": "4.50200", "2006-12-31": "9.36700", "2006-09-30": "38.27400", "2006-06-30": "28.33300", "2006-03-31": "4.01100", "2005-12-31": "0.58900", "2005-09-30": "45.98800", "2005-06-30": "31.73300", "2005-03-31": "4.88700"}, "Gross Profit": {"2020-09-30": "113.34700", "2020-06-30": "16.92900", "2020-03-31": "94.74300", "2019-12-31": "237.99200", "2019-09-30": "567.67200", "2019-06-30": "433.69700", "2019-03-31": "117.91800", "2018-12-31": "247.76400", "2018-09-30": "569.73900", "2018-06-30": "405.90000", "2018-03-31": "118.50100", "2017-12-31": "237.40290", "2017-09-30": "534.46700", "2017-06-30": "384.88300", "2017-03-31": "91.94700", "2016-12-31": "220.16990", "2016-09-30": "513.32200", "2016-06-30": "371.04600", "2016-03-31": "105.28100", "2015-12-31": "201.60400", "2015-09-30": "531.77200", "2015-06-30": "351.88300", "2015-03-31": "77.97000", "2014-12-31": "170.48700", "2014-09-30": "502.11300", "2014-06-30": "345.20300", "2014-03-31": "67.47500", "2013-12-31": "143.06610", "2013-09-30": "467.90400", "2013-06-30": "332.70100", "2013-03-31": "79.59600", "2012-12-31": "133.89400", "2012-09-30": "450.66000", "2012-06-30": "344.97800", "2012-03-31": "60.63100", "2011-12-31": "127.75600", "2011-09-30": "441.01100", "2011-06-30": "311.35600", "2011-03-31": "55.76500", "2010-12-31": "112.38100", "2010-09-30": "439.33400", "2010-06-30": "293.31000", "2010-03-31": "51.76700", "2009-12-31": "93.61900", "2009-09-30": "412.63400", "2009-06-30": "270.97900", "2009-03-31": "46.40400", "2008-12-31": "94.35890", "2008-09-30": "449.18700", "2008-06-30": "315.47900", "2008-03-31": "62.09000", "2007-12-31": "103.80100", "2007-09-30": "425.26400", "2007-06-30": "314.13000", "2007-03-31": "46.15800", "2006-12-31": "91.48800", "2006-09-30": "435.96500", "2006-06-30": "296.66900", "2006-03-31": "38.07000", "2005-12-31": "-0.03000", "2005-09-30": "500.10700", "2005-06-30": "328.82900", "2005-03-31": "44.65400"}, "Research And Development Expenses": {"2020-09-30": "", "2020-06-30": "", "2020-03-31": "", "2019-12-31": "", "2019-09-30": "", "2019-06-30": "", "2019-03-31": "", "2018-12-31": "", "2018-09-30": "", "2018-06-30": "", "2018-03-31": "", "2017-12-31": "", "2017-09-30": "", "2017-06-30": "", "2017-03-31": "", "2016-12-31": "", "2016-09-30": "", "2016-06-30": "", "2016-03-31": "", "2015-12-31": "", "2015-09-30": "", "2015-06-30": "", "2015-03-31": "", "2014-12-31": "", "2014-09-30": "", "2014-06-30": "", "2014-03-31": "", "2013-12-31": "", "2013-09-30": "", "2013-06-30": "", "2013-03-31": "", "2012-12-31": "", "2012-09-30": "", "2012-06-30": "", "2012-03-31": "", "2011-12-31": "", "2011-09-30": "", "2011-06-30": "", "2011-03-31": "", "2010-12-31": "", "2010-09-30": "", "2010-06-30": "", "2010-03-31": "", "2009-12-31": "", "2009-09-30": "", "2009-06-30": "", "2009-03-31": "", "2008-12-31": "", "2008-09-30": "", "2008-06-30": "", "2008-03-31": "", "2007-12-31": "", "2007-09-30": "", "2007-06-30": "", "2007-03-31": "", "2006-12-31": "", "2006-09-30": "", "2006-06-30": "", "2006-03-31": "", "2005-12-31": "", "2005-09-30": "", "2005-06-30": "", "2005-03-31": ""}, "SG&A Expenses": {"2020-09-30": "41.56800", "2020-06-30": "36.82000", "2020-03-31": "36.19000", "2019-12-31": "44.21700", "2019-09-30": "55.14400", "2019-06-30": "59.72300", "2019-03-31": "40.11000", "2018-12-31": "-43.33900", "2018-09-30": "65.78300", "2018-06-30": "68.78600", "2018-03-31": "40.93800", "2017-12-31": "62.29200", "2017-09-30": "11.62900", "2017-06-30": "38.17600", "2017-03-31": "46.97300", "2016-12-31": "63.89900", "2016-09-30": "134.13200", "2016-06-30": "58.71100", "2016-03-31": "36.26300", "2015-12-31": "62.92600", "2015-09-30": "61.89500", "2015-06-30": "55.40200", "2015-03-31": "54.58700", "2014-12-31": "89.79900", "2014-09-30": "126.66200", "2014-06-30": "60.16000", "2014-03-31": "34.33400", "2013-12-31": "36.63100", "2013-09-30": "52.64800", "2013-06-30": "60.24100", "2013-03-31": "39.69800", "2012-12-31": "49.83300", "2012-09-30": "54.11500", "2012-06-30": "75.69800", "2012-03-31": "46.22900", "2011-12-31": "48.87400", "2011-09-30": "48.43100", "2011-06-30": "74.06200", "2011-03-31": "43.69200", "2010-12-31": "42.34300", "2010-09-30": "52.68600", "2010-06-30": "60.58800", "2010-03-31": "34.07000", "2009-12-31": "30.11400", "2009-09-30": "50.66100", "2009-06-30": "77.15000", "2009-03-31": "34.69300", "2008-12-31": "33.36000", "2008-09-30": "53.77700", "2008-06-30": "84.58900", "2008-03-31": "39.78600", "2007-12-31": "33.50700", "2007-09-30": "63.17700", "2007-06-30": "98.72300", "2007-03-31": "48.47900", "2006-12-31": "38.67700", "2006-09-30": "57.92500", "2006-06-30": "84.23900", "2006-03-31": "58.51900", "2005-12-31": "32.32400", "2005-09-30": "51.34200", "2005-06-30": "73.28500", "2005-03-31": "35.88700"}, "Other Operating Income Or Expenses": {"2020-09-30": "-123.89800", "2020-06-30": "-63.19400", "2020-03-31": "-105.74400", "2019-12-31": "-124.15800", "2019-09-30": "-192.47900", "2019-06-30": "-177.65800", "2019-03-31": "-115.65800", "2018-12-31": "-118.88400", "2018-09-30": "-189.09000", "2018-06-30": "-164.21800", "2018-03-31": "-104.41100", "2017-12-31": "-104.58900", "2017-09-30": "-169.46000", "2017-06-30": "-148.21300", "2017-03-31": "-93.57000", "2016-12-31": "-103.79500", "2016-09-30": "-151.96800", "2016-06-30": "-142.69300", "2016-03-31": "-93.62800", "2015-12-31": "-102.01600", "2015-09-30": "-154.71900", "2015-06-30": "-134.33800", "2015-03-31": "-84.02800", "2014-12-31": "-77.03900", "2014-09-30": "-145.48900", "2014-06-30": "-127.31200", "2014-03-31": "-83.42000", "2013-12-31": "-78.17600", "2013-09-30": "-138.72000", "2013-06-30": "-123.87600", "2013-03-31": "-85.28900", "2012-12-31": "-72.68500", "2012-09-30": "-137.92900", "2012-06-30": "-128.95500", "2012-03-31": "-80.21500", "2011-12-31": "-71.25900", "2011-09-30": "-132.60700", "2011-06-30": "-122.39100", "2011-03-31": "-79.23200", "2010-12-31": "-77.32800", "2010-09-30": "-137.62000", "2010-06-30": "-126.57300", "2010-03-31": "-80.31500", "2009-12-31": "-82.65600", "2009-09-30": "-139.18600", "2009-06-30": "-125.93600", "2009-03-31": "-77.17400", "2008-12-31": "-62.71300", "2008-09-30": "-150.54300", "2008-06-30": "-127.43600", "2008-03-31": "-84.19700", "2007-12-31": "-105.36900", "2007-09-30": "-146.02600", "2007-06-30": "-135.63500", "2007-03-31": "-82.38700", "2006-12-31": "-72.69200", "2006-09-30": "-132.73900", "2006-06-30": "-131.66700", "2006-03-31": "-103.24800", "2005-12-31": "-29.82200", "2005-09-30": "-152.40600", "2005-06-30": "-140.31000", "2005-03-31": "-82.16500"}, "Operating Expenses": {"2020-09-30": "206.23600", "2020-06-30": "130.66800", "2020-03-31": "179.36200", "2019-12-31": "219.54200", "2019-09-30": "330.77800", "2019-06-30": "309.11400", "2019-03-31": "194.06100", "2018-12-31": "125.48200", "2018-09-30": "333.28400", "2018-06-30": "299.16800", "2018-03-31": "183.16400", "2017-12-31": "214.47500", "2017-09-30": "254.72700", "2017-06-30": "249.85400", "2017-03-31": "174.56900", "2016-12-31": "212.46600", "2016-09-30": "357.77000", "2016-06-30": "263.34800", "2016-03-31": "166.05700", "2015-12-31": "209.48100", "2015-09-30": "286.45100", "2015-06-30": "249.50400", "2015-03-31": "172.59500", "2014-12-31": "207.13700", "2014-09-30": "339.01300", "2014-06-30": "244.99600", "2014-03-31": "151.69100", "2013-12-31": "156.79700", "2013-09-30": "258.88200", "2013-06-30": "246.28000", "2013-03-31": "168.05800", "2012-12-31": "167.91300", "2012-09-30": "261.83900", "2012-06-30": "270.45500", "2012-03-31": "173.66600", "2011-12-31": "171.51600", "2011-09-30": "257.26200", "2011-06-30": "264.01000", "2011-03-31": "199.13100", "2010-12-31": "179.35200", "2010-09-30": "285.48000", "2010-06-30": "270.60000", "2010-03-31": "156.62900", "2009-12-31": "157.15400", "2009-09-30": "263.29500", "2009-06-30": "263.45400", "2009-03-31": "150.67000", "2008-12-31": "135.11600", "2008-09-30": "280.50300", "2008-06-30": "276.42100", "2008-03-31": "164.48000", "2007-12-31": "182.35700", "2007-09-30": "283.34700", "2007-06-30": "297.72600", "2007-03-31": "169.25100", "2006-12-31": "153.45500", "2006-09-30": "262.91200", "2006-06-30": "276.55300", "2006-03-31": "198.27000", "2005-12-31": "83.77200", "2005-09-30": "286.51000", "2005-06-30": "280.46800", "2005-03-31": "157.64600"}, "Operating Income": {"2020-09-30": "-79.90900", "2020-06-30": "-111.52500", "2020-03-31": "-76.85900", "2019-12-31": "41.45810", "2019-09-30": "290.40200", "2019-06-30": "168.09600", "2019-03-31": "-65.86800", "2018-12-31": "144.02100", "2018-09-30": "286.53600", "2018-06-30": "146.25200", "2018-03-31": "-54.20000", "2017-12-31": "42.28090", "2017-09-30": "325.69100", "2017-06-30": "172.51800", "2017-03-31": "-75.04100", "2016-12-31": "26.84800", "2016-09-30": "199.82900", "2016-06-30": "143.71800", "2016-03-31": "-50.63800", "2015-12-31": "7.97600", "2015-09-30": "288.81000", "2015-06-30": "136.56100", "2015-03-31": "-87.44000", "2014-12-31": "-23.45600", "2014-09-30": "202.83000", "2014-06-30": "131.55500", "2014-03-31": "-77.97300", "2013-12-31": "-2.60890", "2013-09-30": "245.63800", "2013-06-30": "117.42100", "2013-03-31": "-80.53700", "2012-12-31": "-23.99390", "2012-09-30": "223.30400", "2012-06-30": "104.45700", "2012-03-31": "-107.30800", "2011-12-31": "-33.95500", "2011-09-30": "218.34300", "2011-06-30": "74.66300", "2011-03-31": "-137.79600", "2010-12-31": "-57.56300", "2010-09-30": "190.10700", "2010-06-30": "50.65000", "2010-03-31": "-99.36600", "2009-12-31": "-56.03500", "2009-09-30": "186.63500", "2009-06-30": "33.32700", "2009-03-31": "-99.56800", "2008-12-31": "-32.56800", "2008-09-30": "208.83700", "2008-06-30": "69.26200", "2008-03-31": "-96.25600", "2007-12-31": "-70.03600", "2007-09-30": "180.86800", "2007-06-30": "45.90300", "2007-03-31": "-118.59100", "2006-12-31": "-52.60000", "2006-09-30": "211.32700", "2006-06-30": "48.44900", "2006-03-31": "-156.18900", "2005-12-31": "-83.21290", "2005-09-30": "259.58500", "2005-06-30": "80.09400", "2005-03-31": "-108.10500"}, "Total Non-Operating Income/Expense": {"2020-09-30": "-51.86200", "2020-06-30": "-60.38600", "2020-03-31": "-29.73600", "2019-12-31": "-31.31500", "2019-09-30": "-28.56700", "2019-06-30": "-34.52500", "2019-03-31": "-27.92100", "2018-12-31": "-28.24200", "2018-09-30": "-26.85500", "2018-06-30": "-27.83400", "2018-03-31": "-27.82000", "2017-12-31": "-25.37000", "2017-09-30": "-26.09600", "2017-06-30": "-64.83300", "2017-03-31": "-20.09800", "2016-12-31": "-21.29100", "2016-09-30": "-22.48400", "2016-06-30": "-22.55900", "2016-03-31": "-20.15700", "2015-12-31": "-19.46400", "2015-09-30": "-19.60600", "2015-06-30": "-25.09800", "2015-03-31": "-18.51500", "2014-12-31": "-28.95600", "2014-09-30": "-18.45800", "2014-06-30": "-7.69200", "2014-03-31": "-17.83900", "2013-12-31": "-19.39100", "2013-09-30": "-19.61600", "2013-06-30": "-19.00600", "2013-03-31": "-17.97500", "2012-12-31": "-13.42900", "2012-09-30": "52.47900", "2012-06-30": "-12.44100", "2012-03-31": "-11.45600", "2011-12-31": "-63.83500", "2011-09-30": "-17.53100", "2011-06-30": "-18.19000", "2011-03-31": "-17.82000", "2010-12-31": "-35.03780", "2010-09-30": "-30.55100", "2010-06-30": "810.62190", "2010-03-31": "-80.44000", "2009-12-31": "-29.34200", "2009-09-30": "-21.72600", "2009-06-30": "-130.08100", "2009-03-31": "-40.39600", "2008-12-31": "-56.15200", "2008-09-30": "-42.33000", "2008-06-30": "61.08400", "2008-03-31": "-53.32000", "2007-12-31": "-16.31200", "2007-09-30": "-89.05500", "2007-06-30": "-85.96000", "2007-03-31": "-42.29900", "2006-12-31": "-46.56300", "2006-09-30": "-81.59800", "2006-06-30": "-85.50000", "2006-03-31": "-38.98400", "2005-12-31": "-50.77900", "2005-09-30": "-69.47900", "2005-06-30": "-72.86000", "2005-03-31": "-60.40300"}, "Pre-Tax Income": {"2020-09-30": "-131.77100", "2020-06-30": "-171.91100", "2020-03-31": "-106.59500", "2019-12-31": "10.14300", "2019-09-30": "261.83500", "2019-06-30": "133.57100", "2019-03-31": "-93.78900", "2018-12-31": "115.77900", "2018-09-30": "259.68100", "2018-06-30": "118.41800", "2018-03-31": "-82.02000", "2017-12-31": "16.91100", "2017-09-30": "299.59500", "2017-06-30": "107.68500", "2017-03-31": "-95.13900", "2016-12-31": "5.55700", "2016-09-30": "177.34500", "2016-06-30": "121.15900", "2016-03-31": "-70.79500", "2015-12-31": "-11.49800", "2015-09-30": "269.20400", "2015-06-30": "111.47300", "2015-03-31": "-105.95500", "2014-12-31": "-52.41200", "2014-09-30": "184.37200", "2014-06-30": "123.86300", "2014-03-31": "-95.81200", "2013-12-31": "-22.00000", "2013-09-30": "226.02200", "2013-06-30": "98.41500", "2013-03-31": "-98.51200", "2012-12-31": "-37.42300", "2012-09-30": "275.78300", "2012-06-30": "92.01600", "2012-03-31": "-118.76400", "2011-12-31": "-97.79000", "2011-09-30": "200.81200", "2011-06-30": "56.47300", "2011-03-31": "-155.61600", "2010-12-31": "-92.60100", "2010-09-30": "159.55600", "2010-06-30": "861.27200", "2010-03-31": "-179.80600", "2009-12-31": "-85.37700", "2009-09-30": "164.90900", "2009-06-30": "-96.75400", "2009-03-31": "-139.96400", "2008-12-31": "-88.72000", "2008-09-30": "166.50700", "2008-06-30": "130.34600", "2008-03-31": "-149.57600", "2007-12-31": "-86.34800", "2007-09-30": "91.81300", "2007-06-30": "-40.05700", "2007-03-31": "-160.89000", "2006-12-31": "-99.16300", "2006-09-30": "129.72900", "2006-06-30": "-37.05100", "2006-03-31": "-195.17300", "2005-12-31": "-133.99200", "2005-09-30": "190.10600", "2005-06-30": "7.23400", "2005-03-31": "-168.50800"}, "Income Taxes": {"2020-09-30": "-36.24300", "2020-06-30": "-55.66100", "2020-03-31": "-22.04900", "2019-12-31": "21.29800", "2019-09-30": "61.62600", "2019-06-30": "33.67500", "2019-03-31": "-24.65700", "2018-12-31": "36.35700", "2018-09-30": "55.26000", "2018-06-30": "23.91300", "2018-03-31": "-19.67500", "2017-12-31": "-81.10200", "2017-09-30": "98.66500", "2017-06-30": "36.05400", "2017-03-31": "-37.59100", "2016-12-31": "3.68900", "2016-09-30": "55.65100", "2016-06-30": "41.05900", "2016-03-31": "-23.86000", "2015-12-31": "-13.68200", "2015-09-30": "92.82100", "2015-06-30": "26.85900", "2015-03-31": "-35.62900", "2014-12-31": "-17.75000", "2014-09-30": "60.33200", "2014-06-30": "38.55100", "2014-03-31": "-34.61100", "2013-12-31": "-34.76000", "2013-09-30": "86.40500", "2013-06-30": "32.35500", "2013-03-31": "-36.39900", "2012-12-31": "-192.60600", "2012-09-30": "11.01400", "2012-06-30": "1.19400", "2012-03-31": "-3.75600", "2011-12-31": "6.00000", "2011-09-30": "-10.37600", "2011-06-30": "3.39600", "2011-03-31": "-7.08500", "2010-12-31": "2.63400", "2010-09-30": "8.03400", "2010-06-30": "112.24400", "2010-03-31": "0.91300", "2009-12-31": "-2.31200", "2009-09-30": "8.37800", "2009-06-30": "-0.23400", "2009-03-31": "-2.93000", "2008-12-31": "109.52100", "2008-09-30": "2.63500", "2008-06-30": "2.75300", "2008-03-31": "1.72100", "2007-12-31": "2.08700", "2007-09-30": "1.92100", "2007-06-30": "1.88000", "2007-03-31": "0.31500", "2006-12-31": "0.33300", "2006-09-30": "1.78300", "2006-06-30": "2.03500", "2006-03-31": "0.16700", "2005-12-31": "-0.08600", "2005-09-30": "1.27000", "2005-06-30": "1.56600", "2005-03-31": "0.95500"}, "Income After Taxes": {"2020-09-30": "-95.52800", "2020-06-30": "-116.25000", "2020-03-31": "-84.54600", "2019-12-31": "-11.15500", "2019-09-30": "200.20900", "2019-06-30": "99.89600", "2019-03-31": "-69.13200", "2018-12-31": "79.42200", "2018-09-30": "204.42100", "2018-06-30": "94.50500", "2018-03-31": "-62.34500", "2017-12-31": "98.01300", "2017-09-30": "200.93000", "2017-06-30": "71.63100", "2017-03-31": "-57.54800", "2016-12-31": "1.86800", "2016-09-30": "121.69400", "2016-06-30": "80.10000", "2016-03-31": "-46.93500", "2015-12-31": "2.18400", "2015-09-30": "176.38300", "2015-06-30": "84.61400", "2015-03-31": "-70.32600", "2014-12-31": "-34.66200", "2014-09-30": "124.04000", "2014-06-30": "85.31200", "2014-03-31": "-61.20100", "2013-12-31": "12.76000", "2013-09-30": "139.61700", "2013-06-30": "66.06000", "2013-03-31": "-62.11300", "2012-12-31": "155.18300", "2012-09-30": "264.76900", "2012-06-30": "90.82200", "2012-03-31": "-115.00800", "2011-12-31": "-103.79000", "2011-09-30": "211.18800", "2011-06-30": "53.07700", "2011-03-31": "-148.53100", "2010-12-31": "-95.23500", "2010-09-30": "151.52200", "2010-06-30": "749.02800", "2010-03-31": "-180.71900", "2009-12-31": "-83.06500", "2009-09-30": "156.53100", "2009-06-30": "-96.52000", "2009-03-31": "-137.03400", "2008-12-31": "-198.24100", "2008-09-30": "163.87200", "2008-06-30": "127.59300", "2008-03-31": "-151.29700", "2007-12-31": "-88.43500", "2007-09-30": "89.89200", "2007-06-30": "-41.93700", "2007-03-31": "-161.20500", "2006-12-31": "-99.49600", "2006-09-30": "127.94600", "2006-06-30": "-39.08600", "2006-03-31": "-195.34000", "2005-12-31": "-133.90600", "2005-09-30": "188.83600", "2005-06-30": "5.66800", "2005-03-31": "-169.46300"}, "Other Income": {"2020-09-30": "", "2020-06-30": "", "2020-03-31": "", "2019-12-31": "", "2019-09-30": "", "2019-06-30": "", "2019-03-31": "", "2018-12-31": "", "2018-09-30": "", "2018-06-30": "", "2018-03-31": "", "2017-12-31": "", "2017-09-30": "", "2017-06-30": "", "2017-03-31": "", "2016-12-31": "", "2016-09-30": "", "2016-06-30": "", "2016-03-31": "", "2015-12-31": "", "2015-09-30": "", "2015-06-30": "", "2015-03-31": "", "2014-12-31": "", "2014-09-30": "", "2014-06-30": "", "2014-03-31": "", "2013-12-31": "", "2013-09-30": "", "2013-06-30": "", "2013-03-31": "", "2012-12-31": "", "2012-09-30": "", "2012-06-30": "", "2012-03-31": "", "2011-12-31": "", "2011-09-30": "", "2011-06-30": "", "2011-03-31": "", "2010-12-31": "", "2010-09-30": "", "2010-06-30": "", "2010-03-31": "", "2009-12-31": "", "2009-09-30": "", "2009-06-30": "", "2009-03-31": "", "2008-12-31": "", "2008-09-30": "", "2008-06-30": "", "2008-03-31": "", "2007-12-31": "", "2007-09-30": "", "2007-06-30": "", "2007-03-31": "", "2006-12-31": "", "2006-09-30": "", "2006-06-30": "", "2006-03-31": "", "2005-12-31": "", "2005-09-30": "", "2005-06-30": "", "2005-03-31": ""}, "Income From Continuous Operations": {"2020-09-30": "-95.52800", "2020-06-30": "-116.25000", "2020-03-31": "-84.54600", "2019-12-31": "-11.15500", "2019-09-30": "200.20900", "2019-06-30": "99.89600", "2019-03-31": "-69.13200", "2018-12-31": "79.42200", "2018-09-30": "204.42100", "2018-06-30": "94.50500", "2018-03-31": "-62.34500", "2017-12-31": "98.01300", "2017-09-30": "200.93000", "2017-06-30": "71.63100", "2017-03-31": "-57.54800", "2016-12-31": "1.86800", "2016-09-30": "121.69400", "2016-06-30": "80.10000", "2016-03-31": "-46.93500", "2015-12-31": "2.18400", "2015-09-30": "176.38300", "2015-06-30": "84.61400", "2015-03-31": "-70.32600", "2014-12-31": "-34.66200", "2014-09-30": "124.04000", "2014-06-30": "85.31200", "2014-03-31": "-61.20100", "2013-12-31": "12.76000", "2013-09-30": "139.61700", "2013-06-30": "66.06000", "2013-03-31": "-62.11300", "2012-12-31": "155.18300", "2012-09-30": "264.76900", "2012-06-30": "90.82200", "2012-03-31": "-115.00800", "2011-12-31": "-103.79000", "2011-09-30": "211.18800", "2011-06-30": "53.07700", "2011-03-31": "-148.53100", "2010-12-31": "-95.23500", "2010-09-30": "151.52200", "2010-06-30": "749.02800", "2010-03-31": "-180.71900", "2009-12-31": "-83.06500", "2009-09-30": "156.53100", "2009-06-30": "-96.52000", "2009-03-31": "-137.03400", "2008-12-31": "-198.24100", "2008-09-30": "163.87200", "2008-06-30": "127.59300", "2008-03-31": "-151.29700", "2007-12-31": "-88.43500", "2007-09-30": "89.89200", "2007-06-30": "-41.93700", "2007-03-31": "-161.20500", "2006-12-31": "-99.49600", "2006-09-30": "127.94600", "2006-06-30": "-39.08600", "2006-03-31": "-195.34000", "2005-12-31": "-133.90600", "2005-09-30": "188.83600", "2005-06-30": "5.66800", "2005-03-31": "-169.46300"}, "Income From Discontinued Operations": {"2020-09-30": "", "2020-06-30": "", "2020-03-31": "", "2019-12-31": "", "2019-09-30": "", "2019-06-30": "", "2019-03-31": "", "2018-12-31": "", "2018-09-30": "", "2018-06-30": "", "2018-03-31": "", "2017-12-31": "", "2017-09-30": "", "2017-06-30": "", "2017-03-31": "", "2016-12-31": "", "2016-09-30": "", "2016-06-30": "", "2016-03-31": "", "2015-12-31": "", "2015-09-30": "", "2015-06-30": "", "2015-03-31": "", "2014-12-31": "", "2014-09-30": "", "2014-06-30": "", "2014-03-31": "", "2013-12-31": "", "2013-09-30": "", "2013-06-30": "", "2013-03-31": "", "2012-12-31": "0.11600", "2012-09-30": "7.20900", "2012-06-30": "-0.01700", "2012-03-31": "-0.03500", "2011-12-31": "1.31400", "2011-09-30": "-0.01100", "2011-06-30": "-0.06600", "2011-03-31": "-0.03600", "2010-12-31": "0.05000", "2010-09-30": "0.15600", "2010-06-30": "11.76100", "2010-03-31": "-2.77300", "2009-12-31": "-32.46400", "2009-09-30": "4.34500", "2009-06-30": "-2.12400", "2009-03-31": "-3.76400", "2008-12-31": "-5.25100", "2008-09-30": "-0.78900", "2008-06-30": "-14.12200", "2008-03-31": "-0.85400", "2007-12-31": "-0.91800", "2007-09-30": "-0.21400", "2007-06-30": "-3.45100", "2007-03-31": "-9.35600", "2006-12-31": "-90.23200", "2006-09-30": "36.79800", "2006-06-30": "-0.50100", "2006-03-31": "-44.66900", "2005-12-31": "-5.10200", "2005-09-30": "6.85200", "2005-06-30": "5.43300", "2005-03-31": "-9.25600"}, "Net Income": {"2020-09-30": "-116.17200", "2020-06-30": "-136.89400", "2020-03-31": "-84.54600", "2019-12-31": "-11.15500", "2019-09-30": "179.83300", "2019-06-30": "79.51900", "2019-03-31": "-69.13200", "2018-12-31": "79.42200", "2018-09-30": "184.41700", "2018-06-30": "74.50200", "2018-03-31": "-62.34500", "2017-12-31": "98.01300", "2017-09-30": "181.32500", "2017-06-30": "52.02600", "2017-03-31": "-57.54800", "2016-12-31": "1.86800", "2016-09-30": "102.48200", "2016-06-30": "60.88700", "2016-03-31": "-46.93500", "2015-12-31": "2.18400", "2015-09-30": "157.30000", "2015-06-30": "65.53200", "2015-03-31": "-70.32600", "2014-12-31": "-34.11700", "2014-09-30": "105.03400", "2014-06-30": "66.30600", "2014-03-31": "-61.20100", "2013-12-31": "13.31500", "2013-09-30": "120.40300", "2013-06-30": "47.36100", "2013-03-31": "-62.52700", "2012-12-31": "155.75400", "2012-09-30": "253.02500", "2012-06-30": "72.26500", "2012-03-31": "-115.10900", "2011-12-31": "-102.00800", "2011-09-30": "192.87000", "2011-06-30": "34.96300", "2011-03-31": "-148.48500", "2010-12-31": "-94.29400", "2010-09-30": "133.53500", "2010-06-30": "743.26100", "2010-03-31": "-183.57600", "2009-12-31": "-115.52900", "2009-09-30": "137.92700", "2009-06-30": "-121.61600", "2009-03-31": "-146.29100", "2008-12-31": "-208.38900", "2008-09-30": "136.23300", "2008-06-30": "87.41700", "2008-03-31": "-157.04800", "2007-12-31": "-134.53000", "2007-09-30": "84.18600", "2007-06-30": "-50.88000", "2007-03-31": "-176.05400", "2006-12-31": "-195.22100", "2006-09-30": "159.25200", "2006-06-30": "-45.07900", "2006-03-31": "-246.54000", "2005-12-31": "-144.50000", "2005-09-30": "190.19500", "2005-06-30": "5.60900", "2005-03-31": "-184.21200"}, "EBITDA": {"2020-09-30": "-49.03300", "2020-06-30": "-79.62400", "2020-03-31": "-46.19500", "2019-12-31": "71.51510", "2019-09-30": "321.91800", "2019-06-30": "199.24300", "2019-03-31": "-36.79500", "2018-12-31": "174.55100", "2018-09-30": "317.16200", "2018-06-30": "175.17700", "2018-03-31": "-24.60900", "2017-12-31": "72.26590", "2017-09-30": "355.18410", "2017-06-30": "200.31000", "2017-03-31": "-46.57900", "2016-12-31": "55.56800", "2016-09-30": "228.39500", "2016-06-30": "170.73400", "2016-03-31": "-23.54400", "2015-12-31": "37.72900", "2015-09-30": "316.22600", "2015-06-30": "163.33800", "2015-03-31": "-59.45700", "2014-12-31": "4.83800", "2014-09-30": "231.14000", "2014-06-30": "158.92100", "2014-03-31": "-49.08800", "2013-12-31": "29.33810", "2013-09-30": "277.60400", "2013-06-30": "149.65300", "2013-03-31": "-44.32200", "2012-12-31": "11.95810", "2012-09-30": "259.21000", "2012-06-30": "140.96700", "2012-03-31": "-65.22000", "2011-12-31": "9.50800", "2011-09-30": "262.15000", "2011-06-30": "118.13300", "2011-03-31": "-91.78600", "2010-12-31": "-11.52300", "2010-09-30": "235.77400", "2010-06-30": "91.10000", "2010-03-31": "-61.89500", "2009-12-31": "-18.42000", "2009-09-30": "223.53300", "2009-06-30": "69.14300", "2009-03-31": "-64.14600", "2008-12-31": "-0.40300", "2008-09-30": "246.17800", "2008-06-30": "104.85500", "2008-03-31": "-60.47500", "2007-12-31": "-33.87400", "2007-09-30": "217.60800", "2007-06-30": "81.73500", "2007-03-31": "-82.29200", "2006-12-31": "-16.79400", "2006-09-30": "247.56400", "2006-06-30": "82.85900", "2006-03-31": "-121.60400", "2005-12-31": "-60.13090", "2005-09-30": "298.38200", "2005-06-30": "117.26300", "2005-03-31": "-71.29100"}, "EBIT": {"2020-09-30": "-79.90900", "2020-06-30": "-111.52500", "2020-03-31": "-76.85900", "2019-12-31": "41.45810", "2019-09-30": "290.40200", "2019-06-30": "168.09600", "2019-03-31": "-65.86800", "2018-12-31": "144.02100", "2018-09-30": "286.53600", "2018-06-30": "146.25200", "2018-03-31": "-54.20000", "2017-12-31": "42.28090", "2017-09-30": "325.69100", "2017-06-30": "172.51800", "2017-03-31": "-75.04100", "2016-12-31": "26.84800", "2016-09-30": "199.82900", "2016-06-30": "143.71800", "2016-03-31": "-50.63800", "2015-12-31": "7.97600", "2015-09-30": "288.81000", "2015-06-30": "136.56100", "2015-03-31": "-87.44000", "2014-12-31": "-23.45600", "2014-09-30": "202.83000", "2014-06-30": "131.55500", "2014-03-31": "-77.97300", "2013-12-31": "-2.60890", "2013-09-30": "245.63800", "2013-06-30": "117.42100", "2013-03-31": "-80.53700", "2012-12-31": "-23.99390", "2012-09-30": "223.30400", "2012-06-30": "104.45700", "2012-03-31": "-107.30800", "2011-12-31": "-33.95500", "2011-09-30": "218.34300", "2011-06-30": "74.66300", "2011-03-31": "-137.79600", "2010-12-31": "-57.56300", "2010-09-30": "190.10700", "2010-06-30": "50.65000", "2010-03-31": "-99.36600", "2009-12-31": "-56.03500", "2009-09-30": "186.63500", "2009-06-30": "33.32700", "2009-03-31": "-99.56800", "2008-12-31": "-32.56800", "2008-09-30": "208.83700", "2008-06-30": "69.26200", "2008-03-31": "-96.25600", "2007-12-31": "-70.03600", "2007-09-30": "180.86800", "2007-06-30": "45.90300", "2007-03-31": "-118.59100", "2006-12-31": "-52.60000", "2006-09-30": "211.32700", "2006-06-30": "48.44900", "2006-03-31": "-156.18900", "2005-12-31": "-83.21290", "2005-09-30": "259.58500", "2005-06-30": "80.09400", "2005-03-31": "-108.10500"}, "Basic Shares Outstanding": {"2020-09-30": "84.82900", "2020-06-30": "84.70400", "2020-03-31": "84.65600", "2019-12-31": "84.34800", "2019-09-30": "84.41300", "2019-06-30": "84.28800", "2019-03-31": "84.12600", "2018-12-31": "84.10000", "2018-09-30": "84.14300", "2018-06-30": "83.66600", "2018-03-31": "84.45700", "2017-12-31": "86.80200", "2017-09-30": "84.48000", "2017-06-30": "87.13600", "2017-03-31": "91.15100", "2016-12-31": "92.34900", "2016-09-30": "92.20400", "2016-06-30": "93.05400", "2016-03-31": "92.35900", "2015-12-31": "93.58000", "2015-09-30": "93.91300", "2015-06-30": "94.83400", "2015-03-31": "93.85500", "2014-12-31": "94.47700", "2014-09-30": "94.52200", "2014-06-30": "95.22400", "2014-03-31": "94.95800", "2013-12-31": "96.94000", "2013-09-30": "95.10500", "2013-06-30": "95.75100", "2013-03-31": "101.92800", "2012-12-31": "107.68400", "2012-09-30": "106.97400", "2012-06-30": "107.59800", "2012-03-31": "109.18600", "2011-12-31": "110.15000", "2011-09-30": "109.38800", "2011-06-30": "109.98800", "2011-03-31": "111.25000", "2010-12-31": "110.60000", "2010-09-30": "110.34000", "2010-06-30": "305.66400", "2010-03-31": "392.21600", "2009-12-31": "195.44000", "2009-09-30": "391.45600", "2009-06-30": "389.93200", "2009-03-31": "389.88000", "2008-12-31": "387.80000", "2008-09-30": "389.37600", "2008-06-30": "389.27600", "2008-03-31": "382.76800", "2007-12-31": "378.98800", "2007-09-30": "378.76000", "2007-06-30": "378.83200", "2007-03-31": "378.52400", "2006-12-31": "376.96800", "2006-09-30": "377.40800", "2006-06-30": "377.28400", "2006-03-31": "375.62400", "2005-12-31": "372.44000", "2005-09-30": "372.42800", "2005-06-30": "372.42800", "2005-03-31": "372.41600"}, "Shares Outstanding": {"2020-09-30": "84.82900", "2020-06-30": "84.70400", "2020-03-31": "84.65600", "2019-12-31": "84.96800", "2019-09-30": "85.04500", "2019-06-30": "84.86800", "2019-03-31": "84.12600", "2018-12-31": "85.44500", "2018-09-30": "85.51600", "2018-06-30": "85.07200", "2018-03-31": "84.45700", "2017-12-31": "88.49400", "2017-09-30": "85.87600", "2017-06-30": "88.83200", "2017-03-31": "91.15100", "2016-12-31": "94.39800", "2016-09-30": "94.15500", "2016-06-30": "95.41200", "2016-03-31": "92.35900", "2015-12-31": "97.98100", "2015-09-30": "96.18300", "2015-06-30": "97.38200", "2015-03-31": "93.85500", "2014-12-31": "98.13900", "2014-09-30": "97.27400", "2014-06-30": "99.16200", "2014-03-31": "94.95800", "2013-12-31": "100.37100", "2013-09-30": "98.47200", "2013-06-30": "100.46600", "2013-03-31": "101.92800", "2012-12-31": "110.93600", "2012-09-30": "113.58600", "2012-06-30": "113.41000", "2012-03-31": "109.18600", "2011-12-31": "110.15000", "2011-09-30": "112.47600", "2011-06-30": "113.48600", "2011-03-31": "111.25000", "2010-12-31": "110.60000", "2010-09-30": "110.34000", "2010-06-30": "305.66400", "2010-03-31": "392.21600", "2009-12-31": "195.44000", "2009-09-30": "594.98800", "2009-06-30": "389.93200", "2009-03-31": "389.88000", "2008-12-31": "387.80000", "2008-09-30": "620.90800", "2008-06-30": "620.80800", "2008-03-31": "382.76800", "2007-12-31": "378.98800", "2007-09-30": "610.29200", "2007-06-30": "378.83200", "2007-03-31": "378.52400", "2006-12-31": "376.96800", "2006-09-30": "620.91600", "2006-06-30": "377.28400", "2006-03-31": "375.62400", "2005-12-31": "372.44000", "2005-09-30": "616.20400", "2005-06-30": "372.43200", "2005-03-31": "372.41600"}, "Basic EPS": {"2020-09-30": "-1.37000", "2020-06-30": "-1.62000", "2020-03-31": "-1.00000", "2019-12-31": "-0.13000", "2019-09-30": "2.13000", "2019-06-30": "0.94000", "2019-03-31": "-0.82000", "2018-12-31": "0.94000", "2018-09-30": "2.19000", "2018-06-30": "0.89000", "2018-03-31": "-0.74000", "2017-12-31": "1.03000", "2017-09-30": "2.15000", "2017-06-30": "0.60000", "2017-03-31": "-0.63000", "2016-12-31": "0.03000", "2016-09-30": "1.11000", "2016-06-30": "0.65000", "2016-03-31": "-0.51000", "2015-12-31": "0.04000", "2015-09-30": "1.67000", "2015-06-30": "0.69000", "2015-03-31": "-0.75000", "2014-12-31": "-0.37000", "2014-09-30": "1.11000", "2014-06-30": "0.70000", "2014-03-31": "-0.64000", "2013-12-31": "0.07000", "2013-09-30": "1.27000", "2013-06-30": "0.49000", "2013-03-31": "-0.61000", "2012-12-31": "1.41500", "2012-09-30": "2.37000", "2012-06-30": "0.67000", "2012-03-31": "-1.05500", "2011-12-31": "-0.96000", "2011-09-30": "1.76500", "2011-06-30": "0.32000", "2011-03-31": "-1.33500", "2010-12-31": "2.18250", "2010-09-30": "1.21000", "2010-06-30": "2.49000", "2010-03-31": "-0.46750", "2009-12-31": "-0.92000", "2009-09-30": "0.35250", "2009-06-30": "-0.31250", "2009-03-31": "-0.37500", "2008-12-31": "-0.53000", "2008-09-30": "0.35000", "2008-06-30": "0.22500", "2008-03-31": "-0.41000", "2007-12-31": "-0.35500", "2007-09-30": "0.22250", "2007-06-30": "-0.13500", "2007-03-31": "-0.46500", "2006-12-31": "-0.51500", "2006-09-30": "0.42250", "2006-06-30": "-0.12000", "2006-03-31": "-0.65750", "2005-12-31": "-0.38750", "2005-09-30": "0.51000", "2005-06-30": "0.01500", "2005-03-31": "-0.49500"}, "EPS - Earnings Per Share": {"2020-09-30": "-1.37000", "2020-06-30": "-1.62000", "2020-03-31": "-1.00000", "2019-12-31": "-0.12000", "2019-09-30": "2.11000", "2019-06-30": "0.94000", "2019-03-31": "-0.82000", "2018-12-31": "0.93000", "2018-09-30": "2.16000", "2018-06-30": "0.88000", "2018-03-31": "-0.74000", "2017-12-31": "1.02000", "2017-09-30": "2.11000", "2017-06-30": "0.59000", "2017-03-31": "-0.63000", "2016-12-31": "0.03000", "2016-09-30": "1.09000", "2016-06-30": "0.64000", "2016-03-31": "-0.51000", "2015-12-31": "0.02000", "2015-09-30": "1.64000", "2015-06-30": "0.67000", "2015-03-31": "-0.75000", "2014-12-31": "-0.34000", "2014-09-30": "1.08000", "2014-06-30": "0.67000", "2014-03-31": "-0.64000", "2013-12-31": "0.10000", "2013-09-30": "1.22000", "2013-06-30": "0.47000", "2013-03-31": "-0.61000", "2012-12-31": "1.48500", "2012-09-30": "2.23000", "2012-06-30": "0.64000", "2012-03-31": "-1.05500", "2011-12-31": "-0.90000", "2011-09-30": "1.71500", "2011-06-30": "0.31000", "2011-03-31": "-1.33500", "2010-12-31": "2.18250", "2010-09-30": "1.21000", "2010-06-30": "2.49000", "2010-03-31": "-0.46750", "2009-12-31": "-0.80750", "2009-09-30": "0.24000", "2009-06-30": "-0.31250", "2009-03-31": "-0.37500", "2008-12-31": "-0.35000", "2008-09-30": "0.23750", "2008-06-30": "0.15750", "2008-03-31": "-0.41000", "2007-12-31": "-0.28500", "2007-09-30": "0.15250", "2007-06-30": "-0.13500", "2007-03-31": "-0.46500", "2006-12-31": "-0.36250", "2006-09-30": "0.27000", "2006-06-30": "-0.12000", "2006-03-31": "-0.65750", "2005-12-31": "-0.20000", "2005-09-30": "0.32250", "2005-06-30": "0.01500", "2005-03-31": "-0.49500"}}, "balance sheet": {"Cash On Hand": {"2019-12-31": "174.17900", "2018-12-31": "44.60800", "2017-12-31": "77.49600", "2016-12-31": "141.31100", "2015-12-31": "99.76000", "2014-12-31": "73.88400", "2013-12-31": "169.31000", "2012-12-31": "629.20800", "2011-12-31": "231.42700", "2010-12-31": "187.06100", "2009-12-31": "164.83000", "2008-12-31": "210.33200", "2007-12-31": "28.38800", "2006-12-31": "24.29500", "2005-12-31": "80.51000"}, "Receivables": {"2019-12-31": "108.67900", "2018-12-31": "116.04300", "2017-12-31": "72.69300", "2016-12-31": "69.01800", "2015-12-31": "63.80300", "2014-12-31": "58.82300", "2013-12-31": "51.60900", "2012-12-31": "29.52300", "2011-12-31": "18.46100", "2010-12-31": "20.25500", "2009-12-31": "19.86200", "2008-12-31": "20.05700", "2007-12-31": "26.51200", "2006-12-31": "40.84300", "2005-12-31": "50.84100"}, "Inventory": {"2019-12-31": "32.95100", "2018-12-31": "28.77900", "2017-12-31": "24.96000", "2016-12-31": "24.15600", "2015-12-31": "21.53500", "2014-12-31": "21.09900", "2013-12-31": "22.17200", "2012-12-31": "22.28000", "2011-12-31": "20.97300", "2010-12-31": "23.54200", "2009-12-31": "21.80900", "2008-12-31": "24.90900", "2007-12-31": "26.36100", "2006-12-31": "23.12600", "2005-12-31": "24.68000"}, "Pre-Paid Expenses": {"2019-12-31": "60.43100", "2018-12-31": "52.49900", "2017-12-31": "45.92300", "2016-12-31": "44.30600", "2015-12-31": "42.87900", "2014-12-31": "44.70500", "2013-12-31": "39.00600", "2012-12-31": "37.49000", "2011-12-31": "38.66800", "2010-12-31": "36.05500", "2009-12-31": "48.64600", "2008-12-31": "41.45000", "2007-12-31": "39.14400", "2006-12-31": "37.89300", "2005-12-31": "38.19900"}, "Other Current Assets": {"2019-12-31": "", "2018-12-31": "", "2017-12-31": "", "2016-12-31": "", "2015-12-31": "", "2014-12-31": "", "2013-12-31": "", "2012-12-31": "", "2011-12-31": "", "2010-12-31": "", "2009-12-31": "", "2008-12-31": "", "2007-12-31": "", "2006-12-31": "6.71800", "2005-12-31": "7.76400"}, "Total Current Assets": {"2019-12-31": "376.24000", "2018-12-31": "241.92900", "2017-12-31": "221.07200", "2016-12-31": "278.79100", "2015-12-31": "227.97700", "2014-12-31": "198.51100", "2013-12-31": "353.85800", "2012-12-31": "763.47400", "2011-12-31": "309.52900", "2010-12-31": "266.91300", "2009-12-31": "255.14700", "2008-12-31": "296.74800", "2007-12-31": "120.40500", "2006-12-31": "132.87500", "2005-12-31": "201.99400"}, "Property, Plant, And Equipment": {"2019-12-31": "1283.99600", "2018-12-31": "1253.68200", "2017-12-31": "1237.95700", "2016-12-31": "1211.25500", "2015-12-31": "1198.15400", "2014-12-31": "1218.10600", "2013-12-31": "1231.68300", "2012-12-31": "1254.62900", "2011-12-31": "1291.83700", "2010-12-31": "1365.08500", "2009-12-31": "1477.23200", "2008-12-31": "1560.47300", "2007-12-31": "1637.45100", "2006-12-31": "1661.63300", "2005-12-31": "1703.34700"}, "Long-Term Investments": {"2019-12-31": "", "2018-12-31": "", "2017-12-31": "", "2016-12-31": "", "2015-12-31": "3.03600", "2014-12-31": "2.47100", "2013-12-31": "1.82300", "2012-12-31": "1.21800", "2011-12-31": "0.51300", "2010-12-31": "2.93800", "2009-12-31": "2.38700", "2008-12-31": "16.06100", "2007-12-31": "12.73100", "2006-12-31": "11.09100", "2005-12-31": ""}, "Goodwill And Intangible Assets": {"2019-12-31": "1004.83000", "2018-12-31": "1008.64700", "2017-12-31": "981.83500", "2016-12-31": "984.22000", "2015-12-31": "986.67600", "2014-12-31": "989.60600", "2013-12-31": "992.36100", "2012-12-31": "1006.81300", "2011-12-31": "1022.79600", "2010-12-31": "1041.00300", "2009-12-31": "1060.62500", "2008-12-31": "1059.48600", "2007-12-31": "1064.31800", "2006-12-31": "1050.48100", "2005-12-31": "1054.35500"}, "Other Long-Term Assets": {"2019-12-31": "12.72200", "2018-12-31": "11.27700", "2017-12-31": "12.82100", "2016-12-31": "9.21800", "2015-12-31": "7.21100", "2014-12-31": "4.75000", "2013-12-31": "4.26800", "2012-12-31": "4.21400", "2011-12-31": "10.47700", "2010-12-31": "16.63900", "2009-12-31": "99.78300", "2008-12-31": "66.16700", "2007-12-31": "73.94200", "2006-12-31": "294.22800", "2005-12-31": "488.32900"}, "Total Long-Term Assets": {"2019-12-31": "2506.30000", "2018-12-31": "2275.39900", "2017-12-31": "2235.60400", "2016-12-31": "2208.88100", "2015-12-31": "2200.46300", "2014-12-31": "2218.38500", "2013-12-31": "2253.95600", "2012-12-31": "2292.91700", "2011-12-31": "2338.64900", "2010-12-31": "2466.34000", "2009-12-31": "2652.50500", "2008-12-31": "2733.38100", "2007-12-31": "2824.91400", "2006-12-31": "3054.74100", "2005-12-31": "3289.92800"}, "Total Assets": {"2019-12-31": "2882.54000", "2018-12-31": "2517.32800", "2017-12-31": "2456.67600", "2016-12-31": "2487.67200", "2015-12-31": "2428.44000", "2014-12-31": "2416.89600", "2013-12-31": "2607.81400", "2012-12-31": "3056.39100", "2011-12-31": "2648.17800", "2010-12-31": "2733.25300", "2009-12-31": "2907.65200", "2008-12-31": "3030.12900", "2007-12-31": "2945.31900", "2006-12-31": "3187.61600", "2005-12-31": "3491.92200"}, "Total Current Liabilities": {"2019-12-31": "339.73200", "2018-12-31": "368.36000", "2017-12-31": "297.84000", "2016-12-31": "315.95200", "2015-12-31": "272.05800", "2014-12-31": "231.67100", "2013-12-31": "216.81000", "2012-12-31": "181.86300", "2011-12-31": "221.74900", "2010-12-31": "205.24900", "2009-12-31": "977.44300", "2008-12-31": "442.84500", "2007-12-31": "217.32200", "2006-12-31": "291.42100", "2005-12-31": "271.37300"}, "Long Term Debt": {"2019-12-31": "2266.88400", "2018-12-31": "2063.51200", "2017-12-31": "2021.17800", "2016-12-31": "1624.48600", "2015-12-31": "1498.02200", "2014-12-31": "1373.60500", "2013-12-31": "1394.33400", "2012-12-31": "1398.96600", "2011-12-31": "921.94000", "2010-12-31": "938.19500", "2009-12-31": "1966.75400", "2008-12-31": "2044.23000", "2007-12-31": "2239.07300", "2006-12-31": "2126.88800", "2005-12-31": "2128.75600"}, "Other Non-Current Liabilities": {"2019-12-31": "27.51400", "2018-12-31": "29.28000", "2017-12-31": "41.48800", "2016-12-31": "48.56800", "2015-12-31": "58.15000", "2014-12-31": "65.39600", "2013-12-31": "39.93400", "2012-12-31": "76.39800", "2011-12-31": "76.18000", "2010-12-31": "42.48200", "2009-12-31": "71.09400", "2008-12-31": "74.33700", "2007-12-31": "25.67000", "2006-12-31": "40.73100", "2005-12-31": "43.59200"}, "Total Long Term Liabilities": {"2019-12-31": "3258.92600", "2018-12-31": "2792.06100", "2017-12-31": "2663.94800", "2016-12-31": "2358.21000", "2015-12-31": "2132.16600", "2014-12-31": "1961.33000", "2013-12-31": "2017.66700", "2012-12-31": "1985.86200", "2011-12-31": "1659.28100", "2010-12-31": "1659.84100", "2009-12-31": "2514.38300", "2008-12-31": "2963.78300", "2007-12-31": "2980.61700", "2006-12-31": "2902.40800", "2005-12-31": "2526.34100"}, "Total Liabilities": {"2019-12-31": "3598.65800", "2018-12-31": "3160.42100", "2017-12-31": "2961.78800", "2016-12-31": "2674.16200", "2015-12-31": "2404.22400", "2014-12-31": "2193.00100", "2013-12-31": "2234.47700", "2012-12-31": "2167.72500", "2011-12-31": "1881.03000", "2010-12-31": "1865.09000", "2009-12-31": "3491.82600", "2008-12-31": "3406.62800", "2007-12-31": "3197.93900", "2006-12-31": "3193.82900", "2005-12-31": "2797.71400"}, "Common Stock Net": {"2019-12-31": "2.11600", "2018-12-31": "2.09900", "2017-12-31": "2.11200", "2016-12-31": "2.27100", "2015-12-31": "2.28900", "2014-12-31": "2.32300", "2013-12-31": "2.37100", "2012-12-31": "1.34500", "2011-12-31": "1.36600", "2010-12-31": "0.69700", "2009-12-31": "2.45800", "2008-12-31": "2.44300", "2007-12-31": "2.38100", "2006-12-31": "2.36000", "2005-12-31": "2.33000"}, "Retained Earnings (Accumulated Deficit)": {"2019-12-31": "-1709.74700", "2018-12-31": "-1611.33400", "2017-12-31": "-1529.60800", "2016-12-31": "-1237.80400", "2015-12-31": "-953.22500", "2014-12-31": "-702.11600", "2013-12-31": "-438.82500", "2012-12-31": "27.77500", "2011-12-31": "-20.08800", "2010-12-31": "48.40400", "2009-12-31": "-2059.48700", "2008-12-31": "-1813.97800", "2007-12-31": "-1659.22300", "2006-12-31": "-1384.09400", "2005-12-31": "-1042.04200"}, "Comprehensive Income": {"2019-12-31": "-74.71000", "2018-12-31": "-71.49800", "2017-12-31": "-63.88100", "2016-12-31": "-67.18400", "2015-12-31": "-66.55800", "2014-12-31": "-59.62900", "2013-12-31": "-32.69700", "2012-12-31": "-49.10100", "2011-12-31": "-49.91200", "2010-12-31": "-4.19200", "2009-12-31": "-33.29700", "2008-12-31": "-56.45800", "2007-12-31": "10.60000", "2006-12-31": "-9.95100", "2005-12-31": "-17.00500"}, "Other Share Holders Equity": {"2019-12-31": "", "2018-12-31": "", "2017-12-31": "", "2016-12-31": "", "2015-12-31": "", "2014-12-31": "", "2013-12-31": "", "2012-12-31": "", "2011-12-31": "", "2010-12-31": "", "2009-12-31": "", "2008-12-31": "", "2007-12-31": "", "2006-12-31": "", "2005-12-31": ""}, "Share Holder Equity": {"2019-12-31": "-716.11800", "2018-12-31": "-643.09300", "2017-12-31": "-505.11200", "2016-12-31": "-186.49000", "2015-12-31": "24.21600", "2014-12-31": "223.89500", "2013-12-31": "373.33700", "2012-12-31": "888.66600", "2011-12-31": "767.14800", "2010-12-31": "868.16300", "2009-12-31": "-584.17400", "2008-12-31": "-376.49900", "2007-12-31": "-252.62000", "2006-12-31": "-6.21300", "2005-12-31": "694.20800"}, "Total Liabilities And Share Holders Equity": {"2019-12-31": "2882.54000", "2018-12-31": "2517.32800", "2017-12-31": "2456.67600", "2016-12-31": "2487.67200", "2015-12-31": "2428.44000", "2014-12-31": "2416.89600", "2013-12-31": "2607.81400", "2012-12-31": "3056.39100", "2011-12-31": "2648.17800", "2010-12-31": "2733.25300", "2009-12-31": "2907.65200", "2008-12-31": "3030.12900", "2007-12-31": "2945.31900", "2006-12-31": "3187.61600", "2005-12-31": "3491.92200"}}, "balance sheet, quarterly": {"Cash On Hand": {"2020-09-30": "213.90700", "2020-06-30": "295.95600", "2020-03-31": "22.81100", "2019-12-31": "174.17900", "2019-09-30": "211.79700", "2019-06-30": "113.79800", "2019-03-31": "20.43400", "2018-12-31": "44.60800", "2018-09-30": "68.55700", "2018-06-30": "68.62500", "2018-03-31": "33.05500", "2017-12-31": "77.49600", "2017-09-30": "84.50300", "2017-06-30": "71.06300", "2017-03-31": "35.08900", "2016-12-31": "141.31100", "2016-09-30": "238.75700", "2016-06-30": "163.54800", "2016-03-31": "22.58800", "2015-12-31": "99.76000", "2015-09-30": "210.82800", "2015-06-30": "154.78500", "2015-03-31": "16.34800", "2014-12-31": "73.88400", "2014-09-30": "164.77700", "2014-06-30": "117.24200", "2014-03-31": "22.38500", "2013-12-31": "169.31000", "2013-09-30": "200.96200", "2013-06-30": "201.21100", "2013-03-31": "137.31200", "2012-12-31": "629.20800", "2012-09-30": "281.44400", "2012-06-30": "127.81000", "2012-03-31": "69.38400", "2011-12-31": "231.42700", "2011-09-30": "304.76300", "2011-06-30": "142.12400", "2011-03-31": "78.73800", "2010-12-31": "187.06100", "2010-09-30": "255.39800", "2010-06-30": "122.04900", "2010-03-31": "86.71700", "2009-12-31": "164.83000", "2009-09-30": "262.12600", "2009-06-30": "128.83800", "2009-03-31": "79.41200", "2008-12-31": "210.33200", "2008-09-30": "34.32800", "2008-06-30": "66.26900", "2008-03-31": "12.66100", "2007-12-31": "28.38800", "2007-09-30": "105.41100", "2007-06-30": "81.87000", "2007-03-31": "35.57300", "2006-12-31": "24.29500", "2006-09-30": "58.63500", "2006-06-30": "83.37000", "2006-03-31": "10.42300", "2005-12-31": "80.51000", "2005-09-30": "116.37900", "2005-06-30": "116.64300", "2005-03-31": "64.18400"}, "Receivables": {"2020-09-30": "48.50000", "2020-06-30": "47.00300", "2020-03-31": "71.55800", "2019-12-31": "108.67900", "2019-09-30": "199.12700", "2019-06-30": "180.98600", "2019-03-31": "93.61500", "2018-12-31": "116.04300", "2018-09-30": "171.86700", "2018-06-30": "139.42200", "2018-03-31": "58.92700", "2017-12-31": "72.69300", "2017-09-30": "109.59500", "2017-06-30": "109.63600", "2017-03-31": "55.71600", "2016-12-31": "69.01800", "2016-09-30": "112.58000", "2016-06-30": "102.96300", "2016-03-31": "59.96200", "2015-12-31": "63.80300", "2015-09-30": "107.94300", "2015-06-30": "91.43000", "2015-03-31": "45.72900", "2014-12-31": "58.82300", "2014-09-30": "110.33600", "2014-06-30": "101.12000", "2014-03-31": "42.14800", "2013-12-31": "51.60900", "2013-09-30": "94.44500", "2013-06-30": "80.75600", "2013-03-31": "41.77200", "2012-12-31": "29.52300", "2012-09-30": "133.24000", "2012-06-30": "63.23400", "2012-03-31": "20.00300", "2011-12-31": "18.46100", "2011-09-30": "50.70600", "2011-06-30": "48.25300", "2011-03-31": "28.38600", "2010-12-31": "20.25500", "2010-09-30": "56.69500", "2010-06-30": "56.58500", "2010-03-31": "24.02000", "2009-12-31": "19.86200", "2009-09-30": "48.79900", "2009-06-30": "44.56600", "2009-03-31": "25.08400", "2008-12-31": "20.05700", "2008-09-30": "56.83800", "2008-06-30": "52.53100", "2008-03-31": "25.62800", "2007-12-31": "26.51200", "2007-09-30": "73.52600", "2007-06-30": "84.83000", "2007-03-31": "34.82400", "2006-12-31": "40.84300", "2006-09-30": "90.42400", "2006-06-30": "81.70500", "2006-03-31": "50.39200", "2005-12-31": "50.84100", "2005-09-30": "97.98200", "2005-06-30": "65.97700", "2005-03-31": "27.16100"}, "Inventory": {"2020-09-30": "43.89200", "2020-06-30": "43.45600", "2020-03-31": "42.39700", "2019-12-31": "32.95100", "2019-09-30": "36.95300", "2019-06-30": "42.86600", "2019-03-31": "39.46800", "2018-12-31": "28.77900", "2018-09-30": "35.82600", "2018-06-30": "42.48500", "2018-03-31": "36.16200", "2017-12-31": "24.96000", "2017-09-30": "30.57800", "2017-06-30": "40.26100", "2017-03-31": "36.74500", "2016-12-31": "24.15600", "2016-09-30": "30.70400", "2016-06-30": "40.49400", "2016-03-31": "37.64400", "2015-12-31": "21.53500", "2015-09-30": "26.62400", "2015-06-30": "35.92100", "2015-03-31": "34.26000", "2014-12-31": "21.09900", "2014-09-30": "25.79500", "2014-06-30": "35.58200", "2014-03-31": "34.95600", "2013-12-31": "22.17200", "2013-09-30": "27.21000", "2013-06-30": "38.44900", "2013-03-31": "36.79200", "2012-12-31": "22.28000", "2012-09-30": "26.61000", "2012-06-30": "37.66800", "2012-03-31": "36.22700", "2011-12-31": "20.97300", "2011-09-30": "26.38000", "2011-06-30": "37.96800", "2011-03-31": "35.69500", "2010-12-31": "23.54200", "2010-09-30": "28.87500", "2010-06-30": "41.10600", "2010-03-31": "36.89500", "2009-12-31": "21.80900", "2009-09-30": "25.60100", "2009-06-30": "37.31700", "2009-03-31": "35.03300", "2008-12-31": "24.90900", "2008-09-30": "34.68700", "2008-06-30": "46.12100", "2008-03-31": "37.54100", "2007-12-31": "26.36100", "2007-09-30": "30.55500", "2007-06-30": "38.04100", "2007-03-31": "32.87600", "2006-12-31": "23.12600", "2006-09-30": "32.89600", "2006-06-30": "46.15500", "2006-03-31": "38.54700", "2005-12-31": "24.68000", "2005-09-30": "36.50800", "2005-06-30": "50.31200", "2005-03-31": "42.25500"}, "Pre-Paid Expenses": {"2020-09-30": "75.26600", "2020-06-30": "76.76000", "2020-03-31": "79.49600", "2019-12-31": "60.43100", "2019-09-30": "60.50800", "2019-06-30": "72.40300", "2019-03-31": "69.09900", "2018-12-31": "52.49900", "2018-09-30": "67.15800", "2018-06-30": "62.42800", "2018-03-31": "61.03800", "2017-12-31": "45.92300", "2017-09-30": "50.33600", "2017-06-30": "58.20200", "2017-03-31": "57.14700", "2016-12-31": "44.30600", "2016-09-30": "50.50700", "2016-06-30": "53.58900", "2016-03-31": "51.72300", "2015-12-31": "42.87900", "2015-09-30": "47.71000", "2015-06-30": "52.88500", "2015-03-31": "45.59800", "2014-12-31": "44.70500", "2014-09-30": "53.00800", "2014-06-30": "48.00800", "2014-03-31": "45.46700", "2013-12-31": "39.00600", "2013-09-30": "40.25600", "2013-06-30": "45.82800", "2013-03-31": "46.67300", "2012-12-31": "37.49000", "2012-09-30": "40.58900", "2012-06-30": "51.13400", "2012-03-31": "50.55100", "2011-12-31": "38.66800", "2011-09-30": "40.86900", "2011-06-30": "45.69200", "2011-03-31": "44.85900", "2010-12-31": "36.05500", "2010-09-30": "41.80000", "2010-06-30": "47.05400", "2010-03-31": "52.29700", "2009-12-31": "48.64600", "2009-09-30": "39.30800", "2009-06-30": "45.11600", "2009-03-31": "49.51400", "2008-12-31": "41.45000", "2008-09-30": "33.79000", "2008-06-30": "41.85900", "2008-03-31": "45.49600", "2007-12-31": "39.14400", "2007-09-30": "34.81400", "2007-06-30": "43.07100", "2007-03-31": "47.03700", "2006-12-31": "37.89300", "2006-09-30": "40.65300", "2006-06-30": "45.79800", "2006-03-31": "49.82400", "2005-12-31": "38.19900", "2005-09-30": "34.00100", "2005-06-30": "41.14700", "2005-03-31": "42.09400"}, "Other Current Assets": {"2020-09-30": "", "2020-06-30": "", "2020-03-31": "", "2019-12-31": "", "2019-09-30": "", "2019-06-30": "", "2019-03-31": "", "2018-12-31": "", "2018-09-30": "", "2018-06-30": "", "2018-03-31": "", "2017-12-31": "", "2017-09-30": "", "2017-06-30": "", "2017-03-31": "", "2016-12-31": "", "2016-09-30": "", "2016-06-30": "", "2016-03-31": "", "2015-12-31": "", "2015-09-30": "", "2015-06-30": "", "2015-03-31": "", "2014-12-31": "", "2014-09-30": "", "2014-06-30": "", "2014-03-31": "", "2013-12-31": "", "2013-09-30": "", "2013-06-30": "", "2013-03-31": "", "2012-12-31": "", "2012-09-30": "", "2012-06-30": "", "2012-03-31": "", "2011-12-31": "", "2011-09-30": "", "2011-06-30": "", "2011-03-31": "", "2010-12-31": "", "2010-09-30": "", "2010-06-30": "0.68100", "2010-03-31": "", "2009-12-31": "", "2009-09-30": "", "2009-06-30": "", "2009-03-31": "", "2008-12-31": "", "2008-09-30": "", "2008-06-30": "", "2008-03-31": "", "2007-12-31": "", "2007-09-30": "", "2007-06-30": "", "2007-03-31": "4.99800", "2006-12-31": "6.71800", "2006-09-30": "", "2006-06-30": "", "2006-03-31": "", "2005-12-31": "7.76400", "2005-09-30": "", "2005-06-30": "", "2005-03-31": ""}, "Total Current Assets": {"2020-09-30": "381.56500", "2020-06-30": "463.17500", "2020-03-31": "216.26200", "2019-12-31": "376.24000", "2019-09-30": "508.38500", "2019-06-30": "410.05300", "2019-03-31": "222.61600", "2018-12-31": "241.92900", "2018-09-30": "343.40800", "2018-06-30": "312.96000", "2018-03-31": "189.18200", "2017-12-31": "221.07200", "2017-09-30": "275.01200", "2017-06-30": "279.16200", "2017-03-31": "184.69700", "2016-12-31": "278.79100", "2016-09-30": "432.54800", "2016-06-30": "360.59400", "2016-03-31": "171.91700", "2015-12-31": "227.97700", "2015-09-30": "483.61000", "2015-06-30": "448.05200", "2015-03-31": "244.84800", "2014-12-31": "198.51100", "2014-09-30": "491.90100", "2014-06-30": "450.02200", "2014-03-31": "267.53200", "2013-12-31": "353.85800", "2013-09-30": "476.55000", "2013-06-30": "482.77100", "2013-03-31": "362.27600", "2012-12-31": "763.47400", "2012-09-30": "481.88300", "2012-06-30": "279.84600", "2012-03-31": "176.16500", "2011-12-31": "309.52900", "2011-09-30": "422.71800", "2011-06-30": "274.03700", "2011-03-31": "187.67800", "2010-12-31": "266.91300", "2010-09-30": "382.76800", "2010-06-30": "267.47500", "2010-03-31": "199.92900", "2009-12-31": "255.14700", "2009-09-30": "375.83400", "2009-06-30": "255.83700", "2009-03-31": "189.04300", "2008-12-31": "296.74800", "2008-09-30": "159.64300", "2008-06-30": "206.78000", "2008-03-31": "121.32600", "2007-12-31": "120.40500", "2007-09-30": "244.30600", "2007-06-30": "247.81200", "2007-03-31": "155.30800", "2006-12-31": "132.87500", "2006-09-30": "222.60800", "2006-06-30": "257.02800", "2006-03-31": "149.18600", "2005-12-31": "201.99400", "2005-09-30": "284.87000", "2005-06-30": "274.07900", "2005-03-31": "175.69400"}, "Property, Plant, And Equipment": {"2020-09-30": "1265.63300", "2020-06-30": "1284.89500", "2020-03-31": "1291.67400", "2019-12-31": "1283.99600", "2019-09-30": "1289.37700", "2019-06-30": "1300.33200", "2019-03-31": "1278.24100", "2018-12-31": "1253.68200", "2018-09-30": "1266.56400", "2018-06-30": "1273.87900", "2018-03-31": "1259.64100", "2017-12-31": "1237.95700", "2017-09-30": "1254.51600", "2017-06-30": "1266.22900", "2017-03-31": "1246.57900", "2016-12-31": "1211.25500", "2016-09-30": "1214.99500", "2016-06-30": "1228.24100", "2016-03-31": "1219.89900", "2015-12-31": "1198.15400", "2015-09-30": "1215.88800", "2015-06-30": "1230.34100", "2015-03-31": "1222.26900", "2014-12-31": "1218.10600", "2014-09-30": "1238.86000", "2014-06-30": "1260.02400", "2014-03-31": "1247.85200", "2013-12-31": "1231.68300", "2013-09-30": "1245.19600", "2013-06-30": "1261.98900", "2013-03-31": "1258.37200", "2012-12-31": "1254.62900", "2012-09-30": "1265.54400", "2012-06-30": "1284.13400", "2012-03-31": "1292.47100", "2011-12-31": "1291.83700", "2011-09-30": "1308.11200", "2011-06-30": "1349.67800", "2011-03-31": "1351.09800", "2010-12-31": "1365.08500", "2010-09-30": "1389.87300", "2010-06-30": "1416.18700", "2010-03-31": "1510.20100", "2009-12-31": "1477.23200", "2009-09-30": "1528.37700", "2009-06-30": "1556.73000", "2009-03-31": "1557.61200", "2008-12-31": "1560.47300", "2008-09-30": "1610.37300", "2008-06-30": "1647.87900", "2008-03-31": "1640.17500", "2007-12-31": "1637.45100", "2007-09-30": "1678.55600", "2007-06-30": "1664.38800", "2007-03-31": "1655.19500", "2006-12-31": "1661.63300", "2006-09-30": "1875.89500", "2006-06-30": "1898.98400", "2006-03-31": "1891.97700", "2005-12-31": "1703.34700", "2005-09-30": "1940.53500", "2005-06-30": "2054.50500", "2005-03-31": "2030.94100"}, "Long-Term Investments": {"2020-09-30": "", "2020-06-30": "", "2020-03-31": "", "2019-12-31": "", "2019-09-30": "", "2019-06-30": "", "2019-03-31": "", "2018-12-31": "", "2018-09-30": "", "2018-06-30": "", "2018-03-31": "", "2017-12-31": "", "2017-09-30": "", "2017-06-30": "", "2017-03-31": "", "2016-12-31": "", "2016-09-30": "3.84000", "2016-06-30": "3.51800", "2016-03-31": "3.19500", "2015-12-31": "3.03600", "2015-09-30": "2.71500", "2015-06-30": "2.92800", "2015-03-31": "2.61600", "2014-12-31": "2.47100", "2014-09-30": "2.16200", "2014-06-30": "1.98100", "2014-03-31": "1.67200", "2013-12-31": "1.82300", "2013-09-30": "1.52700", "2013-06-30": "1.35300", "2013-03-31": "1.05200", "2012-12-31": "1.21800", "2012-09-30": "15.91400", "2012-06-30": "15.64600", "2012-03-31": "15.52000", "2011-12-31": "0.51300", "2011-09-30": "0.30800", "2011-06-30": "0.46500", "2011-03-31": "1.26000", "2010-12-31": "2.93800", "2010-09-30": "2.81600", "2010-06-30": "2.62600", "2010-03-31": "2.70600", "2009-12-31": "2.38700", "2009-09-30": "2.34000", "2009-06-30": "2.64600", "2009-03-31": "6.77800", "2008-12-31": "16.06100", "2008-09-30": "16.11500", "2008-06-30": "16.03900", "2008-03-31": "14.95500", "2007-12-31": "12.73100", "2007-09-30": "12.58100", "2007-06-30": "12.42800", "2007-03-31": "11.22600", "2006-12-31": "11.09100", "2006-09-30": "11.00100", "2006-06-30": "", "2006-03-31": "", "2005-12-31": "", "2005-09-30": "", "2005-06-30": "", "2005-03-31": ""}, "Goodwill And Intangible Assets": {"2020-09-30": "1003.82100", "2020-06-30": "1003.82700", "2020-03-31": "1004.22900", "2019-12-31": "1004.83000", "2019-09-30": "1005.43000", "2019-06-30": "1006.03100", "2019-03-31": "1006.63200", "2018-12-31": "1008.64700", "2018-09-30": "1008.96800", "2018-06-30": "1009.54600", "2018-03-31": "981.19300", "2017-12-31": "981.83500", "2017-09-30": "982.46900", "2017-06-30": "982.98900", "2017-03-31": "983.59500", "2016-12-31": "984.22000", "2016-09-30": "984.90900", "2016-06-30": "985.46200", "2016-03-31": "986.12000", "2015-12-31": "986.67600", "2015-09-30": "987.37800", "2015-06-30": "988.17400", "2015-03-31": "988.80400", "2014-12-31": "989.60600", "2014-09-30": "990.37500", "2014-06-30": "991.13900", "2014-03-31": "991.73500", "2013-12-31": "992.36100", "2013-09-30": "996.02290", "2013-06-30": "999.59090", "2013-03-31": "1003.21700", "2012-12-31": "1006.81300", "2012-09-30": "1010.45200", "2012-06-30": "1014.40500", "2012-03-31": "1018.42700", "2011-12-31": "1022.79600", "2011-09-30": "1027.30900", "2011-06-30": "1032.08700", "2011-03-31": "1036.59600", "2010-12-31": "1041.00300", "2010-09-30": "998.03800", "2010-06-30": "1002.47700", "2010-03-31": "1061.13900", "2009-12-31": "1060.62500", "2009-09-30": "1060.22200", "2009-06-30": "1060.00500", "2009-03-31": "1058.70400", "2008-12-31": "1059.48600", "2008-09-30": "1063.48500", "2008-06-30": "1064.64700", "2008-03-31": "1063.86600", "2007-12-31": "1064.31800", "2007-09-30": "1064.43400", "2007-06-30": "1054.22600", "2007-03-31": "1050.73900", "2006-12-31": "1050.48100", "2006-09-30": "1189.63200", "2006-06-30": "1189.03700", "2006-03-31": "1189.24300", "2005-12-31": "1054.35500", "2005-09-30": "1208.14400", "2005-06-30": "1234.47000", "2005-03-31": "1234.36600"}, "Other Long-Term Assets": {"2020-09-30": "8.32400", "2020-06-30": "9.70900", "2020-03-31": "10.45200", "2019-12-31": "12.72200", "2019-09-30": "10.74000", "2019-06-30": "10.62500", "2019-03-31": "10.74500", "2018-12-31": "11.27700", "2018-09-30": "12.40300", "2018-06-30": "11.61500", "2018-03-31": "11.28400", "2017-12-31": "12.82100", "2017-09-30": "13.00100", "2017-06-30": "11.71800", "2017-03-31": "10.61900", "2016-12-31": "9.21800", "2016-09-30": "8.01300", "2016-06-30": "7.69100", "2016-03-31": "7.13700", "2015-12-31": "7.21100", "2015-09-30": "7.05700", "2015-06-30": "4.22400", "2015-03-31": "4.01700", "2014-12-31": "4.75000", "2014-09-30": "5.22000", "2014-06-30": "4.23200", "2014-03-31": "4.24000", "2013-12-31": "4.26800", "2013-09-30": "4.19800", "2013-06-30": "4.35800", "2013-03-31": "4.30400", "2012-12-31": "4.21400", "2012-09-30": "4.34400", "2012-06-30": "8.67500", "2012-03-31": "9.43600", "2011-12-31": "10.47700", "2011-09-30": "10.84100", "2011-06-30": "11.91300", "2011-03-31": "14.81700", "2010-12-31": "16.63900", "2010-09-30": "49.31500", "2010-06-30": "105.18700", "2010-03-31": "98.17200", "2009-12-31": "99.78300", "2009-09-30": "95.75700", "2009-06-30": "67.85000", "2009-03-31": "65.32100", "2008-12-31": "66.16700", "2008-09-30": "69.63400", "2008-06-30": "74.85900", "2008-03-31": "67.68700", "2007-12-31": "73.94200", "2007-09-30": "71.15100", "2007-06-30": "94.03600", "2007-03-31": "294.91100", "2006-12-31": "294.22800", "2006-09-30": "48.14800", "2006-06-30": "50.64900", "2006-03-31": "121.11700", "2005-12-31": "488.32900", "2005-09-30": "126.82000", "2005-06-30": "36.91100", "2005-03-31": "45.71300"}, "Total Long-Term Assets": {"2020-09-30": "2483.40700", "2020-06-30": "2505.75900", "2020-03-31": "2504.28700", "2019-12-31": "2506.30000", "2019-09-30": "2512.31800", "2019-06-30": "2528.01300", "2019-03-31": "2502.29100", "2018-12-31": "2275.39900", "2018-09-30": "2290.02700", "2018-06-30": "2297.43200", "2018-03-31": "2254.80900", "2017-12-31": "2235.60400", "2017-09-30": "2253.27600", "2017-06-30": "2264.52500", "2017-03-31": "2244.68200", "2016-12-31": "2208.88100", "2016-09-30": "2216.24400", "2016-06-30": "2229.69900", "2016-03-31": "2221.43800", "2015-12-31": "2200.46300", "2015-09-30": "2236.84900", "2015-06-30": "2250.24400", "2015-03-31": "2235.58000", "2014-12-31": "2218.38500", "2014-09-30": "2256.86800", "2014-06-30": "2278.81700", "2014-03-31": "2268.12900", "2013-12-31": "2253.95600", "2013-09-30": "2269.78100", "2013-06-30": "2291.19600", "2013-03-31": "2291.91900", "2012-12-31": "2292.91700", "2012-09-30": "2307.56600", "2012-06-30": "2334.76600", "2012-03-31": "2348.32800", "2011-12-31": "2338.64900", "2011-09-30": "2381.31800", "2011-06-30": "2430.86700", "2011-03-31": "2442.47000", "2010-12-31": "2466.34000", "2010-09-30": "2478.35300", "2010-06-30": "2567.24200", "2010-03-31": "2683.97300", "2009-12-31": "2652.50500", "2009-09-30": "2699.90500", "2009-06-30": "2701.18600", "2009-03-31": "2718.29200", "2008-12-31": "2733.38100", "2008-09-30": "2792.93900", "2008-06-30": "2838.18000", "2008-03-31": "2821.62200", "2007-12-31": "2824.91400", "2007-09-30": "2864.71000", "2007-06-30": "2864.27000", "2007-03-31": "3046.96300", "2006-12-31": "3054.74100", "2006-09-30": "3165.08100", "2006-06-30": "3178.43700", "2006-03-31": "3244.14100", "2005-12-31": "3289.92800", "2005-09-30": "3320.35500", "2005-06-30": "3372.76600", "2005-03-31": "3359.70700"}, "Total Assets": {"2020-09-30": "2864.97200", "2020-06-30": "2968.93400", "2020-03-31": "2720.54900", "2019-12-31": "2882.54000", "2019-09-30": "3020.70300", "2019-06-30": "2938.06600", "2019-03-31": "2724.90700", "2018-12-31": "2517.32800", "2018-09-30": "2633.43500", "2018-06-30": "2610.39200", "2018-03-31": "2443.99100", "2017-12-31": "2456.67600", "2017-09-30": "2528.28800", "2017-06-30": "2543.68700", "2017-03-31": "2429.37900", "2016-12-31": "2487.67200", "2016-09-30": "2648.79200", "2016-06-30": "2590.29300", "2016-03-31": "2393.35500", "2015-12-31": "2428.44000", "2015-09-30": "2720.45900", "2015-06-30": "2698.29600", "2015-03-31": "2480.42800", "2014-12-31": "2416.89600", "2014-09-30": "2748.76900", "2014-06-30": "2728.83900", "2014-03-31": "2535.66100", "2013-12-31": "2607.81400", "2013-09-30": "2746.33100", "2013-06-30": "2773.96700", "2013-03-31": "2654.19500", "2012-12-31": "3056.39100", "2012-09-30": "2789.44900", "2012-06-30": "2614.61200", "2012-03-31": "2524.49300", "2011-12-31": "2648.17800", "2011-09-30": "2804.03600", "2011-06-30": "2704.90400", "2011-03-31": "2630.14800", "2010-12-31": "2733.25300", "2010-09-30": "2861.12100", "2010-06-30": "2834.71700", "2010-03-31": "2883.90200", "2009-12-31": "2907.65200", "2009-09-30": "3075.73900", "2009-06-30": "2957.02300", "2009-03-31": "2907.33500", "2008-12-31": "3030.12900", "2008-09-30": "2952.58200", "2008-06-30": "3044.96000", "2008-03-31": "2942.94800", "2007-12-31": "2945.31900", "2007-09-30": "3109.01600", "2007-06-30": "3112.08200", "2007-03-31": "3202.27100", "2006-12-31": "3187.61600", "2006-09-30": "3387.68900", "2006-06-30": "3435.46500", "2006-03-31": "3393.32700", "2005-12-31": "3491.92200", "2005-09-30": "3605.22500", "2005-06-30": "3646.84500", "2005-03-31": "3535.40100"}, "Total Current Liabilities": {"2020-09-30": "428.35600", "2020-06-30": "380.38500", "2020-03-31": "385.00500", "2019-12-31": "339.73200", "2019-09-30": "410.64600", "2019-06-30": "476.63900", "2019-03-31": "531.17600", "2018-12-31": "368.36000", "2018-09-30": "398.25000", "2018-06-30": "566.33200", "2018-03-31": "505.57200", "2017-12-31": "297.84000", "2017-09-30": "345.29000", "2017-06-30": "429.63000", "2017-03-31": "393.35400", "2016-12-31": "315.95200", "2016-09-30": "308.29700", "2016-06-30": "371.67200", "2016-03-31": "362.87500", "2015-12-31": "272.05800", "2015-09-30": "283.64900", "2015-06-30": "343.29400", "2015-03-31": "320.07900", "2014-12-31": "231.67100", "2014-09-30": "253.41900", "2014-06-30": "321.29700", "2014-03-31": "239.28600", "2013-12-31": "216.81000", "2013-09-30": "222.15100", "2013-06-30": "313.59500", "2013-03-31": "236.89200", "2012-12-31": "181.86300", "2012-09-30": "204.42800", "2012-06-30": "283.00500", "2012-03-31": "233.16000", "2011-12-31": "221.74900", "2011-09-30": "228.16900", "2011-06-30": "305.93100", "2011-03-31": "269.09000", "2010-12-31": "205.24900", "2010-09-30": "235.94600", "2010-06-30": "333.47200", "2010-03-31": "553.94600", "2009-12-31": "977.44300", "2009-09-30": "437.41600", "2009-06-30": "448.66100", "2009-03-31": "603.61700", "2008-12-31": "442.84500", "2008-09-30": "229.72600", "2008-06-30": "452.38700", "2008-03-31": "368.65600", "2007-12-31": "217.32200", "2007-09-30": "227.52300", "2007-06-30": "301.13600", "2007-03-31": "496.29400", "2006-12-31": "291.42100", "2006-09-30": "263.17300", "2006-06-30": "486.22900", "2006-03-31": "426.71800", "2005-12-31": "271.37300", "2005-09-30": "217.49300", "2005-06-30": "448.03400", "2005-03-31": "370.57900"}, "Long Term Debt": {"2020-09-30": "2620.92000", "2020-06-30": "2619.92900", "2020-03-31": "2215.79400", "2019-12-31": "2266.88400", "2019-09-30": "2268.70400", "2019-06-30": "2269.76100", "2019-03-31": "2064.55700", "2018-12-31": "2063.51200", "2018-09-30": "2062.46700", "2018-06-30": "2061.42300", "2018-03-31": "2021.67500", "2017-12-31": "2021.17800", "2017-09-30": "2020.18400", "2017-06-30": "2019.19000", "2017-03-31": "1625.44900", "2016-12-31": "1624.48600", "2016-09-30": "1652.19000", "2016-06-30": "1651.43300", "2016-03-31": "1497.00500", "2015-12-31": "1498.02200", "2015-09-30": "1517.15700", "2015-06-30": "1518.92700", "2015-03-31": "1387.93400", "2014-12-31": "1373.60500", "2014-09-30": "1390.49700", "2014-06-30": "1391.77200", "2014-03-31": "1393.04700", "2013-12-31": "1394.33400", "2013-09-30": "1395.17500", "2013-06-30": "1396.43500", "2013-03-31": "1397.69400", "2012-12-31": "1398.96600", "2012-09-30": "941.58400", "2012-06-30": "945.41800", "2012-03-31": "918.20900", "2011-12-31": "921.94000", "2011-09-30": "939.60000", "2011-06-30": "939.12000", "2011-03-31": "938.65300", "2010-12-31": "938.19500", "2010-09-30": "984.71500", "2010-06-30": "1009.18600", "2010-03-31": "818.96500", "2009-12-31": "1966.75400", "2009-09-30": "843.90500", "2009-06-30": "858.48700", "2009-03-31": "1912.47700", "2008-12-31": "2044.23000", "2008-09-30": "2115.12400", "2008-06-30": "2118.08800", "2008-03-31": "2236.76300", "2007-12-31": "2239.07300", "2007-09-30": "2241.31500", "2007-06-30": "2250.99600", "2007-03-31": "2125.22900", "2006-12-31": "2126.88800", "2006-09-30": "2129.33600", "2006-06-30": "2126.14200", "2006-03-31": "2127.17800", "2005-12-31": "2128.75600", "2005-09-30": "2131.49000", "2005-06-30": "2134.96300", "2005-03-31": "2137.04800"}, "Other Non-Current Liabilities": {"2020-09-30": "39.68800", "2020-06-30": "43.53900", "2020-03-31": "43.23800", "2019-12-31": "27.51400", "2019-09-30": "22.13300", "2019-06-30": "23.08100", "2019-03-31": "22.38300", "2018-12-31": "29.28000", "2018-09-30": "31.47900", "2018-06-30": "35.51600", "2018-03-31": "38.07400", "2017-12-31": "41.48800", "2017-09-30": "42.70100", "2017-06-30": "47.95200", "2017-03-31": "47.90300", "2016-12-31": "48.56800", "2016-09-30": "53.52300", "2016-06-30": "56.99600", "2016-03-31": "58.57800", "2015-12-31": "58.15000", "2015-09-30": "61.25400", "2015-06-30": "61.98000", "2015-03-31": "64.44500", "2014-12-31": "65.39600", "2014-09-30": "34.19500", "2014-06-30": "36.81600", "2014-03-31": "38.24200", "2013-12-31": "39.93400", "2013-09-30": "71.24800", "2013-06-30": "73.84800", "2013-03-31": "75.20600", "2012-12-31": "76.39800", "2012-09-30": "71.13900", "2012-06-30": "74.71500", "2012-03-31": "75.56400", "2011-12-31": "76.18000", "2011-09-30": "40.24300", "2011-06-30": "41.53800", "2011-03-31": "42.52600", "2010-12-31": "42.48200", "2010-09-30": "36.69000", "2010-06-30": "37.45600", "2010-03-31": "1793.82300", "2009-12-31": "71.09400", "2009-09-30": "1780.83900", "2009-06-30": "1476.34900", "2009-03-31": "69.32500", "2008-12-31": "74.33700", "2008-09-30": "22.58100", "2008-06-30": "24.61400", "2008-03-31": "32.83900", "2007-12-31": "25.67000", "2007-09-30": "36.06400", "2007-06-30": "39.76500", "2007-03-31": "39.29400", "2006-12-31": "40.73100", "2006-09-30": "44.15700", "2006-06-30": "46.13700", "2006-03-31": "48.36600", "2005-12-31": "43.59200", "2005-09-30": "35.78800", "2005-06-30": "40.45100", "2005-03-31": "39.94300"}, "Total Long Term Liabilities": {"2020-09-30": "3513.32100", "2020-06-30": "3559.33100", "2020-03-31": "3188.40800", "2019-12-31": "3258.92600", "2019-09-30": "3245.24400", "2019-06-30": "3211.23400", "2019-03-31": "2958.91300", "2018-12-31": "2792.06100", "2018-09-30": "2750.39800", "2018-06-30": "2710.05400", "2018-03-31": "2636.59400", "2017-12-31": "2663.94800", "2017-09-30": "2756.02500", "2017-06-30": "2668.79100", "2017-03-31": "2220.86200", "2016-12-31": "2358.21000", "2016-09-30": "2358.89500", "2016-06-30": "2310.76600", "2016-03-31": "2103.66600", "2015-12-31": "2132.16600", "2015-09-30": "2275.60000", "2015-06-30": "2219.52700", "2015-03-31": "2035.76100", "2014-12-31": "1961.33000", "2014-09-30": "2146.58700", "2014-06-30": "2104.05100", "2014-03-31": "2023.20700", "2013-12-31": "2017.66700", "2013-09-30": "2119.65400", "2013-06-30": "2053.04200", "2013-03-31": "1992.96800", "2012-12-31": "1985.86200", "2012-09-30": "1691.32700", "2012-06-30": "1696.70800", "2012-03-31": "1654.64100", "2011-12-31": "1659.28100", "2011-09-30": "1654.59500", "2011-06-30": "1668.61000", "2011-03-31": "1650.88000", "2010-12-31": "1659.84100", "2010-09-30": "1663.75500", "2010-06-30": "1682.28500", "2010-03-31": "3087.42900", "2009-12-31": "2514.38300", "2009-09-30": "3121.03100", "2009-06-30": "3144.30400", "2009-03-31": "2828.03000", "2008-12-31": "2963.78300", "2008-09-30": "2892.03500", "2008-06-30": "2885.61100", "2008-03-31": "2984.87100", "2007-12-31": "2980.61700", "2007-09-30": "2630.84700", "2007-06-30": "2650.57500", "2007-03-31": "2504.01400", "2006-12-31": "2902.40800", "2006-09-30": "2546.45100", "2006-06-30": "2535.43900", "2006-03-31": "2514.68100", "2005-12-31": "2526.34100", "2005-09-30": "2544.50100", "2005-06-30": "2548.95900", "2005-03-31": "2524.50000"}, "Total Liabilities": {"2020-09-30": "3941.67700", "2020-06-30": "3939.71600", "2020-03-31": "3573.41300", "2019-12-31": "3598.65800", "2019-09-30": "3655.89000", "2019-06-30": "3687.87300", "2019-03-31": "3490.08900", "2018-12-31": "3160.42100", "2018-09-30": "3148.64800", "2018-06-30": "3276.38600", "2018-03-31": "3142.16600", "2017-12-31": "2961.78800", "2017-09-30": "3101.31500", "2017-06-30": "3098.42100", "2017-03-31": "2614.21600", "2016-12-31": "2674.16200", "2016-09-30": "2667.19200", "2016-06-30": "2682.43800", "2016-03-31": "2466.54100", "2015-12-31": "2404.22400", "2015-09-30": "2559.24900", "2015-06-30": "2562.82100", "2015-03-31": "2355.84000", "2014-12-31": "2193.00100", "2014-09-30": "2400.00600", "2014-06-30": "2425.34800", "2014-03-31": "2262.49300", "2013-12-31": "2234.47700", "2013-09-30": "2341.80500", "2013-06-30": "2366.63700", "2013-03-31": "2229.86000", "2012-12-31": "2167.72500", "2012-09-30": "1895.75500", "2012-06-30": "1979.71300", "2012-03-31": "1887.80100", "2011-12-31": "1881.03000", "2011-09-30": "1882.76400", "2011-06-30": "1974.54100", "2011-03-31": "1919.97000", "2010-12-31": "1865.09000", "2010-09-30": "1899.70100", "2010-06-30": "2015.75700", "2010-03-31": "3641.37500", "2009-12-31": "3491.82600", "2009-09-30": "3558.44700", "2009-06-30": "3592.96500", "2009-03-31": "3431.64700", "2008-12-31": "3406.62800", "2008-09-30": "3121.76100", "2008-06-30": "3337.99800", "2008-03-31": "3353.52700", "2007-12-31": "3197.93900", "2007-09-30": "2858.37000", "2007-06-30": "2951.71100", "2007-03-31": "3000.30800", "2006-12-31": "3193.82900", "2006-09-30": "2809.62400", "2006-06-30": "3021.66800", "2006-03-31": "2941.39900", "2005-12-31": "2797.71400", "2005-09-30": "2761.99400", "2005-06-30": "2996.99300", "2005-03-31": "2895.07900"}, "Common Stock Net": {"2020-09-30": "2.12400", "2020-06-30": "2.11900", "2020-03-31": "2.11600", "2019-12-31": "2.11600", "2019-09-30": "2.11300", "2019-06-30": "2.10800", "2019-03-31": "2.10600", "2018-12-31": "2.09900", "2018-09-30": "2.11000", "2018-06-30": "2.09800", "2018-03-31": "2.08800", "2017-12-31": "2.11200", "2017-09-30": "2.09300", "2017-06-30": "2.13900", "2017-03-31": "2.28100", "2016-12-31": "2.27100", "2016-09-30": "2.30100", "2016-06-30": "2.32200", "2016-03-31": "2.33100", "2015-12-31": "2.28900", "2015-09-30": "2.32900", "2015-06-30": "2.36900", "2015-03-31": "2.37200", "2014-12-31": "2.32300", "2014-09-30": "2.36300", "2014-06-30": "2.38500", "2014-03-31": "2.37800", "2013-12-31": "2.37100", "2013-09-30": "2.37600", "2013-06-30": "2.39400", "2013-03-31": "1.20500", "2012-12-31": "1.34500", "2012-09-30": "1.35200", "2012-06-30": "1.32700", "2012-03-31": "1.35300", "2011-12-31": "1.36600", "2011-09-30": "1.37400", "2011-06-30": "1.36500", "2011-03-31": "0.68900", "2010-12-31": "0.69700", "2010-09-30": "0.69600", "2010-06-30": "0.68500", "2010-03-31": "2.45800", "2009-12-31": "2.45800", "2009-09-30": "2.45800", "2009-06-30": "2.44400", "2009-03-31": "2.44400", "2008-12-31": "2.44300", "2008-09-30": "2.44400", "2008-06-30": "2.44100", "2008-03-31": "2.44000", "2007-12-31": "2.38100", "2007-09-30": "2.36700", "2007-06-30": "2.36700", "2007-03-31": "2.36700", "2006-12-31": "2.36000", "2006-09-30": "2.36000", "2006-06-30": "2.35800", "2006-03-31": "2.35600", "2005-12-31": "2.33000", "2005-09-30": "2.32800", "2005-06-30": "2.32800", "2005-03-31": "2.32800"}, "Retained Earnings (Accumulated Deficit)": {"2020-09-30": "-2067.60000", "2020-06-30": "-1951.42800", "2020-03-31": "-1815.45700", "2019-12-31": "-1709.74700", "2019-09-30": "-1628.39400", "2019-06-30": "-1738.95500", "2019-03-31": "-1749.40000", "2018-12-31": "-1611.33400", "2018-09-30": "-1595.80700", "2018-06-30": "-1714.52400", "2018-03-31": "-1723.80400", "2017-12-31": "-1529.60800", "2017-09-30": "-1566.15200", "2017-06-30": "-1589.69300", "2017-03-31": "-1270.48900", "2016-12-31": "-1237.80400", "2016-09-30": "-1100.47200", "2016-06-30": "-1084.24400", "2016-03-31": "-1062.72500", "2015-12-31": "-953.22500", "2015-09-30": "-798.69500", "2015-06-30": "-822.10700", "2015-03-31": "-827.75500", "2014-12-31": "-702.11600", "2014-09-30": "-558.15200", "2014-06-30": "-529.35400", "2014-03-31": "-548.66700", "2013-12-31": "-438.82500", "2013-09-30": "-403.33700", "2013-06-30": "-401.51500", "2013-03-31": "-383.31100", "2012-12-31": "27.77500", "2012-09-30": "22.91400", "2012-06-30": "-197.12300", "2012-03-31": "-199.15900", "2011-12-31": "-20.08800", "2011-09-30": "97.05200", "2011-06-30": "-92.53700", "2011-03-31": "-112.55100", "2010-12-31": "48.40400", "2010-09-30": "144.88700", "2010-06-30": "11.02600", "2010-03-31": "-2243.06300", "2009-12-31": "-2059.48700", "2009-09-30": "-1943.95800", "2009-06-30": "-2081.88500", "2009-03-31": "-1960.26900", "2008-12-31": "-1813.97800", "2008-09-30": "-1587.54400", "2008-06-30": "-1720.30900", "2008-03-31": "-1814.59500", "2007-12-31": "-1659.22300", "2007-09-30": "-1526.92500", "2007-06-30": "-1611.08400", "2007-03-31": "-1560.19800", "2006-12-31": "-1384.09400", "2006-09-30": "-1174.40900", "2006-06-30": "-1333.66100", "2006-03-31": "-1288.58100", "2005-12-31": "-1042.04200", "2005-09-30": "-897.54200", "2005-06-30": "-1087.73700", "2005-03-31": "-1093.34600"}, "Comprehensive Income": {"2020-09-30": "-97.45000", "2020-06-30": "-99.42100", "2020-03-31": "-110.42300", "2019-12-31": "-74.71000", "2019-09-30": "-75.21800", "2019-06-30": "-71.63500", "2019-03-31": "-70.26600", "2018-12-31": "-71.49800", "2018-09-30": "-68.50600", "2018-06-30": "-71.97900", "2018-03-31": "-68.21400", "2017-12-31": "-63.88100", "2017-09-30": "-61.36300", "2017-06-30": "-61.83800", "2017-03-31": "-63.94300", "2016-12-31": "-67.18400", "2016-09-30": "-67.68200", "2016-06-30": "-67.25000", "2016-03-31": "-65.70500", "2015-12-31": "-66.55800", "2015-09-30": "-67.24700", "2015-06-30": "-63.09100", "2015-03-31": "-63.19600", "2014-12-31": "-59.62900", "2014-09-30": "-35.51400", "2014-06-30": "-33.83100", "2014-03-31": "-34.03300", "2013-12-31": "-32.69700", "2013-09-30": "-30.24600", "2013-06-30": "-30.70900", "2013-03-31": "-28.30100", "2012-12-31": "-49.10100", "2012-09-30": "-43.12200", "2012-06-30": "-48.05000", "2012-03-31": "-43.81500", "2011-12-31": "-49.91200", "2011-09-30": "-11.86000", "2011-06-30": "0.46900", "2011-03-31": "-0.15800", "2010-12-31": "-4.19200", "2010-09-30": "0.17500", "2010-06-30": "-2.83700", "2010-03-31": "-28.71800", "2009-12-31": "-33.29700", "2009-09-30": "-46.72300", "2009-06-30": "-49.43600", "2009-03-31": "-58.82000", "2008-12-31": "-56.45800", "2008-09-30": "12.90100", "2008-06-30": "23.38500", "2008-03-31": "4.39900", "2007-12-31": "10.60000", "2007-09-30": "1.15700", "2007-06-30": "-3.13700", "2007-03-31": "-10.47400", "2006-12-31": "-9.95100", "2006-09-30": "-15.03500", "2006-06-30": "-17.77300", "2006-03-31": "-17.97400", "2005-12-31": "-17.00500", "2005-09-30": "-10.22900", "2005-06-30": "-13.24700", "2005-03-31": "-17.00300"}, "Other Share Holders Equity": {"2020-09-30": "", "2020-06-30": "", "2020-03-31": "", "2019-12-31": "", "2019-09-30": "", "2019-06-30": "", "2019-03-31": "", "2018-12-31": "", "2018-09-30": "", "2018-06-30": "", "2018-03-31": "", "2017-12-31": "", "2017-09-30": "", "2017-06-30": "", "2017-03-31": "", "2016-12-31": "", "2016-09-30": "", "2016-06-30": "", "2016-03-31": "", "2015-12-31": "", "2015-09-30": "", "2015-06-30": "", "2015-03-31": "", "2014-12-31": "", "2014-09-30": "", "2014-06-30": "", "2014-03-31": "", "2013-12-31": "", "2013-09-30": "", "2013-06-30": "", "2013-03-31": "", "2012-12-31": "", "2012-09-30": "", "2012-06-30": "", "2012-03-31": "", "2011-12-31": "", "2011-09-30": "", "2011-06-30": "", "2011-03-31": "", "2010-12-31": "", "2010-09-30": "", "2010-06-30": "", "2010-03-31": "", "2009-12-31": "", "2009-09-30": "", "2009-06-30": "", "2009-03-31": "", "2008-12-31": "", "2008-09-30": "", "2008-06-30": "", "2008-03-31": "", "2007-12-31": "", "2007-09-30": "", "2007-06-30": "", "2007-03-31": "", "2006-12-31": "", "2006-09-30": "", "2006-06-30": "", "2006-03-31": "", "2005-12-31": "", "2005-09-30": "", "2005-06-30": "", "2005-03-31": ""}, "Share Holder Equity": {"2020-09-30": "-1076.70500", "2020-06-30": "-970.78200", "2020-03-31": "-852.86400", "2019-12-31": "-716.11800", "2019-09-30": "-635.18700", "2019-06-30": "-749.80700", "2019-03-31": "-765.18200", "2018-12-31": "-643.09300", "2018-09-30": "-515.21300", "2018-06-30": "-665.99400", "2018-03-31": "-698.17500", "2017-12-31": "-505.11200", "2017-09-30": "-573.02700", "2017-06-30": "-554.73400", "2017-03-31": "-184.83700", "2016-12-31": "-186.49000", "2016-09-30": "-18.40000", "2016-06-30": "-92.14500", "2016-03-31": "-73.18600", "2015-12-31": "24.21600", "2015-09-30": "161.21000", "2015-06-30": "135.47500", "2015-03-31": "124.58800", "2014-12-31": "223.89500", "2014-09-30": "348.76300", "2014-06-30": "303.49100", "2014-03-31": "273.16800", "2013-12-31": "373.33700", "2013-09-30": "404.52600", "2013-06-30": "407.33000", "2013-03-31": "424.33500", "2012-12-31": "888.66600", "2012-09-30": "893.69400", "2012-06-30": "634.89900", "2012-03-31": "636.69200", "2011-12-31": "767.14800", "2011-09-30": "921.27200", "2011-06-30": "730.36300", "2011-03-31": "710.17800", "2010-12-31": "868.16300", "2010-09-30": "961.42000", "2010-06-30": "818.96000", "2010-03-31": "-757.47300", "2009-12-31": "-584.17400", "2009-09-30": "-482.70800", "2009-06-30": "-635.94200", "2009-03-31": "-524.31200", "2008-12-31": "-376.49900", "2008-09-30": "-169.17900", "2008-06-30": "-293.03800", "2008-03-31": "-410.57900", "2007-12-31": "-252.62000", "2007-09-30": "250.64600", "2007-06-30": "160.37100", "2007-03-31": "201.96300", "2006-12-31": "-6.21300", "2006-09-30": "578.06500", "2006-06-30": "413.79700", "2006-03-31": "451.92800", "2005-12-31": "694.20800", "2005-09-30": "843.23100", "2005-06-30": "649.85200", "2005-03-31": "640.32200"}, "Total Liabilities And Share Holders Equity": {"2020-09-30": "2864.97200", "2020-06-30": "2968.93400", "2020-03-31": "2720.54900", "2019-12-31": "2882.54000", "2019-09-30": "3020.70300", "2019-06-30": "2938.06600", "2019-03-31": "2724.90700", "2018-12-31": "2517.32800", "2018-09-30": "2633.43500", "2018-06-30": "2610.39200", "2018-03-31": "2443.99100", "2017-12-31": "2456.67600", "2017-09-30": "2528.28800", "2017-06-30": "2543.68700", "2017-03-31": "2429.37900", "2016-12-31": "2487.67200", "2016-09-30": "2648.79200", "2016-06-30": "2590.29300", "2016-03-31": "2393.35500", "2015-12-31": "2428.44000", "2015-09-30": "2720.45900", "2015-06-30": "2698.29600", "2015-03-31": "2480.42800", "2014-12-31": "2416.89600", "2014-09-30": "2748.76900", "2014-06-30": "2728.83900", "2014-03-31": "2535.66100", "2013-12-31": "2607.81400", "2013-09-30": "2746.33100", "2013-06-30": "2773.96700", "2013-03-31": "2654.19500", "2012-12-31": "3056.39100", "2012-09-30": "2789.44900", "2012-06-30": "2614.61200", "2012-03-31": "2524.49300", "2011-12-31": "2648.17800", "2011-09-30": "2804.03600", "2011-06-30": "2704.90400", "2011-03-31": "2630.14800", "2010-12-31": "2733.25300", "2010-09-30": "2861.12100", "2010-06-30": "2834.71700", "2010-03-31": "2883.90200", "2009-12-31": "2907.65200", "2009-09-30": "3075.73900", "2009-06-30": "2957.02300", "2009-03-31": "2907.33500", "2008-12-31": "3030.12900", "2008-09-30": "2952.58200", "2008-06-30": "3044.96000", "2008-03-31": "2942.94800", "2007-12-31": "2945.31900", "2007-09-30": "3109.01600", "2007-06-30": "3112.08200", "2007-03-31": "3202.27100", "2006-12-31": "3187.61600", "2006-09-30": "3387.68900", "2006-06-30": "3435.46500", "2006-03-31": "3393.32700", "2005-12-31": "3491.92200", "2005-09-30": "3605.22500", "2005-06-30": "3646.84500", "2005-03-31": "3535.40100"}}, "cash flow statement": {"Net Income/Loss": {"2019-12-31": "219.81800", "2018-12-31": "316.00300", "2017-12-31": "313.02600", "2016-12-31": "156.72700", "2015-12-31": "192.85500", "2014-12-31": "114.03400", "2013-12-31": "156.87300", "2012-12-31": "403.03900", "2011-12-31": "13.14500", "2010-12-31": "633.79000", "2009-12-31": "-194.09500", "2008-12-31": "-79.08900", "2007-12-31": "-215.62400", "2006-12-31": "-305.61800", "2005-12-31": "-110.93800"}, "Total Depreciation And Amortization - Cash Flow": {"2019-12-31": "121.79300", "2018-12-31": "119.67200", "2017-12-31": "115.73200", "2016-12-31": "111.39600", "2015-12-31": "111.92900", "2014-12-31": "112.85500", "2013-12-31": "132.36000", "2012-12-31": "150.45600", "2011-12-31": "176.75000", "2010-12-31": "169.62800", "2009-12-31": "145.75100", "2008-12-31": "140.88000", "2007-12-31": "145.03300", "2006-12-31": "141.03800", "2005-12-31": "135.86200"}, "Other Non-Cash Items": {"2019-12-31": "97.70100", "2018-12-31": "28.12700", "2017-12-31": "20.77900", "2016-12-31": "183.96500", "2015-12-31": "135.42000", "2014-12-31": "166.19100", "2013-12-31": "73.79800", "2012-12-31": "-188.19600", "2011-12-31": "80.12100", "2010-12-31": "-742.97800", "2009-12-31": "139.07500", "2008-12-31": "58.83900", "2007-12-31": "64.64700", "2006-12-31": "156.19900", "2005-12-31": "77.05500"}, "Total Non-Cash Items": {"2019-12-31": "219.49400", "2018-12-31": "147.79900", "2017-12-31": "136.51100", "2016-12-31": "295.36100", "2015-12-31": "247.34900", "2014-12-31": "279.04600", "2013-12-31": "206.15800", "2012-12-31": "-37.74000", "2011-12-31": "256.87100", "2010-12-31": "-573.35000", "2009-12-31": "284.82600", "2008-12-31": "199.71900", "2007-12-31": "209.68000", "2006-12-31": "297.23700", "2005-12-31": "212.91700"}, "Change In Accounts Receivable": {"2019-12-31": "7.72500", "2018-12-31": "-39.19300", "2017-12-31": "-3.10800", "2016-12-31": "-6.15700", "2015-12-31": "-6.07200", "2014-12-31": "-7.76400", "2013-12-31": "-22.14600", "2012-12-31": "-10.49700", "2011-12-31": "0.84400", "2010-12-31": "0.08100", "2009-12-31": "-0.98800", "2008-12-31": "-2.63800", "2007-12-31": "13.17900", "2006-12-31": "-11.41300", "2005-12-31": "3.92000"}, "Change In Inventories": {"2019-12-31": "-14.70900", "2018-12-31": "-3.76900", "2017-12-31": "-1.84700", "2016-12-31": "-4.94800", "2015-12-31": "0.30600", "2014-12-31": "-5.74400", "2013-12-31": "-2.06200", "2012-12-31": "-2.35200", "2011-12-31": "-0.54900", "2010-12-31": "10.99700", "2009-12-31": "-5.48800", "2008-12-31": "-5.06700", "2007-12-31": "-5.38400", "2006-12-31": "1.77800", "2005-12-31": "-3.27600"}, "Change In Accounts Payable": {"2019-12-31": "", "2018-12-31": "", "2017-12-31": "", "2016-12-31": "", "2015-12-31": "", "2014-12-31": "", "2013-12-31": "", "2012-12-31": "", "2011-12-31": "", "2010-12-31": "", "2009-12-31": "", "2008-12-31": "", "2007-12-31": "", "2006-12-31": "", "2005-12-31": ""}, "Change In Assets/Liabilities": {"2019-12-31": "-1.71400", "2018-12-31": "1.63300", "2017-12-31": "-3.59700", "2016-12-31": "-2.01100", "2015-12-31": "-2.46500", "2014-12-31": "-0.48600", "2013-12-31": "0.47300", "2012-12-31": "5.43900", "2011-12-31": "6.15100", "2010-12-31": "49.79100", "2009-12-31": "-32.41200", "2008-12-31": "4.15100", "2007-12-31": "0.36500", "2006-12-31": "15.32600", "2005-12-31": "9.81100"}, "Total Change In Assets/Liabilities": {"2019-12-31": "-28.73900", "2018-12-31": "-50.67000", "2017-12-31": "-4.47000", "2016-12-31": "11.14700", "2015-12-31": "33.55700", "2014-12-31": "-0.75700", "2013-12-31": "5.65100", "2012-12-31": "6.33300", "2011-12-31": "4.92100", "2010-12-31": "4.45200", "2009-12-31": "-12.96800", "2008-12-31": "-12.97300", "2007-12-31": "15.59900", "2006-12-31": "18.18500", "2005-12-31": "19.43100"}, "Cash Flow From Operating Activities": {"2019-12-31": "410.57300", "2018-12-31": "413.13200", "2017-12-31": "445.06700", "2016-12-31": "463.23500", "2015-12-31": "473.76100", "2014-12-31": "392.32300", "2013-12-31": "368.68200", "2012-12-31": "371.63200", "2011-12-31": "274.93700", "2010-12-31": "64.89200", "2009-12-31": "77.76300", "2008-12-31": "107.65700", "2007-12-31": "9.65500", "2006-12-31": "9.80400", "2005-12-31": "121.41000"}, "Net Change In Property, Plant, And Equipment": {"2019-12-31": "-142.86300", "2018-12-31": "-135.55300", "2017-12-31": "-134.61200", "2016-12-31": "-127.04600", "2015-12-31": "-109.24700", "2014-12-31": "-108.51200", "2013-12-31": "-101.62300", "2012-12-31": "-98.43200", "2011-12-31": "-91.46400", "2010-12-31": "-95.05500", "2009-12-31": "-98.15400", "2008-12-31": "-97.78200", "2007-12-31": "-114.84300", "2006-12-31": "-122.08000", "2005-12-31": "-162.18700"}, "Net Change In Intangible Assets": {"2019-12-31": "", "2018-12-31": "", "2017-12-31": "", "2016-12-31": "-0.12500", "2015-12-31": "-0.02900", "2014-12-31": "-0.04900", "2013-12-31": "-0.07500", "2012-12-31": "", "2011-12-31": "", "2010-12-31": "0.00000", "2009-12-31": "-0.10800", "2008-12-31": "-0.25800", "2007-12-31": "-1.95200", "2006-12-31": "", "2005-12-31": ""}, "Net Acquisitions/Divestitures": {"2019-12-31": "", "2018-12-31": "-19.05900", "2017-12-31": "", "2016-12-31": "", "2015-12-31": "", "2014-12-31": "10.03100", "2013-12-31": "", "2012-12-31": "69.98700", "2011-12-31": "-0.02500", "2010-12-31": "2.75300", "2009-12-31": "", "2008-12-31": "-0.47300", "2007-12-31": "182.16400", "2006-12-31": "78.58300", "2005-12-31": ""}, "Net Change In Short-term Investments": {"2019-12-31": "", "2018-12-31": "", "2017-12-31": "", "2016-12-31": "", "2015-12-31": "", "2014-12-31": "", "2013-12-31": "", "2012-12-31": "", "2011-12-31": "", "2010-12-31": "", "2009-12-31": "", "2008-12-31": "", "2007-12-31": "", "2006-12-31": "", "2005-12-31": ""}, "Net Change In Long-Term Investments": {"2019-12-31": "", "2018-12-31": "", "2017-12-31": "3.92600", "2016-12-31": "-0.89000", "2015-12-31": "-0.56500", "2014-12-31": "-0.64800", "2013-12-31": "-0.60500", "2012-12-31": "-0.70600", "2011-12-31": "2.42500", "2010-12-31": "-0.20600", "2009-12-31": "13.67400", "2008-12-31": "-3.33000", "2007-12-31": "-1.64000", "2006-12-31": "-11.09100", "2005-12-31": "134.50800"}, "Net Change In Investments - Total": {"2019-12-31": "", "2018-12-31": "", "2017-12-31": "3.92600", "2016-12-31": "-0.89000", "2015-12-31": "-0.56500", "2014-12-31": "-0.64800", "2013-12-31": "-0.60500", "2012-12-31": "-0.70600", "2011-12-31": "2.42500", "2010-12-31": "-0.20600", "2009-12-31": "13.67400", "2008-12-31": "-3.33000", "2007-12-31": "-1.64000", "2006-12-31": "-11.09100", "2005-12-31": "134.50800"}, "Investing Activities - Other": {"2019-12-31": "3.73700", "2018-12-31": "2.50000", "2017-12-31": "0.52300", "2016-12-31": "0.32000", "2015-12-31": "0.17300", "2014-12-31": "0.85000", "2013-12-31": "", "2012-12-31": "1.49400", "2011-12-31": "0.53600", "2010-12-31": "53.72800", "2009-12-31": "1.40000", "2008-12-31": "8.16500", "2007-12-31": "0.45000", "2006-12-31": "14.57200", "2005-12-31": "-9.46800"}, "Cash Flow From Investing Activities": {"2019-12-31": "-139.12600", "2018-12-31": "-152.11200", "2017-12-31": "-130.16300", "2016-12-31": "-127.74100", "2015-12-31": "-109.66800", "2014-12-31": "-98.32800", "2013-12-31": "-102.30300", "2012-12-31": "-27.65700", "2011-12-31": "-88.52800", "2010-12-31": "-38.78000", "2009-12-31": "-83.18800", "2008-12-31": "-93.67800", "2007-12-31": "64.17900", "2006-12-31": "-40.01600", "2005-12-31": "-37.14700"}, "Net Long-Term Debt": {"2019-12-31": "167.25000", "2018-12-31": "82.00000", "2017-12-31": "363.83900", "2016-12-31": "147.74400", "2015-12-31": "123.68500", "2014-12-31": "-6.30800", "2013-12-31": "-6.27600", "2012-12-31": "446.77000", "2011-12-31": "-25.01200", "2010-12-31": "-540.54590", "2009-12-31": "53.15000", "2008-12-31": "225.37300", "2007-12-31": "15.69800", "2006-12-31": "-2.26400", "2005-12-31": "-46.00100"}, "Net Current Debt": {"2019-12-31": "", "2018-12-31": "", "2017-12-31": "", "2016-12-31": "", "2015-12-31": "", "2014-12-31": "", "2013-12-31": "", "2012-12-31": "", "2011-12-31": "", "2010-12-31": "", "2009-12-31": "", "2008-12-31": "", "2007-12-31": "", "2006-12-31": "", "2005-12-31": ""}, "Debt Issuance/Retirement Net - Total": {"2019-12-31": "167.25000", "2018-12-31": "82.00000", "2017-12-31": "363.83900", "2016-12-31": "147.74400", "2015-12-31": "123.68500", "2014-12-31": "-6.30800", "2013-12-31": "-6.27600", "2012-12-31": "446.77000", "2011-12-31": "-25.01200", "2010-12-31": "-540.54590", "2009-12-31": "53.15000", "2008-12-31": "225.37300", "2007-12-31": "15.69800", "2006-12-31": "-2.26400", "2005-12-31": "-46.00100"}, "Net Common Equity Issued/Repurchased": {"2019-12-31": "19.57500", "2018-12-31": "-67.28500", "2017-12-31": "-436.94000", "2016-12-31": "-175.25000", "2015-12-31": "-204.58300", "2014-12-31": "-156.51300", "2013-12-31": "-492.72900", "2012-12-31": "-191.05500", "2011-12-31": "-50.29800", "2010-12-31": "631.09900", "2009-12-31": "", "2008-12-31": "", "2007-12-31": "", "2006-12-31": "0.16400", "2005-12-31": "0.07800"}, "Net Total Equity Issued/Repurchased": {"2019-12-31": "19.57500", "2018-12-31": "-67.28500", "2017-12-31": "-436.94000", "2016-12-31": "-175.25000", "2015-12-31": "-204.58300", "2014-12-31": "-156.51300", "2013-12-31": "-492.72900", "2012-12-31": "-191.05500", "2011-12-31": "-50.29800", "2010-12-31": "631.09900", "2009-12-31": "", "2008-12-31": "", "2007-12-31": "", "2006-12-31": "0.16400", "2005-12-31": "0.07800"}, "Total Common And Preferred Stock Dividends Paid": {"2019-12-31": "-278.95100", "2018-12-31": "-267.04400", "2017-12-31": "-227.10100", "2016-12-31": "-220.31400", "2015-12-31": "-200.95700", "2014-12-31": "-184.30000", "2013-12-31": "-176.17100", "2012-12-31": "-148.28600", "2011-12-31": "-9.79100", "2010-12-31": "-1.64900", "2009-12-31": "", "2008-12-31": "-5.21100", "2007-12-31": "-20.84400", "2006-12-31": "-20.84400", "2005-12-31": "-20.84400"}, "Financial Activities - Other": {"2019-12-31": "-50.88100", "2018-12-31": "-41.15300", "2017-12-31": "-76.67400", "2016-12-31": "-44.92600", "2015-12-31": "-51.63300", "2014-12-31": "-38.03100", "2013-12-31": "-49.95400", "2012-12-31": "-55.75100", "2011-12-31": "-54.50400", "2010-12-31": "-94.02100", "2009-12-31": "-94.02200", "2008-12-31": "-50.41600", "2007-12-31": "-64.93900", "2006-12-31": "-2.95000", "2005-12-31": "-5.54000"}, "Cash Flow From Financial Activities": {"2019-12-31": "-143.00700", "2018-12-31": "-293.48200", "2017-12-31": "-376.87600", "2016-12-31": "-292.74600", "2015-12-31": "-333.48800", "2014-12-31": "-385.15200", "2013-12-31": "-725.13000", "2012-12-31": "51.67800", "2011-12-31": "-139.60500", "2010-12-31": "-5.11700", "2009-12-31": "-40.87200", "2008-12-31": "169.74600", "2007-12-31": "-70.08500", "2006-12-31": "-25.89400", "2005-12-31": "-72.30700"}, "Net Cash Flow": {"2019-12-31": "129.57100", "2018-12-31": "-32.88800", "2017-12-31": "-59.88900", "2016-12-31": "37.62500", "2015-12-31": "25.87600", "2014-12-31": "-95.42600", "2013-12-31": "-459.89800", "2012-12-31": "397.78100", "2011-12-31": "44.36600", "2010-12-31": "22.23100", "2009-12-31": "-45.50200", "2008-12-31": "181.94400", "2007-12-31": "4.09300", "2006-12-31": "-56.21500", "2005-12-31": "12.74600"}, "Stock-Based Compensation": {"2019-12-31": "13.27400", "2018-12-31": "-46.68400", "2017-12-31": "-22.69700", "2016-12-31": "116.33900", "2015-12-31": "56.23300", "2014-12-31": "140.03800", "2013-12-31": "27.03400", "2012-12-31": "62.87500", "2011-12-31": "54.26100", "2010-12-31": "19.38600", "2009-12-31": "2.59700", "2008-12-31": "6.21000", "2007-12-31": "12.52500", "2006-12-31": "15.72800", "2005-12-31": "2.79400"}, "Common Stock Dividends Paid": {"2019-12-31": "-278.95100", "2018-12-31": "-267.04400", "2017-12-31": "-227.10100", "2016-12-31": "-220.31400", "2015-12-31": "-200.95700", "2014-12-31": "-184.30000", "2013-12-31": "-176.17100", "2012-12-31": "", "2011-12-31": "-9.79100", "2010-12-31": "-1.64900", "2009-12-31": "", "2008-12-31": "-5.21100", "2007-12-31": "", "2006-12-31": "", "2005-12-31": ""}}, "cash flow statement, quarterly": {"Net Income/Loss": {"2020-09-30": -95.528, "2020-06-30": -116.25, "2020-03-31": "-84.54600", "2019-12-31": -11.155, "2019-09-30": 200.209, "2019-06-30": 99.896, "2019-03-31": "-69.13200", "2018-12-31": 79.422, "2018-09-30": 204.421, "2018-06-30": 94.505, "2018-03-31": "-62.34500", "2017-12-31": 98.013, "2017-09-30": 200.93, "2017-06-30": 71.631, "2017-03-31": "-57.54800", "2016-12-31": 1.868, "2016-09-30": 121.694, "2016-06-30": 80.1, "2016-03-31": "-46.93500", "2015-12-31": 2.184, "2015-09-30": 176.383, "2015-06-30": 84.614, "2015-03-31": "-70.32600", "2014-12-31": -34.117, "2014-09-30": 124.04, "2014-06-30": 85.312, "2014-03-31": "-61.20100", "2013-12-31": 13.309, "2013-09-30": 139.617, "2013-06-30": 66.06, "2013-03-31": "-62.11300", "2012-12-31": 155.299, "2012-09-30": 271.978, "2012-06-30": 90.805, "2012-03-31": "-115.04300", "2011-12-31": -102.476, "2011-09-30": 211.177, "2011-06-30": 53.011, "2011-03-31": "-148.56700", "2010-12-31": -95.185, "2010-09-30": 151.678, "2010-06-30": 760.789, "2010-03-31": "-183.49200", "2009-12-31": -115.529, "2009-09-30": 160.876, "2009-06-30": -98.644, "2009-03-31": "-140.79800", "2008-12-31": -203.492, "2008-09-30": 163.083, "2008-06-30": 113.471, "2008-03-31": "-152.15100", "2007-12-31": -89.353, "2007-09-30": 89.678, "2007-06-30": -45.388, "2007-03-31": "-170.56100", "2006-12-31": -189.728, "2006-09-30": 164.744, "2006-06-30": -39.587, "2006-03-31": "-241.04700", "2005-12-31": -139.008, "2005-09-30": 195.688, "2005-06-30": 11.101, "2005-03-31": "-178.71900"}, "Total Depreciation And Amortization - Cash Flow": {"2020-09-30": 30.876, "2020-06-30": 31.901, "2020-03-31": "30.66400", "2019-12-31": 30.057, "2019-09-30": 31.516, "2019-06-30": 31.147, "2019-03-31": "29.07300", "2018-12-31": 30.53, "2018-09-30": 30.626, "2018-06-30": 28.925, "2018-03-31": "29.59100", "2017-12-31": 29.985, "2017-09-30": 29.493, "2017-06-30": 27.792, "2017-03-31": "28.46200", "2016-12-31": 28.72, "2016-09-30": 28.566, "2016-06-30": 27.016, "2016-03-31": "27.09400", "2015-12-31": 29.753, "2015-09-30": 27.416, "2015-06-30": 26.777, "2015-03-31": "27.98300", "2014-12-31": 28.294, "2014-09-30": 28.31, "2014-06-30": 27.366, "2014-03-31": "28.88500", "2013-12-31": 31.947, "2013-09-30": 31.966, "2013-06-30": 32.232, "2013-03-31": "36.21500", "2012-12-31": 35.952, "2012-09-30": 35.906, "2012-06-30": 36.51, "2012-03-31": "42.08800", "2011-12-31": 43.463, "2011-09-30": 43.807, "2011-06-30": 43.47, "2011-03-31": "46.01000", "2010-12-31": 46.04, "2010-09-30": 45.667, "2010-06-30": 40.45, "2010-03-31": "37.47100", "2009-12-31": 37.615, "2009-09-30": 36.898, "2009-06-30": 35.816, "2009-03-31": "35.42200", "2008-12-31": 32.165, "2008-09-30": 37.341, "2008-06-30": 35.593, "2008-03-31": "35.78100", "2007-12-31": 36.162, "2007-09-30": 36.74, "2007-06-30": 35.832, "2007-03-31": "36.29900", "2006-12-31": 35.806, "2006-09-30": 36.237, "2006-06-30": 34.41, "2006-03-31": "34.58500", "2005-12-31": 23.082, "2005-09-30": 38.797, "2005-06-30": 37.169, "2005-03-31": "36.81400"}, "Other Non-Cash Items": {"2020-09-30": -17.564, "2020-06-30": -47.686, "2020-03-31": "-13.22700", "2019-12-31": 25.133, "2019-09-30": 57.424, "2019-06-30": 33.059, "2019-03-31": "-17.91500", "2018-12-31": -43.061, "2018-09-30": 52.217, "2018-06-30": 37.028, "2018-03-31": "-18.05700", "2017-12-31": -65.303, "2017-09-30": 57.316, "2017-06-30": 57.326, "2017-03-31": "-28.56000", "2016-12-31": 22.079, "2016-09-30": 144.595, "2016-06-30": 45.378, "2016-03-31": "-28.08700", "2015-12-31": 14.375, "2015-09-30": 96.691, "2015-06-30": 41.007, "2015-03-31": "-16.65300", "2014-12-31": 82.265, "2014-09-30": 84.511, "2014-06-30": 33.791, "2014-03-31": "-34.37600", "2013-12-31": -19.974, "2013-09-30": 85.537, "2013-06-30": 39.573, "2013-03-31": "-31.33800", "2012-12-31": -175.628, "2012-09-30": -46.992, "2012-06-30": 18.03, "2012-03-31": "16.39400", "2011-12-31": 73.025, "2011-09-30": -1.07, "2011-06-30": 16.842, "2011-03-31": "-8.67600", "2010-12-31": 42.881, "2010-09-30": 8.94, "2010-06-30": -805.039, "2010-03-31": "10.24000", "2009-12-31": 47.83, "2009-09-30": 7.318, "2009-06-30": 84.506, "2009-03-31": "-0.57900", "2008-12-31": 127.193, "2008-09-30": 10.896, "2008-06-30": -91.386, "2008-03-31": "12.13600", "2007-12-31": 26.346, "2007-09-30": 15.638, "2007-06-30": 26.967, "2007-03-31": "-4.30400", "2006-12-31": 79.478, "2006-09-30": 5.447, "2006-06-30": 29.451, "2006-03-31": "41.82300", "2005-12-31": 18.657, "2005-09-30": 8.462, "2005-06-30": 34.547, "2005-03-31": "15.38900"}, "Total Non-Cash Items": {"2020-09-30": 13.312, "2020-06-30": -15.785, "2020-03-31": "17.43700", "2019-12-31": 55.19, "2019-09-30": 88.94, "2019-06-30": 64.206, "2019-03-31": "11.15800", "2018-12-31": -12.531, "2018-09-30": 82.843, "2018-06-30": 65.953, "2018-03-31": "11.53400", "2017-12-31": -35.318, "2017-09-30": 86.809, "2017-06-30": 85.118, "2017-03-31": "-0.09800", "2016-12-31": 50.799, "2016-09-30": 173.161, "2016-06-30": 72.394, "2016-03-31": "-0.99300", "2015-12-31": 44.128, "2015-09-30": 124.107, "2015-06-30": 67.784, "2015-03-31": "11.33000", "2014-12-31": 110.559, "2014-09-30": 112.821, "2014-06-30": 61.157, "2014-03-31": "-5.49100", "2013-12-31": 11.973, "2013-09-30": 117.503, "2013-06-30": 71.805, "2013-03-31": "4.87700", "2012-12-31": -139.676, "2012-09-30": -11.086, "2012-06-30": 54.54, "2012-03-31": "58.48200", "2011-12-31": 116.488, "2011-09-30": 42.737, "2011-06-30": 60.312, "2011-03-31": "37.33400", "2010-12-31": 88.921, "2010-09-30": 54.6069, "2010-06-30": -764.5889, "2010-03-31": "47.71100", "2009-12-31": 85.445, "2009-09-30": 44.216, "2009-06-30": 120.322, "2009-03-31": "34.84300", "2008-12-31": 159.358, "2008-09-30": 48.237, "2008-06-30": -55.793, "2008-03-31": "47.91700", "2007-12-31": 62.508, "2007-09-30": 52.378, "2007-06-30": 62.799, "2007-03-31": "31.99500", "2006-12-31": 115.284, "2006-09-30": 41.684, "2006-06-30": 63.861, "2006-03-31": "76.40800", "2005-12-31": 41.739, "2005-09-30": 47.259, "2005-06-30": 71.716, "2005-03-31": "52.20300"}, "Change In Accounts Receivable": {"2020-09-30": -1.195, "2020-06-30": 24.825, "2020-03-31": "35.15900", "2019-12-31": 90.786, "2019-09-30": -19.361, "2019-06-30": -86.244, "2019-03-31": "22.54400", "2018-12-31": 55.374, "2018-09-30": -31.999, "2018-06-30": -76.821, "2018-03-31": "14.25300", "2017-12-31": 36.165, "2017-09-30": -0.027, "2017-06-30": -53.522, "2017-03-31": "14.27600", "2016-12-31": 43.301, "2016-09-30": -9.845, "2016-06-30": -43.295, "2016-03-31": "3.68200", "2015-12-31": 44.041, "2015-09-30": -17.031, "2015-06-30": -45.841, "2015-03-31": "12.75900", "2014-12-31": 51.155, "2014-09-30": -19.37, "2014-06-30": -48.803, "2014-03-31": "9.25400", "2013-12-31": 42.835, "2013-09-30": -13.735, "2013-06-30": -39.198, "2013-03-31": "-12.04800", "2012-12-31": 33.953, "2012-09-30": 0.193, "2012-06-30": -44.419, "2012-03-31": "-0.22400", "2011-12-31": 32.168, "2011-09-30": -3.024, "2011-06-30": -19.834, "2011-03-31": "-8.46600", "2010-12-31": 35.051, "2010-09-30": -7.986, "2010-06-30": -20.244, "2010-03-31": "-6.74000", "2009-12-31": 29.105, "2009-09-30": -4.168, "2009-06-30": -19.131, "2009-03-31": "-6.79400", "2008-12-31": 35.974, "2008-09-30": -4.49, "2008-06-30": -27.928, "2008-03-31": "-6.19400", "2007-12-31": 44.427, "2007-09-30": 11.377, "2007-06-30": -49.88, "2007-03-31": "7.25500", "2006-12-31": 29.443, "2006-09-30": -13.903, "2006-06-30": -27.486, "2006-03-31": "0.53300", "2005-12-31": 48.506, "2005-09-30": -1.124, "2005-06-30": -38.71, "2005-03-31": "-4.75200"}, "Change In Inventories": {"2020-09-30": 1.413, "2020-06-30": 2.002, "2020-03-31": "-30.79400", "2019-12-31": 4.479, "2019-09-30": 17.57, "2019-06-30": -9.611, "2019-03-31": "-27.14700", "2018-12-31": 20.845, "2018-09-30": 2.503, "2018-06-30": -1.402, "2018-03-31": "-25.71500", "2017-12-31": 9.527, "2017-09-30": 17.507, "2017-06-30": -4.178, "2017-03-31": "-24.70300", "2016-12-31": 12.312, "2016-09-30": 12.59, "2016-06-30": -5.13, "2016-03-31": "-24.72000", "2015-12-31": 9.758, "2015-09-30": 13.886, "2015-06-30": -9.039, "2015-03-31": "-14.29900", "2014-12-31": 12.446, "2014-09-30": 4.386, "2014-06-30": -3.078, "2014-03-31": "-19.49800", "2013-12-31": 5.76, "2013-09-30": 16.828, "2013-06-30": -1.142, "2013-03-31": "-23.50800", "2012-12-31": 7.233, "2012-09-30": 19.826, "2012-06-30": -2.328, "2012-03-31": "-27.08300", "2011-12-31": 7.874, "2011-09-30": 15.38, "2011-06-30": -3.052, "2011-03-31": "-20.75100", "2010-12-31": 11.152, "2010-09-30": 17.652, "2010-06-30": 0.174, "2010-03-31": "-17.98100", "2009-12-31": -6.237, "2009-09-30": 17.105, "2009-06-30": 2.678, "2009-03-31": "-19.03400", "2008-12-31": -1.873, "2008-09-30": 18.833, "2008-06-30": -4.62, "2008-03-31": "-17.40700", "2007-12-31": -1.138, "2007-09-30": 15.713, "2007-06-30": -0.918, "2007-03-31": "-19.04100", "2006-12-31": 7.828, "2006-09-30": 15.899, "2006-06-30": -2.696, "2006-03-31": "-19.25300", "2005-12-31": 1.848, "2005-09-30": 20.704, "2005-06-30": -6.584, "2005-03-31": "-19.24400"}, "Change In Accounts Payable": {"2020-09-30": 0, "2020-06-30": 0, "2020-03-31": "", "2019-12-31": 0, "2019-09-30": 0, "2019-06-30": 0, "2019-03-31": "", "2018-12-31": 0, "2018-09-30": 0, "2018-06-30": 0, "2018-03-31": "", "2017-12-31": 0, "2017-09-30": 0, "2017-06-30": 0, "2017-03-31": "", "2016-12-31": 0, "2016-09-30": 0, "2016-06-30": 0, "2016-03-31": "", "2015-12-31": 0, "2015-09-30": 0, "2015-06-30": 0, "2015-03-31": "", "2014-12-31": 0, "2014-09-30": 0, "2014-06-30": 0, "2014-03-31": "", "2013-12-31": 0, "2013-09-30": 0, "2013-06-30": 0, "2013-03-31": "", "2012-12-31": 0, "2012-09-30": 0, "2012-06-30": 0, "2012-03-31": "", "2011-12-31": 0, "2011-09-30": 0, "2011-06-30": 0, "2011-03-31": "", "2010-12-31": 0, "2010-09-30": 0, "2010-06-30": 0, "2010-03-31": "", "2009-12-31": 0, "2009-09-30": 0, "2009-06-30": 0, "2009-03-31": "", "2008-12-31": 0, "2008-09-30": 0, "2008-06-30": 0, "2008-03-31": "", "2007-12-31": 0, "2007-09-30": 0, "2007-06-30": 0, "2007-03-31": "", "2006-12-31": 0, "2006-09-30": 0, "2006-06-30": 0, "2006-03-31": "", "2005-12-31": 0, "2005-09-30": 0, "2005-06-30": 0, "2005-03-31": ""}, "Change In Assets/Liabilities": {"2020-09-30": 1.029, "2020-06-30": 1.137, "2020-03-31": "6.84900", "2019-12-31": 2.837, "2019-09-30": -8.015, "2019-06-30": -0.057, "2019-03-31": "3.52100", "2018-12-31": 1.118, "2018-09-30": -0.778, "2018-06-30": -0.257, "2018-03-31": "1.55000", "2017-12-31": 0.172, "2017-09-30": -1.284, "2017-06-30": -1.095, "2017-03-31": "-1.39000", "2016-12-31": -1.206, "2016-09-30": -0.324, "2016-06-30": -0.555, "2016-03-31": "0.07400", "2015-12-31": -0.154, "2015-09-30": -2.835, "2015-06-30": -0.208, "2015-03-31": "0.73200", "2014-12-31": 0.467, "2014-09-30": -0.989, "2014-06-30": 0.008, "2014-03-31": "0.02800", "2013-12-31": 0.157, "2013-09-30": 0.315, "2013-06-30": 0.342, "2013-03-31": "-0.34100", "2012-12-31": 0.131, "2012-09-30": 4.154, "2012-06-30": 0.375, "2012-03-31": "0.77900", "2011-12-31": 0.361, "2011-09-30": 1.059, "2011-06-30": 2.906, "2011-03-31": "1.82500", "2010-12-31": 36.717, "2010-09-30": 11.1, "2010-06-30": 1.828, "2010-03-31": "0.14600", "2009-12-31": -2.823, "2009-09-30": -27.909, "2009-06-30": -2.523, "2009-03-31": "0.84300", "2008-12-31": -0.679, "2008-09-30": 0.316, "2008-06-30": 1.875, "2008-03-31": "2.63900", "2007-12-31": 0.826, "2007-09-30": 0.652, "2007-06-30": -1.664, "2007-03-31": "0.55100", "2006-12-31": 0.651, "2006-09-30": 2.501, "2006-06-30": -0.05, "2006-03-31": "12.22400", "2005-12-31": -0.861, "2005-09-30": 1.094, "2005-06-30": 8.781, "2005-03-31": "0.79700"}, "Total Change In Assets/Liabilities": {"2020-09-30": 38.955, "2020-06-30": 81.719, "2020-03-31": "6.72200", "2019-12-31": 25.673, "2019-09-30": -74.481, "2019-06-30": 2.918, "2019-03-31": "17.15100", "2018-12-31": 4.23, "2018-09-30": -79.944, "2018-06-30": -2.96, "2018-03-31": "28.00400", "2017-12-31": 2.716, "2017-09-30": -40.949, "2017-06-30": 36.705, "2017-03-31": "-2.94200", "2016-12-31": 35.814, "2016-09-30": -58.679, "2016-06-30": 39.089, "2016-03-31": "-5.07700", "2015-12-31": 42.04, "2015-09-30": -59.969, "2015-06-30": 44.985, "2015-03-31": "6.50100", "2014-12-31": -13.374, "2014-09-30": -24.917, "2014-06-30": 30.736, "2014-03-31": "6.79800", "2013-12-31": 38.409, "2013-09-30": -88.036, "2013-06-30": 34.981, "2013-03-31": "20.29700", "2012-12-31": 25.269, "2012-09-30": -63.353, "2012-06-30": 30.629, "2012-03-31": "13.78800", "2011-12-31": 12.25, "2011-09-30": -63.078, "2011-06-30": 14.558, "2011-03-31": "41.19100", "2010-12-31": 43.036, "2010-09-30": -67.545, "2010-06-30": -47.698, "2010-03-31": "76.65900", "2009-12-31": -14.813, "2009-09-30": -43.732, "2009-06-30": 54.975, "2009-03-31": "-9.39800", "2008-12-31": 6.754, "2008-09-30": -38.634, "2008-06-30": 4.219, "2008-03-31": "14.68800", "2007-12-31": 16.961, "2007-09-30": -49.315, "2007-06-30": 8.747, "2007-03-31": "39.20600", "2006-12-31": -0.73, "2006-09-30": -60.078, "2006-06-30": 26.897, "2006-03-31": "52.09600", "2005-12-31": 7.317, "2005-09-30": -56.731, "2005-06-30": 39.627, "2005-03-31": "29.21800"}, "Cash Flow From Operating Activities": {"2020-09-30": -43.261, "2020-06-30": -50.316, "2020-03-31": "-60.38700", "2019-12-31": 69.708, "2019-09-30": 214.668, "2019-06-30": 167.02, "2019-03-31": "-40.82300", "2018-12-31": 71.121, "2018-09-30": 207.32, "2018-06-30": 157.498, "2018-03-31": "-22.80700", "2017-12-31": 65.411, "2017-09-30": 246.79, "2017-06-30": 193.454, "2017-03-31": "-60.58800", "2016-12-31": 88.481, "2016-09-30": 236.176, "2016-06-30": 191.583, "2016-03-31": "-53.00500", "2015-12-31": 88.352, "2015-09-30": 240.521, "2015-06-30": 197.383, "2015-03-31": "-52.49500", "2014-12-31": 63.068, "2014-09-30": 211.944, "2014-06-30": 177.205, "2014-03-31": "-59.89400", "2013-12-31": 63.691, "2013-09-30": 169.084, "2013-06-30": 172.846, "2013-03-31": "-36.93900", "2012-12-31": 40.892, "2012-09-30": 197.539, "2012-06-30": 175.974, "2012-03-31": "-42.77300", "2011-12-31": 26.262, "2011-09-30": 190.836, "2011-06-30": 127.881, "2011-03-31": "-70.04200", "2010-12-31": 36.772, "2010-09-30": 138.74, "2010-06-30": -51.498, "2010-03-31": "-59.12200", "2009-12-31": -44.897, "2009-09-30": 161.36, "2009-06-30": 76.653, "2009-03-31": "-115.35300", "2008-12-31": -37.38, "2008-09-30": 172.686, "2008-06-30": 61.897, "2008-03-31": "-89.54600", "2007-12-31": -9.884, "2007-09-30": 92.741, "2007-06-30": 26.158, "2007-03-31": "-99.36000", "2006-12-31": -75.174, "2006-09-30": 146.35, "2006-06-30": 51.171, "2006-03-31": "-112.54300", "2005-12-31": -89.952, "2005-09-30": 186.216, "2005-06-30": 122.444, "2005-03-31": "-97.29800"}, "Net Change In Property, Plant, And Equipment": {"2020-09-30": -17.337, "2020-06-30": -22.165, "2020-03-31": "-53.45800", "2019-12-31": -19.225, "2019-09-30": -26.88, "2019-06-30": -48.675, "2019-03-31": "-48.08300", "2018-12-31": -23.366, "2018-09-30": -21.686, "2018-06-30": -48.036, "2018-03-31": "-42.46500", "2017-12-31": -18.075, "2017-09-30": -19.347, "2017-06-30": -45.566, "2017-03-31": "-51.62400", "2016-12-31": -28.016, "2016-09-30": -19.567, "2016-06-30": -37.929, "2016-03-31": "-41.53400", "2015-12-31": -18.018, "2015-09-30": -21.032, "2015-06-30": -36.168, "2015-03-31": "-34.02900", "2014-12-31": -12.928, "2014-09-30": -13.956, "2014-06-30": -39.376, "2014-03-31": "-42.25200", "2013-12-31": -12.549, "2013-09-30": -16.805, "2013-06-30": -35.723, "2013-03-31": "-36.54600", "2012-12-31": -18.689, "2012-09-30": -14.1, "2012-06-30": -29.414, "2012-03-31": "-36.22900", "2011-12-31": -21.887, "2011-09-30": -9.489, "2011-06-30": -36.764, "2011-03-31": "-23.32400", "2010-12-31": -20.211, "2010-09-30": -10.788, "2010-06-30": -33.309, "2010-03-31": "-30.74700", "2009-12-31": -23.514, "2009-09-30": -6.516, "2009-06-30": -30.045, "2009-03-31": "-38.07900", "2008-12-31": -5.834, "2008-09-30": -11.508, "2008-06-30": -43.293, "2008-03-31": "-37.14700", "2007-12-31": -24.002, "2007-09-30": -20.81, "2007-06-30": -37.522, "2007-03-31": "-32.50900", "2006-12-31": -23.837, "2006-09-30": -13.952, "2006-06-30": -40.954, "2006-03-31": "-43.33700", "2005-12-31": -25.739, "2005-09-30": -19.957, "2005-06-30": -64.729, "2005-03-31": "-51.76200"}, "Net Change In Intangible Assets": {"2020-09-30": 0, "2020-06-30": 0, "2020-03-31": "", "2019-12-31": 0, "2019-09-30": 0, "2019-06-30": 0, "2019-03-31": "", "2018-12-31": 0, "2018-09-30": 0, "2018-06-30": 0, "2018-03-31": "", "2017-12-31": 0, "2017-09-30": 0, "2017-06-30": 0, "2017-03-31": "", "2016-12-31": 0, "2016-09-30": -0.125, "2016-06-30": 0, "2016-03-31": "", "2015-12-31": 0, "2015-09-30": 0, "2015-06-30": 0, "2015-03-31": "-0.02900", "2014-12-31": 0, "2014-09-30": 0, "2014-06-30": -0.049, "2014-03-31": "", "2013-12-31": 0, "2013-09-30": 0, "2013-06-30": -0.075, "2013-03-31": "", "2012-12-31": 0, "2012-09-30": 0, "2012-06-30": 0, "2012-03-31": "", "2011-12-31": 0, "2011-09-30": 0, "2011-06-30": 0, "2011-03-31": "", "2010-12-31": 0, "2010-09-30": 0, "2010-06-30": 0, "2010-03-31": "", "2009-12-31": -0.108, "2009-09-30": 0, "2009-06-30": 0, "2009-03-31": "", "2008-12-31": 0, "2008-09-30": -0.09, "2008-06-30": -0.06, "2008-03-31": "-0.10800", "2007-12-31": 0, "2007-09-30": 0, "2007-06-30": -1.348, "2007-03-31": "-0.60400", "2006-12-31": 0, "2006-09-30": 0, "2006-06-30": 0, "2006-03-31": "", "2005-12-31": 0, "2005-09-30": 0, "2005-06-30": 0, "2005-03-31": ""}, "Net Acquisitions/Divestitures": {"2020-09-30": 0, "2020-06-30": 0, "2020-03-31": "", "2019-12-31": 0, "2019-09-30": 0, "2019-06-30": 0, "2019-03-31": "", "2018-12-31": 0, "2018-09-30": 0, "2018-06-30": -19.059, "2018-03-31": "", "2017-12-31": 0, "2017-09-30": 0, "2017-06-30": 0, "2017-03-31": "", "2016-12-31": 0, "2016-09-30": 0, "2016-06-30": 0, "2016-03-31": "", "2015-12-31": 0, "2015-09-30": 0, "2015-06-30": 0, "2015-03-31": "", "2014-12-31": 0, "2014-09-30": 10.031, "2014-06-30": 0, "2014-03-31": "", "2013-12-31": 0, "2013-09-30": 0, "2013-06-30": 0, "2013-03-31": "", "2012-12-31": 69.987, "2012-09-30": 0, "2012-06-30": 0, "2012-03-31": "", "2011-12-31": -0.006, "2011-09-30": -0.019, "2011-06-30": 0, "2011-03-31": "", "2010-12-31": 0, "2010-09-30": 2.339, "2010-06-30": -0.048, "2010-03-31": "0.46200", "2009-12-31": 0, "2009-09-30": 0, "2009-06-30": 0, "2009-03-31": "", "2008-12-31": 0, "2008-09-30": 0, "2008-06-30": -0.473, "2008-03-31": "", "2007-12-31": 0, "2007-09-30": -30.544, "2007-06-30": 211.758, "2007-03-31": "0.95000", "2006-12-31": 2, "2006-09-30": -0.417, "2006-06-30": 77, "2006-03-31": "", "2005-12-31": 0, "2005-09-30": 0, "2005-06-30": 0, "2005-03-31": ""}, "Net Change In Short-term Investments": {"2020-09-30": 0, "2020-06-30": 0, "2020-03-31": "", "2019-12-31": 0, "2019-09-30": 0, "2019-06-30": 0, "2019-03-31": "", "2018-12-31": 0, "2018-09-30": 0, "2018-06-30": 0, "2018-03-31": "", "2017-12-31": 0, "2017-09-30": 0, "2017-06-30": 0, "2017-03-31": "", "2016-12-31": 0, "2016-09-30": 0, "2016-06-30": 0, "2016-03-31": "", "2015-12-31": 0, "2015-09-30": 0, "2015-06-30": 0, "2015-03-31": "", "2014-12-31": 0, "2014-09-30": 0, "2014-06-30": 0, "2014-03-31": "", "2013-12-31": 0, "2013-09-30": 0, "2013-06-30": 0, "2013-03-31": "", "2012-12-31": 0, "2012-09-30": 0, "2012-06-30": 0, "2012-03-31": "", "2011-12-31": 0, "2011-09-30": 0, "2011-06-30": 0, "2011-03-31": "", "2010-12-31": 0, "2010-09-30": 0, "2010-06-30": 0, "2010-03-31": "", "2009-12-31": 0, "2009-09-30": 0, "2009-06-30": 0, "2009-03-31": "", "2008-12-31": 0, "2008-09-30": 0, "2008-06-30": 0, "2008-03-31": "", "2007-12-31": 0, "2007-09-30": 0, "2007-06-30": 0, "2007-03-31": "", "2006-12-31": 0, "2006-09-30": 0, "2006-06-30": 0, "2006-03-31": "", "2005-12-31": 0, "2005-09-30": 0, "2005-06-30": 0, "2005-03-31": ""}, "Net Change In Long-Term Investments": {"2020-09-30": 0, "2020-06-30": 0, "2020-03-31": "", "2019-12-31": 0, "2019-09-30": 0, "2019-06-30": 0, "2019-03-31": "", "2018-12-31": 0, "2018-09-30": 0, "2018-06-30": 0, "2018-03-31": "", "2017-12-31": 1.82, "2017-09-30": 0.964, "2017-06-30": 1.304, "2017-03-31": "-0.16200", "2016-12-31": -0.086, "2016-09-30": -0.322, "2016-06-30": -0.323, "2016-03-31": "-0.15900", "2015-12-31": -0.321, "2015-09-30": 0.213, "2015-06-30": -0.312, "2015-03-31": "-0.14500", "2014-12-31": -0.309, "2014-09-30": -0.181, "2014-06-30": -0.309, "2014-03-31": "0.15100", "2013-12-31": -0.296, "2013-09-30": -0.174, "2013-06-30": -0.301, "2013-03-31": "0.16600", "2012-12-31": 14.695, "2012-09-30": -0.268, "2012-06-30": -0.126, "2012-03-31": "-15.00700", "2011-12-31": -0.205, "2011-09-30": 0.157, "2011-06-30": 0.766, "2011-03-31": "1.70700", "2010-12-31": -0.125, "2010-09-30": -0.187, "2010-06-30": 0.081, "2010-03-31": "0.02500", "2009-12-31": -0.047, "2009-09-30": 0.306, "2009-06-30": 4.132, "2009-03-31": "9.28300", "2008-12-31": 0.054, "2008-09-30": -0.076, "2008-06-30": -1.084, "2008-03-31": "-2.22400", "2007-12-31": -0.15, "2007-09-30": -0.153, "2007-06-30": -1.202, "2007-03-31": "-0.13500", "2006-12-31": -0.09, "2006-09-30": -11.001, "2006-06-30": 0, "2006-03-31": "", "2005-12-31": 0, "2005-09-30": 0, "2005-06-30": 0, "2005-03-31": "134.50800"}, "Net Change In Investments - Total": {"2020-09-30": 0, "2020-06-30": 0, "2020-03-31": "", "2019-12-31": 0, "2019-09-30": 0, "2019-06-30": 0, "2019-03-31": "", "2018-12-31": 0, "2018-09-30": 0, "2018-06-30": 0, "2018-03-31": "", "2017-12-31": 1.82, "2017-09-30": 0.964, "2017-06-30": 1.304, "2017-03-31": "-0.16200", "2016-12-31": -0.086, "2016-09-30": -0.322, "2016-06-30": -0.323, "2016-03-31": "-0.15900", "2015-12-31": -0.321, "2015-09-30": 0.213, "2015-06-30": -0.312, "2015-03-31": "-0.14500", "2014-12-31": -0.309, "2014-09-30": -0.181, "2014-06-30": -0.309, "2014-03-31": "0.15100", "2013-12-31": -0.296, "2013-09-30": -0.174, "2013-06-30": -0.301, "2013-03-31": "0.16600", "2012-12-31": 14.695, "2012-09-30": -0.268, "2012-06-30": -0.126, "2012-03-31": "-15.00700", "2011-12-31": -0.205, "2011-09-30": 0.157, "2011-06-30": 0.766, "2011-03-31": "1.70700", "2010-12-31": -0.125, "2010-09-30": -0.187, "2010-06-30": 0.081, "2010-03-31": "0.02500", "2009-12-31": -0.047, "2009-09-30": 0.306, "2009-06-30": 4.132, "2009-03-31": "9.28300", "2008-12-31": 0.054, "2008-09-30": -0.076, "2008-06-30": -1.084, "2008-03-31": "-2.22400", "2007-12-31": -0.15, "2007-09-30": -0.153, "2007-06-30": -1.202, "2007-03-31": "-0.13500", "2006-12-31": -0.09, "2006-09-30": -11.001, "2006-06-30": 0, "2006-03-31": "", "2005-12-31": 0, "2005-09-30": 0, "2005-06-30": 0, "2005-03-31": "134.50800"}, "Investing Activities - Other": {"2020-09-30": 0, "2020-06-30": 0.472, "2020-03-31": "2.04200", "2019-12-31": 2.1, "2019-09-30": 0, "2019-06-30": 1.013, "2019-03-31": "0.62400", "2018-12-31": 2.5, "2018-09-30": 0, "2018-06-30": 0, "2018-03-31": "", "2017-12-31": 0.523, "2017-09-30": 0, "2017-06-30": 0, "2017-03-31": "", "2016-12-31": 0, "2016-09-30": 0, "2016-06-30": -0.023, "2016-03-31": "0.34300", "2015-12-31": 0, "2015-09-30": 0, "2015-06-30": 0, "2015-03-31": "0.17300", "2014-12-31": 0.402, "2014-09-30": 0.038, "2014-06-30": 0.241, "2014-03-31": "0.16900", "2013-12-31": 0, "2013-09-30": 0, "2013-06-30": 0, "2013-03-31": "", "2012-12-31": 0, "2012-09-30": 0, "2012-06-30": 0.966, "2012-03-31": "0.52800", "2011-12-31": 0, "2011-09-30": 0, "2011-06-30": 0, "2011-03-31": "0.53600", "2010-12-31": 1.885, "2010-09-30": 46.122, "2010-06-30": -0.032, "2010-03-31": "5.75300", "2009-12-31": -0.477, "2009-09-30": 0.28, "2009-06-30": 0.136, "2009-03-31": "1.46100", "2008-12-31": -0.547, "2008-09-30": 0, "2008-06-30": 1.666, "2008-03-31": "7.04600", "2007-12-31": 1.5, "2007-09-30": -0.01, "2007-06-30": -0.162, "2007-03-31": "-0.87800", "2006-12-31": 12.785, "2006-09-30": 7.439, "2006-06-30": -3.076, "2006-03-31": "-2.57600", "2005-12-31": -7.778, "2005-09-30": -0.161, "2005-06-30": -0.776, "2005-03-31": "-0.75300"}, "Cash Flow From Investing Activities": {"2020-09-30": -17.337, "2020-06-30": -21.693, "2020-03-31": "-51.41600", "2019-12-31": -17.125, "2019-09-30": -26.88, "2019-06-30": -47.662, "2019-03-31": "-47.45900", "2018-12-31": -20.866, "2018-09-30": -21.686, "2018-06-30": -67.095, "2018-03-31": "-42.46500", "2017-12-31": -15.732, "2017-09-30": -18.383, "2017-06-30": -44.262, "2017-03-31": "-51.78600", "2016-12-31": -28.102, "2016-09-30": -20.014, "2016-06-30": -38.275, "2016-03-31": "-41.35000", "2015-12-31": -18.339, "2015-09-30": -20.819, "2015-06-30": -36.48, "2015-03-31": "-34.03000", "2014-12-31": -12.835, "2014-09-30": -4.068, "2014-06-30": -39.493, "2014-03-31": "-41.93200", "2013-12-31": -12.845, "2013-09-30": -16.979, "2013-06-30": -36.099, "2013-03-31": "-36.38000", "2012-12-31": 65.993, "2012-09-30": -14.368, "2012-06-30": -28.574, "2012-03-31": "-50.70800", "2011-12-31": -22.098, "2011-09-30": -9.351, "2011-06-30": -35.998, "2011-03-31": "-21.08100", "2010-12-31": -18.451, "2010-09-30": 37.486, "2010-06-30": -33.308, "2010-03-31": "-24.50700", "2009-12-31": -24.146, "2009-09-30": -5.93, "2009-06-30": -25.777, "2009-03-31": "-27.33500", "2008-12-31": -6.327, "2008-09-30": -11.674, "2008-06-30": -43.244, "2008-03-31": "-32.43300", "2007-12-31": -22.652, "2007-09-30": -51.517, "2007-06-30": 171.524, "2007-03-31": "-33.17600", "2006-12-31": -9.142, "2006-09-30": -17.931, "2006-06-30": 32.97, "2006-03-31": "-45.91300", "2005-12-31": -33.517, "2005-09-30": -20.118, "2005-06-30": -65.505, "2005-03-31": "81.99300"}, "Net Long-Term Debt": {"2020-09-30": 0, "2020-06-30": 370, "2020-03-31": "-12.51000", "2019-12-31": -2, "2019-09-30": -2, "2019-06-30": 49.25, "2019-03-31": "122.00000", "2018-12-31": 43, "2018-09-30": -119, "2018-06-30": 3, "2018-03-31": "155.00000", "2017-12-31": 0, "2017-09-30": -28.867, "2017-06-30": 332.857, "2017-03-31": "59.84900", "2016-12-31": -0.094, "2016-09-30": -0.136, "2016-06-30": 77.861, "2016-03-31": "70.11300", "2015-12-31": -1.88, "2015-09-30": -1.877, "2015-06-30": 49.031, "2015-03-31": "78.41100", "2014-12-31": -1.576, "2014-09-30": -1.573, "2014-06-30": -1.577, "2014-03-31": "-1.58200", "2013-12-31": -1.567, "2013-09-30": -1.566, "2013-06-30": -1.57, "2013-03-31": "-1.57300", "2012-12-31": 449.896, "2012-09-30": -1.04, "2012-06-30": -1.044, "2012-03-31": "-1.04200", "2011-12-31": -23.732, "2011-09-30": -0.22, "2011-06-30": -4.323, "2011-03-31": "3.26300", "2010-12-31": -56.3719, "2010-09-30": -25.578, "2010-06-30": -463.088, "2010-03-31": "4.49200", "2009-12-31": -11.079, "2009-09-30": -4.622, "2009-06-30": 56.683, "2009-03-31": "12.16800", "2008-12-31": 241.73, "2008-09-30": -162.528, "2008-06-30": 34.754, "2008-03-31": "111.41700", "2007-12-31": 6.559, "2007-09-30": -11.507, "2007-06-30": -128.393, "2007-03-31": "149.03900", "2006-12-31": 57.726, "2006-09-30": -142.715, "2006-06-30": -9.888, "2006-03-31": "92.61300", "2005-12-31": 94.79, "2005-09-30": -161.493, "2005-06-30": 0.45, "2005-03-31": "20.25200"}, "Net Current Debt": {"2020-09-30": 0, "2020-06-30": 0, "2020-03-31": "", "2019-12-31": 0, "2019-09-30": 0, "2019-06-30": 0, "2019-03-31": "", "2018-12-31": 0, "2018-09-30": 0, "2018-06-30": 0, "2018-03-31": "", "2017-12-31": 0, "2017-09-30": 0, "2017-06-30": 0, "2017-03-31": "", "2016-12-31": 0, "2016-09-30": 0, "2016-06-30": 0, "2016-03-31": "", "2015-12-31": 0, "2015-09-30": 0, "2015-06-30": 0, "2015-03-31": "", "2014-12-31": 0, "2014-09-30": 0, "2014-06-30": 0, "2014-03-31": "", "2013-12-31": 0, "2013-09-30": 0, "2013-06-30": 0, "2013-03-31": "", "2012-12-31": 0, "2012-09-30": 0, "2012-06-30": 0, "2012-03-31": "", "2011-12-31": 0, "2011-09-30": 0, "2011-06-30": 0, "2011-03-31": "", "2010-12-31": 0, "2010-09-30": 0, "2010-06-30": 0, "2010-03-31": "", "2009-12-31": 0, "2009-09-30": 0, "2009-06-30": 0, "2009-03-31": "", "2008-12-31": 0, "2008-09-30": 0, "2008-06-30": 0, "2008-03-31": "", "2007-12-31": 0, "2007-09-30": 0, "2007-06-30": 0, "2007-03-31": "", "2006-12-31": 0, "2006-09-30": 0, "2006-06-30": 0, "2006-03-31": "", "2005-12-31": 0, "2005-09-30": 0, "2005-06-30": 0, "2005-03-31": ""}, "Debt Issuance/Retirement Net - Total": {"2020-09-30": 0, "2020-06-30": 370, "2020-03-31": "-12.51000", "2019-12-31": -2, "2019-09-30": -2, "2019-06-30": 49.25, "2019-03-31": "122.00000", "2018-12-31": 43, "2018-09-30": -119, "2018-06-30": 3, "2018-03-31": "155.00000", "2017-12-31": 0, "2017-09-30": -28.867, "2017-06-30": 332.857, "2017-03-31": "59.84900", "2016-12-31": -0.094, "2016-09-30": -0.136, "2016-06-30": 77.861, "2016-03-31": "70.11300", "2015-12-31": -1.88, "2015-09-30": -1.877, "2015-06-30": 49.031, "2015-03-31": "78.41100", "2014-12-31": -1.576, "2014-09-30": -1.573, "2014-06-30": -1.577, "2014-03-31": "-1.58200", "2013-12-31": -1.567, "2013-09-30": -1.566, "2013-06-30": -1.57, "2013-03-31": "-1.57300", "2012-12-31": 449.896, "2012-09-30": -1.04, "2012-06-30": -1.044, "2012-03-31": "-1.04200", "2011-12-31": -23.732, "2011-09-30": -0.22, "2011-06-30": -4.323, "2011-03-31": "3.26300", "2010-12-31": -56.3719, "2010-09-30": -25.578, "2010-06-30": -463.088, "2010-03-31": "4.49200", "2009-12-31": -11.079, "2009-09-30": -4.622, "2009-06-30": 56.683, "2009-03-31": "12.16800", "2008-12-31": 241.73, "2008-09-30": -162.528, "2008-06-30": 34.754, "2008-03-31": "111.41700", "2007-12-31": 6.559, "2007-09-30": -11.507, "2007-06-30": -128.393, "2007-03-31": "149.03900", "2006-12-31": 57.726, "2006-09-30": -142.715, "2006-06-30": -9.888, "2006-03-31": "92.61300", "2005-12-31": 94.79, "2005-09-30": -161.493, "2005-06-30": 0.45, "2005-03-31": "20.25200"}, "Net Common Equity Issued/Repurchased": {"2020-09-30": 0.371, "2020-06-30": 1.031, "2020-03-31": "0.41500", "2019-12-31": 2.236, "2019-09-30": 3.739, "2019-06-30": 2.746, "2019-03-31": "10.85400", "2018-12-31": -26.77, "2018-09-30": 18.407, "2018-06-30": 10.63, "2018-03-31": "-69.55200", "2017-12-31": 26.246, "2017-09-30": -110.615, "2017-06-30": -354.034, "2017-03-31": "1.46300", "2016-12-31": -81.315, "2016-09-30": -64.947, "2016-06-30": -28.777, "2016-03-31": "-0.21100", "2015-12-31": -106.482, "2015-09-30": -88.707, "2015-06-30": -10.064, "2015-03-31": "0.67000", "2014-12-31": -69.057, "2014-09-30": -91.942, "2014-06-30": 2.777, "2014-03-31": "1.70900", "2013-12-31": -14.619, "2013-09-30": -79.02, "2013-06-30": -26.287, "2013-03-31": "-372.80300", "2012-12-31": -123.055, "2012-09-30": 20.33, "2012-06-30": -52.246, "2012-03-31": "-36.08400", "2011-12-31": -15.086, "2011-09-30": 5.91, "2011-06-30": -21.756, "2011-03-31": "-19.36600", "2010-12-31": 0.599, "2010-09-30": 0, "2010-06-30": 630.5, "2010-03-31": "", "2009-12-31": 0, "2009-09-30": 0, "2009-06-30": 0, "2009-03-31": "", "2008-12-31": 0, "2008-09-30": 0, "2008-06-30": 0, "2008-03-31": "", "2007-12-31": 0, "2007-09-30": 0, "2007-06-30": 0, "2007-03-31": "", "2006-12-31": 0.001, "2006-09-30": 0, "2006-06-30": 0, "2006-03-31": "0.16300", "2005-12-31": 0.078, "2005-09-30": 0, "2005-06-30": 0, "2005-03-31": ""}, "Net Total Equity Issued/Repurchased": {"2020-09-30": 0.371, "2020-06-30": 1.031, "2020-03-31": "0.41500", "2019-12-31": 2.236, "2019-09-30": 3.739, "2019-06-30": 2.746, "2019-03-31": "10.85400", "2018-12-31": -26.77, "2018-09-30": 18.407, "2018-06-30": 10.63, "2018-03-31": "-69.55200", "2017-12-31": 26.246, "2017-09-30": -110.615, "2017-06-30": -354.034, "2017-03-31": "1.46300", "2016-12-31": -81.315, "2016-09-30": -64.947, "2016-06-30": -28.777, "2016-03-31": "-0.21100", "2015-12-31": -106.482, "2015-09-30": -88.707, "2015-06-30": -10.064, "2015-03-31": "0.67000", "2014-12-31": -69.057, "2014-09-30": -91.942, "2014-06-30": 2.777, "2014-03-31": "1.70900", "2013-12-31": -14.619, "2013-09-30": -79.02, "2013-06-30": -26.287, "2013-03-31": "-372.80300", "2012-12-31": -123.055, "2012-09-30": 20.33, "2012-06-30": -52.246, "2012-03-31": "-36.08400", "2011-12-31": -15.086, "2011-09-30": 5.91, "2011-06-30": -21.756, "2011-03-31": "-19.36600", "2010-12-31": 0.599, "2010-09-30": 0, "2010-06-30": 630.5, "2010-03-31": "", "2009-12-31": 0, "2009-09-30": 0, "2009-06-30": 0, "2009-03-31": "", "2008-12-31": 0, "2008-09-30": 0, "2008-06-30": 0, "2008-03-31": "", "2007-12-31": 0, "2007-09-30": 0, "2007-06-30": 0, "2007-03-31": "", "2006-12-31": 0.001, "2006-09-30": 0, "2006-06-30": 0, "2006-03-31": "0.16300", "2005-12-31": 0.078, "2005-09-30": 0, "2005-06-30": 0, "2005-03-31": ""}, "Total Common And Preferred Stock Dividends Paid": {"2020-09-30": -1.079, "2020-06-30": -0.051, "2020-03-31": "-21.36700", "2019-12-31": -70.211, "2019-09-30": -70.481, "2019-06-30": -69.166, "2019-03-31": "-69.09300", "2018-12-31": -68.799, "2018-09-30": -66.899, "2018-06-30": -65.322, "2018-03-31": "-66.02400", "2017-12-31": -59.067, "2017-09-30": -54.75, "2017-06-30": -54.738, "2017-03-31": "-58.54600", "2016-12-31": -58.816, "2016-09-30": -54.561, "2016-06-30": -53.827, "2016-03-31": "-53.11000", "2015-12-31": -53.095, "2015-09-30": -49.672, "2015-06-30": -49.414, "2015-03-31": "-48.77600", "2014-12-31": -48.525, "2014-09-30": -46.239, "2014-06-30": -44.594, "2014-03-31": "-44.94200", "2013-12-31": -44.728, "2013-09-30": -43.448, "2013-06-30": -42.806, "2013-03-31": "-45.18900", "2012-12-31": -51.614, "2012-09-30": -32.227, "2012-06-30": -31.867, "2012-03-31": "-32.57800", "2011-12-31": -3.27, "2011-09-30": -3.243, "2011-06-30": -1.628, "2011-03-31": "-1.65000", "2010-12-31": -1.649, "2010-09-30": 0, "2010-06-30": 0, "2010-03-31": "", "2009-12-31": 0, "2009-09-30": 0, "2009-06-30": 0, "2009-03-31": "", "2008-12-31": 0, "2008-09-30": 0, "2008-06-30": 0, "2008-03-31": "-5.21100", "2007-12-31": -5.211, "2007-09-30": -5.211, "2007-06-30": -5.211, "2007-03-31": "-5.21100", "2006-12-31": -5.211, "2006-09-30": -5.211, "2006-06-30": -5.211, "2006-03-31": "-5.21100", "2005-12-31": -5.211, "2005-09-30": -5.211, "2005-06-30": -5.211, "2005-03-31": "-5.21100"}, "Financial Activities - Other": {"2020-09-30": -21.665, "2020-06-30": -26.622, "2020-03-31": "", "2019-12-31": -21.361, "2019-09-30": -20.376, "2019-06-30": -9.144, "2019-03-31": "", "2018-12-31": -20.004, "2018-09-30": -20.003, "2018-06-30": -0.646, "2018-03-31": "-0.50000", "2017-12-31": -19.605, "2017-09-30": -19.679, "2017-06-30": -37.39, "2017-03-31": "", "2016-12-31": -19.753, "2016-09-30": -19.721, "2016-06-30": -5.452, "2016-03-31": "", "2015-12-31": -19.101, "2015-09-30": -20.987, "2015-06-30": -11.545, "2015-03-31": "", "2014-12-31": -19.006, "2014-09-30": -19.006, "2014-06-30": -0.019, "2014-03-31": "", "2013-12-31": -21.213, "2013-09-30": -28.19, "2013-06-30": -0.292, "2013-03-31": "-0.25900", "2012-12-31": -33.84, "2012-09-30": -18.441, "2012-06-30": -2.063, "2012-03-31": "-1.40700", "2011-12-31": -35.013, "2011-09-30": -17.994, "2011-06-30": -0.995, "2011-03-31": "-0.50200", "2010-12-31": -29.635, "2010-09-30": -17.892, "2010-06-30": -46.494, "2010-03-31": "", "2009-12-31": -17.536, "2009-09-30": -17.536, "2009-06-30": -58.898, "2009-03-31": "-0.05200", "2008-12-31": -20.308, "2008-09-30": -30.01, "2008-06-30": -0.091, "2008-03-31": "-0.00700", "2007-12-31": -45.865, "2007-09-30": -1.083, "2007-06-30": -17.991, "2007-03-31": "", "2006-12-31": 0.01, "2006-09-30": -2.901, "2006-06-30": -0.059, "2006-03-31": "", "2005-12-31": -1.084, "2005-09-30": 0, "2005-06-30": -0.222, "2005-03-31": "-4.23400"}, "Cash Flow From Financial Activities": {"2020-09-30": -22.373, "2020-06-30": 344.358, "2020-03-31": "-33.46200", "2019-12-31": -91.336, "2019-09-30": -89.118, "2019-06-30": -26.314, "2019-03-31": "63.76100", "2018-12-31": -72.573, "2018-09-30": -187.495, "2018-06-30": -52.338, "2018-03-31": "18.92400", "2017-12-31": -52.426, "2017-09-30": -213.911, "2017-06-30": -113.305, "2017-03-31": "2.76600", "2016-12-31": -159.978, "2016-09-30": -139.365, "2016-06-30": -10.195, "2016-03-31": "16.79200", "2015-12-31": -180.558, "2015-09-30": -161.243, "2015-06-30": -21.992, "2015-03-31": "30.30500", "2014-12-31": -138.164, "2014-09-30": -158.76, "2014-06-30": -43.413, "2014-03-31": "-44.81500", "2013-12-31": -82.127, "2013-09-30": -152.224, "2013-06-30": -70.955, "2013-03-31": "-419.82400", "2012-12-31": 241.387, "2012-09-30": -31.378, "2012-06-30": -87.22, "2012-03-31": "-71.11100", "2011-12-31": -77.101, "2011-09-30": -15.547, "2011-06-30": -28.702, "2011-03-31": "-18.25500", "2010-12-31": -87.057, "2010-09-30": -43.47, "2010-06-30": 120.918, "2010-03-31": "4.49200", "2009-12-31": -28.615, "2009-09-30": -22.158, "2009-06-30": -2.215, "2009-03-31": "12.11600", "2008-12-31": 221.422, "2008-09-30": -192.538, "2008-06-30": 34.663, "2008-03-31": "106.19900", "2007-12-31": -44.517, "2007-09-30": -17.801, "2007-06-30": -151.595, "2007-03-31": "143.82800", "2006-12-31": 52.526, "2006-09-30": -150.827, "2006-06-30": -15.158, "2006-03-31": "87.56500", "2005-12-31": 88.573, "2005-09-30": -166.704, "2005-06-30": -4.983, "2005-03-31": "10.80700"}, "Net Cash Flow": {"2020-09-30": -82.049, "2020-06-30": 273.145, "2020-03-31": "-151.36800", "2019-12-31": -37.618, "2019-09-30": 97.999, "2019-06-30": 93.364, "2019-03-31": "-24.17400", "2018-12-31": -23.949, "2018-09-30": -0.068, "2018-06-30": 35.57, "2018-03-31": "-44.44100", "2017-12-31": -5.187, "2017-09-30": 14.404, "2017-06-30": 37.278, "2017-03-31": "-106.38400", "2016-12-31": -101.372, "2016-09-30": 75.209, "2016-06-30": 140.96, "2016-03-31": "-77.17200", "2015-12-31": -111.068, "2015-09-30": 56.043, "2015-06-30": 138.437, "2015-03-31": "-57.53600", "2014-12-31": -90.893, "2014-09-30": 47.535, "2014-06-30": 94.857, "2014-03-31": "-146.92500", "2013-12-31": -31.652, "2013-09-30": -0.249, "2013-06-30": 63.899, "2013-03-31": "-491.89600", "2012-12-31": 347.764, "2012-09-30": 153.634, "2012-06-30": 58.426, "2012-03-31": "-162.04300", "2011-12-31": -73.336, "2011-09-30": 162.639, "2011-06-30": 63.386, "2011-03-31": "-108.32300", "2010-12-31": -68.337, "2010-09-30": 133.349, "2010-06-30": 35.332, "2010-03-31": "-78.11300", "2009-12-31": -97.296, "2009-09-30": 133.288, "2009-06-30": 49.426, "2009-03-31": "-130.92000", "2008-12-31": 176.004, "2008-09-30": -31.941, "2008-06-30": 53.608, "2008-03-31": "-15.72700", "2007-12-31": -77.023, "2007-09-30": 23.541, "2007-06-30": 46.297, "2007-03-31": "11.27800", "2006-12-31": -32.147, "2006-09-30": -21.477, "2006-06-30": 68.419, "2006-03-31": "-71.01000", "2005-12-31": -34.826, "2005-09-30": -0.264, "2005-06-30": 52.459, "2005-03-31": "-4.62300"}, "Stock-Based Compensation": {"2020-09-30": 7.907, "2020-06-30": 6.02, "2020-03-31": "4.28000", "2019-12-31": 1.927, "2019-09-30": 3.903, "2019-06-30": 3.553, "2019-03-31": "3.89100", "2018-12-31": -77.456, "2018-09-30": 10.183, "2018-06-30": 16.036, "2018-03-31": "4.55300", "2017-12-31": 16.358, "2017-09-30": -35.74, "2017-06-30": -15.305, "2017-03-31": "11.99000", "2016-12-31": 20.095, "2016-09-30": 89.994, "2016-06-30": 4.244, "2016-03-31": "2.00600", "2015-12-31": 19.715, "2015-09-30": 9.803, "2015-06-30": 4.408, "2015-03-31": "22.30700", "2014-12-31": 50.771, "2014-09-30": 78.168, "2014-06-30": 5.74, "2014-03-31": "5.35900", "2013-12-31": 5.538, "2013-09-30": 7.077, "2013-06-30": 7.322, "2013-03-31": "7.09700", "2012-12-31": 17.991, "2012-09-30": 12.751, "2012-06-30": 15.124, "2012-03-31": "17.00900", "2011-12-31": 19.945, "2011-09-30": 6.652, "2011-06-30": 13.361, "2011-03-31": "14.30300", "2010-12-31": 13.447, "2010-09-30": 5.221, "2010-06-30": 0.12, "2010-03-31": "0.59800", "2009-12-31": 0.635, "2009-09-30": 0.521, "2009-06-30": 0.602, "2009-03-31": "0.83900", "2008-12-31": -0.091, "2008-09-30": 0.078, "2008-06-30": 2.631, "2008-03-31": "3.59200", "2007-12-31": 6.296, "2007-09-30": 1.822, "2007-06-30": 1.957, "2007-03-31": "2.45000", "2006-12-31": 2.676, "2006-09-30": 2.277, "2006-06-30": 1.712, "2006-03-31": "9.06300", "2005-12-31": 2.174, "2005-09-30": 0.166, "2005-06-30": 0.166, "2005-03-31": "0.28800"}, "Common Stock Dividends Paid": {"2020-09-30": -1.079, "2020-06-30": -0.051, "2020-03-31": "-21.36700", "2019-12-31": -70.211, "2019-09-30": -70.481, "2019-06-30": -69.166, "2019-03-31": "-69.09300", "2018-12-31": -68.799, "2018-09-30": -66.899, "2018-06-30": -65.322, "2018-03-31": "-66.02400", "2017-12-31": -59.067, "2017-09-30": -54.75, "2017-06-30": -54.738, "2017-03-31": "-58.54600", "2016-12-31": -58.816, "2016-09-30": -54.561, "2016-06-30": -53.827, "2016-03-31": "-53.11000", "2015-12-31": -53.095, "2015-09-30": -49.672, "2015-06-30": -49.414, "2015-03-31": "-48.77600", "2014-12-31": -48.525, "2014-09-30": -46.239, "2014-06-30": -44.594, "2014-03-31": "-44.94200", "2013-12-31": -44.728, "2013-09-30": -43.448, "2013-06-30": -42.806, "2013-03-31": "-45.18900", "2012-12-31": 96.672, "2012-09-30": -32.227, "2012-06-30": -31.867, "2012-03-31": "-32.57800", "2011-12-31": -3.27, "2011-09-30": -3.243, "2011-06-30": -1.628, "2011-03-31": "-1.65000", "2010-12-31": -1.649, "2010-09-30": 0, "2010-06-30": 0, "2010-03-31": "", "2009-12-31": 0, "2009-09-30": 0, "2009-06-30": 0, "2009-03-31": "", "2008-12-31": -5.211, "2008-09-30": 0, "2008-06-30": 0, "2008-03-31": "", "2007-12-31": 0, "2007-09-30": 0, "2007-06-30": 0, "2007-03-31": "", "2006-12-31": 0, "2006-09-30": 0, "2006-06-30": 0, "2006-03-31": "", "2005-12-31": 0, "2005-09-30": 0, "2005-06-30": 0, "2005-03-31": ""}}, "financial ratios": {"Current Ratio": {"2019-12-31": "1.10750", "2018-12-31": "0.65680", "2017-12-31": "0.74230", "2016-12-31": "0.88240", "2015-12-31": "0.83800", "2014-12-31": "0.85690", "2013-12-31": "1.63210", "2012-12-31": "4.19810", "2011-12-31": "1.39590", "2010-12-31": "1.30040", "2009-12-31": "0.26100", "2008-12-31": "0.67010", "2007-12-31": "0.55400", "2006-12-31": "0.45600", "2005-12-31": "0.74430"}, "Long-term Debt / Capital": {"2019-12-31": "1.46180", "2018-12-31": "1.45270", "2017-12-31": "1.33320", "2016-12-31": "1.12970", "2015-12-31": "0.98410", "2014-12-31": "0.85980", "2013-12-31": "0.78880", "2012-12-31": "0.61150", "2011-12-31": "0.54580", "2010-12-31": "0.51940", "2009-12-31": "1.42250", "2008-12-31": "1.22580", "2007-12-31": "1.12720", "2006-12-31": "1.00290", "2005-12-31": "0.75410"}, "Debt/Equity Ratio": {"2019-12-31": "-3.17670", "2018-12-31": "-3.27560", "2017-12-31": "-4.00140", "2016-12-31": "-8.86720", "2015-12-31": "62.17080", "2014-12-31": "6.16320", "2013-12-31": "3.75160", "2012-12-31": "1.58130", "2011-12-31": "1.24780", "2010-12-31": "1.11860", "2009-12-31": "-4.11960", "2008-12-31": "-6.10410", "2007-12-31": "-8.93750", "2006-12-31": "-360.68680", "2005-12-31": "3.23010"}, "Gross Margin": {"2019-12-31": "91.24060", "2018-12-31": "91.67850", "2017-12-31": "91.87870", "2016-12-31": "91.69480", "2015-12-31": "92.03210", "2014-12-31": "92.30180", "2013-12-31": "92.19200", "2012-12-31": "92.50990", "2011-12-31": "92.37190", "2010-12-31": "91.89490", "2009-12-31": "91.62380", "2008-12-31": "91.58080", "2007-12-31": "91.60800", "2006-12-31": "91.51060", "2005-12-31": "91.30430"}, "Operating Margin": {"2019-12-31": "29.18080", "2018-12-31": "35.70450", "2017-12-31": "34.24750", "2016-12-31": "24.23510", "2015-12-31": "27.36740", "2014-12-31": "19.81270", "2013-12-31": "25.21900", "2012-12-31": "18.35500", "2011-12-31": "11.96780", "2010-12-31": "8.58990", "2009-12-31": "7.15950", "2008-12-31": "14.84150", "2007-12-31": "3.92900", "2006-12-31": "5.41160", "2005-12-31": "15.50670"}, "EBIT Margin": {"2019-12-31": "29.18080", "2018-12-31": "35.70450", "2017-12-31": "34.24750", "2016-12-31": "24.23510", "2015-12-31": "27.36740", "2014-12-31": "19.81270", "2013-12-31": "25.21900", "2012-12-31": "18.35500", "2011-12-31": "11.96780", "2010-12-31": "8.58990", "2009-12-31": "7.15950", "2008-12-31": "14.84150", "2007-12-31": "3.92900", "2006-12-31": "5.41160", "2005-12-31": "15.50670"}, "EBITDA Margin": {"2019-12-31": "37.36810", "2018-12-31": "43.88040", "2017-12-31": "42.76300", "2016-12-31": "32.67800", "2015-12-31": "36.22300", "2014-12-31": "29.41090", "2013-12-31": "37.14410", "2012-12-31": "32.41190", "2011-12-31": "29.41300", "2010-12-31": "25.97180", "2009-12-31": "23.37330", "2008-12-31": "28.84830", "2007-12-31": "18.86820", "2006-12-31": "20.38100", "2005-12-31": "29.70690"}, "Pre-Tax Profit Margin": {"2019-12-31": "20.95750", "2018-12-31": "28.13800", "2017-12-31": "24.21150", "2016-12-31": "17.67970", "2015-12-31": "20.82570", "2014-12-31": "13.60880", "2013-12-31": "18.37280", "2012-12-31": "19.77070", "2011-12-31": "0.38290", "2010-12-31": "76.69120", "2009-12-31": "-17.48590", "2008-12-31": "5.82200", "2007-12-31": "-20.13570", "2006-12-31": "-21.40340", "2005-12-31": "-10.99130"}, "Net Profit Margin": {"2019-12-31": "12.03730", "2018-12-31": "18.85600", "2017-12-31": "20.14730", "2016-12-31": "8.96640", "2015-12-31": "12.23870", "2014-12-31": "6.46560", "2013-12-31": "10.68100", "2012-12-31": "34.18890", "2011-12-31": "-2.23650", "2010-12-31": "61.37240", "2009-12-31": "-27.31120", "2008-12-31": "-14.09700", "2007-12-31": "-28.56110", "2006-12-31": "-34.76930", "2005-12-31": "-13.89150"}, "Asset Turnover": {"2019-12-31": "0.51610", "2018-12-31": "0.58150", "2017-12-31": "0.55320", "2016-12-31": "0.53040", "2015-12-31": "0.52050", "2014-12-31": "0.48650", "2013-12-31": "0.42560", "2012-12-31": "0.35020", "2011-12-31": "0.38260", "2010-12-31": "0.35700", "2009-12-31": "0.30920", "2008-12-31": "0.33190", "2007-12-31": "0.32960", "2006-12-31": "0.29560", "2005-12-31": "0.27400"}, "Inventory Turnover Ratio": {"2019-12-31": "3.95450", "2018-12-31": "4.23240", "2017-12-31": "4.42200", "2016-12-31": "4.53630", "2015-12-31": "4.67650", "2014-12-31": "4.29000", "2013-12-31": "3.90870", "2012-12-31": "3.59820", "2011-12-31": "3.68500", "2010-12-31": "3.35980", "2009-12-31": "3.45250", "2008-12-31": "3.39960", "2007-12-31": "3.09060", "2006-12-31": "3.45870", "2005-12-31": "3.37100"}, "Receiveable Turnover": {"2019-12-31": "13.68790", "2018-12-31": "12.61350", "2017-12-31": "18.69610", "2016-12-31": "19.11670", "2015-12-31": "19.81000", "2014-12-31": "19.98870", "2013-12-31": "21.50650", "2012-12-31": "36.25420", "2011-12-31": "54.88190", "2010-12-31": "48.18020", "2009-12-31": "45.25890", "2008-12-31": "50.14680", "2007-12-31": "36.61830", "2006-12-31": "23.06830", "2005-12-31": "18.81860"}, "Days Sales In Receivables": {"2019-12-31": "26.66600", "2018-12-31": "28.93730", "2017-12-31": "19.52280", "2016-12-31": "19.09320", "2015-12-31": "18.42500", "2014-12-31": "18.26040", "2013-12-31": "16.97160", "2012-12-31": "10.06780", "2011-12-31": "6.65070", "2010-12-31": "7.57570", "2009-12-31": "8.06470", "2008-12-31": "7.27860", "2007-12-31": "9.96770", "2006-12-31": "15.82260", "2005-12-31": "19.39570"}, "ROE - Return On Equity": {"2019-12-31": "-30.69580", "2018-12-31": "-49.13800", "2017-12-31": "-61.97160", "2016-12-31": "-84.04050", "2015-12-31": "796.39730", "2014-12-31": "50.68850", "2013-12-31": "41.87210", "2012-12-31": "44.53480", "2011-12-31": "1.55690", "2010-12-31": "71.94460", "2009-12-31": "27.40420", "2008-12-31": "15.42450", "2007-12-31": "79.83730", "2006-12-31": "3315.26200", "2005-12-31": "-15.68190"}, "Return On Tangible Equity": {"2019-12-31": "-12.77310", "2018-12-31": "-19.13150", "2017-12-31": "-21.05160", "2016-12-31": "-13.38740", "2015-12-31": "-20.03770", "2014-12-31": "-14.82140", "2013-12-31": "-25.25330", "2012-12-31": "-334.97770", "2011-12-31": "-4.67200", "2010-12-31": "-361.37240", "2009-12-31": "9.73300", "2008-12-31": "4.04410", "2007-12-31": "15.31470", "2006-12-31": "19.49250", "2005-12-31": "30.22790"}, "ROA - Return On Assets": {"2019-12-31": "7.62580", "2018-12-31": "12.55310", "2017-12-31": "12.74190", "2016-12-31": "6.30010", "2015-12-31": "7.94150", "2014-12-31": "4.69570", "2013-12-31": "5.99440", "2012-12-31": "12.94880", "2011-12-31": "0.45100", "2010-12-31": "22.85180", "2009-12-31": "-5.50570", "2008-12-31": "-1.91650", "2007-12-31": "-6.84760", "2006-12-31": "-6.46180", "2005-12-31": "-3.11760"}, "ROI - Return On Investment": {"2019-12-31": "14.17480", "2018-12-31": "22.24720", "2017-12-31": "20.64730", "2016-12-31": "10.89900", "2015-12-31": "12.66920", "2014-12-31": "7.10420", "2013-12-31": "8.84350", "2012-12-31": "17.30030", "2011-12-31": "0.70710", "2010-12-31": "34.57760", "2009-12-31": "-11.57890", "2008-12-31": "-3.48220", "2007-12-31": "-10.15300", "2006-12-31": "-9.71280", "2005-12-31": "-3.85640"}, "Book Value Per Share": {"2019-12-31": "-8.46140", "2018-12-31": "-7.65930", "2017-12-31": "-5.97850", "2016-12-31": "-2.05270", "2015-12-31": "0.26450", "2014-12-31": "2.40910", "2013-12-31": "3.93580", "2012-12-31": "8.25610", "2011-12-31": "7.01980", "2010-12-31": "7.78930", "2009-12-31": "-1.48530", "2008-12-31": "-0.96310", "2007-12-31": "-0.66310", "2006-12-31": "-0.01650", "2005-12-31": "1.86210"}, "Operating Cash Flow Per Share": {"2019-12-31": -0.003, "2018-12-31": -0.1942, "2017-12-31": 0.122, "2016-12-31": 0.0721, "2015-12-31": 0.8376, "2014-12-31": 0.3244, "2013-12-31": 0.3232, "2012-12-31": 0.854, "2011-12-31": 1.9093, "2010-12-31": 0.1888, "2009-12-31": 0.1203, "2008-12-31": 0.2521, "2007-12-31": -0.0005, "2006-12-31": -0.3, "2005-12-31": 0.326}, "Free Cash Flow Per Share": {"2019-12-31": -0.0979, "2018-12-31": -0.2596, "2017-12-31": -0.0532, "2016-12-31": -0.1589, "2015-12-31": 0.8284, "2014-12-31": 0.2312, "2013-12-31": 0.198, "2012-12-31": 0.797, "2011-12-31": 1.9384, "2010-12-31": -0.1684, "2009-12-31": -0.1298, "2008-12-31": 0.303, "2007-12-31": 0.0203, "2006-12-31": -0.1883, "2005-12-31": -0.1095}}, "financial ratios, quarterly": {"Current Ratio": {"2020-09-30": "0.89080", "2020-06-30": "1.21760", "2020-03-31": "0.56170", "2019-12-31": "1.10750", "2019-09-30": "1.23800", "2019-06-30": "0.86030", "2019-03-31": "0.41910", "2018-12-31": "0.65680", "2018-09-30": "0.86230", "2018-06-30": "0.55260", "2018-03-31": "0.37420", "2017-12-31": "0.74230", "2017-09-30": "0.79650", "2017-06-30": "0.64980", "2017-03-31": "0.46950", "2016-12-31": "0.88240", "2016-09-30": "1.40300", "2016-06-30": "0.97020", "2016-03-31": "0.47380", "2015-12-31": "0.83800", "2015-09-30": "1.70500", "2015-06-30": "1.30520", "2015-03-31": "0.76500", "2014-12-31": "0.85690", "2014-09-30": "1.94110", "2014-06-30": "1.40060", "2014-03-31": "1.11800", "2013-12-31": "1.63210", "2013-09-30": "2.14520", "2013-06-30": "1.53950", "2013-03-31": "1.52930", "2012-12-31": "4.19810", "2012-09-30": "2.35720", "2012-06-30": "0.98880", "2012-03-31": "0.75560", "2011-12-31": "1.39590", "2011-09-30": "1.85270", "2011-06-30": "0.89570", "2011-03-31": "0.69750", "2010-12-31": "1.30040", "2010-09-30": "1.62230", "2010-06-30": "0.80210", "2010-03-31": "0.36090", "2009-12-31": "0.26100", "2009-09-30": "0.85920", "2009-06-30": "0.57020", "2009-03-31": "0.31320", "2008-12-31": "0.67010", "2008-09-30": "0.69490", "2008-06-30": "0.45710", "2008-03-31": "0.32910", "2007-12-31": "0.55400", "2007-09-30": "1.07380", "2007-06-30": "0.82290", "2007-03-31": "0.31290", "2006-12-31": "0.45600", "2006-09-30": "0.84590", "2006-06-30": "0.52860", "2006-03-31": "0.34960", "2005-12-31": "0.74430", "2005-09-30": "1.30980", "2005-06-30": "0.61170", "2005-03-31": "0.47410"}, "Long-term Debt / Capital": {"2020-09-30": "1.69730", "2020-06-30": "1.58870", "2020-03-31": "1.62580", "2019-12-31": "1.46180", "2019-09-30": "1.38880", "2019-06-30": "1.49330", "2019-03-31": "1.58890", "2018-12-31": "1.45270", "2018-09-30": "1.33300", "2018-06-30": "1.47730", "2018-03-31": "1.52750", "2017-12-31": "1.33320", "2017-09-30": "1.39600", "2017-06-30": "1.37880", "2017-03-31": "1.12830", "2016-12-31": "1.12970", "2016-09-30": "1.01130", "2016-06-30": "1.05910", "2016-03-31": "1.05140", "2015-12-31": "0.98410", "2015-09-30": "0.90390", "2015-06-30": "0.91810", "2015-03-31": "0.91760", "2014-12-31": "0.85980", "2014-09-30": "0.79950", "2014-06-30": "0.82100", "2014-03-31": "0.83610", "2013-12-31": "0.78880", "2013-09-30": "0.77520", "2013-06-30": "0.77420", "2013-03-31": "0.76710", "2012-12-31": "0.61150", "2012-09-30": "0.51300", "2012-06-30": "0.59820", "2012-03-31": "0.59050", "2011-12-31": "0.54580", "2011-09-30": "0.50490", "2011-06-30": "0.56250", "2011-03-31": "0.56930", "2010-12-31": "0.51940", "2010-09-30": "0.50600", "2010-06-30": "0.55200", "2010-03-31": "13.31820", "2009-12-31": "1.42250", "2009-09-30": "2.33640", "2009-06-30": "3.85760", "2009-03-31": "1.37770", "2008-12-31": "1.22580", "2008-09-30": "1.08690", "2008-06-30": "1.16060", "2008-03-31": "1.22480", "2007-12-31": "1.12720", "2007-09-30": "0.89940", "2007-06-30": "0.93350", "2007-03-31": "0.91320", "2006-12-31": "1.00290", "2006-09-30": "0.78650", "2006-06-30": "0.83710", "2006-03-31": "0.82480", "2005-12-31": "0.75410", "2005-09-30": "0.71650", "2005-06-30": "0.76660", "2005-03-31": "0.76950"}, "Debt/Equity Ratio": {"2020-09-30": "-2.43420", "2020-06-30": "-2.69880", "2020-03-31": "-2.65430", "2019-12-31": "-3.17670", "2019-09-30": "-3.58430", "2019-06-30": "-3.03780", "2019-03-31": "-2.91380", "2018-12-31": "-3.27560", "2018-09-30": "-4.00310", "2018-06-30": "-3.27390", "2018-03-31": "-3.11770", "2017-12-31": "-4.00140", "2017-09-30": "-3.52550", "2017-06-30": "-3.69200", "2017-03-31": "-9.27550", "2016-12-31": "-8.86720", "2016-09-30": "-89.82190", "2016-06-30": "-17.92780", "2016-03-31": "-21.54140", "2015-12-31": "62.17080", "2015-09-30": "9.45750", "2015-06-30": "11.26710", "2015-03-31": "11.83290", "2014-12-31": "6.16320", "2014-09-30": "4.00500", "2014-06-30": "4.60660", "2014-03-31": "5.12260", "2013-12-31": "3.75160", "2013-09-30": "3.46440", "2013-06-30": "3.44360", "2013-03-31": "3.30860", "2012-12-31": "1.58130", "2012-09-30": "1.06860", "2012-06-30": "1.50530", "2012-03-31": "1.50230", "2011-12-31": "1.24780", "2011-09-30": "1.05430", "2011-06-30": "1.32950", "2011-03-31": "1.37270", "2010-12-31": "1.11860", "2010-09-30": "1.05880", "2010-06-30": "1.27340", "2010-03-31": "-1.55140", "2009-12-31": "-4.11960", "2009-09-30": "-2.38110", "2009-06-30": "-1.81460", "2009-03-31": "-4.40940", "2008-12-31": "-6.10410", "2008-09-30": "-12.56020", "2008-06-30": "-7.80740", "2008-03-31": "-5.77050", "2007-12-31": "-8.93750", "2007-09-30": "8.98150", "2007-06-30": "14.10030", "2007-03-31": "11.83410", "2006-12-31": "-360.68680", "2006-09-30": "3.77670", "2006-06-30": "5.62070", "2006-03-31": "5.16680", "2005-12-31": "3.23010", "2005-09-30": "2.54680", "2005-06-30": "3.55300", "2005-03-31": "3.60510"}, "Gross Margin": {"2020-09-30": "89.72510", "2020-06-30": "88.43440", "2020-03-31": "92.42950", "2019-12-31": "91.18470", "2019-09-30": "91.38610", "2019-06-30": "90.88180", "2019-03-31": "91.98470", "2018-12-31": "91.93370", "2018-09-30": "91.92010", "2018-06-30": "91.12750", "2018-03-31": "91.88690", "2017-12-31": "92.46250", "2017-09-30": "92.08310", "2017-06-30": "91.12420", "2017-03-31": "92.38300", "2016-12-31": "92.00050", "2016-09-30": "92.05940", "2016-06-30": "91.15130", "2016-03-31": "91.21640", "2015-12-31": "92.70980", "2015-09-30": "92.44010", "2015-06-30": "91.14610", "2015-03-31": "91.56250", "2014-12-31": "92.81690", "2014-09-30": "92.66760", "2014-06-30": "91.67500", "2014-03-31": "91.53130", "2013-12-31": "92.78670", "2013-09-30": "92.74240", "2013-06-30": "91.47650", "2013-03-31": "90.94500", "2012-12-31": "93.03430", "2012-09-30": "92.89220", "2012-06-30": "92.01570", "2012-03-31": "91.36950", "2011-12-31": "92.87230", "2011-09-30": "92.72630", "2011-06-30": "91.93410", "2011-03-31": "90.91870", "2010-12-31": "92.27520", "2010-09-30": "92.37720", "2010-06-30": "91.30270", "2010-03-31": "90.40220", "2009-12-31": "92.58300", "2009-09-30": "91.71070", "2009-06-30": "91.30610", "2009-03-31": "90.80660", "2008-12-31": "92.01450", "2008-09-30": "91.79450", "2008-06-30": "91.26250", "2008-03-31": "91.00900", "2007-12-31": "92.41460", "2007-09-30": "91.60930", "2007-06-30": "91.41550", "2007-03-31": "91.11330", "2006-12-31": "90.71240", "2006-09-30": "91.92940", "2006-06-30": "91.28220", "2006-03-31": "90.46840", "2005-12-31": "-5.36210", "2005-09-30": "91.57880", "2005-06-30": "91.19900", "2005-03-31": "90.13540"}, "Operating Margin": {"2020-09-30": "-63.25570", "2020-06-30": "-582.58900", "2020-03-31": "-74.98220", "2019-12-31": "15.88430", "2019-09-30": "46.75010", "2019-06-30": "35.22470", "2019-03-31": "-51.38190", "2018-12-31": "53.43950", "2018-09-30": "46.22890", "2018-06-30": "32.83460", "2018-03-31": "-42.02720", "2017-12-31": "16.46740", "2017-09-30": "56.11320", "2017-06-30": "40.84500", "2017-03-31": "-75.39690", "2016-12-31": "11.21870", "2016-09-30": "35.83740", "2016-06-30": "35.30580", "2016-03-31": "-43.87320", "2015-12-31": "3.66780", "2015-09-30": "50.20500", "2015-06-30": "35.37250", "2015-03-31": "-102.68330", "2014-12-31": "-12.77000", "2014-09-30": "37.43340", "2014-06-30": "34.93680", "2014-03-31": "-105.77200", "2013-12-31": "-1.69200", "2013-09-30": "48.68750", "2013-06-30": "32.28500", "2013-03-31": "-92.02020", "2012-12-31": "-16.67180", "2012-09-30": "46.02850", "2012-06-30": "27.86170", "2012-03-31": "-161.71070", "2011-12-31": "-24.68360", "2011-09-30": "45.90850", "2011-06-30": "22.04580", "2011-03-31": "-224.66130", "2010-12-31": "-47.26460", "2010-09-30": "39.97310", "2010-06-30": "15.76650", "2010-03-31": "-173.52570", "2009-12-31": "-55.41490", "2009-09-30": "41.48090", "2009-06-30": "11.22950", "2009-03-31": "-194.84170", "2008-12-31": "-31.75880", "2008-09-30": "42.67730", "2008-06-30": "20.03630", "2008-03-31": "-141.08820", "2007-12-31": "-62.35340", "2007-09-30": "38.96210", "2007-06-30": "13.35830", "2007-03-31": "-234.09200", "2006-12-31": "-52.15410", "2006-09-30": "44.56130", "2006-06-30": "14.90730", "2006-03-31": "-371.16270", "2005-12-31": "-14885.07000", "2005-09-30": "47.53480", "2005-06-30": "22.21370", "2005-03-31": "-218.21320"}, "EBIT Margin": {"2020-09-30": "-63.25570", "2020-06-30": "-582.58900", "2020-03-31": "-74.98220", "2019-12-31": "15.88430", "2019-09-30": "46.75010", "2019-06-30": "35.22470", "2019-03-31": "-51.38190", "2018-12-31": "53.43950", "2018-09-30": "46.22890", "2018-06-30": "32.83460", "2018-03-31": "-42.02720", "2017-12-31": "16.46740", "2017-09-30": "56.11320", "2017-06-30": "40.84500", "2017-03-31": "-75.39690", "2016-12-31": "11.21870", "2016-09-30": "35.83740", "2016-06-30": "35.30580", "2016-03-31": "-43.87320", "2015-12-31": "3.66780", "2015-09-30": "50.20500", "2015-06-30": "35.37250", "2015-03-31": "-102.68330", "2014-12-31": "-12.77000", "2014-09-30": "37.43340", "2014-06-30": "34.93680", "2014-03-31": "-105.77200", "2013-12-31": "-1.69200", "2013-09-30": "48.68750", "2013-06-30": "32.28500", "2013-03-31": "-92.02020", "2012-12-31": "-16.67180", "2012-09-30": "46.02850", "2012-06-30": "27.86170", "2012-03-31": "-161.71070", "2011-12-31": "-24.68360", "2011-09-30": "45.90850", "2011-06-30": "22.04580", "2011-03-31": "-224.66130", "2010-12-31": "-47.26460", "2010-09-30": "39.97310", "2010-06-30": "15.76650", "2010-03-31": "-173.52570", "2009-12-31": "-55.41490", "2009-09-30": "41.48090", "2009-06-30": "11.22950", "2009-03-31": "-194.84170", "2008-12-31": "-31.75880", "2008-09-30": "42.67730", "2008-06-30": "20.03630", "2008-03-31": "-141.08820", "2007-12-31": "-62.35340", "2007-09-30": "38.96210", "2007-06-30": "13.35830", "2007-03-31": "-234.09200", "2006-12-31": "-52.15410", "2006-09-30": "44.56130", "2006-06-30": "14.90730", "2006-03-31": "-371.16270", "2005-12-31": "-14885.07000", "2005-09-30": "47.53480", "2005-06-30": "22.21370", "2005-03-31": "-218.21320"}, "EBITDA Margin": {"2020-09-30": "", "2020-06-30": "", "2020-03-31": "", "2019-12-31": "", "2019-09-30": "", "2019-06-30": "", "2019-03-31": "", "2018-12-31": "", "2018-09-30": "", "2018-06-30": "", "2018-03-31": "", "2017-12-31": "", "2017-09-30": "", "2017-06-30": "", "2017-03-31": "", "2016-12-31": "", "2016-09-30": "", "2016-06-30": "", "2016-03-31": "", "2015-12-31": "", "2015-09-30": "", "2015-06-30": "", "2015-03-31": "", "2014-12-31": "", "2014-09-30": "", "2014-06-30": "", "2014-03-31": "", "2013-12-31": "", "2013-09-30": "", "2013-06-30": "", "2013-03-31": "", "2012-12-31": "", "2012-09-30": "", "2012-06-30": "", "2012-03-31": "", "2011-12-31": "", "2011-09-30": "", "2011-06-30": "", "2011-03-31": "", "2010-12-31": "", "2010-09-30": "", "2010-06-30": "", "2010-03-31": "", "2009-12-31": "", "2009-09-30": "", "2009-06-30": "", "2009-03-31": "", "2008-12-31": "", "2008-09-30": "", "2008-06-30": "", "2008-03-31": "", "2007-12-31": "", "2007-09-30": "", "2007-06-30": "", "2007-03-31": "", "2006-12-31": "", "2006-09-30": "", "2006-06-30": "", "2006-03-31": "", "2005-12-31": "", "2005-09-30": "", "2005-06-30": "", "2005-03-31": ""}, "Pre-Tax Profit Margin": {"2020-09-30": "-104.30940", "2020-06-30": "-898.03580", "2020-03-31": "-103.99210", "2019-12-31": "3.88620", "2019-09-30": "42.15120", "2019-06-30": "27.99000", "2019-03-31": "-73.16240", "2018-12-31": "42.96020", "2018-09-30": "41.89620", "2018-06-30": "26.58570", "2018-03-31": "-63.59910", "2017-12-31": "6.58640", "2017-09-30": "51.61710", "2017-06-30": "25.49530", "2017-03-31": "-95.59020", "2016-12-31": "2.32210", "2016-09-30": "31.80510", "2016-06-30": "29.76400", "2016-03-31": "-61.33740", "2015-12-31": "-5.28750", "2015-09-30": "46.79690", "2015-06-30": "28.87420", "2015-03-31": "-124.42610", "2014-12-31": "-28.53430", "2014-09-30": "34.02680", "2014-06-30": "32.89410", "2014-03-31": "-129.97100", "2013-12-31": "-14.26830", "2013-09-30": "44.79940", "2013-06-30": "27.05930", "2013-03-31": "-112.55810", "2012-12-31": "-26.00280", "2012-09-30": "56.84570", "2012-06-30": "24.54340", "2012-03-31": "-178.97470", "2011-12-31": "-71.08850", "2011-09-30": "42.22240", "2011-06-30": "16.67480", "2011-03-31": "-253.71480", "2010-12-31": "-76.03400", "2010-09-30": "33.54930", "2010-06-30": "268.10020", "2010-03-31": "-314.00030", "2009-12-31": "-84.43220", "2009-09-30": "36.65220", "2009-06-30": "-32.60110", "2009-03-31": "-273.89140", "2008-12-31": "-86.51560", "2008-09-30": "34.02690", "2008-06-30": "37.70680", "2008-03-31": "-219.24250", "2007-12-31": "-76.87610", "2007-09-30": "19.77810", "2007-06-30": "-11.65710", "2007-03-31": "-317.58780", "2006-12-31": "-98.32240", "2006-09-30": "27.35520", "2006-06-30": "-11.40020", "2006-03-31": "-463.80320", "2005-12-31": "-23968.39000", "2005-09-30": "34.81190", "2005-06-30": "2.00630", "2005-03-31": "-340.13850"}, "Net Profit Margin": {"2020-09-30": "-91.96130", "2020-06-30": "-715.11260", "2020-03-31": "-82.48150", "2019-12-31": "-4.27390", "2019-09-30": "28.95020", "2019-06-30": "16.66330", "2019-03-31": "-53.92810", "2018-12-31": "29.46980", "2018-09-30": "29.75330", "2018-06-30": "16.72620", "2018-03-31": "-48.34300", "2017-12-31": "38.17360", "2017-09-30": "31.24040", "2017-06-30": "12.31760", "2017-03-31": "-57.82090", "2016-12-31": "0.78060", "2016-09-30": "18.37920", "2016-06-30": "14.95750", "2016-03-31": "-40.66490", "2015-12-31": "1.00430", "2015-09-30": "27.34410", "2015-06-30": "16.97430", "2015-03-31": "-82.58590", "2014-12-31": "-18.57410", "2014-09-30": "19.38460", "2014-06-30": "17.60880", "2014-03-31": "-83.02040", "2013-12-31": "8.63560", "2013-09-30": "23.86490", "2013-06-30": "13.02200", "2013-03-31": "-71.44230", "2012-12-31": "108.22330", "2012-09-30": "52.15470", "2012-06-30": "19.27520", "2012-03-31": "-173.46660", "2011-12-31": "-74.15480", "2011-09-30": "40.55260", "2011-06-30": "10.32350", "2011-03-31": "-242.08850", "2010-12-31": "-77.42410", "2010-09-30": "28.07790", "2010-06-30": "231.36530", "2010-03-31": "-320.58400", "2009-12-31": "-114.25050", "2009-09-30": "30.65520", "2009-06-30": "-40.97840", "2009-03-31": "-286.27260", "2008-12-31": "-203.21130", "2008-09-30": "27.84020", "2008-06-30": "25.28820", "2008-03-31": "-230.19470", "2007-12-31": "-119.77280", "2007-09-30": "18.13510", "2007-06-30": "-14.80670", "2007-03-31": "-347.52070", "2006-12-31": "-193.56610", "2006-09-30": "33.58050", "2006-06-30": "-13.87040", "2006-03-31": "-585.87010", "2005-12-31": "-25848.06000", "2005-09-30": "34.82820", "2005-06-30": "1.55560", "2005-03-31": "-371.83750"}, "Asset Turnover": {"2020-09-30": "0.04410", "2020-06-30": "0.00640", "2020-03-31": "0.03770", "2019-12-31": "0.09050", "2019-09-30": "0.20560", "2019-06-30": "0.16240", "2019-03-31": "0.04700", "2018-12-31": "0.10710", "2018-09-30": "0.23540", "2018-06-30": "0.17060", "2018-03-31": "0.05280", "2017-12-31": "0.10450", "2017-09-30": "0.22960", "2017-06-30": "0.16600", "2017-03-31": "0.04100", "2016-12-31": "0.09620", "2016-09-30": "0.21050", "2016-06-30": "0.15720", "2016-03-31": "0.04820", "2015-12-31": "0.08950", "2015-09-30": "0.21150", "2015-06-30": "0.14310", "2015-03-31": "0.03430", "2014-12-31": "0.07600", "2014-09-30": "0.19710", "2014-06-30": "0.13800", "2014-03-31": "0.02910", "2013-12-31": "0.05910", "2013-09-30": "0.18370", "2013-06-30": "0.13110", "2013-03-31": "0.03300", "2012-12-31": "0.04710", "2012-09-30": "0.17390", "2012-06-30": "0.14340", "2012-03-31": "0.02630", "2011-12-31": "0.05190", "2011-09-30": "0.16960", "2011-06-30": "0.12520", "2011-03-31": "0.02330", "2010-12-31": "0.04460", "2010-09-30": "0.16620", "2010-06-30": "0.11330", "2010-03-31": "0.01990", "2009-12-31": "0.03480", "2009-09-30": "0.14630", "2009-06-30": "0.10040", "2009-03-31": "0.01760", "2008-12-31": "0.03380", "2008-09-30": "0.16570", "2008-06-30": "0.11350", "2008-03-31": "0.02320", "2007-12-31": "0.03810", "2007-09-30": "0.14930", "2007-06-30": "0.11040", "2007-03-31": "0.01580", "2006-12-31": "0.03160", "2006-09-30": "0.14000", "2006-06-30": "0.09460", "2006-03-31": "0.01240", "2005-12-31": "0.00020", "2005-09-30": "0.15150", "2005-06-30": "0.09890", "2005-03-31": "0.01400"}, "Inventory Turnover Ratio": {"2020-09-30": "0.29570", "2020-06-30": "0.05090", "2020-03-31": "0.18300", "2019-12-31": "0.69820", "2019-09-30": "1.44800", "2019-06-30": "1.01510", "2019-03-31": "0.26030", "2018-12-31": "0.75540", "2018-09-30": "1.39790", "2018-06-30": "0.93020", "2018-03-31": "0.28930", "2017-12-31": "0.77540", "2017-09-30": "1.50270", "2017-06-30": "0.93110", "2017-03-31": "0.20630", "2016-12-31": "0.79250", "2016-09-30": "1.44210", "2016-06-30": "0.88950", "2016-03-31": "0.26930", "2015-12-31": "0.73620", "2015-09-30": "1.63350", "2015-06-30": "0.95160", "2015-03-31": "0.20970", "2014-12-31": "0.62530", "2014-09-30": "1.54020", "2014-06-30": "0.88100", "2014-03-31": "0.17860", "2013-12-31": "0.50160", "2013-09-30": "1.34570", "2013-06-30": "0.80630", "2013-03-31": "0.21540", "2012-12-31": "0.45000", "2012-09-30": "1.29590", "2012-06-30": "0.79470", "2012-03-31": "0.15810", "2011-12-31": "0.46750", "2011-09-30": "1.31140", "2011-06-30": "0.71950", "2011-03-31": "0.15600", "2010-12-31": "0.39960", "2010-09-30": "1.25550", "2010-06-30": "0.67970", "2010-03-31": "0.14900", "2009-12-31": "0.34390", "2009-09-30": "1.45680", "2009-06-30": "0.69140", "2009-03-31": "0.13410", "2008-12-31": "0.32880", "2008-09-30": "1.15760", "2008-06-30": "0.65490", "2008-03-31": "0.16340", "2007-12-31": "0.32320", "2007-09-30": "1.27480", "2007-06-30": "0.77550", "2007-03-31": "0.13690", "2006-12-31": "0.40500", "2006-09-30": "1.16350", "2006-06-30": "0.61390", "2006-03-31": "0.10410", "2005-12-31": "0.02390", "2005-09-30": "1.25970", "2005-06-30": "0.63070", "2005-03-31": "0.11570"}, "Receiveable Turnover": {"2020-09-30": "2.60470", "2020-06-30": "0.40730", "2020-03-31": "1.43240", "2019-12-31": "2.40160", "2019-09-30": "3.11950", "2019-06-30": "2.63670", "2019-03-31": "1.36940", "2018-12-31": "2.32240", "2018-09-30": "3.60640", "2018-06-30": "3.19480", "2018-03-31": "2.18850", "2017-12-31": "3.53210", "2017-09-30": "5.29600", "2017-06-30": "3.85250", "2017-03-31": "1.78630", "2016-12-31": "3.46740", "2016-09-30": "4.95290", "2016-06-30": "3.95350", "2016-03-31": "1.92490", "2015-12-31": "3.40830", "2015-09-30": "5.32930", "2015-06-30": "4.22250", "2015-03-31": "1.86220", "2014-12-31": "3.12260", "2014-09-30": "4.91080", "2014-06-30": "3.72380", "2014-03-31": "1.74900", "2013-12-31": "2.98760", "2013-09-30": "5.34190", "2013-06-30": "4.50370", "2013-03-31": "2.09520", "2012-12-31": "4.87480", "2012-09-30": "3.64110", "2012-06-30": "5.92900", "2012-03-31": "3.31740", "2011-12-31": "7.45140", "2011-09-30": "9.37970", "2011-06-30": "7.01870", "2011-03-31": "2.16070", "2010-12-31": "6.01280", "2010-09-30": "8.38850", "2010-06-30": "5.67730", "2010-03-31": "2.38400", "2009-12-31": "5.09110", "2009-09-30": "9.22010", "2009-06-30": "6.65940", "2009-03-31": "2.03720", "2008-12-31": "5.11280", "2008-09-30": "8.60940", "2008-06-30": "6.58060", "2008-03-31": "2.66210", "2007-12-31": "4.23660", "2007-09-30": "6.31360", "2007-06-30": "4.05080", "2007-03-31": "1.45470", "2006-12-31": "2.46930", "2006-09-30": "5.24460", "2006-06-30": "3.97770", "2006-03-31": "0.83510", "2005-12-31": "0.01100", "2005-09-30": "5.57340", "2005-06-30": "5.46500", "2005-03-31": "1.82400"}, "Days Sales In Receivables": {"2020-09-30": "34.55320", "2020-06-30": "220.98260", "2020-03-31": "62.82960", "2019-12-31": "37.47550", "2019-09-30": "28.85060", "2019-06-30": "34.13330", "2019-03-31": "65.72400", "2018-12-31": "38.75230", "2018-09-30": "24.95570", "2018-06-30": "28.17110", "2018-03-31": "41.12330", "2017-12-31": "25.48090", "2017-09-30": "16.99390", "2017-06-30": "23.36150", "2017-03-31": "50.38220", "2016-12-31": "25.95600", "2016-09-30": "18.17110", "2016-06-30": "22.76450", "2016-03-31": "46.75640", "2015-12-31": "26.40650", "2015-09-30": "16.88780", "2015-06-30": "21.31430", "2015-03-31": "48.33080", "2014-12-31": "28.82210", "2014-09-30": "18.32680", "2014-06-30": "24.16880", "2014-03-31": "51.45720", "2013-12-31": "30.12430", "2013-09-30": "16.84780", "2013-06-30": "19.98360", "2013-03-31": "42.95520", "2012-12-31": "18.46230", "2012-09-30": "24.71770", "2012-06-30": "15.17970", "2012-03-31": "27.12970", "2011-12-31": "12.07820", "2011-09-30": "9.59520", "2011-06-30": "12.82290", "2011-03-31": "41.65220", "2010-12-31": "14.96810", "2010-09-30": "10.72900", "2010-06-30": "15.85260", "2010-03-31": "37.75210", "2009-12-31": "17.67800", "2009-09-30": "9.76130", "2009-06-30": "13.51480", "2009-03-31": "44.17750", "2008-12-31": "17.60280", "2008-09-30": "10.45370", "2008-06-30": "13.67670", "2008-03-31": "33.80800", "2007-12-31": "21.24340", "2007-09-30": "14.25490", "2007-06-30": "22.21790", "2007-03-31": "61.86660", "2006-12-31": "36.44710", "2006-09-30": "17.16050", "2006-06-30": "22.62590", "2006-03-31": "107.77500", "2005-12-31": "8184.96100", "2005-09-30": "16.14810", "2005-06-30": "16.46850", "2005-03-31": "49.34280"}, "ROE - Return On Equity": {"2020-09-30": "8.87230", "2020-06-30": "11.97490", "2020-03-31": "9.91320", "2019-12-31": "1.55770", "2019-09-30": "-31.51970", "2019-06-30": "-13.32290", "2019-03-31": "9.03470", "2018-12-31": "-12.35000", "2018-09-30": "-39.67700", "2018-06-30": "-14.19010", "2018-03-31": "8.92970", "2017-12-31": "-19.40420", "2017-09-30": "-35.06470", "2017-06-30": "-12.91270", "2017-03-31": "31.13450", "2016-12-31": "-1.00170", "2016-09-30": "-661.37980", "2016-06-30": "-86.92820", "2016-03-31": "64.13120", "2015-12-31": "9.01880", "2015-09-30": "109.41200", "2015-06-30": "62.45730", "2015-03-31": "-56.44690", "2014-12-31": "-15.48140", "2014-09-30": "35.56570", "2014-06-30": "28.11020", "2014-03-31": "-22.40420", "2013-12-31": "3.41780", "2013-09-30": "34.51370", "2013-06-30": "16.21780", "2013-03-31": "-14.63770", "2012-12-31": "17.46250", "2012-09-30": "29.62640", "2012-06-30": "14.30500", "2012-03-31": "-18.06340", "2011-12-31": "-13.52930", "2011-09-30": "22.92350", "2011-06-30": "7.26720", "2011-03-31": "-20.91460", "2010-12-31": "-10.96970", "2010-09-30": "15.76020", "2010-06-30": "91.46090", "2010-03-31": "23.85810", "2009-12-31": "14.21920", "2009-09-30": "-32.42770", "2009-06-30": "15.17750", "2009-03-31": "26.13600", "2008-12-31": "52.65380", "2008-09-30": "-96.86310", "2008-06-30": "-43.54150", "2008-03-31": "36.84970", "2007-12-31": "35.00710", "2007-09-30": "35.86410", "2007-06-30": "-26.15000", "2007-03-31": "-79.81910", "2006-12-31": "1601.42600", "2006-09-30": "22.13350", "2006-06-30": "-9.44570", "2006-03-31": "-43.22370", "2005-12-31": "-19.28900", "2005-09-30": "22.39430", "2005-06-30": "0.87220", "2005-03-31": "-26.46530"}, "Return On Tangible Equity": {"2020-09-30": "4.59150", "2020-06-30": "5.88720", "2020-03-31": "4.55260", "2019-12-31": "0.64820", "2019-09-30": "-12.20330", "2019-06-30": "-5.68940", "2019-03-31": "3.90180", "2018-12-31": "-4.80840", "2018-09-30": "-13.41190", "2018-06-30": "-5.64030", "2018-03-31": "3.71240", "2017-12-31": "-6.59160", "2017-09-30": "-12.91740", "2017-06-30": "-4.65830", "2017-03-31": "4.92520", "2016-12-31": "-0.15960", "2016-09-30": "-12.12930", "2016-06-30": "-7.43310", "2016-03-31": "4.43070", "2015-12-31": "-0.22690", "2015-09-30": "-21.34950", "2015-06-30": "-9.92310", "2015-03-31": "8.13750", "2014-12-31": "4.52680", "2014-09-30": "-19.33260", "2014-06-30": "-12.40640", "2014-03-31": "8.51710", "2013-12-31": "-2.06130", "2013-09-30": "-23.60400", "2013-06-30": "-11.15390", "2013-03-31": "10.72980", "2012-12-31": "-131.34740", "2012-09-30": "-226.76720", "2012-06-30": "-23.93160", "2012-03-31": "30.12770", "2011-12-31": "40.59880", "2011-09-30": "-199.16420", "2011-06-30": "-17.59130", "2011-03-31": "45.50330", "2010-12-31": "55.10010", "2010-09-30": "-413.79190", "2010-06-30": "-408.15210", "2010-03-31": "9.93720", "2009-12-31": "5.05020", "2009-09-30": "-10.14510", "2009-06-30": "5.69120", "2009-03-31": "8.65650", "2008-12-31": "13.80520", "2008-09-30": "-13.29410", "2008-06-30": "-9.39780", "2008-03-31": "10.26130", "2007-12-31": "6.71520", "2007-09-30": "-11.04610", "2007-06-30": "4.69170", "2007-03-31": "18.99260", "2006-12-31": "9.41580", "2006-09-30": "-20.92100", "2006-06-30": "5.04180", "2006-03-31": "26.49340", "2005-12-31": "37.18090", "2005-09-30": "-51.74830", "2005-06-30": "-0.96950", "2005-03-31": "28.52700"}, "ROA - Return On Assets": {"2020-09-30": "-3.33430", "2020-06-30": "-3.91550", "2020-03-31": "-3.10770", "2019-12-31": "-0.38700", "2019-09-30": "6.62790", "2019-06-30": "3.40010", "2019-03-31": "-2.53700", "2018-12-31": "3.15500", "2018-09-30": "7.76250", "2018-06-30": "3.62030", "2018-03-31": "-2.55100", "2017-12-31": "3.98970", "2017-09-30": "7.94730", "2017-06-30": "2.81600", "2017-03-31": "-2.36880", "2016-12-31": "0.07510", "2016-09-30": "4.59430", "2016-06-30": "3.09230", "2016-03-31": "-1.96110", "2015-12-31": "0.08990", "2015-09-30": "6.48360", "2015-06-30": "3.13580", "2015-03-31": "-2.83520", "2014-12-31": "-1.43420", "2014-09-30": "4.51260", "2014-06-30": "3.12630", "2014-03-31": "-2.41360", "2013-12-31": "0.48930", "2013-09-30": "5.08380", "2013-06-30": "2.38140", "2013-03-31": "-2.34020", "2012-12-31": "5.07730", "2012-09-30": "9.49180", "2012-06-30": "3.47360", "2012-03-31": "-4.55570", "2011-12-31": "-3.91930", "2011-09-30": "7.53160", "2011-06-30": "1.96230", "2011-03-31": "-5.64720", "2010-12-31": "-3.48430", "2010-09-30": "5.29590", "2010-06-30": "26.42340", "2010-03-31": "-6.26650", "2009-12-31": "-2.85680", "2009-09-30": "5.08920", "2009-06-30": "-3.26410", "2009-03-31": "-4.71340", "2008-12-31": "-6.54230", "2008-09-30": "5.55010", "2008-06-30": "4.19030", "2008-03-31": "-5.14100", "2007-12-31": "-3.00260", "2007-09-30": "2.89130", "2007-06-30": "-1.34760", "2007-03-31": "-5.03410", "2006-12-31": "-3.12130", "2006-09-30": "3.77680", "2006-06-30": "-1.13770", "2006-03-31": "-5.75660", "2005-12-31": "-3.83470", "2005-09-30": "5.23780", "2005-06-30": "0.15540", "2005-03-31": "-4.79330"}, "ROI - Return On Investment": {"2020-09-30": "-6.18620", "2020-06-30": "-7.04910", "2020-03-31": "-6.20330", "2019-12-31": "-0.71930", "2019-09-30": "12.25630", "2019-06-30": "6.57230", "2019-03-31": "-5.32040", "2018-12-31": "5.59140", "2018-09-30": "13.21190", "2018-06-30": "6.77250", "2018-03-31": "-4.71060", "2017-12-31": "6.46500", "2017-09-30": "13.88450", "2017-06-30": "4.89130", "2017-03-31": "-3.99470", "2016-12-31": "0.12990", "2016-09-30": "7.44860", "2016-06-30": "5.13700", "2016-03-31": "-3.29640", "2015-12-31": "0.14350", "2015-09-30": "10.50920", "2015-06-30": "5.11450", "2015-03-31": "-4.64960", "2014-12-31": "-2.16980", "2014-09-30": "7.13180", "2014-06-30": "5.03240", "2014-03-31": "-3.67310", "2013-12-31": "0.72190", "2013-09-30": "7.75780", "2013-06-30": "3.66230", "2013-03-31": "-3.40900", "2012-12-31": "6.78360", "2012-09-30": "14.42660", "2012-06-30": "5.74710", "2012-03-31": "-7.39650", "2011-12-31": "-6.14470", "2011-09-30": "11.34890", "2011-06-30": "3.17920", "2011-03-31": "-9.00830", "2010-12-31": "-5.27220", "2010-09-30": "7.78580", "2010-06-30": "40.97200", "2010-03-31": "-293.89020", "2009-12-31": "-6.00800", "2009-09-30": "43.33670", "2009-06-30": "-43.37100", "2009-03-31": "-9.87160", "2008-12-31": "-11.88690", "2008-09-30": "8.42120", "2008-06-30": "6.99120", "2008-03-31": "-8.28490", "2007-12-31": "-4.45190", "2007-09-30": "3.60730", "2007-06-30": "-1.73910", "2007-03-31": "-6.92700", "2006-12-31": "-4.69170", "2006-09-30": "4.72580", "2006-06-30": "-1.53890", "2006-03-31": "-7.57390", "2005-12-31": "-4.74350", "2005-09-30": "6.34800", "2005-06-30": "0.20350", "2005-03-31": "-6.10160"}, "Book Value Per Share": {"2020-09-30": "-12.67440", "2020-06-30": "-11.45370", "2020-03-31": "-10.07320", "2019-12-31": "-8.46140", "2019-09-30": "-7.51550", "2019-06-30": "-8.89080", "2019-03-31": "-9.08270", "2018-12-31": "-7.65930", "2018-09-30": "-6.10490", "2018-06-30": "-7.93700", "2018-03-31": "-8.35780", "2017-12-31": "-5.97850", "2017-09-30": "-6.84320", "2017-06-30": "-6.48330", "2017-03-31": "-2.02550", "2016-12-31": "-2.05270", "2016-09-30": "-0.19990", "2016-06-30": "-0.99210", "2016-03-31": "-0.78480", "2015-12-31": "0.26450", "2015-09-30": "1.73070", "2015-06-30": "1.42970", "2015-03-31": "1.31330", "2014-12-31": "2.40910", "2014-09-30": "3.68910", "2014-06-30": "3.18050", "2014-03-31": "2.87200", "2013-12-31": "3.93580", "2013-09-30": "4.25700", "2013-06-30": "4.25420", "2013-03-31": "4.40250", "2012-12-31": "8.25610", "2012-09-30": "8.25830", "2012-06-30": "5.98080", "2012-03-31": "5.88210", "2011-12-31": "7.01980", "2011-09-30": "8.38400", "2011-06-30": "6.68820", "2011-03-31": "6.43860", "2010-12-31": "7.78930", "2010-09-30": "8.63190", "2010-06-30": "7.47550", "2010-03-31": "-1.92600", "2009-12-31": "-1.48530", "2009-09-30": "-1.22730", "2009-06-30": "-1.62610", "2009-03-31": "-1.34060", "2008-12-31": "-0.96310", "2008-09-30": "-0.43280", "2008-06-30": "-0.75040", "2008-03-31": "-1.05160", "2007-12-31": "-0.66310", "2007-09-30": "0.66180", "2007-06-30": "0.42340", "2007-03-31": "0.53320", "2006-12-31": "-0.01650", "2006-09-30": "1.53110", "2006-06-30": "1.09660", "2006-03-31": "1.19910", "2005-12-31": "1.86210", "2005-09-30": "2.26410", "2005-06-30": "1.74490", "2005-03-31": "1.71930"}, "Operating Cash Flow Per Share": {"2020-09-30": -0.5081, "2020-06-30": -0.5936, "2020-03-31": "-0.71330", "2019-12-31": 0.824, "2019-09-30": 2.5211, "2019-06-30": 1.9723, "2019-03-31": "-0.48530", "2018-12-31": 0.8357, "2018-09-30": 2.4161, "2018-06-30": 1.8533, "2018-03-31": "-0.27000", "2017-12-31": 0.6083, "2017-09-30": 2.9253, "2017-06-30": 2.1604, "2017-03-31": "-0.66470", "2016-12-31": 0.9271, "2016-09-30": 2.5278, "2016-06-30": 2.0263, "2016-03-31": "-0.57390", "2015-12-31": 0.8282, "2015-09-30": 2.5192, "2015-06-30": 2.0471, "2015-03-31": "-0.55930", "2014-12-31": 0.6128, "2014-09-30": 2.2018, "2014-06-30": 1.8137, "2014-03-31": "-0.63070", "2013-12-31": 0.576, "2013-09-30": 1.7444, "2013-06-30": 1.7152, "2013-03-31": "-0.36240", "2012-12-31": 0.4382, "2012-09-30": 1.7373, "2012-06-30": 1.5662, "2012-03-31": "-0.39170", "2011-12-31": 0.2851, "2011-09-30": 1.7012, "2011-06-30": 1.1393, "2011-03-31": "-0.62960", "2010-12-31": 0.3319, "2010-09-30": 0.6167, "2010-06-30": -0.2112, "2010-03-31": "-0.15070", "2009-12-31": 0.1917, "2009-09-30": 0.3054, "2009-06-30": 0.1967, "2009-03-31": "-0.29590", "2008-12-31": 0.044, "2008-09-30": 0.2781, "2008-06-30": 0.1894, "2008-03-31": "-0.23390", "2007-12-31": -0.0065, "2007-09-30": 0.2252, "2007-06-30": 0.0693, "2007-03-31": "-0.26250", "2006-12-31": -0.1109, "2006-09-30": 0.2996, "2006-06-30": 0.1369, "2006-03-31": "-0.29960", "2005-12-31": -0.017, "2005-09-30": 0.2755, "2005-06-30": 0.3288, "2005-03-31": "-0.26130"}, "Free Cash Flow Per Share": {"2020-09-30": -0.7111, "2020-06-30": -0.8549, "2020-03-31": "-1.34480", "2019-12-31": 0.5964, "2019-09-30": 2.2074, "2019-06-30": 1.4037, "2019-03-31": "-1.05680", "2018-12-31": 0.5611, "2018-09-30": 2.1681, "2018-06-30": 1.2922, "2018-03-31": "-0.77280", "2017-12-31": 0.4443, "2017-09-30": 2.6623, "2017-06-30": 1.6327, "2017-03-31": "-1.23110", "2016-12-31": 0.633, "2016-09-30": 2.3088, "2016-06-30": 1.6432, "2016-03-31": "-1.02360", "2015-12-31": 0.6618, "2015-09-30": 2.2915, "2015-06-30": 1.6889, "2015-03-31": "-0.92190", "2014-12-31": 0.4897, "2014-09-30": 2.0424, "2014-06-30": 1.4355, "2014-03-31": "-1.07570", "2013-12-31": 0.468, "2013-09-30": 1.5593, "2013-06-30": 1.3544, "2013-03-31": "-0.72100", "2012-12-31": 0.2529, "2012-09-30": 1.6141, "2012-06-30": 1.3193, "2012-03-31": "-0.72360", "2011-12-31": 0.0734, "2011-09-30": 1.6121, "2011-06-30": 0.8194, "2011-03-31": "-0.83920", "2010-12-31": 0.1508, "2010-09-30": 0.148, "2010-06-30": -0.3424, "2010-03-31": "-0.22910", "2009-12-31": -0.185, "2009-09-30": 0.3547, "2009-06-30": 0.1195, "2009-03-31": "-0.39350", "2008-12-31": -0.06, "2008-09-30": 0.2596, "2008-06-30": 0.1569, "2008-03-31": "-0.33100", "2007-12-31": -0.1607, "2007-09-30": 0.2613, "2007-06-30": -0.0297, "2007-03-31": "-0.34840", "2006-12-31": -0.2764, "2006-09-30": 0.3647, "2006-06-30": 0.0289, "2006-03-31": "-0.41500", "2005-12-31": -0.2311, "2005-09-30": 0.3669, "2005-06-30": 0.155, "2005-03-31": "-0.40030"}}, "revenue": {"Six Flags Entertainment New Annual Revenue (Millions of US $)": {"2019": "$1,488", "2018": "$1,464", "2017": "$1,359", "2016": "$1,319", "2015": "$1,264", "2014": "$1,176", "2013": "$1,110", "2012": "$1,070", "2011": "$1,013", "2010": "$976", "2009": "$899", "2008": "$1,006", "2007": "$971", "2006": "$942", "2005": "$957"}, "Six Flags Entertainment New Quarterly Revenue (Millions of US $)": {"2020-09-30": "$126", "2020-06-30": "$19", "2020-03-31": "$103", "2019-12-31": "$261", "2019-09-30": "$621", "2019-06-30": "$477", "2019-03-31": "$128", "2018-12-31": "$270", "2018-09-30": "$620", "2018-06-30": "$445", "2018-03-31": "$129", "2017-12-31": "$257", "2017-09-30": "$580", "2017-06-30": "$422", "2017-03-31": "$100", "2016-12-31": "$239", "2016-09-30": "$558", "2016-06-30": "$407", "2016-03-31": "$115", "2015-12-31": "$217", "2015-09-30": "$575", "2015-06-30": "$386", "2015-03-31": "$85", "2014-12-31": "$184", "2014-09-30": "$542", "2014-06-30": "$377", "2014-03-31": "$74", "2013-12-31": "$154", "2013-09-30": "$505", "2013-06-30": "$364", "2013-03-31": "$88", "2012-12-31": "$144", "2012-09-30": "$485", "2012-06-30": "$375", "2012-03-31": "$66", "2011-12-31": "$138", "2011-09-30": "$476", "2011-06-30": "$339", "2011-03-31": "$61", "2010-12-31": "$122", "2010-09-30": "$476", "2010-06-30": "$321", "2010-03-31": "$57", "2009-12-31": "$101", "2009-09-30": "$450", "2009-06-30": "$297", "2009-03-31": "$51", "2008-12-31": "$103", "2008-09-30": "$489", "2008-06-30": "$346", "2008-03-31": "$68", "2007-12-31": "$112", "2007-09-30": "$464", "2007-06-30": "$344", "2007-03-31": "$51", "2006-12-31": "$101", "2006-09-30": "$474", "2006-06-30": "$325", "2006-03-31": "$42", "2005-12-31": "$1", "2005-09-30": "$546", "2005-06-30": "$361", "2005-03-31": "$50"}}, "gross-profit": {"Six Flags Entertainment New Annual Gross Profit (Millions of US $)": {"2019": "$1,357", "2018": "$1,342", "2017": "$1,249", "2016": "$1,210", "2015": "$1,163", "2014": "$1,085", "2013": "$1,023", "2012": "$990", "2011": "$936", "2010": "$897", "2009": "$824", "2008": "$921", "2007": "$889", "2006": "$862", "2005": "$874"}, "Six Flags Entertainment New Quarterly Gross Profit (Millions of US $)": {"2020-09-30": "$113", "2020-06-30": "$17", "2020-03-31": "$95", "2019-12-31": "$238", "2019-09-30": "$568", "2019-06-30": "$434", "2019-03-31": "$118", "2018-12-31": "$248", "2018-09-30": "$570", "2018-06-30": "$406", "2018-03-31": "$119", "2017-12-31": "$237", "2017-09-30": "$534", "2017-06-30": "$385", "2017-03-31": "$92", "2016-12-31": "$220", "2016-09-30": "$513", "2016-06-30": "$371", "2016-03-31": "$105", "2015-12-31": "$202", "2015-09-30": "$532", "2015-06-30": "$352", "2015-03-31": "$78", "2014-12-31": "$170", "2014-09-30": "$502", "2014-06-30": "$345", "2014-03-31": "$67", "2013-12-31": "$143", "2013-09-30": "$468", "2013-06-30": "$333", "2013-03-31": "$80", "2012-12-31": "$134", "2012-09-30": "$451", "2012-06-30": "$345", "2012-03-31": "$61", "2011-12-31": "$128", "2011-09-30": "$441", "2011-06-30": "$311", "2011-03-31": "$56", "2010-12-31": "$112", "2010-09-30": "$439", "2010-06-30": "$293", "2010-03-31": "$52", "2009-12-31": "$94", "2009-09-30": "$413", "2009-06-30": "$271", "2009-03-31": "$46", "2008-12-31": "$94", "2008-09-30": "$449", "2008-06-30": "$315", "2008-03-31": "$62", "2007-12-31": "$104", "2007-09-30": "$425", "2007-06-30": "$314", "2007-03-31": "$46", "2006-12-31": "$91", "2006-09-30": "$436", "2006-06-30": "$297", "2006-03-31": "$38", "2005-12-31": "$-0", "2005-09-30": "$500", "2005-06-30": "$329", "2005-03-31": "$45"}}, "operating-income": {"Six Flags Entertainment New Annual Operating Income (Millions of US $)": {"2019": "$434", "2018": "$523", "2017": "$465", "2016": "$320", "2015": "$346", "2014": "$233", "2013": "$280", "2012": "$196", "2011": "$121", "2010": "$84", "2009": "$64", "2008": "$149", "2007": "$38", "2006": "$51", "2005": "$148"}, "Six Flags Entertainment New Quarterly Operating Income (Millions of US $)": {"2020-09-30": "$-80", "2020-06-30": "$-112", "2020-03-31": "$-77", "2019-12-31": "$41", "2019-09-30": "$290", "2019-06-30": "$168", "2019-03-31": "$-66", "2018-12-31": "$144", "2018-09-30": "$287", "2018-06-30": "$146", "2018-03-31": "$-54", "2017-12-31": "$42", "2017-09-30": "$326", "2017-06-30": "$173", "2017-03-31": "$-75", "2016-12-31": "$27", "2016-09-30": "$200", "2016-06-30": "$144", "2016-03-31": "$-51", "2015-12-31": "$8", "2015-09-30": "$289", "2015-06-30": "$137", "2015-03-31": "$-87", "2014-12-31": "$-23", "2014-09-30": "$203", "2014-06-30": "$132", "2014-03-31": "$-78", "2013-12-31": "$-3", "2013-09-30": "$246", "2013-06-30": "$117", "2013-03-31": "$-81", "2012-12-31": "$-24", "2012-09-30": "$223", "2012-06-30": "$104", "2012-03-31": "$-107", "2011-12-31": "$-34", "2011-09-30": "$218", "2011-06-30": "$75", "2011-03-31": "$-138", "2010-12-31": "$-58", "2010-09-30": "$190", "2010-06-30": "$51", "2010-03-31": "$-99", "2009-12-31": "$-56", "2009-09-30": "$187", "2009-06-30": "$33", "2009-03-31": "$-100", "2008-12-31": "$-33", "2008-09-30": "$209", "2008-06-30": "$69", "2008-03-31": "$-96", "2007-12-31": "$-70", "2007-09-30": "$181", "2007-06-30": "$46", "2007-03-31": "$-119", "2006-12-31": "$-53", "2006-09-30": "$211", "2006-06-30": "$48", "2006-03-31": "$-156", "2005-12-31": "$-83", "2005-09-30": "$260", "2005-06-30": "$80", "2005-03-31": "$-108"}}, "ebitda": {"Six Flags Entertainment New Annual EBITDA (Millions of US $)": {"2019": "$556", "2018": "$642", "2017": "$581", "2016": "$431", "2015": "$458", "2014": "$346", "2013": "$412", "2012": "$347", "2011": "$298", "2010": "$253", "2009": "$210", "2008": "$290", "2007": "$183", "2006": "$192", "2005": "$284"}, "Six Flags Entertainment New Quarterly EBITDA (Millions of US $)": {"2020-09-30": "$-49", "2020-06-30": "$-80", "2020-03-31": "$-46", "2019-12-31": "$72", "2019-09-30": "$322", "2019-06-30": "$199", "2019-03-31": "$-37", "2018-12-31": "$175", "2018-09-30": "$317", "2018-06-30": "$175", "2018-03-31": "$-25", "2017-12-31": "$72", "2017-09-30": "$355", "2017-06-30": "$200", "2017-03-31": "$-47", "2016-12-31": "$56", "2016-09-30": "$228", "2016-06-30": "$171", "2016-03-31": "$-24", "2015-12-31": "$38", "2015-09-30": "$316", "2015-06-30": "$163", "2015-03-31": "$-59", "2014-12-31": "$5", "2014-09-30": "$231", "2014-06-30": "$159", "2014-03-31": "$-49", "2013-12-31": "$29", "2013-09-30": "$278", "2013-06-30": "$150", "2013-03-31": "$-44", "2012-12-31": "$12", "2012-09-30": "$259", "2012-06-30": "$141", "2012-03-31": "$-65", "2011-12-31": "$10", "2011-09-30": "$262", "2011-06-30": "$118", "2011-03-31": "$-92", "2010-12-31": "$-12", "2010-09-30": "$236", "2010-06-30": "$91", "2010-03-31": "$-62", "2009-12-31": "$-18", "2009-09-30": "$224", "2009-06-30": "$69", "2009-03-31": "$-64", "2008-12-31": "$-0", "2008-09-30": "$246", "2008-06-30": "$105", "2008-03-31": "$-60", "2007-12-31": "$-34", "2007-09-30": "$218", "2007-06-30": "$82", "2007-03-31": "$-82", "2006-12-31": "$-17", "2006-09-30": "$248", "2006-06-30": "$83", "2006-03-31": "$-122", "2005-12-31": "$-60", "2005-09-30": "$298", "2005-06-30": "$117", "2005-03-31": "$-71"}}, "net-income": {"Six Flags Entertainment New Annual Net Income (Millions of US $)": {"2019": "$179", "2018": "$276", "2017": "$274", "2016": "$118", "2015": "$155", "2014": "$76", "2013": "$119", "2012": "$366", "2011": "$-23", "2010": "$599", "2009": "$-246", "2008": "$-142", "2007": "$-277", "2006": "$-328", "2005": "$-133"}, "Six Flags Entertainment New Quarterly Net Income (Millions of US $)": {"2020-09-30": "$-116", "2020-06-30": "$-137", "2020-03-31": "$-85", "2019-12-31": "$-11", "2019-09-30": "$180", "2019-06-30": "$80", "2019-03-31": "$-69", "2018-12-31": "$79", "2018-09-30": "$184", "2018-06-30": "$75", "2018-03-31": "$-62", "2017-12-31": "$98", "2017-09-30": "$181", "2017-06-30": "$52", "2017-03-31": "$-58", "2016-12-31": "$2", "2016-09-30": "$102", "2016-06-30": "$61", "2016-03-31": "$-47", "2015-12-31": "$2", "2015-09-30": "$157", "2015-06-30": "$66", "2015-03-31": "$-70", "2014-12-31": "$-34", "2014-09-30": "$105", "2014-06-30": "$66", "2014-03-31": "$-61", "2013-12-31": "$13", "2013-09-30": "$120", "2013-06-30": "$47", "2013-03-31": "$-63", "2012-12-31": "$156", "2012-09-30": "$253", "2012-06-30": "$72", "2012-03-31": "$-115", "2011-12-31": "$-102", "2011-09-30": "$193", "2011-06-30": "$35", "2011-03-31": "$-148", "2010-12-31": "$-94", "2010-09-30": "$134", "2010-06-30": "$743", "2010-03-31": "$-184", "2009-12-31": "$-116", "2009-09-30": "$138", "2009-06-30": "$-122", "2009-03-31": "$-146", "2008-12-31": "$-208", "2008-09-30": "$136", "2008-06-30": "$87", "2008-03-31": "$-157", "2007-12-31": "$-135", "2007-09-30": "$84", "2007-06-30": "$-51", "2007-03-31": "$-176", "2006-12-31": "$-195", "2006-09-30": "$159", "2006-06-30": "$-45", "2006-03-31": "$-247", "2005-12-31": "$-145", "2005-09-30": "$190", "2005-06-30": "$6", "2005-03-31": "$-184"}}, "eps-earnings-per-share-diluted": {"Six Flags Entertainment New Annual EPS": {"2019": "$2.11", "2018": "$3.23", "2017": "$3.09", "2016": "$1.25", "2015": "$1.58", "2014": "$0.77", "2013": "$1.18", "2012": "$3.30", "2011": "$-0.21", "2010": "$5.42", "2009": "$-1.26", "2008": "$-0.37", "2007": "$-0.73", "2006": "$-0.87", "2005": "$-0.36"}, "Six Flags Entertainment New Quarterly EPS": {"2020-09-30": "$-1.37", "2020-06-30": "$-1.62", "2020-03-31": "$-1.00", "2019-12-31": "$-0.12", "2019-09-30": "$2.11", "2019-06-30": "$0.94", "2019-03-31": "$-0.82", "2018-12-31": "$0.93", "2018-09-30": "$2.16", "2018-06-30": "$0.88", "2018-03-31": "$-0.74", "2017-12-31": "$1.02", "2017-09-30": "$2.11", "2017-06-30": "$0.59", "2017-03-31": "$-0.63", "2016-12-31": "$0.03", "2016-09-30": "$1.09", "2016-06-30": "$0.64", "2016-03-31": "$-0.51", "2015-12-31": "$0.02", "2015-09-30": "$1.64", "2015-06-30": "$0.67", "2015-03-31": "$-0.75", "2014-12-31": "$-0.34", "2014-09-30": "$1.08", "2014-06-30": "$0.67", "2014-03-31": "$-0.64", "2013-12-31": "$0.10", "2013-09-30": "$1.22", "2013-06-30": "$0.47", "2013-03-31": "$-0.61", "2012-12-31": "$1.49", "2012-09-30": "$2.23", "2012-06-30": "$0.64", "2012-03-31": "$-1.06", "2011-12-31": "$-0.90", "2011-09-30": "$1.72", "2011-06-30": "$0.31", "2011-03-31": "$-1.34", "2010-12-31": "$2.18", "2010-09-30": "$1.21", "2010-06-30": "$2.49", "2010-03-31": "$-0.47", "2009-12-31": "$-0.81", "2009-09-30": "$0.24", "2009-06-30": "$-0.31", "2009-03-31": "$-0.38", "2008-12-31": "$-0.35", "2008-09-30": "$0.24", "2008-06-30": "$0.16", "2008-03-31": "$-0.41", "2007-12-31": "$-0.29", "2007-09-30": "$0.15", "2007-06-30": "$-0.14", "2007-03-31": "$-0.47", "2006-12-31": "$-0.36", "2006-09-30": "$0.27", "2006-06-30": "$-0.12", "2006-03-31": "$-0.66", "2005-12-31": "$-0.20", "2005-09-30": "$0.32", "2005-06-30": "$0.02", "2005-03-31": "$-0.50"}}, "shares-outstanding": {"Six Flags Entertainment New Annual Shares Outstanding (Millions of Shares)": {"2019": "85", "2018": "85", "2017": "88", "2016": "94", "2015": "98", "2014": "98", "2013": "100", "2012": "111", "2011": "110", "2010": "111", "2009": "195", "2008": "388", "2007": "379", "2006": "377", "2005": "372"}, "Six Flags Entertainment New Quarterly Shares Outstanding (Millions of Shares)": {"2020-09-30": "85", "2020-06-30": "85", "2020-03-31": "85", "2019-12-31": "85", "2019-09-30": "85", "2019-06-30": "85", "2019-03-31": "84", "2018-12-31": "85", "2018-09-30": "86", "2018-06-30": "85", "2018-03-31": "84", "2017-12-31": "88", "2017-09-30": "86", "2017-06-30": "89", "2017-03-31": "91", "2016-12-31": "94", "2016-09-30": "94", "2016-06-30": "95", "2016-03-31": "92", "2015-12-31": "98", "2015-09-30": "96", "2015-06-30": "97", "2015-03-31": "94", "2014-12-31": "98", "2014-09-30": "97", "2014-06-30": "99", "2014-03-31": "95", "2013-12-31": "100", "2013-09-30": "98", "2013-06-30": "100", "2013-03-31": "102", "2012-12-31": "111", "2012-09-30": "114", "2012-06-30": "113", "2012-03-31": "109", "2011-12-31": "110", "2011-09-30": "112", "2011-06-30": "113", "2011-03-31": "111", "2010-12-31": "111", "2010-09-30": "110", "2010-06-30": "306", "2010-03-31": "392", "2009-12-31": "195", "2009-09-30": "595", "2009-06-30": "390", "2009-03-31": "390", "2008-12-31": "388", "2008-09-30": "621", "2008-06-30": "621", "2008-03-31": "383", "2007-12-31": "379", "2007-09-30": "610", "2007-06-30": "379", "2007-03-31": "379", "2006-12-31": "377", "2006-09-30": "621", "2006-06-30": "377", "2006-03-31": "376", "2005-12-31": "372", "2005-09-30": "616", "2005-06-30": "372", "2005-03-31": "372"}}, "total-assets": {"Six Flags Entertainment New Annual Total Assets (Millions of US $)": {"2019": "$2,883", "2018": "$2,517", "2017": "$2,457", "2016": "$2,488", "2015": "$2,428", "2014": "$2,417", "2013": "$2,608", "2012": "$3,056", "2011": "$2,648", "2010": "$2,733", "2009": "$2,908", "2008": "$3,030", "2007": "$2,945", "2006": "$3,188", "2005": "$3,492"}, "Six Flags Entertainment New Quarterly Total Assets (Millions of US $)": {"2020-09-30": "$2,865", "2020-06-30": "$2,969", "2020-03-31": "$2,721", "2019-12-31": "$2,883", "2019-09-30": "$3,021", "2019-06-30": "$2,938", "2019-03-31": "$2,725", "2018-12-31": "$2,517", "2018-09-30": "$2,633", "2018-06-30": "$2,610", "2018-03-31": "$2,444", "2017-12-31": "$2,457", "2017-09-30": "$2,528", "2017-06-30": "$2,544", "2017-03-31": "$2,429", "2016-12-31": "$2,488", "2016-09-30": "$2,649", "2016-06-30": "$2,590", "2016-03-31": "$2,393", "2015-12-31": "$2,428", "2015-09-30": "$2,720", "2015-06-30": "$2,698", "2015-03-31": "$2,480", "2014-12-31": "$2,417", "2014-09-30": "$2,749", "2014-06-30": "$2,729", "2014-03-31": "$2,536", "2013-12-31": "$2,608", "2013-09-30": "$2,746", "2013-06-30": "$2,774", "2013-03-31": "$2,654", "2012-12-31": "$3,056", "2012-09-30": "$2,789", "2012-06-30": "$2,615", "2012-03-31": "$2,524", "2011-12-31": "$2,648", "2011-09-30": "$2,804", "2011-06-30": "$2,705", "2011-03-31": "$2,630", "2010-12-31": "$2,733", "2010-09-30": "$2,861", "2010-06-30": "$2,835", "2010-03-31": "$2,884", "2009-12-31": "$2,908", "2009-09-30": "$3,076", "2009-06-30": "$2,957", "2009-03-31": "$2,907", "2008-12-31": "$3,030", "2008-09-30": "$2,953", "2008-06-30": "$3,045", "2008-03-31": "$2,943", "2007-12-31": "$2,945", "2007-09-30": "$3,109", "2007-06-30": "$3,112", "2007-03-31": "$3,202", "2006-12-31": "$3,188", "2006-09-30": "$3,388", "2006-06-30": "$3,435", "2006-03-31": "$3,393", "2005-12-31": "$3,492", "2005-09-30": "$3,605", "2005-06-30": "$3,647", "2005-03-31": "$3,535"}}, "cash-on-hand": {"Six Flags Entertainment New Annual Cash on Hand (Millions of US $)": {"2019": "$174", "2018": "$45", "2017": "$77", "2016": "$141", "2015": "$100", "2014": "$74", "2013": "$169", "2012": "$629", "2011": "$231", "2010": "$187", "2009": "$165", "2008": "$210", "2007": "$28", "2006": "$24", "2005": "$81"}, "Six Flags Entertainment New Quarterly Cash on Hand (Millions of US $)": {"2020-09-30": "$214", "2020-06-30": "$296", "2020-03-31": "$23", "2019-12-31": "$174", "2019-09-30": "$212", "2019-06-30": "$114", "2019-03-31": "$20", "2018-12-31": "$45", "2018-09-30": "$69", "2018-06-30": "$69", "2018-03-31": "$33", "2017-12-31": "$77", "2017-09-30": "$85", "2017-06-30": "$71", "2017-03-31": "$35", "2016-12-31": "$141", "2016-09-30": "$239", "2016-06-30": "$164", "2016-03-31": "$23", "2015-12-31": "$100", "2015-09-30": "$211", "2015-06-30": "$155", "2015-03-31": "$16", "2014-12-31": "$74", "2014-09-30": "$165", "2014-06-30": "$117", "2014-03-31": "$22", "2013-12-31": "$169", "2013-09-30": "$201", "2013-06-30": "$201", "2013-03-31": "$137", "2012-12-31": "$629", "2012-09-30": "$281", "2012-06-30": "$128", "2012-03-31": "$69", "2011-12-31": "$231", "2011-09-30": "$305", "2011-06-30": "$142", "2011-03-31": "$79", "2010-12-31": "$187", "2010-09-30": "$255", "2010-06-30": "$122", "2010-03-31": "$87", "2009-12-31": "$165", "2009-09-30": "$262", "2009-06-30": "$129", "2009-03-31": "$79", "2008-12-31": "$210", "2008-09-30": "$34", "2008-06-30": "$66", "2008-03-31": "$13", "2007-12-31": "$28", "2007-09-30": "$105", "2007-06-30": "$82", "2007-03-31": "$36", "2006-12-31": "$24", "2006-09-30": "$59", "2006-06-30": "$83", "2006-03-31": "$10", "2005-12-31": "$81", "2005-09-30": "$116", "2005-06-30": "$117", "2005-03-31": "$64"}}, "long-term-debt": {"Six Flags Entertainment New Annual Long Term Debt (Millions of US $)": {"2019": "$2,267", "2018": "$2,064", "2017": "$2,021", "2016": "$1,624", "2015": "$1,498", "2014": "$1,374", "2013": "$1,394", "2012": "$1,399", "2011": "$922", "2010": "$938", "2009": "$1,967", "2008": "$2,044", "2007": "$2,239", "2006": "$2,127", "2005": "$2,129"}, "Six Flags Entertainment New Quarterly Long Term Debt (Millions of US $)": {"2020-09-30": "$2,621", "2020-06-30": "$2,620", "2020-03-31": "$2,216", "2019-12-31": "$2,267", "2019-09-30": "$2,269", "2019-06-30": "$2,270", "2019-03-31": "$2,065", "2018-12-31": "$2,064", "2018-09-30": "$2,062", "2018-06-30": "$2,061", "2018-03-31": "$2,022", "2017-12-31": "$2,021", "2017-09-30": "$2,020", "2017-06-30": "$2,019", "2017-03-31": "$1,625", "2016-12-31": "$1,624", "2016-09-30": "$1,652", "2016-06-30": "$1,651", "2016-03-31": "$1,497", "2015-12-31": "$1,498", "2015-09-30": "$1,517", "2015-06-30": "$1,519", "2015-03-31": "$1,388", "2014-12-31": "$1,374", "2014-09-30": "$1,390", "2014-06-30": "$1,392", "2014-03-31": "$1,393", "2013-12-31": "$1,394", "2013-09-30": "$1,395", "2013-06-30": "$1,396", "2013-03-31": "$1,398", "2012-12-31": "$1,399", "2012-09-30": "$942", "2012-06-30": "$945", "2012-03-31": "$918", "2011-12-31": "$922", "2011-09-30": "$940", "2011-06-30": "$939", "2011-03-31": "$939", "2010-12-31": "$938", "2010-09-30": "$985", "2010-06-30": "$1,009", "2010-03-31": "$819", "2009-12-31": "$1,967", "2009-09-30": "$844", "2009-06-30": "$858", "2009-03-31": "$1,912", "2008-12-31": "$2,044", "2008-09-30": "$2,115", "2008-06-30": "$2,118", "2008-03-31": "$2,237", "2007-12-31": "$2,239", "2007-09-30": "$2,241", "2007-06-30": "$2,251", "2007-03-31": "$2,125", "2006-12-31": "$2,127", "2006-09-30": "$2,129", "2006-06-30": "$2,126", "2006-03-31": "$2,127", "2005-12-31": "$2,129", "2005-09-30": "$2,131", "2005-06-30": "$2,135", "2005-03-31": "$2,137"}}, "total-liabilities": {"Six Flags Entertainment New Annual Total Liabilities (Millions of US $)": {"2019": "$3,599", "2018": "$3,160", "2017": "$2,962", "2016": "$2,674", "2015": "$2,404", "2014": "$2,193", "2013": "$2,234", "2012": "$2,168", "2011": "$1,881", "2010": "$1,865", "2009": "$3,492", "2008": "$3,407", "2007": "$3,198", "2006": "$3,194", "2005": "$2,798"}, "Six Flags Entertainment New Quarterly Total Liabilities (Millions of US $)": {"2020-09-30": "$3,942", "2020-06-30": "$3,940", "2020-03-31": "$3,573", "2019-12-31": "$3,599", "2019-09-30": "$3,656", "2019-06-30": "$3,688", "2019-03-31": "$3,490", "2018-12-31": "$3,160", "2018-09-30": "$3,149", "2018-06-30": "$3,276", "2018-03-31": "$3,142", "2017-12-31": "$2,962", "2017-09-30": "$3,101", "2017-06-30": "$3,098", "2017-03-31": "$2,614", "2016-12-31": "$2,674", "2016-09-30": "$2,667", "2016-06-30": "$2,682", "2016-03-31": "$2,467", "2015-12-31": "$2,404", "2015-09-30": "$2,559", "2015-06-30": "$2,563", "2015-03-31": "$2,356", "2014-12-31": "$2,193", "2014-09-30": "$2,400", "2014-06-30": "$2,425", "2014-03-31": "$2,262", "2013-12-31": "$2,234", "2013-09-30": "$2,342", "2013-06-30": "$2,367", "2013-03-31": "$2,230", "2012-12-31": "$2,168", "2012-09-30": "$1,896", "2012-06-30": "$1,980", "2012-03-31": "$1,888", "2011-12-31": "$1,881", "2011-09-30": "$1,883", "2011-06-30": "$1,975", "2011-03-31": "$1,920", "2010-12-31": "$1,865", "2010-09-30": "$1,900", "2010-06-30": "$2,016", "2010-03-31": "$3,641", "2009-12-31": "$3,492", "2009-09-30": "$3,558", "2009-06-30": "$3,593", "2009-03-31": "$3,432", "2008-12-31": "$3,407", "2008-09-30": "$3,122", "2008-06-30": "$3,338", "2008-03-31": "$3,354", "2007-12-31": "$3,198", "2007-09-30": "$2,858", "2007-06-30": "$2,952", "2007-03-31": "$3,000", "2006-12-31": "$3,194", "2006-09-30": "$2,810", "2006-06-30": "$3,022", "2006-03-31": "$2,941", "2005-12-31": "$2,798", "2005-09-30": "$2,762", "2005-06-30": "$2,997", "2005-03-31": "$2,895"}}, "total-share-holder-equity": {"Six Flags Entertainment New Annual Share Holder Equity (Millions of US $)": {"2019": "$-716", "2018": "$-643", "2017": "$-505", "2016": "$-186", "2015": "$24", "2014": "$224", "2013": "$373", "2012": "$889", "2011": "$767", "2010": "$868", "2009": "$-584", "2008": "$-376", "2007": "$-253", "2006": "$-6", "2005": "$694"}, "Six Flags Entertainment New Quarterly Share Holder Equity (Millions of US $)": {"2020-09-30": "$-1,077", "2020-06-30": "$-971", "2020-03-31": "$-853", "2019-12-31": "$-716", "2019-09-30": "$-635", "2019-06-30": "$-750", "2019-03-31": "$-765", "2018-12-31": "$-643", "2018-09-30": "$-515", "2018-06-30": "$-666", "2018-03-31": "$-698", "2017-12-31": "$-505", "2017-09-30": "$-573", "2017-06-30": "$-555", "2017-03-31": "$-185", "2016-12-31": "$-186", "2016-09-30": "$-18", "2016-06-30": "$-92", "2016-03-31": "$-73", "2015-12-31": "$24", "2015-09-30": "$161", "2015-06-30": "$135", "2015-03-31": "$125", "2014-12-31": "$224", "2014-09-30": "$349", "2014-06-30": "$303", "2014-03-31": "$273", "2013-12-31": "$373", "2013-09-30": "$405", "2013-06-30": "$407", "2013-03-31": "$424", "2012-12-31": "$889", "2012-09-30": "$894", "2012-06-30": "$635", "2012-03-31": "$637", "2011-12-31": "$767", "2011-09-30": "$921", "2011-06-30": "$730", "2011-03-31": "$710", "2010-12-31": "$868", "2010-09-30": "$961", "2010-06-30": "$819", "2010-03-31": "$-757", "2009-12-31": "$-584", "2009-09-30": "$-483", "2009-06-30": "$-636", "2009-03-31": "$-524", "2008-12-31": "$-376", "2008-09-30": "$-169", "2008-06-30": "$-293", "2008-03-31": "$-411", "2007-12-31": "$-253", "2007-09-30": "$251", "2007-06-30": "$160", "2007-03-31": "$202", "2006-12-31": "$-6", "2006-09-30": "$578", "2006-06-30": "$414", "2006-03-31": "$452", "2005-12-31": "$694", "2005-09-30": "$843", "2005-06-30": "$650", "2005-03-31": "$640"}}, "profit-margins": {"current": "-68.52%"}, "gross margin": {"2020-09-30": "90.96%", "2020-06-30": "91.43%", "2020-03-31": "91.31%", "2019-12-31": "91.32%", "2019-09-30": "91.44%", "2019-06-30": "91.64%", "2019-03-31": "91.73%", "2018-12-31": "91.73%", "2018-09-30": "91.80%", "2018-06-30": "91.85%", "2018-03-31": "91.86%", "2017-12-31": "91.83%", "2017-09-30": "91.80%", "2017-06-30": "91.74%", "2017-03-31": "91.72%", "2016-12-31": "91.66%", "2016-09-30": "91.83%", "2016-06-30": "92.09%", "2016-03-31": "92.11%", "2015-12-31": "92.16%", "2015-09-30": "92.03%", "2015-06-30": "92.06%", "2015-03-31": "92.17%", "2014-12-31": "92.10%", "2014-09-30": "92.15%", "2014-06-30": "92.16%", "2014-03-31": "92.16%", "2013-12-31": "92.17%", "2013-09-30": "92.19%", "2013-06-30": "92.32%", "2013-03-31": "92.49%", "2012-12-31": "92.62%", "2012-09-30": "92.58%", "2012-06-30": "92.42%", "2012-03-31": "92.35%", "2011-12-31": "92.31%", "2011-09-30": "92.18%", "2011-06-30": "91.98%", "2011-03-31": "91.84%", "2010-12-31": "91.80%", "2010-09-30": "91.94%", "2010-06-30": "91.71%", "2010-03-31": "91.71%", "2009-12-31": "91.66%", "2009-09-30": "91.45%", "2009-06-30": "91.49%", "2009-03-31": "91.41%", "2008-12-31": "91.45%", "2008-09-30": "91.63%", "2008-06-30": "91.52%", "2008-03-31": "91.60%", "2007-12-31": "91.56%", "2007-09-30": "91.25%", "2007-06-30": "91.44%", "2007-03-31": "91.48%", "2006-12-31": "91.51%", "2006-09-30": "91.57%", "2006-06-30": "91.36%", "2006-03-31": "91.26%", "2005-12-31": "91.23%"}, "operating margin": {"2020-09-30": "-44.79%", "2020-06-30": "14.14%", "2020-03-31": "28.86%", "2019-12-31": "29.12%", "2019-09-30": "35.83%", "2019-06-30": "35.65%", "2019-03-31": "34.93%", "2018-12-31": "35.72%", "2018-09-30": "29.01%", "2018-06-30": "32.60%", "2018-03-31": "35.09%", "2017-12-31": "34.29%", "2017-09-30": "33.63%", "2017-06-30": "24.64%", "2017-03-31": "22.70%", "2016-12-31": "24.26%", "2016-09-30": "23.21%", "2016-06-30": "29.68%", "2016-03-31": "29.62%", "2015-12-31": "27.47%", "2015-09-30": "25.69%", "2015-06-30": "19.21%", "2015-03-31": "18.94%", "2014-12-31": "19.88%", "2014-09-30": "22.14%", "2014-06-30": "26.76%", "2014-03-31": "25.71%", "2013-12-31": "25.11%", "2013-09-30": "23.43%", "2013-06-30": "21.74%", "2013-03-31": "20.33%", "2012-12-31": "18.32%", "2012-09-30": "17.48%", "2012-06-30": "17.16%", "2012-03-31": "14.92%", "2011-12-31": "11.93%", "2011-09-30": "9.72%", "2011-06-30": "6.91%", "2011-03-31": "4.59%", "2010-12-31": "8.61%", "2010-09-30": "9.01%", "2010-06-30": "8.93%", "2010-03-31": "7.18%", "2009-12-31": "7.12%", "2009-09-30": "9.66%", "2009-06-30": "11.60%", "2009-03-31": "14.66%", "2008-12-31": "14.81%", "2008-09-30": "11.03%", "2008-06-30": "8.48%", "2008-03-31": "6.17%", "2007-12-31": "3.91%", "2007-09-30": "5.73%", "2007-06-30": "8.76%", "2007-03-31": "9.15%", "2006-12-31": "5.31%", "2006-09-30": "2.38%", "2006-06-30": "7.55%", "2006-03-31": "10.63%", "2005-12-31": "15.55%"}, "ebitda margin": {"2020-09-30": "-20.24%", "2020-06-30": "26.69%", "2020-03-31": "37.41%", "2019-12-31": "37.39%", "2019-09-30": "44.05%", "2019-06-30": "43.75%", "2019-03-31": "43.06%", "2018-12-31": "43.85%", "2018-09-30": "37.15%", "2018-06-30": "40.89%", "2018-03-31": "43.37%", "2017-12-31": "42.68%", "2017-09-30": "42.06%", "2017-06-30": "33.13%", "2017-03-31": "31.29%", "2016-12-31": "32.68%", "2016-09-30": "31.84%", "2016-06-30": "38.13%", "2016-03-31": "38.13%", "2015-12-31": "36.26%", "2015-09-30": "34.55%", "2015-06-30": "28.40%", "2015-03-31": "28.28%", "2014-12-31": "29.40%", "2014-09-30": "32.26%", "2014-06-30": "37.57%", "2014-03-31": "37.19%", "2013-12-31": "37.17%", "2013-09-30": "35.97%", "2013-06-30": "34.88%", "2013-03-31": "33.70%", "2012-12-31": "32.43%", "2012-09-30": "32.42%", "2012-06-30": "32.99%", "2012-03-31": "31.89%", "2011-12-31": "29.39%", "2011-09-30": "27.66%", "2011-06-30": "25.05%", "2011-03-31": "22.76%", "2010-12-31": "25.92%", "2010-09-30": "25.86%", "2010-06-30": "25.30%", "2010-03-31": "23.54%", "2009-12-31": "23.47%", "2009-09-30": "25.42%", "2009-06-30": "26.70%", "2009-03-31": "29.02%", "2008-12-31": "28.93%", "2008-09-30": "25.32%", "2008-06-30": "23.13%", "2008-03-31": "20.85%", "2007-12-31": "18.95%", "2007-09-30": "20.94%", "2007-06-30": "23.81%", "2007-03-31": "24.40%", "2006-12-31": "20.38%", "2006-09-30": "17.70%", "2006-06-30": "21.77%", "2006-03-31": "24.53%", "2005-12-31": "29.65%"}, "pre tax profit margin": {"2020-09-30": "-78.78%", "2020-06-30": "-0.70%", "2020-03-31": "20.45%", "2019-12-31": "20.98%", "2019-09-30": "27.94%", "2019-06-30": "27.83%", "2019-03-31": "27.34%", "2018-12-31": "28.14%", "2018-09-30": "21.57%", "2018-06-30": "25.02%", "2018-03-31": "24.71%", "2017-12-31": "24.28%", "2017-09-30": "23.79%", "2017-06-30": "14.86%", "2017-03-31": "16.03%", "2016-12-31": "17.66%", "2016-09-30": "16.65%", "2016-06-30": "23.44%", "2016-03-31": "23.05%", "2015-12-31": "20.82%", "2015-09-30": "18.05%", "2015-06-30": "11.45%", "2015-03-31": "12.63%", "2014-12-31": "13.59%", "2014-09-30": "16.56%", "2014-06-30": "20.90%", "2014-03-31": "18.78%", "2013-12-31": "18.27%", "2013-09-30": "17.08%", "2013-06-30": "22.02%", "2013-03-31": "21.25%", "2012-12-31": "19.81%", "2012-09-30": "14.19%", "2012-06-30": "7.20%", "2012-03-31": "3.93%", "2011-12-31": "0.30%", "2011-09-30": "0.80%", "2011-06-30": "-3.31%", "2011-03-31": "78.78%", "2010-12-31": "76.64%", "2010-09-30": "79.16%", "2010-06-30": "81.92%", "2010-03-31": "-21.77%", "2009-12-31": "-17.46%", "2009-09-30": "-17.87%", "2009-06-30": "-16.91%", "2009-03-31": "6.88%", "2008-12-31": "5.77%", "2008-09-30": "6.01%", "2008-06-30": "-1.41%", "2008-03-31": "-18.62%", "2007-12-31": "-20.08%", "2007-09-30": "-21.67%", "2007-06-30": "-17.53%", "2007-03-31": "-17.56%", "2006-12-31": "-21.34%", "2006-09-30": "-28.03%", "2006-06-30": "-19.26%", "2006-03-31": "-13.89%", "2005-12-31": "-11.06%"}, "net profit margin": {"2020-09-30": "-68.57%", "2020-06-30": "-5.28%", "2020-03-31": "11.22%", "2019-12-31": "12.10%", "2019-09-30": "18.05%", "2019-06-30": "18.33%", "2019-03-31": "18.39%", "2018-12-31": "18.85%", "2018-09-30": "20.33%", "2018-06-30": "20.69%", "2018-03-31": "19.38%", "2017-12-31": "20.09%", "2017-09-30": "13.20%", "2017-06-30": "7.43%", "2017-03-31": "8.21%", "2016-12-31": "8.95%", "2016-09-30": "9.10%", "2016-06-30": "13.17%", "2016-03-31": "13.77%", "2015-12-31": "12.27%", "2015-09-30": "9.67%", "2015-06-30": "5.60%", "2015-03-31": "5.64%", "2014-12-31": "6.46%", "2014-09-30": "10.72%", "2014-06-30": "12.43%", "2014-03-31": "10.85%", "2013-12-31": "10.53%", "2013-09-30": "23.61%", "2013-06-30": "36.36%", "2013-03-31": "38.28%", "2012-12-31": "34.21%", "2012-09-30": "10.15%", "2012-06-30": "4.55%", "2012-03-31": "1.08%", "2011-12-31": "-2.17%", "2011-09-30": "-1.40%", "2011-06-30": "-7.31%", "2011-03-31": "64.80%", "2010-12-31": "61.37%", "2010-09-30": "60.42%", "2010-06-30": "62.54%", "2010-03-31": "-31.38%", "2009-12-31": "-27.36%", "2009-09-30": "-37.51%", "2009-06-30": "-36.17%", "2009-03-31": "-13.25%", "2008-12-31": "-14.12%", "2008-09-30": "-6.80%", "2008-06-30": "-12.22%", "2008-03-31": "-26.21%", "2007-12-31": "-28.63%", "2007-09-30": "-35.21%", "2007-06-30": "-27.11%", "2007-03-31": "-27.02%", "2006-12-31": "-34.82%", "2006-09-30": "-33.02%", "2006-06-30": "-27.02%", "2006-03-31": "-20.63%", "2005-12-31": "-13.88%"}, "pe ratio": {"current": "0.00", "2021-02-05": "0.00", "2020-09-30": "0.00", "2020-06-30": "0.00", "2020-03-31": "6.53", "2019-12-31": "21.26", "2019-09-30": "15.61", "2019-06-30": "14.82", "2019-03-31": "14.76", "2018-12-31": "15.99", "2018-09-30": "18.59", "2018-06-30": "18.70", "2018-03-31": "17.96", "2017-12-31": "18.34", "2017-09-30": "25.51", "2017-06-30": "48.15", "2017-03-31": "45.03", "2016-12-31": "40.59", "2016-09-30": "35.89", "2016-06-30": "26.62", "2016-03-31": "24.97", "2015-12-31": "28.13", "2015-09-30": "30.78", "2015-06-30": "56.28", "2015-03-31": "60.11", "2014-12-31": "45.09", "2014-09-30": "21.17", "2014-06-30": "23.24", "2014-03-31": "25.35", "2013-12-31": "22.50", "2013-09-30": "10.37", "2013-06-30": "7.46", "2013-03-31": "7.25", "2012-12-31": "6.89", "2012-09-30": "22.88", "2012-06-30": "49.88", "2012-03-31": "349.37", "2011-12-31": "0.00", "2011-09-30": "0.00", "2011-06-30": "0.00", "2011-03-31": "0.00"}, "price sales": {"2021-02-05": "6.53", "2020-09-30": "3.38", "2020-06-30": "1.63", "2020-03-31": "0.73", "2019-12-31": "2.55", "2019-09-30": "2.80", "2019-06-30": "2.71", "2019-03-31": "2.71", "2018-12-31": "3.01", "2018-09-30": "3.78", "2018-06-30": "3.86", "2018-03-31": "3.49", "2017-12-31": "3.80", "2017-09-30": "3.52", "2017-06-30": "3.60", "2017-03-31": "3.68", "2016-12-31": "3.63", "2016-09-30": "3.29", "2016-06-30": "3.49", "2016-03-31": "3.39", "2015-12-31": "3.40", "2015-09-30": "2.88", "2015-06-30": "2.88", "2015-03-31": "3.12", "2014-12-31": "2.78", "2014-09-30": "2.25", "2014-06-30": "2.85", "2014-03-31": "2.71", "2013-12-31": "2.43", "2013-09-30": "2.25", "2013-06-30": "2.51", "2013-03-31": "2.64", "2012-12-31": "2.26", "2012-09-30": "2.15", "2012-06-30": "1.97", "2012-03-31": "1.73", "2011-12-31": "1.52", "2011-09-30": "1.04", "2011-06-30": "1.38", "2011-03-31": "1.70"}, "price book": {"current": "0.00", "2021-02-05": "0.00", "2020-09-30": "-1.60", "2020-06-30": "-1.68", "2020-03-31": "-1.24", "2019-12-31": "-5.28", "2019-09-30": "-6.56", "2019-06-30": "-5.35", "2019-03-31": "-5.12", "2018-12-31": "-6.74", "2018-09-30": "-10.48", "2018-06-30": "-7.99", "2018-03-31": "-6.66", "2017-12-31": "-9.85", "2017-09-30": "-7.79", "2017-06-30": "-7.95", "2017-03-31": "-25.12", "2016-12-31": "-24.72", "2016-09-30": "-224.45", "2016-06-30": "-48.31", "2016-03-31": "-57.91", "2015-12-31": "168.04", "2015-09-30": "21.16", "2015-06-30": "24.80", "2015-03-31": "28.84", "2014-12-31": "13.85", "2014-09-30": "7.12", "2014-06-30": "10.08", "2014-03-31": "10.41", "2013-12-31": "6.89", "2013-09-30": "5.77", "2013-06-30": "5.93", "2013-03-31": "5.84", "2012-12-31": "2.59", "2012-09-30": "2.45", "2012-06-30": "3.09", "2012-03-31": "2.67", "2011-12-31": "1.95", "2011-09-30": "1.10", "2011-06-30": "1.85", "2011-03-31": "1.85", "2010-12-31": "1.15", "2010-09-30": "0.84", "2010-06-30": "0.74"}, "price fcf": {"2021-02-05": "", "2020-09-30": "$-2.31", "2020-06-30": "$0.60", "2020-03-31": "$2.86", "2019-12-31": "$3.15", "2019-09-30": "$3.12", "2019-06-30": "$3.08", "2019-03-31": "$2.96", "2018-12-31": "$3.25", "2018-09-30": "$3.13", "2018-06-30": "$3.63", "2018-03-31": "$3.97", "2017-12-31": "$3.51", "2017-09-30": "$3.70", "2017-06-30": "$3.34", "2017-03-31": "$3.35", "2016-12-31": "$3.56", "2016-09-30": "$3.59", "2016-06-30": "$3.57", "2016-03-31": "$3.62", "2015-12-31": "$3.72", "2015-09-30": "$3.55", "2015-06-30": "$3.30", "2015-03-31": "$3.05", "2014-12-31": "$2.89", "2014-09-30": "$2.87", "2014-06-30": "$2.39", "2014-03-31": "$2.31", "2013-12-31": "$2.66", "2013-09-30": "$2.45", "2013-06-30": "$2.50", "2013-03-31": "$2.47", "2012-12-31": "$2.46", "2012-09-30": "$2.28", "2012-06-30": "$2.28", "2012-03-31": "$1.78", "2011-12-31": "$1.67", "2011-09-30": "$1.74", "2011-06-30": "$0.28", "2011-03-31": "$-1.11"}, "net worth": {"value": "$3.33B"}, "current ratio": {"2020-09-30": "0.89", "2020-06-30": "1.22", "2020-03-31": "0.56", "2019-12-31": "1.11", "2019-09-30": "1.24", "2019-06-30": "0.86", "2019-03-31": "0.42", "2018-12-31": "0.66", "2018-09-30": "0.86", "2018-06-30": "0.55", "2018-03-31": "0.37", "2017-12-31": "0.74", "2017-09-30": "0.80", "2017-06-30": "0.65", "2017-03-31": "0.47", "2016-12-31": "0.88", "2016-09-30": "1.40", "2016-06-30": "0.97", "2016-03-31": "0.47", "2015-12-31": "0.84", "2015-09-30": "1.71", "2015-06-30": "1.31", "2015-03-31": "0.77", "2014-12-31": "0.86", "2014-09-30": "1.94", "2014-06-30": "1.40", "2014-03-31": "1.12", "2013-12-31": "1.63", "2013-09-30": "2.15", "2013-06-30": "1.54", "2013-03-31": "1.53", "2012-12-31": "4.20", "2012-09-30": "2.36", "2012-06-30": "0.99", "2012-03-31": "0.76", "2011-12-31": "1.40", "2011-09-30": "1.85", "2011-06-30": "0.90", "2011-03-31": "0.70", "2010-12-31": "1.30", "2010-09-30": "1.62", "2010-06-30": "0.80", "2010-03-31": "0.36", "2009-12-31": "0.26", "2009-09-30": "0.86", "2009-06-30": "0.57", "2009-03-31": "0.31", "2008-12-31": "0.67", "2008-09-30": "0.70", "2008-06-30": "0.46", "2008-03-31": "0.33", "2007-12-31": "0.55", "2007-09-30": "1.07", "2007-06-30": "0.82", "2007-03-31": "0.31", "2006-12-31": "0.46", "2006-09-30": "0.85", "2006-06-30": "0.53", "2006-03-31": "0.35", "2005-12-31": "0.74", "2005-09-30": "1.31", "2005-06-30": "0.61", "2005-03-31": "0.47"}, "quick ratio": {"2020-09-30": "0.79", "2020-06-30": "1.10", "2020-03-31": "0.45", "2019-12-31": "1.01", "2019-09-30": "1.15", "2019-06-30": "0.77", "2019-03-31": "0.35", "2018-12-31": "0.58", "2018-09-30": "0.77", "2018-06-30": "0.48", "2018-03-31": "0.30", "2017-12-31": "0.66", "2017-09-30": "0.71", "2017-06-30": "0.56", "2017-03-31": "0.38", "2016-12-31": "0.81", "2016-09-30": "1.30", "2016-06-30": "0.86", "2016-03-31": "0.37", "2015-12-31": "0.76", "2015-09-30": "1.61", "2015-06-30": "1.20", "2015-03-31": "0.66", "2014-12-31": "0.77", "2014-09-30": "1.84", "2014-06-30": "1.29", "2014-03-31": "0.97", "2013-12-31": "1.53", "2013-09-30": "2.02", "2013-06-30": "1.42", "2013-03-31": "1.37", "2012-12-31": "4.08", "2012-09-30": "2.23", "2012-06-30": "0.86", "2012-03-31": "0.60", "2011-12-31": "1.30", "2011-09-30": "1.74", "2011-06-30": "0.77", "2011-03-31": "0.57", "2010-12-31": "1.19", "2010-09-30": "1.50", "2010-06-30": "0.68", "2010-03-31": "0.29", "2009-12-31": "0.24", "2009-09-30": "0.80", "2009-06-30": "0.49", "2009-03-31": "0.26", "2008-12-31": "0.61", "2008-09-30": "0.54", "2008-06-30": "0.36", "2008-03-31": "0.23", "2007-12-31": "0.43", "2007-09-30": "0.94", "2007-06-30": "0.70", "2007-03-31": "0.25", "2006-12-31": "0.38", "2006-09-30": "0.72", "2006-06-30": "0.43", "2006-03-31": "0.26", "2005-12-31": "0.65", "2005-09-30": "1.14", "2005-06-30": "0.50", "2005-03-31": "0.36"}, "debt equity ratio": {"current": "0.00", "2020-09-30": "-3.66", "2020-06-30": "-4.06", "2020-03-31": "-4.19", "2019-12-31": "-5.03", "2019-09-30": "-5.76", "2019-06-30": "-4.92", "2019-03-31": "-4.56", "2018-12-31": "-4.91", "2018-09-30": "-6.11", "2018-06-30": "-4.92", "2018-03-31": "-4.50", "2017-12-31": "-5.86", "2017-09-30": "-5.41", "2017-06-30": "-5.59", "2017-03-31": "-14.14", "2016-12-31": "-14.34", "2016-09-30": "-144.96", "2016-06-30": "-29.11", "2016-03-31": "-33.70", "2015-12-31": "99.28", "2015-09-30": "15.88", "2015-06-30": "18.92", "2015-03-31": "18.91", "2014-12-31": "9.80", "2014-09-30": "6.88", "2014-06-30": "7.99", "2014-03-31": "8.28", "2013-12-31": "5.99", "2013-09-30": "5.79", "2013-06-30": "5.81", "2013-03-31": "5.26", "2012-12-31": "2.44", "2012-09-30": "2.12", "2012-06-30": "3.12", "2012-03-31": "2.97", "2011-12-31": "2.45", "2011-09-30": "2.04", "2011-06-30": "2.70", "2011-03-31": "2.70", "2010-12-31": "2.15", "2010-09-30": "1.98", "2010-06-30": "2.46", "2010-03-31": "-4.81", "2009-12-31": "-5.98", "2009-09-30": "-7.37", "2009-06-30": "-5.65", "2009-03-31": "-6.55", "2008-12-31": "-9.05", "2008-09-30": "-18.45", "2008-06-30": "-11.39", "2008-03-31": "-8.17", "2007-12-31": "-12.66", "2007-09-30": "11.40", "2007-06-30": "18.41", "2007-03-31": "14.86", "2006-12-31": "-514.06", "2006-09-30": "4.86", "2006-06-30": "7.30", "2006-03-31": "6.51", "2005-12-31": "4.03", "2005-09-30": "3.28", "2005-06-30": "4.61", "2005-03-31": "4.52"}, "return on equity": {"2020-09-30": "38.60%", "2020-06-30": "6.68%", "2020-03-31": "-22.21%", "2019-12-31": "-25.12%", "2019-09-30": "-38.67%", "2019-06-30": "-41.00%", "2019-03-31": "-41.56%", "2018-12-31": "-43.77%", "2018-09-30": "-49.50%", "2018-06-30": "-47.83%", "2018-03-31": "-46.16%", "2017-12-31": "-60.07%", "2017-09-30": "-47.23%", "2017-06-30": "-41.53%", "2017-03-31": "-88.98%", "2016-12-31": "-127.91%", "2016-09-30": "-296.86%", "2016-06-30": "3460.00%", "2016-03-31": "288.26%", "2015-12-31": "139.33%", "2015-09-30": "73.80%", "2015-06-30": "32.17%", "2015-03-31": "26.77%", "2014-12-31": "26.46%", "2014-09-30": "37.90%", "2014-06-30": "40.77%", "2014-03-31": "32.65%", "2013-12-31": "29.09%", "2013-09-30": "48.94%", "2013-06-30": "60.14%", "2013-03-31": "58.83%", "2012-12-31": "47.92%", "2012-09-30": "14.73%", "2012-06-30": "6.49%", "2012-03-31": "1.44%", "2011-12-31": "-2.81%", "2011-09-30": "-1.73%", "2011-06-30": "-8.93%", "2011-03-31": "75.64%", "2010-12-31": "126.71%", "2010-09-30": "525.74%", "2010-06-30": "-231.24%", "2010-03-31": "46.18%", "2009-12-31": "44.19%", "2009-09-30": "66.96%", "2009-06-30": "79.77%", "2009-03-31": "38.47%", "2008-12-31": "45.48%", "2008-09-30": "24.51%", "2008-06-30": "68.56%", "2008-03-31": "409.49%", "2007-12-31": "-308.89%", "2007-09-30": "-222.73%", "2007-06-30": "-112.63%", "2007-03-31": "-86.53%", "2006-12-31": "-91.24%", "2006-09-30": "-52.01%", "2006-06-30": "-41.12%", "2006-03-31": "-29.71%", "2005-12-31": "-18.82%"}, "return on assets": {"2020-09-30": "-12.20%", "2020-06-30": "-1.83%", "2020-03-31": "5.67%", "2019-12-31": "6.22%", "2019-09-30": "9.64%", "2019-06-30": "10.14%", "2019-03-31": "10.26%", "2018-12-31": "10.82%", "2018-09-30": "11.63%", "2018-06-30": "11.63%", "2018-03-31": "10.79%", "2017-12-31": "10.97%", "2017-09-30": "7.09%", "2017-06-30": "3.88%", "2017-03-31": "4.21%", "2016-12-31": "4.66%", "2016-09-30": "4.69%", "2016-06-30": "6.83%", "2016-03-31": "6.95%", "2015-12-31": "6.00%", "2015-09-30": "4.61%", "2015-06-30": "2.59%", "2015-03-31": "2.58%", "2014-12-31": "2.91%", "2014-09-30": "4.63%", "2014-06-30": "5.20%", "2014-03-31": "4.46%", "2013-12-31": "4.34%", "2013-09-30": "9.26%", "2013-06-30": "13.94%", "2013-03-31": "15.04%", "2012-12-31": "13.33%", "2012-09-30": "4.08%", "2012-06-30": "1.81%", "2012-03-31": "0.41%", "2011-12-31": "-0.82%", "2011-09-30": "-0.52%", "2011-06-30": "-2.67%", "2011-03-31": "22.97%", "2010-12-31": "21.18%", "2010-09-30": "20.09%", "2010-06-30": "19.86%", "2010-03-31": "-9.61%", "2009-12-31": "-8.31%", "2009-09-30": "-11.29%", "2009-06-30": "-11.48%", "2009-03-31": "-4.39%", "2008-12-31": "-4.74%", "2008-09-30": "-2.32%", "2008-06-30": "-4.02%", "2008-03-31": "-8.56%", "2007-12-31": "-8.99%", "2007-09-30": "-10.72%", "2007-06-30": "-8.16%", "2007-03-31": "-7.78%", "2006-12-31": "-9.79%", "2006-09-30": "-8.11%", "2006-06-30": "-7.10%", "2006-03-31": "-5.55%", "2005-12-31": "-3.73%"}, "return on investments": {"2020-09-30": "-14.93%", "2020-06-30": "9.17%", "2020-03-31": "27.82%", "2019-12-31": "28.85%", "2019-09-30": "36.51%", "2019-06-30": "36.85%", "2019-03-31": "36.11%", "2018-12-31": "36.79%", "2018-09-30": "29.12%", "2018-06-30": "32.38%", "2018-03-31": "33.87%", "2017-12-31": "31.77%", "2017-09-30": "31.16%", "2017-06-30": "21.75%", "2017-03-31": "19.50%", "2016-12-31": "21.14%", "2016-09-30": "19.61%", "2016-06-30": "25.23%", "2016-03-31": "24.40%", "2015-12-31": "21.80%", "2015-09-30": "19.62%", "2015-06-30": "14.15%", "2015-03-31": "13.75%", "2014-12-31": "13.97%", "2014-09-30": "14.79%", "2014-06-30": "17.15%", "2014-03-31": "16.03%", "2013-12-31": "15.51%", "2013-09-30": "13.38%", "2013-06-30": "12.13%", "2013-03-31": "11.80%", "2012-12-31": "10.80%", "2012-09-30": "11.17%", "2012-06-30": "10.83%", "2012-03-31": "8.98%", "2011-12-31": "7.05%", "2011-09-30": "5.55%", "2011-06-30": "3.90%", "2011-03-31": "2.49%", "2010-12-31": "5.96%", "2010-09-30": "6.59%", "2010-06-30": "9.14%", "2010-03-31": "12.82%", "2009-12-31": "7.63%", "2009-09-30": "9.56%", "2009-06-30": "8.34%", "2009-03-31": "8.50%", "2008-12-31": "8.20%", "2008-09-30": "5.91%", "2008-06-30": "4.13%", "2008-03-31": "2.80%", "2007-12-31": "1.65%", "2007-09-30": "2.35%", "2007-06-30": "3.55%", "2007-03-31": "3.59%", "2006-12-31": "2.01%", "2006-09-30": "0.75%", "2006-06-30": "2.53%", "2006-03-31": "3.62%", "2005-12-31": "5.25%"}, "return on tangible equity": {"2020-09-30": "18.29%", "2020-06-30": "2.95%", "2020-03-31": "-9.41%", "2019-12-31": "-10.45%", "2019-09-30": "-15.83%", "2019-06-30": "-16.35%", "2019-03-31": "-16.24%", "2018-12-31": "-16.90%", "2018-09-30": "-18.54%", "2018-06-30": "-18.26%", "2018-03-31": "-17.19%", "2017-12-31": "-19.00%", "2017-09-30": "-13.03%", "2017-06-30": "-8.03%", "2017-03-31": "-9.68%", "2016-12-31": "-10.95%", "2016-09-30": "-11.51%", "2016-06-30": "-17.63%", "2016-03-31": "-19.24%", "2015-12-31": "-17.69%", "2015-09-30": "-14.39%", "2015-06-30": "-8.58%", "2015-03-31": "-9.05%", "2014-12-31": "-10.80%", "2014-09-30": "-18.44%", "2014-06-30": "-21.09%", "2014-03-31": "-18.88%", "2013-12-31": "-19.66%", "2013-09-30": "-55.32%", "2013-06-30": "-111.81%", "2013-03-31": "-140.03%", "2012-12-31": "-146.84%", "2012-09-30": "-38.06%", "2012-06-30": "-17.08%", "2012-03-31": "-4.21%", "2011-12-31": "8.89%", "2011-09-30": "6.17%", "2011-06-30": "34.84%", "2011-03-31": "-352.78%", "2010-12-31": "-108.27%", "2010-09-30": "-62.63%", "2010-06-30": "-44.77%", "2010-03-31": "16.95%", "2009-12-31": "15.22%", "2009-09-30": "21.60%", "2009-06-30": "22.86%", "2009-03-31": "9.34%", "2008-12-31": "10.33%", "2008-09-30": "5.13%", "2008-06-30": "9.75%", "2008-03-31": "23.03%", "2007-12-31": "28.70%", "2007-09-30": "37.41%", "2007-06-30": "30.83%", "2007-03-31": "31.22%", "2006-12-31": "41.24%", "2006-09-30": "44.77%", "2006-06-30": "44.17%", "2006-03-31": "38.30%", "2005-12-31": "27.94%"}, "dividend yield history": {"last payout": "$0.00", "last yield": "0.00%"}}