{"ticker": "SJM", "price": {"title": "J M Smucker Historical Annual Stock Price Data", "value": 113.97, "historical": {"2021": {"Average Stock Price": "115.8718", "Year Open": "115.6300", "Year High": "128.1800", "Year Low": "111.2300", "Year Close": "113.9700", "Annual % Change": "-1.41%"}, "2020": {"Average Stock Price": "111.7765", "Year Open": "102.1400", "Year High": "121.7300", "Year Low": "95.7900", "Year Close": "115.6000", "Annual % Change": "11.02%"}, "2019": {"Average Stock Price": "111.0148", "Year Open": "93.8800", "Year High": "127.5000", "Year Low": "93.8800", "Year Close": "104.1300", "Annual % Change": "11.38%"}, "2018": {"Average Stock Price": "112.5999", "Year Open": "123.7200", "Year High": "131.5300", "Year Low": "93.1600", "Year Close": "93.4900", "Annual % Change": "-24.75%"}, "2017": {"Average Stock Price": "121.8500", "Year Open": "128.9700", "Year High": "141.9200", "Year Low": "99.9900", "Year Close": "124.2400", "Annual % Change": "-2.98%"}, "2016": {"Average Stock Price": "133.9650", "Year Open": "122.3800", "Year High": "156.2300", "Year Low": "118.2600", "Year Close": "128.0600", "Annual % Change": "3.83%"}, "2015": {"Average Stock Price": "114.0466", "Year Open": "100.4800", "Year High": "124.8600", "Year Low": "98.0500", "Year Close": "123.3400", "Annual % Change": "22.14%"}, "2014": {"Average Stock Price": "100.4125", "Year Open": "102.0300", "Year High": "107.5300", "Year Low": "91.8100", "Year Close": "100.9800", "Annual % Change": "-2.55%"}, "2013": {"Average Stock Price": "102.3083", "Year Open": "89.6600", "Year High": "114.3600", "Year Low": "88.2200", "Year Close": "103.6200", "Annual % Change": "20.15%"}, "2012": {"Average Stock Price": "80.4921", "Year Open": "77.3000", "Year High": "88.9200", "Year Low": "71.6000", "Year Close": "86.2400", "Annual % Change": "10.32%"}, "2011": {"Average Stock Price": "73.0169", "Year Open": "65.5700", "Year High": "80.0000", "Year Low": "61.2000", "Year Close": "78.1700", "Annual % Change": "19.07%"}, "2010": {"Average Stock Price": "61.0479", "Year Open": "62.1800", "Year High": "65.8600", "Year Low": "54.7500", "Year Close": "65.6500", "Annual % Change": "6.32%"}, "2009": {"Average Stock Price": "47.4844", "Year Open": "43.4800", "Year High": "62.5000", "Year Low": "34.2200", "Year Close": "61.7500", "Annual % Change": "42.41%"}, "2008": {"Average Stock Price": "48.1864", "Year Open": "50.9800", "Year High": "56.3600", "Year Low": "38.2500", "Year Close": "43.3600", "Annual % Change": "-15.71%"}, "2007": {"Average Stock Price": "53.8328", "Year Open": "49.3000", "Year High": "63.6600", "Year Low": "46.8600", "Year Close": "51.4400", "Annual % Change": "6.13%"}, "2006": {"Average Stock Price": "44.4746", "Year Open": "45.3800", "Year High": "49.9400", "Year Low": "37.7800", "Year Close": "48.4700", "Annual % Change": "10.16%"}, "2005": {"Average Stock Price": "47.7045", "Year Open": "46.8400", "Year High": "51.6000", "Year Low": "43.9400", "Year Close": "44.0000", "Annual % Change": "-6.52%"}, "2004": {"Average Stock Price": "47.2051", "Year Open": "45.1800", "Year High": "53.3800", "Year Low": "41.2800", "Year Close": "47.0700", "Annual % Change": "3.93%"}, "2003": {"Average Stock Price": "40.0104", "Year Open": "40.7600", "Year High": "46.3700", "Year Low": "33.8000", "Year Close": "45.2900", "Annual % Change": "13.77%"}, "2002": {"Average Stock Price": "35.8402", "Year Open": "37.1958", "Year High": "40.0400", "Year Low": "29.5500", "Year Close": "39.8100", "Annual % Change": "6.33%"}, "2001": {"Average Stock Price": "29.6246", "Year Open": "27.9365", "Year High": "39.9259", "Year Low": "24.4550", "Year Close": "37.4392", "Annual % Change": "26.58%"}, "2000": {"Average Stock Price": "20.9700", "Year Open": "20.2328", "Year High": "30.6878", "Year Low": "15.8730", "Year Close": "29.5767", "Annual % Change": "43.33%"}, "1999": {"Average Stock Price": "23.5369", "Year Open": "27.1111", "Year High": "27.2487", "Year Low": "20.1058", "Year Close": "20.6349", "Annual % Change": "-21.21%"}, "1998": {"Average Stock Price": "25.5812", "Year Open": "25.5238", "Year High": "29.6296", "Year Low": "21.9577", "Year Close": "26.1905", "Annual % Change": "4.78%"}, "1997": {"Average Stock Price": "22.7969", "Year Open": "18.2540", "Year High": "31.0899", "Year Low": "17.1958", "Year Close": "24.9947", "Annual % Change": "34.05%"}, "1996": {"Average Stock Price": "20.1706", "Year Open": "22.2222", "Year High": "23.5450", "Year Low": "17.4603", "Year Close": "18.6455", "Annual % Change": "-19.91%"}, "1995": {"Average Stock Price": "22.7682", "Year Open": "25.1323", "Year High": "25.6614", "Year Low": "18.7831", "Year Close": "23.2804", "Annual % Change": "-8.33%"}}}, "market cap": {"value": "$13.16B"}, "income statement": {"Revenue": {"2020-04-30": "7801.00000", "2019-04-30": "7838.00000", "2018-04-30": "7357.10000", "2017-04-30": "7392.30000", "2016-04-30": "7811.20000", "2015-04-30": "5692.70000", "2014-04-30": "5610.60000", "2013-04-30": "5897.70000", "2012-04-30": "5525.80000", "2011-04-30": "4825.70000", "2010-04-30": "4605.28900", "2009-04-30": "3757.93300", "2008-04-30": "2524.77400", "2007-04-30": "2148.01700", "2006-04-30": "2154.72600", "2005-04-30": "2043.87700"}, "Cost Of Goods Sold": {"2020-04-30": "4799.00000", "2019-04-30": "4922.30000", "2018-04-30": "4521.00000", "2017-04-30": "4557.00000", "2016-04-30": "4843.40000", "2015-04-30": "3724.00000", "2014-04-30": "3579.60000", "2013-04-30": "3870.10000", "2012-04-30": "3680.60000", "2011-04-30": "3027.20000", "2010-04-30": "2818.59900", "2009-04-30": "2506.50400", "2008-04-30": "1742.61000", "2007-04-30": "1445.96200", "2006-04-30": "1461.87400", "2005-04-30": "1386.46100"}, "Gross Profit": {"2020-04-30": "3002.00000", "2019-04-30": "2915.70000", "2018-04-30": "2836.10000", "2017-04-30": "2835.30000", "2016-04-30": "2967.80000", "2015-04-30": "1968.70000", "2014-04-30": "2031.00000", "2013-04-30": "2027.60000", "2012-04-30": "1845.20000", "2011-04-30": "1798.50000", "2010-04-30": "1786.69000", "2009-04-30": "1251.42900", "2008-04-30": "782.16390", "2007-04-30": "702.05520", "2006-04-30": "692.85220", "2005-04-30": "657.41600"}, "Research And Development Expenses": {"2020-04-30": "", "2019-04-30": "", "2018-04-30": "", "2017-04-30": "", "2016-04-30": "", "2015-04-30": "", "2014-04-30": "", "2013-04-30": "", "2012-04-30": "", "2011-04-30": "", "2010-04-30": "", "2009-04-30": "", "2008-04-30": "", "2007-04-30": "", "2006-04-30": "", "2005-04-30": ""}, "SG&A Expenses": {"2020-04-30": "1474.30000", "2019-04-30": "1508.60000", "2018-04-30": "1362.90000", "2017-04-30": "1379.60000", "2016-04-30": "1510.30000", "2015-04-30": "1031.30000", "2014-04-30": "988.80000", "2013-04-30": "973.90000", "2012-04-30": "892.70000", "2011-04-30": "863.10000", "2010-04-30": "878.22100", "2009-04-30": "673.56500", "2008-04-30": "486.59200", "2007-04-30": "441.28600", "2006-04-30": "438.45700", "2005-04-30": "407.83900"}, "Other Operating Income Or Expenses": {"2020-04-30": "-68.30000", "2019-04-30": "-140.30000", "2018-04-30": "-77.40000", "2017-04-30": "-205.80000", "2016-04-30": "-103.80000", "2015-04-30": "-55.70000", "2014-04-30": "-24.30000", "2013-04-30": "-46.50000", "2012-04-30": "-13.60000", "2011-04-30": "-18.20000", "2010-04-30": "-8.37000", "2009-04-30": "-3.87000", "2008-04-30": "3.87900", "2007-04-30": "-2.68900", "2006-04-30": "3.38600", "2005-04-30": ""}, "Operating Expenses": {"2020-04-30": "6577.89900", "2019-04-30": "6909.40000", "2018-04-30": "6313.10000", "2017-04-30": "6349.70000", "2016-04-30": "6665.89900", "2015-04-30": "4920.70000", "2014-04-30": "4691.60000", "2013-04-30": "4987.30000", "2012-04-30": "4747.50000", "2011-04-30": "4041.40000", "2010-04-30": "3814.38000", "2009-04-30": "3305.65700", "2008-04-30": "2240.60000", "2007-04-30": "1893.64600", "2006-04-30": "1922.60100", "2005-04-30": "1823.10800"}, "Operating Income": {"2020-04-30": "1223.10100", "2019-04-30": "928.60010", "2018-04-30": "1044.00000", "2017-04-30": "1042.60000", "2016-04-30": "1145.30100", "2015-04-30": "772.00000", "2014-04-30": "919.00050", "2013-04-30": "910.39990", "2012-04-30": "778.29980", "2011-04-30": "784.30000", "2010-04-30": "790.90890", "2009-04-30": "452.27610", "2008-04-30": "284.17380", "2007-04-30": "254.37120", "2006-04-30": "232.12510", "2005-04-30": "220.76900"}, "Total Non-Operating Income/Expense": {"2020-04-30": "-196.40000", "2019-04-30": "-227.00000", "2018-04-30": "-183.00000", "2017-04-30": "-164.20000", "2016-04-30": "-167.40000", "2015-04-30": "-249.00000", "2014-04-30": "-69.30000", "2013-04-30": "-93.10000", "2012-04-30": "-77.10000", "2011-04-30": "-67.10000", "2010-04-30": "-60.15600", "2009-04-30": "-56.21000", "2008-04-30": "-29.38600", "2007-04-30": "-13.36700", "2006-04-30": "-16.55500", "2005-04-30": "-16.15500"}, "Pre-Tax Income": {"2020-04-30": "1026.70000", "2019-04-30": "701.60000", "2018-04-30": "861.00000", "2017-04-30": "878.40000", "2016-04-30": "977.90000", "2015-04-30": "523.00000", "2014-04-30": "849.70000", "2013-04-30": "817.30000", "2012-04-30": "701.20000", "2011-04-30": "717.20000", "2010-04-30": "730.75300", "2009-04-30": "396.06500", "2008-04-30": "254.78800", "2007-04-30": "241.00400", "2006-04-30": "215.57000", "2005-04-30": "204.61400"}, "Income Taxes": {"2020-04-30": "247.20000", "2019-04-30": "187.20000", "2018-04-30": "-477.60000", "2017-04-30": "286.10000", "2016-04-30": "289.20000", "2015-04-30": "178.10000", "2014-04-30": "284.50000", "2013-04-30": "273.10000", "2012-04-30": "241.50000", "2011-04-30": "237.70000", "2010-04-30": "236.61500", "2009-04-30": "130.11200", "2008-04-30": "84.40900", "2007-04-30": "83.78500", "2006-04-30": "72.21600", "2005-04-30": "74.15400"}, "Income After Taxes": {"2020-04-30": "779.49990", "2019-04-30": "514.40000", "2018-04-30": "1338.60000", "2017-04-30": "592.30000", "2016-04-30": "688.70000", "2015-04-30": "344.90000", "2014-04-30": "565.20000", "2013-04-30": "544.20000", "2012-04-30": "459.70000", "2011-04-30": "479.50000", "2010-04-30": "494.13800", "2009-04-30": "265.95300", "2008-04-30": "170.37900", "2007-04-30": "157.21900", "2006-04-30": "143.35400", "2005-04-30": "130.46000"}, "Other Income": {"2020-04-30": "", "2019-04-30": "", "2018-04-30": "", "2017-04-30": "", "2016-04-30": "", "2015-04-30": "", "2014-04-30": "", "2013-04-30": "", "2012-04-30": "", "2011-04-30": "", "2010-04-30": "", "2009-04-30": "", "2008-04-30": "", "2007-04-30": "", "2006-04-30": "", "2005-04-30": ""}, "Income From Continuous Operations": {"2020-04-30": "779.49990", "2019-04-30": "514.40000", "2018-04-30": "1338.60000", "2017-04-30": "592.30000", "2016-04-30": "688.70000", "2015-04-30": "344.90000", "2014-04-30": "565.20000", "2013-04-30": "544.20000", "2012-04-30": "459.70000", "2011-04-30": "479.50000", "2010-04-30": "494.13800", "2009-04-30": "265.95300", "2008-04-30": "170.37900", "2007-04-30": "157.21900", "2006-04-30": "143.35400", "2005-04-30": "130.46000"}, "Income From Discontinued Operations": {"2020-04-30": "", "2019-04-30": "", "2018-04-30": "", "2017-04-30": "", "2016-04-30": "", "2015-04-30": "", "2014-04-30": "", "2013-04-30": "", "2012-04-30": "", "2011-04-30": "", "2010-04-30": "", "2009-04-30": "", "2008-04-30": "", "2007-04-30": "", "2006-04-30": "", "2005-04-30": "-1.38700"}, "Net Income": {"2020-04-30": "775.10000", "2019-04-30": "511.80000", "2018-04-30": "1331.80000", "2017-04-30": "589.50000", "2016-04-30": "685.70000", "2015-04-30": "342.70000", "2014-04-30": "560.70000", "2013-04-30": "539.50000", "2012-04-30": "455.50000", "2011-04-30": "474.80000", "2010-04-30": "489.81700", "2009-04-30": "264.00900", "2008-04-30": "169.12900", "2007-04-30": "157.21900", "2006-04-30": "143.35400", "2005-04-30": "129.07300"}, "EBITDA": {"2020-04-30": "1669.60100", "2019-04-30": "1472.80000", "2018-04-30": "1602.10000", "2017-04-30": "1461.60000", "2016-04-30": "1575.40100", "2015-04-30": "1039.20000", "2014-04-30": "1175.40100", "2013-04-30": "1161.30000", "2012-04-30": "1025.30000", "2011-04-30": "1023.90000", "2010-04-30": "976.66090", "2009-04-30": "570.54910", "2008-04-30": "346.74380", "2007-04-30": "313.24520", "2006-04-30": "294.76710", "2005-04-30": "274.20610"}, "EBIT": {"2020-04-30": "1223.10100", "2019-04-30": "928.60010", "2018-04-30": "1044.00000", "2017-04-30": "1042.60000", "2016-04-30": "1145.30100", "2015-04-30": "772.00000", "2014-04-30": "919.00050", "2013-04-30": "910.39990", "2012-04-30": "778.29980", "2011-04-30": "784.30000", "2010-04-30": "790.90890", "2009-04-30": "452.27610", "2008-04-30": "284.17380", "2007-04-30": "254.37120", "2006-04-30": "232.12510", "2005-04-30": "220.76900"}, "Basic Shares Outstanding": {"2020-04-30": "113.40000", "2019-04-30": "113.10000", "2018-04-30": "113.00000", "2017-04-30": "115.50000", "2016-04-30": "118.90000", "2015-04-30": "103.03800", "2014-04-30": "103.50400", "2013-04-30": "107.88200", "2012-04-30": "112.21300", "2011-04-30": "117.00900", "2010-04-30": "117.91100", "2009-04-30": "85.44900", "2008-04-30": "56.64200", "2007-04-30": "56.43300", "2006-04-30": "57.86300", "2005-04-30": "57.08700"}, "Shares Outstanding": {"2020-04-30": "113.40000", "2019-04-30": "113.10000", "2018-04-30": "113.00000", "2017-04-30": "115.60000", "2016-04-30": "119.00000", "2015-04-30": "103.04400", "2014-04-30": "103.51800", "2013-04-30": "107.90500", "2012-04-30": "112.26200", "2011-04-30": "117.12000", "2010-04-30": "118.04100", "2009-04-30": "85.54800", "2008-04-30": "56.87300", "2007-04-30": "57.05600", "2006-04-30": "58.42500", "2005-04-30": "57.74900"}, "Basic EPS": {"2020-04-30": "6.84000", "2019-04-30": "4.52000", "2018-04-30": "11.79000", "2017-04-30": "5.11000", "2016-04-30": "5.77000", "2015-04-30": "3.33000", "2014-04-30": "5.42000", "2013-04-30": "5.00000", "2012-04-30": "4.06000", "2011-04-30": "4.06000", "2010-04-30": "4.15000", "2009-04-30": "3.11000", "2008-04-30": "3.01000", "2007-04-30": "2.79000", "2006-04-30": "2.48000", "2005-04-30": "2.26000"}, "EPS - Earnings Per Share": {"2020-04-30": "6.84000", "2019-04-30": "4.52000", "2018-04-30": "11.78000", "2017-04-30": "5.10000", "2016-04-30": "5.76000", "2015-04-30": "3.33000", "2014-04-30": "5.42000", "2013-04-30": "5.00000", "2012-04-30": "4.06000", "2011-04-30": "4.05000", "2010-04-30": "4.15000", "2009-04-30": "3.11000", "2008-04-30": "3.00000", "2007-04-30": "2.76000", "2006-04-30": "2.45000", "2005-04-30": "2.24000"}}, "income statement, quarterly": {"Revenue": {"2020-10-31": "2034.00000", "2020-07-31": "1971.80000", "2020-04-30": "2092.00000", "2020-01-31": "1972.30000", "2019-10-31": "1957.80000", "2019-07-31": "1778.90000", "2019-04-30": "1902.10000", "2019-01-31": "2011.90000", "2018-10-31": "2021.50000", "2018-07-31": "1902.50000", "2018-04-30": "1781.30000", "2018-01-31": "1903.30000", "2017-10-31": "1923.60000", "2017-07-31": "1748.90000", "2017-04-30": "1783.80000", "2017-01-31": "1878.80000", "2016-10-31": "1913.90000", "2016-07-31": "1815.80000", "2016-04-30": "1807.60000", "2016-01-31": "1973.90000", "2015-10-31": "2077.70000", "2015-07-31": "1952.00000", "2015-04-30": "1447.10000", "2015-01-31": "1440.00000", "2014-10-31": "1481.80000", "2014-07-31": "1323.80000", "2014-04-30": "1234.30000", "2014-01-31": "1465.50000", "2013-10-31": "1559.90000", "2013-07-31": "1350.90000", "2013-04-30": "1339.70000", "2013-01-31": "1559.60000", "2012-10-31": "1628.70000", "2012-07-31": "1369.70000", "2012-04-30": "1355.37100", "2012-01-31": "1467.64100", "2011-10-31": "1513.90500", "2011-07-31": "1188.88300", "2011-04-30": "1187.12400", "2011-01-31": "1312.35100", "2010-10-31": "1278.91300", "2010-07-31": "1047.31200", "2010-04-30": "1069.07900", "2010-01-31": "1205.93900", "2009-10-31": "1278.74500", "2009-07-31": "1051.52600", "2009-04-30": "1068.54000", "2009-01-31": "1182.59400", "2008-10-31": "843.14200", "2008-07-31": "663.65700", "2008-04-30": "589.99790", "2008-01-31": "665.37300", "2007-10-31": "707.89000", "2007-07-31": "561.51300", "2007-04-30": "493.47200", "2007-01-31": "523.08100", "2006-10-31": "604.95500", "2006-07-31": "526.50900", "2006-04-30": "501.67810", "2006-01-31": "536.45300", "2005-10-31": "606.26400", "2005-07-31": "510.33100", "2005-04-30": "491.45390", "2005-01-31": "550.23400"}, "Cost Of Goods Sold": {"2020-10-31": "1215.80000", "2020-07-31": "1196.40000", "2020-04-30": "1303.60000", "2020-01-31": "1212.30000", "2019-10-31": "1203.80000", "2019-07-31": "1079.30000", "2019-04-30": "1209.70000", "2019-01-31": "1238.10000", "2018-10-31": "1250.20000", "2018-07-31": "1224.30000", "2018-04-30": "1090.80000", "2018-01-31": "1174.80000", "2017-10-31": "1168.60000", "2017-07-31": "1086.80000", "2017-04-30": "1137.00000", "2017-01-31": "1155.90000", "2016-10-31": "1171.00000", "2016-07-31": "1093.10000", "2016-04-30": "1119.60000", "2016-01-31": "1210.10000", "2015-10-31": "1290.40000", "2015-07-31": "1223.30000", "2015-04-30": "1016.50000", "2015-01-31": "917.10000", "2014-10-31": "945.30000", "2014-07-31": "845.10000", "2014-04-30": "794.00000", "2014-01-31": "920.30000", "2013-10-31": "1007.30000", "2013-07-31": "858.00000", "2013-04-30": "860.00010", "2013-01-31": "1023.40000", "2012-10-31": "1086.80000", "2012-07-31": "899.90000", "2012-04-30": "905.60870", "2012-01-31": "1001.95600", "2011-10-31": "1015.23600", "2011-07-31": "757.79900", "2011-04-30": "766.14290", "2011-01-31": "837.93700", "2010-10-31": "784.24300", "2010-07-31": "638.87700", "2010-04-30": "638.97210", "2010-01-31": "747.63500", "2009-10-31": "786.49500", "2009-07-31": "645.49700", "2009-04-30": "669.34990", "2009-01-31": "781.55300", "2008-10-31": "599.72300", "2008-07-31": "455.87800", "2008-04-30": "407.75900", "2008-01-31": "469.92000", "2007-10-31": "489.40200", "2007-07-31": "375.52900", "2007-04-30": "313.56890", "2007-01-31": "350.11400", "2006-10-31": "413.76400", "2006-07-31": "368.51500", "2006-04-30": "340.81590", "2006-01-31": "372.59900", "2005-10-31": "402.84100", "2005-07-31": "345.61800", "2005-04-30": "341.30490", "2005-01-31": "376.03600"}, "Gross Profit": {"2020-10-31": "818.20000", "2020-07-31": "775.40000", "2020-04-30": "788.40010", "2020-01-31": "760.00000", "2019-10-31": "754.00000", "2019-07-31": "699.60000", "2019-04-30": "692.40040", "2019-01-31": "773.80000", "2018-10-31": "771.30000", "2018-07-31": "678.20000", "2018-04-30": "690.49960", "2018-01-31": "728.50000", "2017-10-31": "755.00000", "2017-07-31": "662.10000", "2017-04-30": "646.79990", "2017-01-31": "722.90000", "2016-10-31": "742.90000", "2016-07-31": "722.70010", "2016-04-30": "688.00050", "2016-01-31": "763.80000", "2015-10-31": "787.29990", "2015-07-31": "728.70000", "2015-04-30": "430.60020", "2015-01-31": "522.90000", "2014-10-31": "536.50010", "2014-07-31": "478.70010", "2014-04-30": "440.30020", "2014-01-31": "545.20000", "2013-10-31": "552.60000", "2013-07-31": "492.90000", "2013-04-30": "479.70010", "2013-01-31": "536.20000", "2012-10-31": "541.89990", "2012-07-31": "469.79990", "2012-04-30": "449.76190", "2012-01-31": "465.68500", "2011-10-31": "498.66900", "2011-07-31": "431.08400", "2011-04-30": "420.98110", "2011-01-31": "474.41390", "2010-10-31": "494.66990", "2010-07-31": "408.43500", "2010-04-30": "430.10690", "2010-01-31": "458.30400", "2009-10-31": "492.25000", "2009-07-31": "406.02900", "2009-04-30": "399.19010", "2009-01-31": "401.04100", "2008-10-31": "243.41900", "2008-07-31": "207.77900", "2008-04-30": "182.23890", "2008-01-31": "195.45300", "2007-10-31": "218.48800", "2007-07-31": "185.98400", "2007-04-30": "179.90310", "2007-01-31": "172.96700", "2006-10-31": "191.19100", "2006-07-31": "157.99400", "2006-04-30": "160.86220", "2006-01-31": "163.85400", "2005-10-31": "203.42300", "2005-07-31": "164.71300", "2005-04-30": "150.14900", "2005-01-31": "174.19800"}, "Research And Development Expenses": {"2020-10-31": "", "2020-07-31": "", "2020-04-30": "", "2020-01-31": "", "2019-10-31": "", "2019-07-31": "", "2019-04-30": "", "2019-01-31": "", "2018-10-31": "", "2018-07-31": "", "2018-04-30": "", "2018-01-31": "", "2017-10-31": "", "2017-07-31": "", "2017-04-30": "", "2017-01-31": "", "2016-10-31": "", "2016-07-31": "", "2016-04-30": "", "2016-01-31": "", "2015-10-31": "", "2015-07-31": "", "2015-04-30": "", "2015-01-31": "", "2014-10-31": "", "2014-07-31": "", "2014-04-30": "", "2014-01-31": "", "2013-10-31": "", "2013-07-31": "", "2013-04-30": "", "2013-01-31": "", "2012-10-31": "", "2012-07-31": "", "2012-04-30": "", "2012-01-31": "", "2011-10-31": "", "2011-07-31": "", "2011-04-30": "", "2011-01-31": "", "2010-10-31": "", "2010-07-31": "", "2010-04-30": "", "2010-01-31": "", "2009-10-31": "", "2009-07-31": "", "2009-04-30": "", "2009-01-31": "", "2008-10-31": "", "2008-07-31": "", "2008-04-30": "", "2008-01-31": "", "2007-10-31": "", "2007-07-31": "", "2007-04-30": "", "2007-01-31": "", "2006-10-31": "", "2006-07-31": "", "2006-04-30": "", "2006-01-31": "", "2005-10-31": "", "2005-07-31": "", "2005-04-30": "", "2005-01-31": ""}, "SG&A Expenses": {"2020-10-31": "382.80000", "2020-07-31": "357.50000", "2020-04-30": "373.40000", "2020-01-31": "358.90000", "2019-10-31": "361.50000", "2019-07-31": "380.50000", "2019-04-30": "369.80000", "2019-01-31": "373.10000", "2018-10-31": "382.40000", "2018-07-31": "383.30000", "2018-04-30": "324.00010", "2018-01-31": "330.60000", "2017-10-31": "359.50000", "2017-07-31": "348.80000", "2017-04-30": "323.29990", "2017-01-31": "337.20000", "2016-10-31": "363.10000", "2016-07-31": "356.00000", "2016-04-30": "351.80010", "2016-01-31": "381.10000", "2015-10-31": "389.80000", "2015-07-31": "387.60000", "2015-04-30": "288.20010", "2015-01-31": "237.30000", "2014-10-31": "252.40000", "2014-07-31": "253.40000", "2014-04-30": "218.00000", "2014-01-31": "250.30000", "2013-10-31": "270.30000", "2013-07-31": "250.20000", "2013-04-30": "233.50000", "2013-01-31": "251.00000", "2012-10-31": "257.20000", "2012-07-31": "232.20000", "2012-04-30": "214.53000", "2012-01-31": "225.01600", "2011-10-31": "236.60200", "2011-07-31": "216.55200", "2011-04-30": "222.69300", "2011-01-31": "214.32500", "2010-10-31": "222.82100", "2010-07-31": "203.26100", "2010-04-30": "229.64800", "2010-01-31": "214.41100", "2009-10-31": "232.98500", "2009-07-31": "201.17700", "2009-04-30": "181.70900", "2009-01-31": "211.63300", "2008-10-31": "149.81000", "2008-07-31": "130.41300", "2008-04-30": "117.09700", "2008-01-31": "121.38400", "2007-10-31": "131.36100", "2007-07-31": "116.75000", "2007-04-30": "108.01200", "2007-01-31": "108.78900", "2006-10-31": "116.08800", "2006-07-31": "108.39700", "2006-04-30": "104.19800", "2006-01-31": "103.61000", "2005-10-31": "120.02500", "2005-07-31": "110.62400", "2005-04-30": "95.27000", "2005-01-31": "106.46400"}, "Other Operating Income Or Expenses": {"2020-10-31": "4.90000", "2020-07-31": "2.80000", "2020-04-30": "-8.40000", "2020-01-31": "-53.30000", "2019-10-31": "-3.90000", "2019-07-31": "-2.70000", "2019-04-30": "-10.70000", "2019-01-31": "-123.40000", "2018-10-31": "1.30000", "2018-07-31": "-7.50000", "2018-04-30": "-1.70000", "2018-01-31": "-37.30000", "2017-10-31": "-11.80000", "2017-07-31": "-26.60000", "2017-04-30": "-63.60000", "2017-01-31": "-96.30000", "2016-10-31": "-24.70000", "2016-07-31": "-21.20000", "2016-04-30": "-39.90000", "2016-01-31": "-12.20000", "2015-10-31": "-30.70000", "2015-07-31": "-21.00000", "2015-04-30": "-37.50000", "2015-01-31": "-5.30000", "2014-10-31": "-4.10000", "2014-07-31": "-8.80000", "2014-04-30": "-6.10000", "2014-01-31": "-6.50000", "2013-10-31": "-6.80000", "2013-07-31": "-4.90000", "2013-04-30": "-43.50000", "2013-01-31": "4.10000", "2012-10-31": "-1.40000", "2012-07-31": "-5.70000", "2012-04-30": "-3.07100", "2012-01-31": "1.15000", "2011-10-31": "-12.66700", "2011-07-31": "0.98800", "2011-04-30": "2.19600", "2011-01-31": "-17.45200", "2010-10-31": "-2.19400", "2010-07-31": "-0.75000", "2010-04-30": "5.17900", "2010-01-31": "-10.78500", "2009-10-31": "-1.59900", "2009-07-31": "-1.16500", "2009-04-30": "-3.15600", "2009-01-31": "-1.07300", "2008-10-31": "0.50700", "2008-07-31": "-0.14800", "2008-04-30": "2.80900", "2008-01-31": "-0.30300", "2007-10-31": "-0.31300", "2007-07-31": "1.68600", "2007-04-30": "", "2007-01-31": "", "2006-10-31": "", "2006-07-31": "", "2006-04-30": "", "2006-01-31": "", "2005-10-31": "", "2005-07-31": "", "2005-04-30": "", "2005-01-31": ""}, "Operating Expenses": {"2020-10-31": "1653.20000", "2020-07-31": "1610.70000", "2020-04-30": "1745.29900", "2020-01-31": "1683.30000", "2019-10-31": "1628.00000", "2019-07-31": "1521.30000", "2019-04-30": "1748.50000", "2019-01-31": "1794.30000", "2018-10-31": "1691.00000", "2018-07-31": "1675.60000", "2018-04-30": "1468.60000", "2018-01-31": "1739.30000", "2017-10-31": "1591.50000", "2017-07-31": "1513.70000", "2017-04-30": "1576.00000", "2017-01-31": "1641.10000", "2016-10-31": "1610.60000", "2016-07-31": "1522.00000", "2016-04-30": "1561.50000", "2016-01-31": "1655.60000", "2015-10-31": "1763.90000", "2015-07-31": "1684.90000", "2015-04-30": "1376.60000", "2015-01-31": "1184.90000", "2014-10-31": "1227.00000", "2014-07-31": "1132.20000", "2014-04-30": "1042.90000", "2014-01-31": "1202.00000", "2013-10-31": "1309.10000", "2013-07-31": "1137.60000", "2013-04-30": "1125.70000", "2013-01-31": "1301.30000", "2012-10-31": "1381.10000", "2012-07-31": "1179.20000", "2012-04-30": "1169.75400", "2012-01-31": "1267.27500", "2011-10-31": "1302.29100", "2011-07-31": "1008.18000", "2011-04-30": "1020.98900", "2011-01-31": "1099.38900", "2010-10-31": "1038.87700", "2010-07-31": "882.14500", "2010-04-30": "888.07620", "2010-01-31": "996.07300", "2009-10-31": "1047.53900", "2009-07-31": "882.69200", "2009-04-30": "909.84800", "2009-01-31": "1047.13500", "2008-10-31": "756.84500", "2008-07-31": "591.82900", "2008-04-30": "528.31120", "2008-01-31": "596.73500", "2007-10-31": "624.21600", "2007-07-31": "491.33800", "2007-04-30": "426.64190", "2007-01-31": "458.70400", "2006-10-31": "530.65700", "2006-07-31": "477.64300", "2006-04-30": "444.25200", "2006-01-31": "488.75600", "2005-10-31": "528.93400", "2005-07-31": "460.65900", "2005-04-30": "447.13990", "2005-01-31": "490.48900"}, "Operating Income": {"2020-10-31": "380.79990", "2020-07-31": "361.10010", "2020-04-30": "346.70090", "2020-01-31": "288.99990", "2019-10-31": "329.79990", "2019-07-31": "257.60000", "2019-04-30": "153.60010", "2019-01-31": "217.60010", "2018-10-31": "330.50010", "2018-07-31": "226.89990", "2018-04-30": "312.70000", "2018-01-31": "164.00000", "2017-10-31": "332.10000", "2017-07-31": "235.20000", "2017-04-30": "207.80040", "2017-01-31": "237.70000", "2016-10-31": "303.30000", "2016-07-31": "293.80020", "2016-04-30": "246.10050", "2016-01-31": "318.30020", "2015-10-31": "313.80000", "2015-07-31": "267.10000", "2015-04-30": "70.49990", "2015-01-31": "255.10000", "2014-10-31": "254.80000", "2014-07-31": "191.60000", "2014-04-30": "191.40060", "2014-01-31": "263.50000", "2013-10-31": "250.79990", "2013-07-31": "213.30000", "2013-04-30": "213.99980", "2013-01-31": "258.29990", "2012-10-31": "247.60000", "2012-07-31": "190.50000", "2012-04-30": "185.61650", "2012-01-31": "200.36600", "2011-10-31": "211.61390", "2011-07-31": "180.70310", "2011-04-30": "166.13490", "2011-01-31": "212.96190", "2010-10-31": "240.03590", "2010-07-31": "165.16700", "2010-04-30": "181.00280", "2010-01-31": "209.86600", "2009-10-31": "231.20610", "2009-07-31": "168.83400", "2009-04-30": "158.69200", "2009-01-31": "135.45900", "2008-10-31": "86.29710", "2008-07-31": "71.82800", "2008-04-30": "61.68670", "2008-01-31": "68.63800", "2007-10-31": "83.67400", "2007-07-31": "70.17500", "2007-04-30": "66.83010", "2007-01-31": "64.37700", "2006-10-31": "74.29800", "2006-07-31": "48.86600", "2006-04-30": "57.42610", "2006-01-31": "47.69700", "2005-10-31": "77.33000", "2005-07-31": "49.67200", "2005-04-30": "44.31410", "2005-01-31": "59.74500"}, "Total Non-Operating Income/Expense": {"2020-10-31": "-77.30000", "2020-07-31": "-47.50000", "2020-04-30": "-48.30000", "2020-01-31": "-46.50000", "2019-10-31": "-50.70000", "2019-07-31": "-50.90000", "2019-04-30": "-51.70000", "2019-01-31": "-60.40000", "2018-10-31": "-61.10000", "2018-07-31": "-53.80000", "2018-04-30": "-48.50000", "2018-01-31": "-48.00000", "2017-10-31": "-40.30000", "2017-07-31": "-46.20000", "2017-04-30": "-45.90000", "2017-01-31": "-40.10000", "2016-10-31": "-37.80000", "2016-07-31": "-40.40000", "2016-04-30": "-35.90000", "2016-01-31": "-43.00000", "2015-10-31": "-44.20000", "2015-07-31": "-44.30000", "2015-04-30": "-200.30000", "2015-01-31": "-16.70000", "2014-10-31": "-15.90000", "2014-07-31": "-16.10000", "2014-04-30": "-7.70000", "2014-01-31": "-17.00000", "2013-10-31": "-20.80000", "2013-07-31": "-23.80000", "2013-04-30": "-22.20000", "2013-01-31": "-24.30000", "2012-10-31": "-23.40000", "2012-07-31": "-23.20000", "2012-04-30": "-21.67900", "2012-01-31": "-23.13100", "2011-10-31": "-18.41300", "2011-07-31": "-13.87700", "2011-04-30": "-16.19500", "2011-01-31": "-17.18300", "2010-10-31": "-18.30900", "2010-07-31": "-15.41300", "2010-04-30": "-13.64700", "2010-01-31": "-12.70500", "2009-10-31": "-16.20400", "2009-07-31": "-17.60000", "2009-04-30": "-17.65400", "2009-01-31": "-21.10300", "2008-10-31": "-9.07200", "2008-07-31": "-8.38100", "2008-04-30": "-8.75800", "2008-01-31": "-6.47800", "2007-10-31": "-7.79800", "2007-07-31": "-6.35200", "2007-04-30": "-1.10100", "2007-01-31": "-3.92900", "2006-10-31": "-3.66200", "2006-07-31": "-4.67500", "2006-04-30": "-9.56600", "2006-01-31": "1.87500", "2005-10-31": "-4.77100", "2005-07-31": "-4.09300", "2005-04-30": "-2.71000", "2005-01-31": "-4.22700"}, "Pre-Tax Income": {"2020-10-31": "303.50000", "2020-07-31": "313.60000", "2020-04-30": "298.40000", "2020-01-31": "242.50000", "2019-10-31": "279.10000", "2019-07-31": "206.70000", "2019-04-30": "101.90000", "2019-01-31": "157.20000", "2018-10-31": "269.40000", "2018-07-31": "173.10000", "2018-04-30": "264.20000", "2018-01-31": "116.00000", "2017-10-31": "291.80000", "2017-07-31": "189.00000", "2017-04-30": "161.90010", "2017-01-31": "197.60000", "2016-10-31": "265.50000", "2016-07-31": "253.40000", "2016-04-30": "210.20000", "2016-01-31": "275.30000", "2015-10-31": "269.60000", "2015-07-31": "222.80000", "2015-04-30": "-129.80000", "2015-01-31": "238.40000", "2014-10-31": "238.90000", "2014-07-31": "175.50000", "2014-04-30": "183.70000", "2014-01-31": "246.50000", "2013-10-31": "230.00000", "2013-07-31": "189.50000", "2013-04-30": "191.80000", "2013-01-31": "234.00000", "2012-10-31": "224.20000", "2012-07-31": "167.30000", "2012-04-30": "163.93800", "2012-01-31": "177.23500", "2011-10-31": "193.20100", "2011-07-31": "166.82600", "2011-04-30": "149.94000", "2011-01-31": "195.77900", "2010-10-31": "221.72700", "2010-07-31": "149.75400", "2010-04-30": "167.35600", "2010-01-31": "197.16100", "2009-10-31": "215.00200", "2009-07-31": "151.23400", "2009-04-30": "141.03700", "2009-01-31": "114.35600", "2008-10-31": "77.22500", "2008-07-31": "63.44700", "2008-04-30": "52.92900", "2008-01-31": "62.16000", "2007-10-31": "75.87600", "2007-07-31": "63.82300", "2007-04-30": "65.72900", "2007-01-31": "60.44800", "2006-10-31": "70.63600", "2006-07-31": "44.19100", "2006-04-30": "47.86000", "2006-01-31": "49.57200", "2005-10-31": "72.55900", "2005-07-31": "45.57900", "2005-04-30": "41.60400", "2005-01-31": "55.51800"}, "Income Taxes": {"2020-10-31": "72.70000", "2020-07-31": "76.60000", "2020-04-30": "72.10000", "2020-01-31": "55.10000", "2019-10-31": "67.90000", "2019-07-31": "52.10000", "2019-04-30": "30.40000", "2019-01-31": "35.80000", "2018-10-31": "80.90000", "2018-07-31": "40.10000", "2018-04-30": "78.30000", "2018-01-31": "-715.30000", "2017-10-31": "97.20000", "2017-07-31": "62.20000", "2017-04-30": "51.50000", "2017-01-31": "63.00000", "2016-10-31": "88.20000", "2016-07-31": "83.40000", "2016-04-30": "19.20000", "2016-01-31": "90.00000", "2015-10-31": "93.60000", "2015-07-31": "86.40000", "2015-04-30": "-39.50000", "2015-01-31": "77.50000", "2014-10-31": "80.60000", "2014-07-31": "59.50000", "2014-04-30": "65.20000", "2014-01-31": "79.80000", "2013-10-31": "76.60000", "2013-07-31": "62.90000", "2013-04-30": "61.50000", "2013-01-31": "79.80000", "2012-10-31": "75.40000", "2012-07-31": "56.40000", "2012-04-30": "59.85200", "2012-01-31": "60.39100", "2011-10-31": "65.95400", "2011-07-31": "55.30300", "2011-04-30": "55.04200", "2011-01-31": "63.78400", "2010-10-31": "72.00100", "2010-07-31": "46.87300", "2010-04-30": "46.75000", "2010-01-31": "61.68200", "2009-10-31": "75.01200", "2009-07-31": "53.17100", "2009-04-30": "46.76900", "2009-01-31": "36.41500", "2008-10-31": "25.77200", "2008-07-31": "21.15600", "2008-04-30": "15.87800", "2008-01-31": "19.75900", "2007-10-31": "25.71000", "2007-07-31": "23.06200", "2007-04-30": "23.23000", "2007-01-31": "20.02100", "2006-10-31": "25.06700", "2006-07-31": "15.46700", "2006-04-30": "12.15900", "2006-01-31": "18.26000", "2005-10-31": "26.11500", "2005-07-31": "15.68200", "2005-04-30": "14.81800", "2005-01-31": "19.99400"}, "Income After Taxes": {"2020-10-31": "230.80000", "2020-07-31": "237.00000", "2020-04-30": "226.30000", "2020-01-31": "187.40000", "2019-10-31": "211.20000", "2019-07-31": "154.60000", "2019-04-30": "71.50000", "2019-01-31": "121.40000", "2018-10-31": "188.50000", "2018-07-31": "133.00000", "2018-04-30": "185.90000", "2018-01-31": "831.30000", "2017-10-31": "194.60000", "2017-07-31": "126.80000", "2017-04-30": "110.40000", "2017-01-31": "134.60000", "2016-10-31": "177.30000", "2016-07-31": "170.00000", "2016-04-30": "191.00000", "2016-01-31": "185.30000", "2015-10-31": "176.00000", "2015-07-31": "136.40000", "2015-04-30": "-90.30000", "2015-01-31": "160.90000", "2014-10-31": "158.30000", "2014-07-31": "116.00000", "2014-04-30": "118.50000", "2014-01-31": "166.70000", "2013-10-31": "153.40000", "2013-07-31": "126.60000", "2013-04-30": "130.30000", "2013-01-31": "154.20000", "2012-10-31": "148.80000", "2012-07-31": "110.90000", "2012-04-30": "104.08600", "2012-01-31": "116.84400", "2011-10-31": "127.24700", "2011-07-31": "111.52300", "2011-04-30": "94.89800", "2011-01-31": "131.99500", "2010-10-31": "149.72600", "2010-07-31": "102.88100", "2010-04-30": "120.60600", "2010-01-31": "135.47900", "2009-10-31": "139.99000", "2009-07-31": "98.06300", "2009-04-30": "94.26800", "2009-01-31": "77.94100", "2008-10-31": "51.45300", "2008-07-31": "42.29100", "2008-04-30": "37.05100", "2008-01-31": "42.40100", "2007-10-31": "50.16600", "2007-07-31": "40.76100", "2007-04-30": "42.49900", "2007-01-31": "40.42700", "2006-10-31": "45.56900", "2006-07-31": "28.72400", "2006-04-30": "35.70100", "2006-01-31": "31.31200", "2005-10-31": "46.44400", "2005-07-31": "29.89700", "2005-04-30": "26.78600", "2005-01-31": "35.52400"}, "Other Income": {"2020-10-31": "", "2020-07-31": "", "2020-04-30": "", "2020-01-31": "", "2019-10-31": "", "2019-07-31": "", "2019-04-30": "", "2019-01-31": "", "2018-10-31": "", "2018-07-31": "", "2018-04-30": "", "2018-01-31": "", "2017-10-31": "", "2017-07-31": "", "2017-04-30": "", "2017-01-31": "", "2016-10-31": "", "2016-07-31": "", "2016-04-30": "", "2016-01-31": "", "2015-10-31": "", "2015-07-31": "", "2015-04-30": "", "2015-01-31": "", "2014-10-31": "", "2014-07-31": "", "2014-04-30": "", "2014-01-31": "", "2013-10-31": "", "2013-07-31": "", "2013-04-30": "", "2013-01-31": "", "2012-10-31": "", "2012-07-31": "", "2012-04-30": "", "2012-01-31": "", "2011-10-31": "", "2011-07-31": "", "2011-04-30": "", "2011-01-31": "", "2010-10-31": "", "2010-07-31": "", "2010-04-30": "", "2010-01-31": "", "2009-10-31": "", "2009-07-31": "", "2009-04-30": "", "2009-01-31": "", "2008-10-31": "", "2008-07-31": "", "2008-04-30": "", "2008-01-31": "", "2007-10-31": "", "2007-07-31": "", "2007-04-30": "", "2007-01-31": "", "2006-10-31": "", "2006-07-31": "", "2006-04-30": "", "2006-01-31": "", "2005-10-31": "", "2005-07-31": "", "2005-04-30": "", "2005-01-31": ""}, "Income From Continuous Operations": {"2020-10-31": "230.80000", "2020-07-31": "237.00000", "2020-04-30": "226.30000", "2020-01-31": "187.40000", "2019-10-31": "211.20000", "2019-07-31": "154.60000", "2019-04-30": "71.50000", "2019-01-31": "121.40000", "2018-10-31": "188.50000", "2018-07-31": "133.00000", "2018-04-30": "185.90000", "2018-01-31": "831.30000", "2017-10-31": "194.60000", "2017-07-31": "126.80000", "2017-04-30": "110.40000", "2017-01-31": "134.60000", "2016-10-31": "177.30000", "2016-07-31": "170.00000", "2016-04-30": "191.00000", "2016-01-31": "185.30000", "2015-10-31": "176.00000", "2015-07-31": "136.40000", "2015-04-30": "-90.30000", "2015-01-31": "160.90000", "2014-10-31": "158.30000", "2014-07-31": "116.00000", "2014-04-30": "118.50000", "2014-01-31": "166.70000", "2013-10-31": "153.40000", "2013-07-31": "126.60000", "2013-04-30": "130.30000", "2013-01-31": "154.20000", "2012-10-31": "148.80000", "2012-07-31": "110.90000", "2012-04-30": "104.08600", "2012-01-31": "116.84400", "2011-10-31": "127.24700", "2011-07-31": "111.52300", "2011-04-30": "94.89800", "2011-01-31": "131.99500", "2010-10-31": "149.72600", "2010-07-31": "102.88100", "2010-04-30": "120.60600", "2010-01-31": "135.47900", "2009-10-31": "139.99000", "2009-07-31": "98.06300", "2009-04-30": "94.26800", "2009-01-31": "77.94100", "2008-10-31": "51.45300", "2008-07-31": "42.29100", "2008-04-30": "37.05100", "2008-01-31": "42.40100", "2007-10-31": "50.16600", "2007-07-31": "40.76100", "2007-04-30": "42.49900", "2007-01-31": "40.42700", "2006-10-31": "45.56900", "2006-07-31": "28.72400", "2006-04-30": "35.70100", "2006-01-31": "31.31200", "2005-10-31": "46.44400", "2005-07-31": "29.89700", "2005-04-30": "26.78600", "2005-01-31": "35.52400"}, "Income From Discontinued Operations": {"2020-10-31": "", "2020-07-31": "", "2020-04-30": "", "2020-01-31": "", "2019-10-31": "", "2019-07-31": "", "2019-04-30": "", "2019-01-31": "", "2018-10-31": "", "2018-07-31": "", "2018-04-30": "", "2018-01-31": "", "2017-10-31": "", "2017-07-31": "", "2017-04-30": "", "2017-01-31": "", "2016-10-31": "", "2016-07-31": "", "2016-04-30": "", "2016-01-31": "", "2015-10-31": "", "2015-07-31": "", "2015-04-30": "", "2015-01-31": "", "2014-10-31": "", "2014-07-31": "", "2014-04-30": "", "2014-01-31": "", "2013-10-31": "", "2013-07-31": "", "2013-04-30": "", "2013-01-31": "", "2012-10-31": "", "2012-07-31": "", "2012-04-30": "", "2012-01-31": "", "2011-10-31": "", "2011-07-31": "", "2011-04-30": "", "2011-01-31": "", "2010-10-31": "", "2010-07-31": "", "2010-04-30": "", "2010-01-31": "", "2009-10-31": "", "2009-07-31": "", "2009-04-30": "", "2009-01-31": "", "2008-10-31": "", "2008-07-31": "", "2008-04-30": "", "2008-01-31": "", "2007-10-31": "", "2007-07-31": "", "2007-04-30": "", "2007-01-31": "", "2006-10-31": "", "2006-07-31": "", "2006-04-30": "", "2006-01-31": "", "2005-10-31": "", "2005-07-31": "", "2005-04-30": "-4.67400", "2005-01-31": "0.58400"}, "Net Income": {"2020-10-31": "229.90000", "2020-07-31": "235.90000", "2020-04-30": "225.10000", "2020-01-31": "186.30000", "2019-10-31": "209.90000", "2019-07-31": "153.80000", "2019-04-30": "70.20000", "2019-01-31": "120.80000", "2018-10-31": "188.50000", "2018-07-31": "132.30000", "2018-04-30": "185.20000", "2018-01-31": "826.90000", "2017-10-31": "193.50000", "2017-07-31": "126.20000", "2017-04-30": "109.80000", "2017-01-31": "134.00000", "2016-10-31": "176.50000", "2016-07-31": "169.20000", "2016-04-30": "190.20000", "2016-01-31": "184.50000", "2015-10-31": "175.20000", "2015-07-31": "135.80000", "2015-04-30": "-89.60000", "2015-01-31": "159.90000", "2014-10-31": "157.20000", "2014-07-31": "115.20000", "2014-04-30": "117.50000", "2014-01-31": "165.50000", "2013-10-31": "152.20000", "2013-07-31": "125.50000", "2013-04-30": "129.20000", "2013-01-31": "152.80000", "2012-10-31": "147.60000", "2012-07-31": "109.90000", "2012-04-30": "103.28400", "2012-01-31": "115.87000", "2011-10-31": "125.95000", "2011-07-31": "110.39600", "2011-04-30": "93.99700", "2011-01-31": "130.68400", "2010-10-31": "148.22500", "2010-07-31": "101.89400", "2010-04-30": "119.56700", "2010-01-31": "134.28800", "2009-10-31": "138.73300", "2009-07-31": "97.22900", "2009-04-30": "93.52700", "2009-01-31": "77.37000", "2008-10-31": "51.12800", "2008-07-31": "41.98400", "2008-04-30": "35.80100", "2008-01-31": "42.40100", "2007-10-31": "50.16600", "2007-07-31": "40.76100", "2007-04-30": "42.49900", "2007-01-31": "40.42700", "2006-10-31": "45.56900", "2006-07-31": "28.72400", "2006-04-30": "35.70100", "2006-01-31": "31.31200", "2005-10-31": "46.44400", "2005-07-31": "29.89700", "2005-04-30": "22.11200", "2005-01-31": "36.10800"}, "EBITDA": {"2020-10-31": "494.39990", "2020-07-31": "474.80010", "2020-04-30": "460.10100", "2020-01-31": "401.09990", "2019-10-31": "441.19990", "2019-07-31": "367.20000", "2019-04-30": "363.80010", "2019-01-31": "328.50010", "2018-10-31": "441.70010", "2018-07-31": "338.79990", "2018-04-30": "413.89990", "2018-01-31": "412.70000", "2017-10-31": "434.30000", "2017-07-31": "341.20000", "2017-04-30": "312.00040", "2017-01-31": "341.99990", "2016-10-31": "408.10000", "2016-07-31": "399.50020", "2016-04-30": "352.50040", "2016-01-31": "425.60020", "2015-10-31": "421.50010", "2015-07-31": "375.80000", "2015-04-30": "148.29990", "2015-01-31": "318.20000", "2014-10-31": "317.90010", "2014-07-31": "254.80000", "2014-04-30": "256.50060", "2014-01-31": "328.50000", "2013-10-31": "314.99990", "2013-07-31": "275.40010", "2013-04-30": "277.29970", "2013-01-31": "319.69990", "2012-10-31": "309.90000", "2012-07-31": "254.40000", "2012-04-30": "254.28650", "2012-01-31": "258.97900", "2011-10-31": "273.11190", "2011-07-31": "238.92210", "2011-04-30": "228.48390", "2011-01-31": "275.12890", "2010-10-31": "297.80990", "2010-07-31": "222.47700", "2010-04-30": "232.60680", "2010-01-31": "256.17700", "2009-10-31": "275.39510", "2009-07-31": "212.48200", "2009-04-30": "200.18600", "2009-01-31": "179.24200", "2008-10-31": "102.78610", "2008-07-31": "88.33500", "2008-04-30": "77.66770", "2008-01-31": "85.03800", "2007-10-31": "98.97200", "2007-07-31": "85.06600", "2007-04-30": "82.13110", "2007-01-31": "78.97700", "2006-10-31": "88.10300", "2006-07-31": "64.03400", "2006-04-30": "72.86110", "2006-01-31": "64.34800", "2005-10-31": "92.04800", "2005-07-31": "65.51000", "2005-04-30": "58.72110", "2005-01-31": "74.13900"}, "EBIT": {"2020-10-31": "380.79990", "2020-07-31": "361.10010", "2020-04-30": "346.70080", "2020-01-31": "288.99990", "2019-10-31": "329.79990", "2019-07-31": "257.60000", "2019-04-30": "153.60000", "2019-01-31": "217.60010", "2018-10-31": "330.50010", "2018-07-31": "226.89990", "2018-04-30": "312.70060", "2018-01-31": "164.00000", "2017-10-31": "332.10000", "2017-07-31": "235.20000", "2017-04-30": "207.79990", "2017-01-31": "237.70000", "2016-10-31": "303.30000", "2016-07-31": "293.80020", "2016-04-30": "246.10060", "2016-01-31": "318.30020", "2015-10-31": "313.80000", "2015-07-31": "267.10000", "2015-04-30": "70.50000", "2015-01-31": "255.10000", "2014-10-31": "254.80000", "2014-07-31": "191.60000", "2014-04-30": "191.40050", "2014-01-31": "263.50000", "2013-10-31": "250.79990", "2013-07-31": "213.30000", "2013-04-30": "214.00000", "2013-01-31": "258.29990", "2012-10-31": "247.60000", "2012-07-31": "190.50000", "2012-04-30": "185.61690", "2012-01-31": "200.36600", "2011-10-31": "211.61390", "2011-07-31": "180.70310", "2011-04-30": "166.13530", "2011-01-31": "212.96190", "2010-10-31": "240.03590", "2010-07-31": "165.16700", "2010-04-30": "181.00290", "2010-01-31": "209.86600", "2009-10-31": "231.20610", "2009-07-31": "168.83400", "2009-04-30": "158.69210", "2009-01-31": "135.45900", "2008-10-31": "86.29710", "2008-07-31": "71.82800", "2008-04-30": "61.68680", "2008-01-31": "68.63800", "2007-10-31": "83.67400", "2007-07-31": "70.17500", "2007-04-30": "66.83020", "2007-01-31": "64.37700", "2006-10-31": "74.29800", "2006-07-31": "48.86600", "2006-04-30": "57.42610", "2006-01-31": "47.69700", "2005-10-31": "77.33000", "2005-07-31": "49.67200", "2005-04-30": "44.31410", "2005-01-31": "59.74500"}, "Basic Shares Outstanding": {"2020-10-31": "113.70000", "2020-07-31": "113.50000", "2020-04-30": "113.40000", "2020-01-31": "113.40000", "2019-10-31": "113.40000", "2019-07-31": "113.20000", "2019-04-30": "113.10000", "2019-01-31": "113.20000", "2018-10-31": "113.20000", "2018-07-31": "113.10000", "2018-04-30": "113.00000", "2018-01-31": "113.00000", "2017-10-31": "113.00000", "2017-07-31": "112.90000", "2017-04-30": "115.50000", "2017-01-31": "115.90000", "2016-10-31": "115.90000", "2016-07-31": "115.80000", "2016-04-30": "118.90000", "2016-01-31": "119.16800", "2015-10-31": "119.15900", "2015-07-31": "119.09000", "2015-04-30": "103.03800", "2015-01-31": "101.19100", "2014-10-31": "101.12300", "2014-07-31": "101.03000", "2014-04-30": "103.50400", "2014-01-31": "103.98100", "2013-10-31": "104.31100", "2013-07-31": "105.07800", "2013-04-30": "107.88200", "2013-01-31": "107.52900", "2012-10-31": "108.26900", "2012-07-31": "109.41900", "2012-04-30": "112.21300", "2012-01-31": "112.49400", "2011-10-31": "113.89300", "2011-07-31": "113.12300", "2011-04-30": "117.00900", "2011-01-31": "117.15600", "2010-10-31": "119.51200", "2010-07-31": "119.30100", "2010-04-30": "117.91100", "2010-01-31": "119.06900", "2009-10-31": "117.88800", "2009-07-31": "118.66500", "2009-04-30": "85.44900", "2009-01-31": "114.92300", "2008-10-31": "54.83200", "2008-07-31": "54.28300", "2008-04-30": "56.64200", "2008-01-31": "56.40000", "2007-10-31": "57.10400", "2007-07-31": "56.64600", "2007-04-30": "56.43300", "2007-01-31": "56.18500", "2006-10-31": "56.62200", "2006-07-31": "56.67800", "2006-04-30": "57.86300", "2006-01-31": "57.94500", "2005-10-31": "58.09600", "2005-07-31": "58.27900", "2005-04-30": "57.08700", "2005-01-31": "58.10800"}, "Shares Outstanding": {"2020-10-31": "113.70000", "2020-07-31": "113.50000", "2020-04-30": "113.40000", "2020-01-31": "113.40000", "2019-10-31": "113.40000", "2019-07-31": "113.30000", "2019-04-30": "113.10000", "2019-01-31": "113.20000", "2018-10-31": "113.20000", "2018-07-31": "113.10000", "2018-04-30": "113.00000", "2018-01-31": "113.00000", "2017-10-31": "113.00000", "2017-07-31": "113.00000", "2017-04-30": "115.60000", "2017-01-31": "116.00000", "2016-10-31": "116.00000", "2016-07-31": "115.90000", "2016-04-30": "119.00000", "2016-01-31": "119.22000", "2015-10-31": "119.17000", "2015-07-31": "119.10300", "2015-04-30": "103.04400", "2015-01-31": "101.19200", "2014-10-31": "101.12600", "2014-07-31": "101.03700", "2014-04-30": "103.51800", "2014-01-31": "103.99400", "2013-10-31": "104.32600", "2013-07-31": "105.09400", "2013-04-30": "107.90500", "2013-01-31": "107.54800", "2012-10-31": "108.29600", "2012-07-31": "109.44800", "2012-04-30": "112.26200", "2012-01-31": "112.54300", "2011-10-31": "113.94500", "2011-07-31": "113.18000", "2011-04-30": "117.12000", "2011-01-31": "117.25900", "2010-10-31": "119.64200", "2010-07-31": "119.44000", "2010-04-30": "118.04100", "2010-01-31": "119.21700", "2009-10-31": "118.03200", "2009-07-31": "118.74600", "2009-04-30": "85.54800", "2009-01-31": "114.98800", "2008-10-31": "54.97600", "2008-07-31": "54.42500", "2008-04-30": "56.87300", "2008-01-31": "56.82300", "2007-10-31": "57.53200", "2007-07-31": "57.26500", "2007-04-30": "57.05600", "2007-01-31": "56.78800", "2006-10-31": "57.19900", "2006-07-31": "57.19400", "2006-04-30": "58.42500", "2006-01-31": "58.48600", "2005-10-31": "58.69600", "2005-07-31": "58.92000", "2005-04-30": "57.74900", "2005-01-31": "58.74300"}, "Basic EPS": {"2020-10-31": "2.02000", "2020-07-31": "2.08000", "2020-04-30": "1.99000", "2020-01-31": "1.64000", "2019-10-31": "1.85000", "2019-07-31": "1.36000", "2019-04-30": "0.62000", "2019-01-31": "1.07000", "2018-10-31": "1.66000", "2018-07-31": "1.17000", "2018-04-30": "1.64000", "2018-01-31": "7.32000", "2017-10-31": "1.71000", "2017-07-31": "1.12000", "2017-04-30": "0.97000", "2017-01-31": "1.16000", "2016-10-31": "1.52000", "2016-07-31": "1.46000", "2016-04-30": "1.61000", "2016-01-31": "1.55000", "2015-10-31": "1.47000", "2015-07-31": "1.14000", "2015-04-30": "-0.94000", "2015-01-31": "1.58000", "2014-10-31": "1.55000", "2014-07-31": "1.14000", "2014-04-30": "1.18000", "2014-01-31": "1.59000", "2013-10-31": "1.46000", "2013-07-31": "1.19000", "2013-04-30": "1.22000", "2013-01-31": "1.42000", "2012-10-31": "1.36000", "2012-07-31": "1.00000", "2012-04-30": "0.93000", "2012-01-31": "1.03000", "2011-10-31": "1.12000", "2011-07-31": "0.98000", "2011-04-30": "0.83000", "2011-01-31": "1.12000", "2010-10-31": "1.25000", "2010-07-31": "0.86000", "2010-04-30": "1.00000", "2010-01-31": "1.14000", "2009-10-31": "1.18000", "2009-07-31": "0.83000", "2009-04-30": "0.72000", "2009-01-31": "0.68000", "2008-10-31": "0.94000", "2008-07-31": "0.77000", "2008-04-30": "0.66000", "2008-01-31": "0.75000", "2007-10-31": "0.88000", "2007-07-31": "0.72000", "2007-04-30": "0.76000", "2007-01-31": "0.72000", "2006-10-31": "0.80000", "2006-07-31": "0.51000", "2006-04-30": "0.63000", "2006-01-31": "0.54000", "2005-10-31": "0.80000", "2005-07-31": "0.51000", "2005-04-30": "0.38000", "2005-01-31": "0.62000"}, "EPS - Earnings Per Share": {"2020-10-31": "2.02000", "2020-07-31": "2.08000", "2020-04-30": "1.99000", "2020-01-31": "1.64000", "2019-10-31": "1.85000", "2019-07-31": "1.36000", "2019-04-30": "0.62000", "2019-01-31": "1.07000", "2018-10-31": "1.66000", "2018-07-31": "1.17000", "2018-04-30": "1.63000", "2018-01-31": "7.32000", "2017-10-31": "1.71000", "2017-07-31": "1.12000", "2017-04-30": "0.96000", "2017-01-31": "1.16000", "2016-10-31": "1.52000", "2016-07-31": "1.46000", "2016-04-30": "1.60000", "2016-01-31": "1.55000", "2015-10-31": "1.47000", "2015-07-31": "1.14000", "2015-04-30": "-0.94000", "2015-01-31": "1.58000", "2014-10-31": "1.55000", "2014-07-31": "1.14000", "2014-04-30": "1.18000", "2014-01-31": "1.59000", "2013-10-31": "1.46000", "2013-07-31": "1.19000", "2013-04-30": "1.22000", "2013-01-31": "1.42000", "2012-10-31": "1.36000", "2012-07-31": "1.00000", "2012-04-30": "0.93000", "2012-01-31": "1.03000", "2011-10-31": "1.12000", "2011-07-31": "0.98000", "2011-04-30": "0.83000", "2011-01-31": "1.11000", "2010-10-31": "1.25000", "2010-07-31": "0.86000", "2010-04-30": "1.00000", "2010-01-31": "1.14000", "2009-10-31": "1.18000", "2009-07-31": "0.83000", "2009-04-30": "0.72000", "2009-01-31": "0.68000", "2008-10-31": "0.94000", "2008-07-31": "0.77000", "2008-04-30": "0.67000", "2008-01-31": "0.75000", "2007-10-31": "0.87000", "2007-07-31": "0.71000", "2007-04-30": "0.75000", "2007-01-31": "0.71000", "2006-10-31": "0.80000", "2006-07-31": "0.50000", "2006-04-30": "0.61000", "2006-01-31": "0.54000", "2005-10-31": "0.79000", "2005-07-31": "0.51000", "2005-04-30": "0.38000", "2005-01-31": "0.61000"}}, "balance sheet": {"Cash On Hand": {"2020-04-30": "391.10000", "2019-04-30": "101.30000", "2018-04-30": "192.60000", "2017-04-30": "166.80000", "2016-04-30": "109.80000", "2015-04-30": "125.60000", "2014-04-30": "153.50000", "2013-04-30": "256.40000", "2012-04-30": "229.70000", "2011-04-30": "319.84500", "2010-04-30": "283.57000", "2009-04-30": "456.69300", "2008-04-30": "171.54100", "2007-04-30": "200.11900", "2006-04-30": "86.83800", "2005-04-30": "75.82400"}, "Receivables": {"2020-04-30": "551.40000", "2019-04-30": "503.80000", "2018-04-30": "385.60000", "2017-04-30": "438.70000", "2016-04-30": "450.10000", "2015-04-30": "430.10000", "2014-04-30": "309.40000", "2013-04-30": "313.70000", "2012-04-30": "347.50000", "2011-04-30": "344.41000", "2010-04-30": "238.86700", "2009-04-30": "266.03700", "2008-04-30": "162.42600", "2007-04-30": "124.04800", "2006-04-30": "148.01400", "2005-04-30": "145.73400"}, "Inventory": {"2020-04-30": "895.30000", "2019-04-30": "910.30000", "2018-04-30": "854.40000", "2017-04-30": "905.70000", "2016-04-30": "899.40000", "2015-04-30": "1163.60000", "2014-04-30": "931.00000", "2013-04-30": "945.50000", "2012-04-30": "961.60000", "2011-04-30": "863.57900", "2010-04-30": "654.93900", "2009-04-30": "603.92600", "2008-04-30": "379.60800", "2007-04-30": "286.05200", "2006-04-30": "279.08800", "2005-04-30": "284.48700"}, "Pre-Paid Expenses": {"2020-04-30": "", "2019-04-30": "", "2018-04-30": "", "2017-04-30": "", "2016-04-30": "", "2015-04-30": "", "2014-04-30": "", "2013-04-30": "", "2012-04-30": "", "2011-04-30": "", "2010-04-30": "", "2009-04-30": "", "2008-04-30": "", "2007-04-30": "", "2006-04-30": "", "2005-04-30": ""}, "Other Current Assets": {"2020-04-30": "134.90000", "2019-04-30": "109.80000", "2018-04-30": "122.40000", "2017-04-30": "130.60000", "2016-04-30": "114.10000", "2015-04-30": "264.60000", "2014-04-30": "145.20000", "2013-04-30": "79.60000", "2012-04-30": "104.70000", "2011-04-30": "109.16500", "2010-04-30": "46.25400", "2009-04-30": "72.23500", "2008-04-30": "62.63200", "2007-04-30": "29.14700", "2006-04-30": "128.89800", "2005-04-30": "49.80600"}, "Total Current Assets": {"2020-04-30": "1972.70000", "2019-04-30": "1625.20000", "2018-04-30": "1555.00000", "2017-04-30": "1641.80000", "2016-04-30": "1573.40000", "2015-04-30": "1983.90000", "2014-04-30": "1539.10000", "2013-04-30": "1595.20000", "2012-04-30": "1643.50000", "2011-04-30": "1636.99900", "2010-04-30": "1223.63000", "2009-04-30": "1398.89100", "2008-04-30": "776.20700", "2007-04-30": "639.36600", "2006-04-30": "642.83800", "2005-04-30": "555.85100"}, "Property, Plant, And Equipment": {"2020-04-30": "1969.40000", "2019-04-30": "1912.40000", "2018-04-30": "1729.10000", "2017-04-30": "1617.50000", "2016-04-30": "1627.70000", "2015-04-30": "1678.30000", "2014-04-30": "1265.60000", "2013-04-30": "1142.50000", "2012-04-30": "1096.10000", "2011-04-30": "867.88200", "2010-04-30": "858.31300", "2009-04-30": "838.43300", "2008-04-30": "496.29600", "2007-04-30": "454.02800", "2006-04-30": "456.55400", "2005-04-30": "521.10100"}, "Long-Term Investments": {"2020-04-30": "", "2019-04-30": "", "2018-04-30": "", "2017-04-30": "", "2016-04-30": "", "2015-04-30": "", "2014-04-30": "", "2013-04-30": "", "2012-04-30": "", "2011-04-30": "", "2010-04-30": "", "2009-04-30": "", "2008-04-30": "16.04300", "2007-04-30": "44.11700", "2006-04-30": "34.10700", "2005-04-30": "59.07400"}, "Goodwill And Intangible Assets": {"2020-04-30": "12733.50000", "2019-04-30": "13029.70000", "2018-04-30": "11858.70000", "2017-04-30": "12227.00000", "2016-04-30": "12585.50000", "2015-04-30": "12961.90000", "2014-04-30": "6122.50000", "2013-04-30": "6142.30000", "2012-04-30": "6241.60000", "2011-04-30": "5752.75600", "2010-04-30": "5834.24500", "2009-04-30": "5890.36700", "2008-04-30": "1746.47600", "2007-04-30": "1468.96500", "2006-04-30": "1413.88200", "2005-04-30": "1420.96600"}, "Other Long-Term Assets": {"2020-04-30": "146.40000", "2019-04-30": "144.00000", "2018-04-30": "158.40000", "2017-04-30": "153.40000", "2016-04-30": "197.50000", "2015-04-30": "182.20000", "2014-04-30": "133.00000", "2013-04-30": "151.80000", "2012-04-30": "134.00000", "2011-04-30": "66.94800", "2010-04-30": "58.66500", "2009-04-30": "64.47000", "2008-04-30": "94.85900", "2007-04-30": "87.34700", "2006-04-30": "102.36300", "2005-04-30": "78.90200"}, "Total Long-Term Assets": {"2020-04-30": "14997.70000", "2019-04-30": "15086.10000", "2018-04-30": "13746.20000", "2017-04-30": "13997.90000", "2016-04-30": "14410.70000", "2015-04-30": "14822.40000", "2014-04-30": "7521.10000", "2013-04-30": "7436.60000", "2012-04-30": "7471.70000", "2011-04-30": "6687.58600", "2010-04-30": "6751.22300", "2009-04-30": "6793.27100", "2008-04-30": "2353.67400", "2007-04-30": "2054.45700", "2006-04-30": "2006.90600", "2005-04-30": "2080.04300"}, "Total Assets": {"2020-04-30": "16970.40000", "2019-04-30": "16711.30000", "2018-04-30": "15301.20000", "2017-04-30": "15639.70000", "2016-04-30": "15984.10000", "2015-04-30": "16806.30000", "2014-04-30": "9060.20000", "2013-04-30": "9031.80000", "2012-04-30": "9115.20000", "2011-04-30": "8324.58500", "2010-04-30": "7974.85300", "2009-04-30": "8192.16100", "2008-04-30": "3129.88100", "2007-04-30": "2693.82300", "2006-04-30": "2649.74400", "2005-04-30": "2635.89400"}, "Total Current Liabilities": {"2020-04-30": "1587.10000", "2019-04-30": "2341.50000", "2018-04-30": "1033.80000", "2017-04-30": "1832.60000", "2016-04-30": "1213.00000", "2015-04-30": "1022.60000", "2014-04-30": "885.80000", "2013-04-30": "596.80000", "2012-04-30": "616.90000", "2011-04-30": "482.67600", "2010-04-30": "478.89700", "2009-04-30": "1061.23600", "2008-04-30": "239.39700", "2007-04-30": "236.46800", "2006-04-30": "235.44000", "2005-04-30": "308.29200"}, "Long Term Debt": {"2020-04-30": "5373.30000", "2019-04-30": "4686.30000", "2018-04-30": "4688.00000", "2017-04-30": "4445.50000", "2016-04-30": "5146.00000", "2015-04-30": "5944.90000", "2014-04-30": "1873.10000", "2013-04-30": "1967.80000", "2012-04-30": "2020.50000", "2011-04-30": "1304.03900", "2010-04-30": "900.00000", "2009-04-30": "910.00000", "2008-04-30": "789.68400", "2007-04-30": "392.64300", "2006-04-30": "428.60200", "2005-04-30": "431.56000"}, "Other Non-Current Liabilities": {"2020-04-30": "98.20000", "2019-04-30": "110.30000", "2018-04-30": "105.10000", "2017-04-30": "88.00000", "2016-04-30": "88.10000", "2015-04-30": "91.40000", "2014-04-30": "56.80000", "2013-04-30": "101.10000", "2012-04-30": "105.30000", "2011-04-30": "44.17300", "2010-04-30": "35.57000", "2009-04-30": "30.60300", "2008-04-30": "35.43600", "2007-04-30": "18.40700", "2006-04-30": "8.64100", "2005-04-30": "8.63700"}, "Total Long Term Liabilities": {"2020-04-30": "7192.40000", "2019-04-30": "6399.30000", "2018-04-30": "6376.30000", "2017-04-30": "6956.90000", "2016-04-30": "7762.60000", "2015-04-30": "8696.80100", "2014-04-30": "3144.80000", "2013-04-30": "3286.20000", "2012-04-30": "3334.90000", "2011-04-30": "2549.54600", "2010-04-30": "2169.63600", "2009-04-30": "2190.99400", "2008-04-30": "1090.63100", "2007-04-30": "661.69800", "2006-04-30": "686.24490", "2005-04-30": "636.80200"}, "Total Liabilities": {"2020-04-30": "8779.50000", "2019-04-30": "8740.80000", "2018-04-30": "7410.10000", "2017-04-30": "8789.50000", "2016-04-30": "8975.60000", "2015-04-30": "9719.40000", "2014-04-30": "4030.60000", "2013-04-30": "3883.00000", "2012-04-30": "3951.80000", "2011-04-30": "3032.22200", "2010-04-30": "2648.53300", "2009-04-30": "3252.23000", "2008-04-30": "1330.02800", "2007-04-30": "898.16600", "2006-04-30": "921.68500", "2005-04-30": "945.09400"}, "Common Stock Net": {"2020-04-30": "29.00000", "2019-04-30": "28.90000", "2018-04-30": "28.90000", "2017-04-30": "28.40000", "2016-04-30": "29.10000", "2015-04-30": "29.90000", "2014-04-30": "25.40000", "2013-04-30": "26.60000", "2012-04-30": "27.60000", "2011-04-30": "28.54300", "2010-04-30": "29.78000", "2009-04-30": "29.60600", "2008-04-30": "13.65600", "2007-04-30": "14.19500", "2006-04-30": "14.23700", "2005-04-30": "14.63500"}, "Retained Earnings (Accumulated Deficit)": {"2020-04-30": "2746.80000", "2019-04-30": "2367.60000", "2018-04-30": "2239.20000", "2017-04-30": "1240.50000", "2016-04-30": "1267.70000", "2015-04-30": "1159.20000", "2014-04-30": "1091.00000", "2013-04-30": "1075.50000", "2012-04-30": "961.20000", "2011-04-30": "866.93300", "2010-04-30": "746.06300", "2009-04-30": "424.50400", "2008-04-30": "567.41900", "2007-04-30": "553.63100", "2006-04-30": "489.06700", "2005-04-30": "447.83100"}, "Comprehensive Income": {"2020-04-30": "-379.00000", "2019-04-30": "-181.80000", "2018-04-30": "-116.70000", "2017-04-30": "-143.40000", "2016-04-30": "-148.40000", "2015-04-30": "-109.80000", "2014-04-30": "-51.60000", "2013-04-30": "-76.60000", "2012-04-30": "-84.00000", "2011-04-30": "3.62900", "2010-04-30": "-20.58100", "2009-04-30": "-57.27000", "2008-04-30": "42.61200", "2007-04-30": "17.75700", "2006-04-30": "27.20900", "2005-04-30": "-0.15900"}, "Other Share Holders Equity": {"2020-04-30": "", "2019-04-30": "", "2018-04-30": "", "2017-04-30": "", "2016-04-30": "", "2015-04-30": "-0.10000", "2014-04-30": "-1.00000", "2013-04-30": "-1.80000", "2012-04-30": "-2.60000", "2011-04-30": "-3.33400", "2010-04-30": "-4.06900", "2009-04-30": "-4.83000", "2008-04-30": "-5.47900", "2007-04-30": "-6.01700", "2006-04-30": "-6.52500", "2005-04-30": "-7.04400"}, "Share Holder Equity": {"2020-04-30": "8190.90000", "2019-04-30": "7970.50000", "2018-04-30": "7891.10000", "2017-04-30": "6850.20000", "2016-04-30": "7008.50000", "2015-04-30": "7086.90000", "2014-04-30": "5029.60000", "2013-04-30": "5148.80000", "2012-04-30": "5163.40000", "2011-04-30": "5292.36300", "2010-04-30": "5326.32000", "2009-04-30": "4939.93100", "2008-04-30": "1799.85300", "2007-04-30": "1795.65700", "2006-04-30": "1728.05900", "2005-04-30": "1690.80000"}, "Total Liabilities And Share Holders Equity": {"2020-04-30": "16970.40000", "2019-04-30": "16711.30000", "2018-04-30": "15301.20000", "2017-04-30": "15639.70000", "2016-04-30": "15984.10000", "2015-04-30": "16806.30000", "2014-04-30": "9060.20000", "2013-04-30": "9031.80000", "2012-04-30": "9115.20000", "2011-04-30": "8324.58500", "2010-04-30": "7974.85300", "2009-04-30": "8192.16100", "2008-04-30": "3129.88100", "2007-04-30": "2693.82300", "2006-04-30": "2649.74400", "2005-04-30": "2635.89400"}}, "balance sheet, quarterly": {"Cash On Hand": {"2020-10-31": "405.60000", "2020-07-31": "396.60000", "2020-04-30": "391.10000", "2020-01-31": "74.40000", "2019-10-31": "48.80000", "2019-07-31": "48.80000", "2019-04-30": "101.30000", "2019-01-31": "206.50000", "2018-10-31": "171.20000", "2018-07-31": "192.00000", "2018-04-30": "192.60000", "2018-01-31": "186.20000", "2017-10-31": "180.30000", "2017-07-31": "183.20000", "2017-04-30": "166.80000", "2017-01-31": "139.60000", "2016-10-31": "121.80000", "2016-07-31": "109.60000", "2016-04-30": "109.80000", "2016-01-31": "140.50000", "2015-10-31": "139.00000", "2015-07-31": "133.60000", "2015-04-30": "125.60000", "2015-01-31": "111.70000", "2014-10-31": "105.30000", "2014-07-31": "149.40000", "2014-04-30": "153.50000", "2014-01-31": "168.60000", "2013-10-31": "150.50000", "2013-07-31": "157.50000", "2013-04-30": "256.40000", "2013-01-31": "438.81400", "2012-10-31": "203.55500", "2012-07-31": "311.47400", "2012-04-30": "229.70000", "2012-01-31": "370.42800", "2011-10-31": "496.28800", "2011-07-31": "102.47500", "2011-04-30": "319.84500", "2011-01-31": "588.18200", "2010-10-31": "535.54900", "2010-07-31": "579.84800", "2010-04-30": "283.57000", "2010-01-31": "125.56100", "2009-10-31": "409.70800", "2009-07-31": "289.77200", "2009-04-30": "456.69300", "2009-01-31": "359.90700", "2008-10-31": "166.31200", "2008-07-31": "142.69900", "2008-04-30": "171.54100", "2008-01-31": "327.66400", "2007-10-31": "287.12300", "2007-07-31": "351.24200", "2007-04-30": "200.11900", "2007-01-31": "152.16800", "2006-10-31": "82.69000", "2006-07-31": "101.10700", "2006-04-30": "86.83800", "2006-01-31": "104.42200", "2005-10-31": "62.24000", "2005-07-31": "67.50400", "2005-04-30": "75.82400", "2005-01-31": "63.13800"}, "Receivables": {"2020-10-31": "577.00000", "2020-07-31": "497.60000", "2020-04-30": "551.40000", "2020-01-31": "477.30000", "2019-10-31": "522.40000", "2019-07-31": "473.70000", "2019-04-30": "503.80000", "2019-01-31": "502.60000", "2018-10-31": "561.90000", "2018-07-31": "504.20000", "2018-04-30": "385.60000", "2018-01-31": "422.70000", "2017-10-31": "481.60000", "2017-07-31": "433.70000", "2017-04-30": "438.70000", "2017-01-31": "421.40000", "2016-10-31": "517.80000", "2016-07-31": "523.00000", "2016-04-30": "450.10000", "2016-01-31": "503.80000", "2015-10-31": "605.40000", "2015-07-31": "507.90000", "2015-04-30": "430.10000", "2015-01-31": "373.90000", "2014-10-31": "453.20000", "2014-07-31": "392.50000", "2014-04-30": "309.40000", "2014-01-31": "365.20000", "2013-10-31": "464.20000", "2013-07-31": "357.30000", "2013-04-30": "313.70000", "2013-01-31": "360.20500", "2012-10-31": "469.36700", "2012-07-31": "390.92400", "2012-04-30": "347.50000", "2012-01-31": "364.72400", "2011-10-31": "462.16900", "2011-07-31": "350.29300", "2011-04-30": "344.41000", "2011-01-31": "313.33000", "2010-10-31": "447.85400", "2010-07-31": "305.41800", "2010-04-30": "238.86700", "2010-01-31": "281.67800", "2009-10-31": "411.23900", "2009-07-31": "307.50700", "2009-04-30": "266.03700", "2009-01-31": "259.10700", "2008-10-31": "267.49800", "2008-07-31": "182.69300", "2008-04-30": "162.42600", "2008-01-31": "141.21500", "2007-10-31": "223.30300", "2007-07-31": "148.06100", "2007-04-30": "124.04800", "2007-01-31": "117.61900", "2006-10-31": "178.43400", "2006-07-31": "144.71400", "2006-04-30": "148.01400", "2006-01-31": "122.51400", "2005-10-31": "187.18500", "2005-07-31": "161.26200", "2005-04-30": "145.73400", "2005-01-31": "129.73700"}, "Inventory": {"2020-10-31": "993.80000", "2020-07-31": "995.00000", "2020-04-30": "895.30000", "2020-01-31": "958.80000", "2019-10-31": "1013.30000", "2019-07-31": "1013.30000", "2019-04-30": "910.30000", "2019-01-31": "924.70000", "2018-10-31": "966.20000", "2018-07-31": "1017.40000", "2018-04-30": "854.40000", "2018-01-31": "909.10000", "2017-10-31": "1011.70000", "2017-07-31": "981.30000", "2017-04-30": "905.70000", "2017-01-31": "995.60000", "2016-10-31": "1028.40000", "2016-07-31": "1014.60000", "2016-04-30": "899.40000", "2016-01-31": "942.00000", "2015-10-31": "1051.40000", "2015-07-31": "1150.80000", "2015-04-30": "1163.60000", "2015-01-31": "944.20000", "2014-10-31": "1065.20000", "2014-07-31": "1084.50000", "2014-04-30": "931.00000", "2014-01-31": "864.80000", "2013-10-31": "1023.70000", "2013-07-31": "1059.30000", "2013-04-30": "945.50000", "2013-01-31": "878.15600", "2012-10-31": "975.42700", "2012-07-31": "1019.33900", "2012-04-30": "961.60000", "2012-01-31": "990.81510", "2011-10-31": "1143.95100", "2011-07-31": "1213.82100", "2011-04-30": "863.57900", "2011-01-31": "735.27500", "2010-10-31": "822.61400", "2010-07-31": "765.92700", "2010-04-30": "654.93900", "2010-01-31": "663.43600", "2009-10-31": "762.04000", "2009-07-31": "786.84200", "2009-04-30": "603.92600", "2009-01-31": "658.45100", "2008-10-31": "500.60800", "2008-07-31": "471.76800", "2008-04-30": "379.60800", "2008-01-31": "348.27700", "2007-10-31": "399.95800", "2007-07-31": "389.09400", "2007-04-30": "286.05200", "2007-01-31": "277.28900", "2006-10-31": "300.12700", "2006-07-31": "305.06300", "2006-04-30": "279.08800", "2006-01-31": "321.48400", "2005-10-31": "348.91900", "2005-07-31": "344.20900", "2005-04-30": "284.48700", "2005-01-31": "301.46300"}, "Pre-Paid Expenses": {"2020-10-31": "", "2020-07-31": "", "2020-04-30": "", "2020-01-31": "", "2019-10-31": "", "2019-07-31": "", "2019-04-30": "", "2019-01-31": "", "2018-10-31": "", "2018-07-31": "", "2018-04-30": "", "2018-01-31": "", "2017-10-31": "", "2017-07-31": "", "2017-04-30": "", "2017-01-31": "", "2016-10-31": "", "2016-07-31": "", "2016-04-30": "", "2016-01-31": "", "2015-10-31": "", "2015-07-31": "", "2015-04-30": "", "2015-01-31": "", "2014-10-31": "", "2014-07-31": "", "2014-04-30": "", "2014-01-31": "", "2013-10-31": "", "2013-07-31": "", "2013-04-30": "", "2013-01-31": "", "2012-10-31": "", "2012-07-31": "", "2012-04-30": "", "2012-01-31": "", "2011-10-31": "", "2011-07-31": "", "2011-04-30": "", "2011-01-31": "", "2010-10-31": "", "2010-07-31": "", "2010-04-30": "", "2010-01-31": "", "2009-10-31": "", "2009-07-31": "", "2009-04-30": "", "2009-01-31": "", "2008-10-31": "", "2008-07-31": "", "2008-04-30": "", "2008-01-31": "", "2007-10-31": "", "2007-07-31": "", "2007-04-30": "", "2007-01-31": "", "2006-10-31": "", "2006-07-31": "", "2006-04-30": "", "2006-01-31": "", "2005-10-31": "", "2005-07-31": "", "2005-04-30": "", "2005-01-31": ""}, "Other Current Assets": {"2020-10-31": "90.70000", "2020-07-31": "95.60000", "2020-04-30": "134.90000", "2020-01-31": "92.20000", "2019-10-31": "74.70000", "2019-07-31": "77.70000", "2019-04-30": "109.80000", "2019-01-31": "92.40000", "2018-10-31": "87.90000", "2018-07-31": "92.20000", "2018-04-30": "122.40000", "2018-01-31": "91.90000", "2017-10-31": "112.20000", "2017-07-31": "93.90000", "2017-04-30": "130.60000", "2017-01-31": "134.30000", "2016-10-31": "137.20000", "2016-07-31": "93.50000", "2016-04-30": "114.10000", "2016-01-31": "212.10000", "2015-10-31": "210.20000", "2015-07-31": "233.20000", "2015-04-30": "264.60000", "2015-01-31": "85.80000", "2014-10-31": "102.10000", "2014-07-31": "101.80000", "2014-04-30": "145.20000", "2014-01-31": "109.50000", "2013-10-31": "123.90000", "2013-07-31": "55.80000", "2013-04-30": "79.60000", "2013-01-31": "68.77000", "2012-10-31": "87.71300", "2012-07-31": "78.59100", "2012-04-30": "104.70000", "2012-01-31": "80.02600", "2011-10-31": "91.29900", "2011-07-31": "73.18300", "2011-04-30": "109.16500", "2011-01-31": "52.27300", "2010-10-31": "48.16900", "2010-07-31": "49.43500", "2010-04-30": "46.25400", "2010-01-31": "52.15100", "2009-10-31": "48.35100", "2009-07-31": "58.31800", "2009-04-30": "72.23500", "2009-01-31": "66.83200", "2008-10-31": "70.94200", "2008-07-31": "37.92000", "2008-04-30": "62.63200", "2008-01-31": "37.16100", "2007-10-31": "33.31300", "2007-07-31": "26.79700", "2007-04-30": "29.14700", "2007-01-31": "34.85000", "2006-10-31": "45.75200", "2006-07-31": "125.49600", "2006-04-30": "128.89800", "2006-01-31": "52.41700", "2005-10-31": "48.69000", "2005-07-31": "45.84000", "2005-04-30": "49.80600", "2005-01-31": "31.49300"}, "Total Current Assets": {"2020-10-31": "2067.10000", "2020-07-31": "1984.80000", "2020-04-30": "1972.70000", "2020-01-31": "1602.70000", "2019-10-31": "1659.20000", "2019-07-31": "1613.50000", "2019-04-30": "1625.20000", "2019-01-31": "1726.20000", "2018-10-31": "1787.20000", "2018-07-31": "1805.80000", "2018-04-30": "1555.00000", "2018-01-31": "1609.90000", "2017-10-31": "1785.80000", "2017-07-31": "1692.10000", "2017-04-30": "1641.80000", "2017-01-31": "1690.90000", "2016-10-31": "1805.20000", "2016-07-31": "1740.70000", "2016-04-30": "1573.40000", "2016-01-31": "1798.40000", "2015-10-31": "2006.00000", "2015-07-31": "2025.50000", "2015-04-30": "1983.90000", "2015-01-31": "1515.60000", "2014-10-31": "1725.80000", "2014-07-31": "1728.20000", "2014-04-30": "1539.10000", "2014-01-31": "1508.10000", "2013-10-31": "1762.30000", "2013-07-31": "1629.90000", "2013-04-30": "1595.20000", "2013-01-31": "1745.94500", "2012-10-31": "1736.06200", "2012-07-31": "1800.32800", "2012-04-30": "1643.50000", "2012-01-31": "1805.99300", "2011-10-31": "2193.70700", "2011-07-31": "1739.77200", "2011-04-30": "1636.99900", "2011-01-31": "1689.06000", "2010-10-31": "1854.18600", "2010-07-31": "1700.62800", "2010-04-30": "1223.63000", "2010-01-31": "1122.82600", "2009-10-31": "1631.33800", "2009-07-31": "1442.43900", "2009-04-30": "1398.89100", "2009-01-31": "1344.29700", "2008-10-31": "1005.36000", "2008-07-31": "835.08000", "2008-04-30": "776.20700", "2008-01-31": "854.31700", "2007-10-31": "943.69700", "2007-07-31": "915.19400", "2007-04-30": "639.36600", "2007-01-31": "581.92600", "2006-10-31": "607.00300", "2006-07-31": "676.38000", "2006-04-30": "642.83800", "2006-01-31": "600.83700", "2005-10-31": "647.03400", "2005-07-31": "618.81500", "2005-04-30": "555.85100", "2005-01-31": "587.57700"}, "Property, Plant, And Equipment": {"2020-10-31": "1956.30000", "2020-07-31": "1948.60000", "2020-04-30": "1969.40000", "2020-01-31": "1911.70000", "2019-10-31": "1915.50000", "2019-07-31": "1909.20000", "2019-04-30": "1912.40000", "2019-01-31": "1847.90000", "2018-10-31": "1818.70000", "2018-07-31": "1827.90000", "2018-04-30": "1729.10000", "2018-01-31": "1633.70000", "2017-10-31": "1615.70000", "2017-07-31": "1595.70000", "2017-04-30": "1617.50000", "2017-01-31": "1574.30000", "2016-10-31": "1586.70000", "2016-07-31": "1598.50000", "2016-04-30": "1627.70000", "2016-01-31": "1623.90000", "2015-10-31": "1661.50000", "2015-07-31": "1656.80000", "2015-04-30": "1678.30000", "2015-01-31": "1323.30000", "2014-10-31": "1305.00000", "2014-07-31": "1274.70000", "2014-04-30": "1265.60000", "2014-01-31": "1185.30000", "2013-10-31": "1163.20000", "2013-07-31": "1139.20000", "2013-04-30": "1142.50000", "2013-01-31": "1121.61500", "2012-10-31": "1113.44600", "2012-07-31": "1101.03600", "2012-04-30": "1096.10000", "2012-01-31": "1064.29900", "2011-10-31": "948.22500", "2011-07-31": "925.68700", "2011-04-30": "867.88200", "2011-01-31": "841.06700", "2010-10-31": "841.09500", "2010-07-31": "847.19200", "2010-04-30": "858.31300", "2010-01-31": "867.62200", "2009-10-31": "873.08600", "2009-07-31": "838.39000", "2009-04-30": "838.43300", "2009-01-31": "841.60100", "2008-10-31": "514.00200", "2008-07-31": "505.91900", "2008-04-30": "496.29600", "2008-01-31": "489.44800", "2007-10-31": "492.79600", "2007-07-31": "480.41800", "2007-04-30": "454.02800", "2007-01-31": "453.27400", "2006-10-31": "457.86300", "2006-07-31": "456.30200", "2006-04-30": "456.55400", "2006-01-31": "524.06100", "2005-10-31": "527.79400", "2005-07-31": "521.96400", "2005-04-30": "521.10100", "2005-01-31": "507.83300"}, "Long-Term Investments": {"2020-10-31": "", "2020-07-31": "", "2020-04-30": "", "2020-01-31": "", "2019-10-31": "", "2019-07-31": "", "2019-04-30": "", "2019-01-31": "", "2018-10-31": "", "2018-07-31": "", "2018-04-30": "", "2018-01-31": "", "2017-10-31": "", "2017-07-31": "", "2017-04-30": "", "2017-01-31": "", "2016-10-31": "", "2016-07-31": "", "2016-04-30": "", "2016-01-31": "", "2015-10-31": "", "2015-07-31": "", "2015-04-30": "", "2015-01-31": "", "2014-10-31": "", "2014-07-31": "", "2014-04-30": "", "2014-01-31": "", "2013-10-31": "", "2013-07-31": "", "2013-04-30": "", "2013-01-31": "", "2012-10-31": "", "2012-07-31": "", "2012-04-30": "", "2012-01-31": "", "2011-10-31": "", "2011-07-31": "", "2011-04-30": "", "2011-01-31": "", "2010-10-31": "", "2010-07-31": "", "2010-04-30": "", "2010-01-31": "", "2009-10-31": "", "2009-07-31": "10.51100", "2009-04-30": "", "2009-01-31": "", "2008-10-31": "", "2008-07-31": "15.49400", "2008-04-30": "16.04300", "2008-01-31": "17.20200", "2007-10-31": "40.20000", "2007-07-31": "41.53200", "2007-04-30": "44.11700", "2007-01-31": "46.98400", "2006-10-31": "50.47400", "2006-07-31": "52.55600", "2006-04-30": "34.10700", "2006-01-31": "36.97400", "2005-10-31": "45.16400", "2005-07-31": "49.54300", "2005-04-30": "59.07400", "2005-01-31": "71.27600"}, "Goodwill And Intangible Assets": {"2020-10-31": "12624.60000", "2020-07-31": "12682.30000", "2020-04-30": "12733.50000", "2020-01-31": "12804.20000", "2019-10-31": "12916.30000", "2019-07-31": "12974.40000", "2019-04-30": "13029.70000", "2019-01-31": "13197.90000", "2018-10-31": "13400.20000", "2018-07-31": "13717.00000", "2018-04-30": "11858.70000", "2018-01-31": "11920.20000", "2017-10-31": "12137.60000", "2017-07-31": "12196.40000", "2017-04-30": "12227.00000", "2017-01-31": "12346.70000", "2016-10-31": "12467.30000", "2016-07-31": "12525.10000", "2016-04-30": "12585.50000", "2016-01-31": "12659.90000", "2015-10-31": "12840.90000", "2015-07-31": "12893.10000", "2015-04-30": "12961.90000", "2015-01-31": "6108.80000", "2014-10-31": "6146.30000", "2014-07-31": "6098.30000", "2014-04-30": "6122.50000", "2014-01-31": "6145.10000", "2013-10-31": "6176.90000", "2013-07-31": "6115.30000", "2013-04-30": "6142.30000", "2013-01-31": "6167.77000", "2012-10-31": "6191.60500", "2012-07-31": "6215.27100", "2012-04-30": "6241.60000", "2012-01-31": "6267.49100", "2011-10-31": "5997.04800", "2011-07-31": "6036.47400", "2011-04-30": "5752.75600", "2011-01-31": "5763.98900", "2010-10-31": "5796.79200", "2010-07-31": "5814.07500", "2010-04-30": "5834.24500", "2010-01-31": "5847.16900", "2009-10-31": "5872.81300", "2009-07-31": "5891.24600", "2009-04-30": "5890.36700", "2009-01-31": "5959.49500", "2008-10-31": "1759.79400", "2008-07-31": "1782.40800", "2008-04-30": "1746.47600", "2008-01-31": "1703.15300", "2007-10-31": "1709.20900", "2007-07-31": "1670.26900", "2007-04-30": "1468.96500", "2007-01-31": "1465.51700", "2006-10-31": "1468.88800", "2006-07-31": "1429.82300", "2006-04-30": "1413.88200", "2006-01-31": "1422.73000", "2005-10-31": "1420.76800", "2005-07-31": "1418.91200", "2005-04-30": "1420.96600", "2005-01-31": "1403.77400"}, "Other Long-Term Assets": {"2020-10-31": "151.90000", "2020-07-31": "148.30000", "2020-04-30": "146.40000", "2020-01-31": "149.60000", "2019-10-31": "146.80000", "2019-07-31": "145.30000", "2019-04-30": "144.00000", "2019-01-31": "155.60000", "2018-10-31": "168.10000", "2018-07-31": "162.30000", "2018-04-30": "158.40000", "2018-01-31": "165.40000", "2017-10-31": "162.90000", "2017-07-31": "157.40000", "2017-04-30": "153.40000", "2017-01-31": "199.80000", "2016-10-31": "199.00000", "2016-07-31": "197.50000", "2016-04-30": "197.50000", "2016-01-31": "199.30000", "2015-10-31": "186.40000", "2015-07-31": "183.00000", "2015-04-30": "182.20000", "2015-01-31": "147.90000", "2014-10-31": "157.70000", "2014-07-31": "149.00000", "2014-04-30": "133.00000", "2014-01-31": "150.50000", "2013-10-31": "143.60000", "2013-07-31": "149.50000", "2013-04-30": "151.80000", "2013-01-31": "149.12400", "2012-10-31": "147.64000", "2012-07-31": "145.47500", "2012-04-30": "134.00000", "2012-01-31": "98.09100", "2011-10-31": "76.44000", "2011-07-31": "80.09000", "2011-04-30": "66.94800", "2011-01-31": "64.63200", "2010-10-31": "61.27700", "2010-07-31": "57.20900", "2010-04-30": "58.66500", "2010-01-31": "61.81500", "2009-10-31": "61.17700", "2009-07-31": "52.17300", "2009-04-30": "64.47000", "2009-01-31": "101.15000", "2008-10-31": "97.18500", "2008-07-31": "93.42000", "2008-04-30": "94.85900", "2008-01-31": "98.13300", "2007-10-31": "97.50500", "2007-07-31": "94.81900", "2007-04-30": "87.34700", "2007-01-31": "108.17700", "2006-10-31": "105.37900", "2006-07-31": "102.97700", "2006-04-30": "102.36300", "2006-01-31": "81.70200", "2005-10-31": "79.63700", "2005-07-31": "77.32500", "2005-04-30": "78.90200", "2005-01-31": "60.62000"}, "Total Long-Term Assets": {"2020-10-31": "14862.60000", "2020-07-31": "14917.50000", "2020-04-30": "14997.70000", "2020-01-31": "15033.50000", "2019-10-31": "15131.80000", "2019-07-31": "15178.10000", "2019-04-30": "15086.10000", "2019-01-31": "15201.40000", "2018-10-31": "15387.00000", "2018-07-31": "15707.20000", "2018-04-30": "13746.20000", "2018-01-31": "13719.30000", "2017-10-31": "13916.20000", "2017-07-31": "13949.50000", "2017-04-30": "13997.90000", "2017-01-31": "14120.80000", "2016-10-31": "14253.00000", "2016-07-31": "14321.10000", "2016-04-30": "14410.70000", "2016-01-31": "14483.10000", "2015-10-31": "14688.80000", "2015-07-31": "14732.90000", "2015-04-30": "14822.40000", "2015-01-31": "7580.00000", "2014-10-31": "7609.00000", "2014-07-31": "7522.00000", "2014-04-30": "7521.10000", "2014-01-31": "7480.90000", "2013-10-31": "7483.70000", "2013-07-31": "7404.00000", "2013-04-30": "7436.60000", "2013-01-31": "7438.50900", "2012-10-31": "7452.69100", "2012-07-31": "7461.78200", "2012-04-30": "7471.70000", "2012-01-31": "7429.88100", "2011-10-31": "7021.71300", "2011-07-31": "7042.25000", "2011-04-30": "6687.58600", "2011-01-31": "6669.68800", "2010-10-31": "6699.16400", "2010-07-31": "6718.47600", "2010-04-30": "6751.22300", "2010-01-31": "6776.60600", "2009-10-31": "6807.07600", "2009-07-31": "6792.32000", "2009-04-30": "6793.27100", "2009-01-31": "6902.24600", "2008-10-31": "2370.98100", "2008-07-31": "2397.24100", "2008-04-30": "2353.67400", "2008-01-31": "2307.93600", "2007-10-31": "2339.71000", "2007-07-31": "2287.03800", "2007-04-30": "2054.45700", "2007-01-31": "2073.95200", "2006-10-31": "2082.60400", "2006-07-31": "2041.65800", "2006-04-30": "2006.90600", "2006-01-31": "2065.46700", "2005-10-31": "2073.36300", "2005-07-31": "2067.74400", "2005-04-30": "2080.04300", "2005-01-31": "2043.50300"}, "Total Assets": {"2020-10-31": "16929.70000", "2020-07-31": "16902.30000", "2020-04-30": "16970.40000", "2020-01-31": "16636.20000", "2019-10-31": "16791.00000", "2019-07-31": "16791.60000", "2019-04-30": "16711.30000", "2019-01-31": "16927.60000", "2018-10-31": "17174.20000", "2018-07-31": "17513.00000", "2018-04-30": "15301.20000", "2018-01-31": "15329.20000", "2017-10-31": "15702.00000", "2017-07-31": "15641.60000", "2017-04-30": "15639.70000", "2017-01-31": "15811.70000", "2016-10-31": "16058.20000", "2016-07-31": "16061.80000", "2016-04-30": "15984.10000", "2016-01-31": "16281.50000", "2015-10-31": "16694.80000", "2015-07-31": "16758.40000", "2015-04-30": "16806.30000", "2015-01-31": "9095.60000", "2014-10-31": "9334.80000", "2014-07-31": "9250.20000", "2014-04-30": "9060.20000", "2014-01-31": "8989.00000", "2013-10-31": "9246.00000", "2013-07-31": "9033.90000", "2013-04-30": "9031.80000", "2013-01-31": "9184.45400", "2012-10-31": "9188.75300", "2012-07-31": "9262.11000", "2012-04-30": "9115.20000", "2012-01-31": "9235.87400", "2011-10-31": "9215.42000", "2011-07-31": "8782.02300", "2011-04-30": "8324.58500", "2011-01-31": "8358.74800", "2010-10-31": "8553.35000", "2010-07-31": "8419.10400", "2010-04-30": "7974.85300", "2010-01-31": "7899.43200", "2009-10-31": "8438.41400", "2009-07-31": "8234.75900", "2009-04-30": "8192.16100", "2009-01-31": "8246.54300", "2008-10-31": "3376.34100", "2008-07-31": "3232.32100", "2008-04-30": "3129.88100", "2008-01-31": "3162.25300", "2007-10-31": "3283.40700", "2007-07-31": "3202.23200", "2007-04-30": "2693.82300", "2007-01-31": "2655.87800", "2006-10-31": "2689.60700", "2006-07-31": "2718.03800", "2006-04-30": "2649.74400", "2006-01-31": "2666.30400", "2005-10-31": "2720.39700", "2005-07-31": "2686.55900", "2005-04-30": "2635.89400", "2005-01-31": "2631.08000"}, "Total Current Liabilities": {"2020-10-31": "2692.80000", "2020-07-31": "2073.10000", "2020-04-30": "1587.10000", "2020-01-31": "2077.40000", "2019-10-31": "2310.10000", "2019-07-31": "2290.80000", "2019-04-30": "2341.50000", "2019-01-31": "1816.40000", "2018-10-31": "1434.50000", "2018-07-31": "1544.00000", "2018-04-30": "1033.80000", "2018-01-31": "1089.90000", "2017-10-31": "1854.50000", "2017-07-31": "1750.90000", "2017-04-30": "1832.60000", "2017-01-31": "997.20000", "2016-10-31": "1306.30000", "2016-07-31": "1288.40000", "2016-04-30": "1213.00000", "2016-01-31": "1006.00000", "2015-10-31": "1132.70000", "2015-07-31": "1059.10000", "2015-04-30": "1022.60000", "2015-01-31": "710.10000", "2014-10-31": "1004.10000", "2014-07-31": "1019.30000", "2014-04-30": "885.80000", "2014-01-31": "608.30000", "2013-10-31": "896.00000", "2013-07-31": "803.10000", "2013-04-30": "596.80000", "2013-01-31": "593.46300", "2012-10-31": "706.06600", "2012-07-31": "710.46900", "2012-04-30": "616.90000", "2012-01-31": "494.33500", "2011-10-31": "544.92100", "2011-07-31": "875.23400", "2011-04-30": "482.67600", "2011-01-31": "422.75700", "2010-10-31": "476.91900", "2010-07-31": "454.23600", "2010-04-30": "478.89700", "2010-01-31": "468.28300", "2009-10-31": "1107.10200", "2009-07-31": "1000.75300", "2009-04-30": "1061.23600", "2009-01-31": "1123.52500", "2008-10-31": "467.33100", "2008-07-31": "403.75300", "2008-04-30": "239.39700", "2008-01-31": "243.92300", "2007-10-31": "293.17100", "2007-07-31": "283.88500", "2007-04-30": "236.46800", "2007-01-31": "247.49500", "2006-10-31": "284.41300", "2006-07-31": "289.74500", "2006-04-30": "235.44000", "2006-01-31": "265.09700", "2005-10-31": "357.22500", "2005-07-31": "356.00000", "2005-04-30": "308.29200", "2005-01-31": "381.48300"}, "Long Term Debt": {"2020-10-31": "3914.50000", "2020-07-31": "4672.80000", "2020-04-30": "5373.30000", "2020-01-31": "4583.30000", "2019-10-31": "4584.50000", "2019-07-31": "4685.30000", "2019-04-30": "4686.30000", "2019-01-31": "5285.80000", "2018-10-31": "5885.10000", "2018-07-31": "6184.90000", "2018-04-30": "4688.00000", "2018-01-31": "4688.50000", "2017-10-31": "4294.10000", "2017-07-31": "4444.80000", "2017-04-30": "4445.50000", "2017-01-31": "4945.00000", "2016-10-31": "4945.40000", "2016-07-31": "5045.70000", "2016-04-30": "5146.00000", "2016-01-31": "5146.30000", "2015-10-31": "5494.50000", "2015-07-31": "5694.70000", "2015-04-30": "5944.90000", "2015-01-31": "1891.80000", "2014-10-31": "1890.80000", "2014-07-31": "1881.10000", "2014-04-30": "1873.10000", "2014-01-31": "1879.40000", "2013-10-31": "1883.60000", "2013-07-31": "1867.10000", "2013-04-30": "1967.80000", "2013-01-31": "2018.50800", "2012-10-31": "2019.19600", "2012-07-31": "2019.87500", "2012-04-30": "2020.50000", "2012-01-31": "2071.20200", "2011-10-31": "2071.85200", "2011-07-31": "1318.48900", "2011-04-30": "1304.03900", "2011-01-31": "1300.00000", "2010-10-31": "1300.00000", "2010-07-31": "1300.00000", "2010-04-30": "900.00000", "2010-01-31": "900.00000", "2009-10-31": "900.00000", "2009-07-31": "910.00000", "2009-04-30": "910.00000", "2009-01-31": "910.00000", "2008-10-31": "1113.20500", "2008-07-31": "713.94500", "2008-04-30": "789.68400", "2008-01-31": "790.42400", "2007-10-31": "791.16400", "2007-07-31": "791.90300", "2007-04-30": "392.64300", "2007-01-31": "393.38300", "2006-10-31": "394.12200", "2006-07-31": "427.86200", "2006-04-30": "428.60200", "2006-01-31": "429.34100", "2005-10-31": "430.08100", "2005-07-31": "430.82100", "2005-04-30": "431.56000", "2005-01-31": "432.30000"}, "Other Non-Current Liabilities": {"2020-10-31": "344.60000", "2020-07-31": "344.80000", "2020-04-30": "347.50000", "2020-01-31": "307.40000", "2019-10-31": "307.30000", "2019-07-31": "307.70000", "2019-04-30": "110.30000", "2019-01-31": "354.20000", "2018-10-31": "299.30000", "2018-07-31": "303.10000", "2018-04-30": "105.10000", "2018-01-31": "366.00000", "2017-10-31": "344.90000", "2017-07-31": "343.90000", "2017-04-30": "88.00000", "2017-01-31": "381.30000", "2016-10-31": "381.40000", "2016-07-31": "386.70000", "2016-04-30": "88.10000", "2016-01-31": "341.90000", "2015-10-31": "357.10000", "2015-07-31": "352.40000", "2015-04-30": "91.40000", "2015-01-31": "243.90000", "2014-10-31": "246.70000", "2014-07-31": "245.50000", "2014-04-30": "56.80000", "2014-01-31": "292.10000", "2013-10-31": "298.70000", "2013-07-31": "308.80000", "2013-04-30": "101.10000", "2013-01-31": "312.92300", "2012-10-31": "313.87000", "2012-07-31": "312.92200", "2012-04-30": "105.30000", "2012-01-31": "256.27600", "2011-10-31": "204.01800", "2011-07-31": "201.72700", "2011-04-30": "44.17300", "2011-01-31": "168.19200", "2010-10-31": "168.43100", "2010-07-31": "165.47500", "2010-04-30": "35.57000", "2010-01-31": "139.13600", "2009-10-31": "145.73000", "2009-07-31": "140.00700", "2009-04-30": "30.60300", "2009-01-31": "121.51500", "2008-10-31": "115.29400", "2008-07-31": "125.18900", "2008-04-30": "35.43600", "2008-01-31": "118.35900", "2007-10-31": "121.99200", "2007-07-31": "125.78800", "2007-04-30": "18.40700", "2007-01-31": "108.97700", "2006-10-31": "102.84100", "2006-07-31": "101.85400", "2006-04-30": "8.64100", "2006-01-31": "94.89900", "2005-10-31": "94.78600", "2005-07-31": "95.20700", "2005-04-30": "8.63700", "2005-01-31": "66.80300"}, "Total Long Term Liabilities": {"2020-10-31": "5721.90000", "2020-07-31": "6484.00000", "2020-04-30": "7192.40000", "2020-01-31": "6388.40000", "2019-10-31": "6385.60000", "2019-07-31": "6493.10000", "2019-04-30": "6399.30000", "2019-01-31": "7089.60000", "2018-10-31": "7709.70000", "2018-07-31": "8038.20000", "2018-04-30": "6376.30000", "2018-01-31": "6435.10000", "2017-10-31": "6811.20000", "2017-07-31": "6958.80000", "2017-04-30": "6956.90000", "2017-01-31": "7572.60000", "2016-10-31": "7571.80000", "2016-07-31": "7677.50000", "2016-04-30": "7762.60000", "2016-01-31": "7950.00000", "2015-10-31": "8328.89900", "2015-07-31": "8569.30100", "2015-04-30": "8696.80100", "2015-01-31": "3161.30000", "2014-10-31": "3165.70000", "2014-07-31": "3146.50000", "2014-04-30": "3144.80000", "2014-01-31": "3175.90000", "2013-10-31": "3182.10000", "2013-07-31": "3155.70000", "2013-04-30": "3286.20000", "2013-01-31": "3330.75500", "2012-10-31": "3329.94000", "2012-07-31": "3328.18800", "2012-04-30": "3334.90000", "2012-01-31": "3357.39900", "2011-10-31": "3307.15000", "2011-07-31": "2558.53500", "2011-04-30": "2549.54600", "2011-01-31": "2572.69000", "2010-10-31": "2572.42200", "2010-07-31": "2569.76000", "2010-04-30": "2169.63600", "2010-01-31": "2190.90500", "2009-10-31": "2195.95800", "2009-07-31": "2199.67600", "2009-04-30": "2190.99400", "2009-01-31": "2208.07800", "2008-10-31": "1396.72500", "2008-07-31": "1011.28300", "2008-04-30": "1090.63100", "2008-01-31": "1067.72600", "2007-10-31": "1072.29500", "2007-07-31": "1072.65800", "2007-04-30": "661.69800", "2007-01-31": "652.99200", "2006-10-31": "650.48100", "2006-07-31": "682.76400", "2006-04-30": "686.24490", "2006-01-31": "659.59200", "2005-10-31": "634.92000", "2005-07-31": "636.39600", "2005-04-30": "636.80200", "2005-01-31": "571.02290"}, "Total Liabilities": {"2020-10-31": "8414.70000", "2020-07-31": "8557.10000", "2020-04-30": "8779.50000", "2020-01-31": "8465.80000", "2019-10-31": "8695.70000", "2019-07-31": "8783.90000", "2019-04-30": "8740.80000", "2019-01-31": "8906.00000", "2018-10-31": "9144.20000", "2018-07-31": "9582.20000", "2018-04-30": "7410.10000", "2018-01-31": "7525.00000", "2017-10-31": "8665.70000", "2017-07-31": "8709.70000", "2017-04-30": "8789.50000", "2017-01-31": "8569.80000", "2016-10-31": "8878.10000", "2016-07-31": "8965.90000", "2016-04-30": "8975.60000", "2016-01-31": "8956.00000", "2015-10-31": "9461.60000", "2015-07-31": "9628.40000", "2015-04-30": "9719.40000", "2015-01-31": "3871.40000", "2014-10-31": "4169.80000", "2014-07-31": "4165.80000", "2014-04-30": "4030.60000", "2014-01-31": "3784.20000", "2013-10-31": "4078.10000", "2013-07-31": "3958.80000", "2013-04-30": "3883.00000", "2013-01-31": "3924.21800", "2012-10-31": "4036.00600", "2012-07-31": "4038.65700", "2012-04-30": "3951.80000", "2012-01-31": "3851.73400", "2011-10-31": "3852.07100", "2011-07-31": "3433.76900", "2011-04-30": "3032.22200", "2011-01-31": "2995.44700", "2010-10-31": "3049.34100", "2010-07-31": "3023.99600", "2010-04-30": "2648.53300", "2010-01-31": "2659.18800", "2009-10-31": "3303.06000", "2009-07-31": "3200.42900", "2009-04-30": "3252.23000", "2009-01-31": "3331.60300", "2008-10-31": "1864.05600", "2008-07-31": "1415.03600", "2008-04-30": "1330.02800", "2008-01-31": "1311.64900", "2007-10-31": "1365.46600", "2007-07-31": "1356.54300", "2007-04-30": "898.16600", "2007-01-31": "900.48700", "2006-10-31": "934.89400", "2006-07-31": "972.50900", "2006-04-30": "921.68500", "2006-01-31": "924.68900", "2005-10-31": "992.14500", "2005-07-31": "992.39600", "2005-04-30": "945.09400", "2005-01-31": "952.50600"}, "Common Stock Net": {"2020-10-31": "28.50000", "2020-07-31": "28.50000", "2020-04-30": "29.00000", "2020-01-31": "29.00000", "2019-10-31": "29.00000", "2019-07-31": "29.00000", "2019-04-30": "28.90000", "2019-01-31": "28.90000", "2018-10-31": "28.90000", "2018-07-31": "28.90000", "2018-04-30": "28.90000", "2018-01-31": "28.90000", "2017-10-31": "28.40000", "2017-07-31": "28.40000", "2017-04-30": "28.40000", "2017-01-31": "29.10000", "2016-10-31": "29.10000", "2016-07-31": "29.10000", "2016-04-30": "29.10000", "2016-01-31": "29.90000", "2015-10-31": "29.90000", "2015-07-31": "29.90000", "2015-04-30": "29.90000", "2015-01-31": "25.40000", "2014-10-31": "25.50000", "2014-07-31": "25.50000", "2014-04-30": "25.40000", "2014-01-31": "26.10000", "2013-10-31": "26.30000", "2013-07-31": "26.30000", "2013-04-30": "26.60000", "2013-01-31": "27.12100", "2012-10-31": "27.11500", "2012-07-31": "27.61000", "2012-04-30": "27.60000", "2012-01-31": "28.31400", "2011-10-31": "28.46300", "2011-07-31": "28.59600", "2011-04-30": "28.54300", "2011-01-31": "28.99400", "2010-10-31": "29.88200", "2010-07-31": "29.87500", "2010-04-30": "29.78000", "2010-01-31": "29.78100", "2009-10-31": "29.74400", "2009-07-31": "29.73600", "2009-04-30": "29.60600", "2009-01-31": "29.60600", "2008-10-31": "13.71500", "2008-07-31": "13.69700", "2008-04-30": "13.65600", "2008-01-31": "13.97500", "2007-10-31": "14.38300", "2007-07-31": "14.37800", "2007-04-30": "14.19500", "2007-01-31": "14.14000", "2006-10-31": "14.19500", "2006-07-31": "14.31400", "2006-04-30": "14.23700", "2006-01-31": "14.54800", "2005-10-31": "14.59200", "2005-07-31": "14.60400", "2005-04-30": "14.63500", "2005-01-31": "14.56400"}, "Retained Earnings (Accumulated Deficit)": {"2020-10-31": "3010.90000", "2020-07-31": "2882.30000", "2020-04-30": "2746.80000", "2020-01-31": "2620.50000", "2019-10-31": "2533.00000", "2019-07-31": "2421.90000", "2019-04-30": "2367.60000", "2019-01-31": "2392.60000", "2018-10-31": "2367.60000", "2018-07-31": "2275.60000", "2018-04-30": "2239.20000", "2018-01-31": "2126.70000", "2017-10-31": "1383.80000", "2017-07-31": "1277.80000", "2017-04-30": "1240.50000", "2017-01-31": "1480.70000", "2016-10-31": "1433.40000", "2016-07-31": "1343.50000", "2016-04-30": "1267.70000", "2016-01-31": "1415.00000", "2015-10-31": "1309.90000", "2015-07-31": "1214.00000", "2015-04-30": "1159.20000", "2015-01-31": "1326.00000", "2014-10-31": "1231.00000", "2014-07-31": "1137.70000", "2014-04-30": "1091.00000", "2014-01-31": "1201.00000", "2013-10-31": "1133.20000", "2013-07-31": "1040.80000", "2013-04-30": "1075.50000", "2013-01-31": "1111.04200", "2012-10-31": "1013.24100", "2012-07-31": "1013.83100", "2012-04-30": "961.20000", "2012-01-31": "1018.57600", "2011-10-31": "977.70400", "2011-07-31": "922.94400", "2011-04-30": "866.93300", "2011-01-31": "887.84400", "2010-10-31": "902.52800", "2010-07-31": "800.57100", "2010-04-30": "746.06300", "2010-01-31": "673.09700", "2009-10-31": "579.32500", "2009-07-31": "481.01300", "2009-04-30": "424.50400", "2009-01-31": "371.61800", "2008-10-31": "331.63400", "2008-07-31": "592.08600", "2008-04-30": "567.41900", "2008-01-31": "585.69800", "2007-10-31": "607.04600", "2007-07-31": "574.25100", "2007-04-30": "553.63100", "2007-01-31": "528.18000", "2006-10-31": "511.91400", "2006-07-31": "501.87500", "2006-04-30": "489.06700", "2006-01-31": "492.97300", "2005-10-31": "482.03200", "2005-07-31": "453.74600", "2005-04-30": "447.83100", "2005-01-31": "441.60900"}, "Comprehensive Income": {"2020-10-31": "-327.50000", "2020-07-31": "-360.90000", "2020-04-30": "-379.00000", "2020-01-31": "-266.30000", "2019-10-31": "-248.40000", "2019-07-31": "-216.70000", "2019-04-30": "-181.80000", "2019-01-31": "-153.30000", "2018-10-31": "-116.40000", "2018-07-31": "-118.80000", "2018-04-30": "-116.70000", "2018-01-31": "-91.10000", "2017-10-31": "-113.70000", "2017-07-31": "-106.70000", "2017-04-30": "-143.40000", "2017-01-31": "-146.40000", "2016-10-31": "-156.10000", "2016-07-31": "-145.90000", "2016-04-30": "-148.40000", "2016-01-31": "-146.80000", "2015-10-31": "-128.80000", "2015-07-31": "-130.90000", "2015-04-30": "-109.80000", "2015-01-31": "-109.50000", "2014-10-31": "-74.20000", "2014-07-31": "-56.90000", "2014-04-30": "-51.60000", "2014-01-31": "-94.30000", "2013-10-31": "-83.00000", "2013-07-31": "-79.30000", "2013-04-30": "-76.60000", "2013-01-31": "-74.85900", "2012-10-31": "-80.21300", "2012-07-31": "-84.38600", "2012-04-30": "-84.00000", "2012-01-31": "-32.72600", "2011-10-31": "-29.85100", "2011-07-31": "-7.53800", "2011-04-30": "3.62900", "2011-01-31": "-10.90600", "2010-10-31": "-17.78700", "2010-07-31": "-19.78100", "2010-04-30": "-20.58100", "2010-01-31": "-30.38600", "2009-10-31": "-32.37800", "2009-07-31": "-31.29600", "2009-04-30": "-57.27000", "2009-01-31": "-24.38000", "2008-10-31": "-17.40400", "2008-07-31": "31.32500", "2008-04-30": "42.61200", "2008-01-31": "48.90700", "2007-10-31": "60.64400", "2007-07-31": "23.74700", "2007-04-30": "17.75700", "2007-01-31": "14.42400", "2006-10-31": "28.61500", "2006-07-31": "26.82200", "2006-04-30": "27.20900", "2006-01-31": "12.21500", "2005-10-31": "6.68300", "2005-07-31": "1.57500", "2005-04-30": "-0.15900", "2005-01-31": "7.19200"}, "Other Share Holders Equity": {"2020-10-31": "", "2020-07-31": "", "2020-04-30": "", "2020-01-31": "", "2019-10-31": "", "2019-07-31": "", "2019-04-30": "", "2019-01-31": "", "2018-10-31": "", "2018-07-31": "", "2018-04-30": "", "2018-01-31": "", "2017-10-31": "", "2017-07-31": "", "2017-04-30": "", "2017-01-31": "", "2016-10-31": "", "2016-07-31": "", "2016-04-30": "", "2016-01-31": "", "2015-10-31": "", "2015-07-31": "", "2015-04-30": "-0.10000", "2015-01-31": "-0.10000", "2014-10-31": "-0.10000", "2014-07-31": "-0.10000", "2014-04-30": "-1.00000", "2014-01-31": "-1.00000", "2013-10-31": "-1.00000", "2013-07-31": "-1.00000", "2013-04-30": "-1.80000", "2013-01-31": "-1.78100", "2012-10-31": "-1.78100", "2012-07-31": "-1.78100", "2012-04-30": "-2.60000", "2012-01-31": "-2.57200", "2011-10-31": "-2.57200", "2011-07-31": "-2.57200", "2011-04-30": "-3.33400", "2011-01-31": "-3.33400", "2010-10-31": "-3.33400", "2010-07-31": "-3.33400", "2010-04-30": "-4.06900", "2010-01-31": "-4.06900", "2009-10-31": "-4.06900", "2009-07-31": "-4.06900", "2009-04-30": "-4.83000", "2009-01-31": "-4.83000", "2008-10-31": "-4.83000", "2008-07-31": "-5.47900", "2008-04-30": "-5.47900", "2008-01-31": "-5.47900", "2007-10-31": "-5.47900", "2007-07-31": "-6.01700", "2007-04-30": "-6.01700", "2007-01-31": "-6.01700", "2006-10-31": "-6.01700", "2006-07-31": "-6.52500", "2006-04-30": "-6.52500", "2006-01-31": "-6.52400", "2005-10-31": "-6.52400", "2005-07-31": "-7.04400", "2005-04-30": "-7.04400", "2005-01-31": "-7.04400"}, "Share Holder Equity": {"2020-10-31": "8515.00000", "2020-07-31": "8345.20000", "2020-04-30": "8190.90000", "2020-01-31": "8170.40000", "2019-10-31": "8095.30000", "2019-07-31": "8007.70000", "2019-04-30": "7970.50000", "2019-01-31": "8021.60000", "2018-10-31": "8030.00000", "2018-07-31": "7930.80000", "2018-04-30": "7891.10000", "2018-01-31": "7804.20000", "2017-10-31": "7036.30000", "2017-07-31": "6931.90000", "2017-04-30": "6850.20000", "2017-01-31": "7241.90000", "2016-10-31": "7180.10000", "2016-07-31": "7095.90000", "2016-04-30": "7008.50000", "2016-01-31": "7325.50000", "2015-10-31": "7233.20000", "2015-07-31": "7130.00000", "2015-04-30": "7086.90000", "2015-01-31": "5224.20000", "2014-10-31": "5165.00000", "2014-07-31": "5084.40000", "2014-04-30": "5029.60000", "2014-01-31": "5204.80000", "2013-10-31": "5167.90000", "2013-07-31": "5075.10000", "2013-04-30": "5148.80000", "2013-01-31": "5260.23600", "2012-10-31": "5152.74700", "2012-07-31": "5223.45300", "2012-04-30": "5163.40000", "2012-01-31": "5384.14000", "2011-10-31": "5363.34900", "2011-07-31": "5348.25400", "2011-04-30": "5292.36300", "2011-01-31": "5363.30100", "2010-10-31": "5504.00900", "2010-07-31": "5395.10800", "2010-04-30": "5326.32000", "2010-01-31": "5240.24400", "2009-10-31": "5135.35400", "2009-07-31": "5034.33000", "2009-04-30": "4939.93100", "2009-01-31": "4914.94000", "2008-10-31": "1512.28500", "2008-07-31": "1817.28500", "2008-04-30": "1799.85300", "2008-01-31": "1850.60400", "2007-10-31": "1917.94100", "2007-07-31": "1845.68900", "2007-04-30": "1795.65700", "2007-01-31": "1755.39100", "2006-10-31": "1754.71300", "2006-07-31": "1745.52900", "2006-04-30": "1728.05900", "2006-01-31": "1741.61500", "2005-10-31": "1728.25200", "2005-07-31": "1694.16300", "2005-04-30": "1690.80000", "2005-01-31": "1678.57400"}, "Total Liabilities And Share Holders Equity": {"2020-10-31": "16929.70000", "2020-07-31": "16902.30000", "2020-04-30": "16970.40000", "2020-01-31": "16636.20000", "2019-10-31": "16791.00000", "2019-07-31": "16791.60000", "2019-04-30": "16711.30000", "2019-01-31": "16927.60000", "2018-10-31": "17174.20000", "2018-07-31": "17513.00000", "2018-04-30": "15301.20000", "2018-01-31": "15329.20000", "2017-10-31": "15702.00000", "2017-07-31": "15641.60000", "2017-04-30": "15639.70000", "2017-01-31": "15811.70000", "2016-10-31": "16058.20000", "2016-07-31": "16061.80000", "2016-04-30": "15984.10000", "2016-01-31": "16281.50000", "2015-10-31": "16694.80000", "2015-07-31": "16758.40000", "2015-04-30": "16806.30000", "2015-01-31": "9095.60000", "2014-10-31": "9334.80000", "2014-07-31": "9250.20000", "2014-04-30": "9060.20000", "2014-01-31": "8989.00000", "2013-10-31": "9246.00000", "2013-07-31": "9033.90000", "2013-04-30": "9031.80000", "2013-01-31": "9184.45400", "2012-10-31": "9188.75300", "2012-07-31": "9262.11000", "2012-04-30": "9115.20000", "2012-01-31": "9235.87400", "2011-10-31": "9215.42000", "2011-07-31": "8782.02300", "2011-04-30": "8324.58500", "2011-01-31": "8358.74800", "2010-10-31": "8553.35000", "2010-07-31": "8419.10400", "2010-04-30": "7974.85300", "2010-01-31": "7899.43200", "2009-10-31": "8438.41400", "2009-07-31": "8234.75900", "2009-04-30": "8192.16100", "2009-01-31": "8246.54300", "2008-10-31": "3376.34100", "2008-07-31": "3232.32100", "2008-04-30": "3129.88100", "2008-01-31": "3162.25300", "2007-10-31": "3283.40700", "2007-07-31": "3202.23200", "2007-04-30": "2693.82300", "2007-01-31": "2655.87800", "2006-10-31": "2689.60700", "2006-07-31": "2718.03800", "2006-04-30": "2649.74400", "2006-01-31": "2666.30400", "2005-10-31": "2720.39700", "2005-07-31": "2686.55900", "2005-04-30": "2635.89400", "2005-01-31": "2631.08000"}}, "cash flow statement": {"Net Income/Loss": {"2020-04-30": "779.50000", "2019-04-30": "514.40000", "2018-04-30": "1338.60000", "2017-04-30": "592.30000", "2016-04-30": "688.70000", "2015-04-30": "344.90000", "2014-04-30": "565.20000", "2013-04-30": "544.20000", "2012-04-30": "459.70000", "2011-04-30": "479.50000", "2010-04-30": "494.13800", "2009-04-30": "265.95300", "2008-04-30": "170.37900", "2007-04-30": "157.21900", "2006-04-30": "143.35400", "2005-04-30": "129.07300"}, "Total Depreciation And Amortization - Cash Flow": {"2020-04-30": "446.50000", "2019-04-30": "544.20000", "2018-04-30": "558.10000", "2017-04-30": "419.00000", "2016-04-30": "430.10000", "2015-04-30": "267.20000", "2014-04-30": "256.40000", "2013-04-30": "250.90000", "2012-04-30": "247.00000", "2011-04-30": "239.60000", "2010-04-30": "185.75200", "2009-04-30": "118.27300", "2008-04-30": "62.57000", "2007-04-30": "58.87400", "2006-04-30": "62.64200", "2005-04-30": "53.43700"}, "Other Non-Cash Items": {"2020-04-30": "107.90000", "2019-04-30": "12.40000", "2018-04-30": "-745.80000", "2017-04-30": "80.60000", "2016-04-30": "-82.50000", "2015-04-30": "189.70000", "2014-04-30": "14.00000", "2013-04-30": "9.90000", "2012-04-30": "31.80000", "2011-04-30": "-6.80000", "2010-04-30": "-9.54400", "2009-04-30": "60.37900", "2008-04-30": "32.75000", "2007-04-30": "43.87600", "2006-04-30": "37.00400", "2005-04-30": "38.92200"}, "Total Non-Cash Items": {"2020-04-30": "554.40000", "2019-04-30": "556.60000", "2018-04-30": "-187.70000", "2017-04-30": "499.60000", "2016-04-30": "347.60000", "2015-04-30": "456.90000", "2014-04-30": "270.40000", "2013-04-30": "260.80000", "2012-04-30": "278.80000", "2011-04-30": "232.80000", "2010-04-30": "176.20800", "2009-04-30": "178.65200", "2008-04-30": "95.32000", "2007-04-30": "102.75000", "2006-04-30": "99.64600", "2005-04-30": "92.35900"}, "Change In Accounts Receivable": {"2020-04-30": "-49.10000", "2019-04-30": "-53.00000", "2018-04-30": "54.70000", "2017-04-30": "8.90000", "2016-04-30": "-21.90000", "2015-04-30": "21.80000", "2014-04-30": "6.10000", "2013-04-30": "33.20000", "2012-04-30": "9.30000", "2011-04-30": "-102.60000", "2010-04-30": "31.52100", "2009-04-30": "-78.63100", "2008-04-30": "-17.59900", "2007-04-30": "23.84800", "2006-04-30": "1.44400", "2005-04-30": "-2.01500"}, "Change In Inventories": {"2020-04-30": "12.60000", "2019-04-30": "-5.30000", "2018-04-30": "54.00000", "2017-04-30": "-10.40000", "2016-04-30": "240.10000", "2015-04-30": "25.30000", "2014-04-30": "15.40000", "2013-04-30": "15.20000", "2012-04-30": "-48.20000", "2011-04-30": "-204.20000", "2010-04-30": "-46.16000", "2009-04-30": "34.66900", "2008-04-30": "-35.02200", "2007-04-30": "-8.14600", "2006-04-30": "-6.60100", "2005-04-30": "-6.79500"}, "Change In Accounts Payable": {"2020-04-30": "181.60000", "2019-04-30": "43.70000", "2018-04-30": "19.00000", "2017-04-30": "2.10000", "2016-04-30": "46.10000", "2015-04-30": "-25.40000", "2014-04-30": "3.30000", "2013-04-30": "11.20000", "2012-04-30": "35.80000", "2011-04-30": "54.30000", "2010-04-30": "", "2009-04-30": "", "2008-04-30": "", "2007-04-30": "", "2006-04-30": "", "2005-04-30": ""}, "Change In Assets/Liabilities": {"2020-04-30": "-278.70000", "2019-04-30": "-33.70000", "2018-04-30": "-52.40000", "2017-04-30": "-1.60000", "2016-04-30": "11.10000", "2015-04-30": "91.60000", "2014-04-30": "-4.00000", "2013-04-30": "-5.60000", "2012-04-30": "-38.40000", "2011-04-30": "-20.20000", "2010-04-30": "36.16400", "2009-04-30": "-44.47400", "2008-04-30": "-14.84600", "2007-04-30": "11.34400", "2006-04-30": "-19.89100", "2005-04-30": "-13.03200"}, "Total Change In Assets/Liabilities": {"2020-04-30": "-79.10000", "2019-04-30": "70.20000", "2018-04-30": "67.10000", "2017-04-30": "-32.90000", "2016-04-30": "424.70000", "2015-04-30": "-62.70000", "2014-04-30": "20.40000", "2013-04-30": "50.80000", "2012-04-30": "-7.60000", "2011-04-30": "-320.70000", "2010-04-30": "43.13200", "2009-04-30": "2.38800", "2008-04-30": "-82.78100", "2007-04-30": "13.00100", "2006-04-30": "-44.31100", "2005-04-30": "-71.66800"}, "Cash Flow From Operating Activities": {"2020-04-30": "1254.80000", "2019-04-30": "1141.20000", "2018-04-30": "1218.00000", "2017-04-30": "1059.00000", "2016-04-30": "1461.00000", "2015-04-30": "739.10000", "2014-04-30": "856.00000", "2013-04-30": "855.80000", "2012-04-30": "730.90000", "2011-04-30": "391.60000", "2010-04-30": "713.47800", "2009-04-30": "446.99300", "2008-04-30": "182.91800", "2007-04-30": "272.97000", "2006-04-30": "198.68900", "2005-04-30": "149.76400"}, "Net Change In Property, Plant, And Equipment": {"2020-04-30": "-266.90000", "2019-04-30": "-358.70000", "2018-04-30": "-308.50000", "2017-04-30": "-191.90000", "2016-04-30": "-197.40000", "2015-04-30": "-245.10000", "2014-04-30": "-268.80000", "2013-04-30": "-203.20000", "2012-04-30": "-270.20000", "2011-04-30": "-174.30000", "2010-04-30": "-136.77800", "2009-04-30": "-108.10700", "2008-04-30": "-76.29500", "2007-04-30": "-54.68900", "2006-04-30": "-59.83300", "2005-04-30": "-85.17000"}, "Net Change In Intangible Assets": {"2020-04-30": "", "2019-04-30": "", "2018-04-30": "", "2017-04-30": "", "2016-04-30": "", "2015-04-30": "", "2014-04-30": "", "2013-04-30": "", "2012-04-30": "", "2011-04-30": "", "2010-04-30": "", "2009-04-30": "", "2008-04-30": "", "2007-04-30": "", "2006-04-30": "", "2005-04-30": ""}, "Net Acquisitions/Divestitures": {"2020-04-30": "", "2019-04-30": "-1533.50000", "2018-04-30": "", "2017-04-30": "", "2016-04-30": "201.60000", "2015-04-30": "-1320.50000", "2014-04-30": "-101.80000", "2013-04-30": "", "2012-04-30": "-728.00000", "2011-04-30": "", "2010-04-30": "19.55400", "2009-04-30": "-77.33500", "2008-04-30": "-217.54200", "2007-04-30": "23.56600", "2006-04-30": "8.75400", "2005-04-30": "-19.49600"}, "Net Change In Short-term Investments": {"2020-04-30": "", "2019-04-30": "", "2018-04-30": "", "2017-04-30": "", "2016-04-30": "", "2015-04-30": "", "2014-04-30": "10.00000", "2013-04-30": "", "2012-04-30": "18.60000", "2011-04-30": "-18.50000", "2010-04-30": "13.51900", "2009-04-30": "3.01300", "2008-04-30": "28.13100", "2007-04-30": "6.27200", "2006-04-30": "26.10100", "2005-04-30": "-21.70900"}, "Net Change In Long-Term Investments": {"2020-04-30": "", "2019-04-30": "", "2018-04-30": "", "2017-04-30": "40.60000", "2016-04-30": "-16.00000", "2015-04-30": "", "2014-04-30": "", "2013-04-30": "", "2012-04-30": "-35.90000", "2011-04-30": "", "2010-04-30": "", "2009-04-30": "", "2008-04-30": "", "2007-04-30": "", "2006-04-30": "", "2005-04-30": ""}, "Net Change In Investments - Total": {"2020-04-30": "", "2019-04-30": "", "2018-04-30": "", "2017-04-30": "40.60000", "2016-04-30": "-16.00000", "2015-04-30": "", "2014-04-30": "10.00000", "2013-04-30": "", "2012-04-30": "-17.30000", "2011-04-30": "-18.50000", "2010-04-30": "13.51900", "2009-04-30": "3.01300", "2008-04-30": "28.13100", "2007-04-30": "6.27200", "2006-04-30": "26.10100", "2005-04-30": "-21.70900"}, "Investing Activities - Other": {"2020-04-30": "-4.60000", "2019-04-30": "-32.00000", "2018-04-30": "30.90000", "2017-04-30": "-38.40000", "2016-04-30": "33.50000", "2015-04-30": "-30.10000", "2014-04-30": "-9.70000", "2013-04-30": "17.60000", "2012-04-30": "-20.40000", "2011-04-30": "-0.10000", "2010-04-30": "-0.73800", "2009-04-30": "5.44800", "2008-04-30": "-0.17700", "2007-04-30": "-2.19000", "2006-04-30": "8.72300", "2005-04-30": "5.55800"}, "Cash Flow From Investing Activities": {"2020-04-30": "-271.50000", "2019-04-30": "-1924.20000", "2018-04-30": "-277.60000", "2017-04-30": "-189.70000", "2016-04-30": "21.70000", "2015-04-30": "-1595.70000", "2014-04-30": "-370.30000", "2013-04-30": "-185.60000", "2012-04-30": "-1035.90000", "2011-04-30": "-192.90000", "2010-04-30": "-104.44300", "2009-04-30": "-176.98100", "2008-04-30": "-265.88300", "2007-04-30": "-27.04100", "2006-04-30": "-16.25500", "2005-04-30": "-120.81700"}, "Net Long-Term Debt": {"2020-04-30": "-101.80000", "2019-04-30": "800.00000", "2018-04-30": "-250.70010", "2017-04-30": "-200.00000", "2016-04-30": "-800.00000", "2015-04-30": "1188.60000", "2014-04-30": "-50.00000", "2013-04-30": "-50.00000", "2012-04-30": "748.60000", "2011-04-30": "390.00000", "2010-04-30": "-625.00000", "2009-04-30": "400.00000", "2008-04-30": "252.00000", "2007-04-30": "", "2006-04-30": "-17.00000", "2005-04-30": "62.50000"}, "Net Current Debt": {"2020-04-30": "-185.80000", "2019-04-30": "282.00000", "2018-04-30": "-310.00000", "2017-04-30": "170.00000", "2016-04-30": "58.00000", "2015-04-30": "-22.40000", "2014-04-30": "248.40000", "2013-04-30": "", "2012-04-30": "", "2011-04-30": "", "2010-04-30": "", "2009-04-30": "", "2008-04-30": "", "2007-04-30": "-28.14400", "2006-04-30": "-8.43400", "2005-04-30": "-80.46700"}, "Debt Issuance/Retirement Net - Total": {"2020-04-30": "-287.60000", "2019-04-30": "1082.00000", "2018-04-30": "-560.70010", "2017-04-30": "-30.00000", "2016-04-30": "-742.00000", "2015-04-30": "1166.20000", "2014-04-30": "198.40000", "2013-04-30": "-50.00000", "2012-04-30": "748.60000", "2011-04-30": "390.00000", "2010-04-30": "-625.00000", "2009-04-30": "400.00000", "2008-04-30": "252.00000", "2007-04-30": "-28.14400", "2006-04-30": "-25.43400", "2005-04-30": "-17.96700"}, "Net Common Equity Issued/Repurchased": {"2020-04-30": "2.90000", "2019-04-30": "-5.40000", "2018-04-30": "-3.10000", "2017-04-30": "-437.60000", "2016-04-30": "-441.10000", "2015-04-30": "-24.30000", "2014-04-30": "-508.50000", "2013-04-30": "-362.00000", "2012-04-30": "-313.00000", "2011-04-30": "-374.60000", "2010-04-30": "0.84400", "2009-04-30": "-2.04900", "2008-04-30": "-135.27400", "2007-04-30": "-26.35900", "2006-04-30": "-77.93400", "2005-04-30": "4.63300"}, "Net Total Equity Issued/Repurchased": {"2020-04-30": "2.90000", "2019-04-30": "-5.40000", "2018-04-30": "-3.10000", "2017-04-30": "-437.60000", "2016-04-30": "-441.10000", "2015-04-30": "-24.30000", "2014-04-30": "-508.50000", "2013-04-30": "-362.00000", "2012-04-30": "-313.00000", "2011-04-30": "-374.60000", "2010-04-30": "0.84400", "2009-04-30": "-2.04900", "2008-04-30": "-135.27400", "2007-04-30": "-26.35900", "2006-04-30": "-77.93400", "2005-04-30": "4.63300"}, "Total Common And Preferred Stock Dividends Paid": {"2020-04-30": "-396.80000", "2019-04-30": "-377.90000", "2018-04-30": "-350.30000", "2017-04-30": "-339.30000", "2016-04-30": "-316.60000", "2015-04-30": "-254.00000", "2014-04-30": "-238.00000", "2013-04-30": "-222.80000", "2012-04-30": "-213.70000", "2011-04-30": "-194.00000", "2010-04-30": "-166.22400", "2009-04-30": "-384.87600", "2008-04-30": "-68.07400", "2007-04-30": "-63.63200", "2006-04-30": "-62.65600", "2005-04-30": "-56.05700"}, "Financial Activities - Other": {"2020-04-30": "-7.20000", "2019-04-30": "0.30000", "2018-04-30": "-7.90000", "2017-04-30": "0.80000", "2016-04-30": "0.80000", "2015-04-30": "-30.60000", "2014-04-30": "-27.40000", "2013-04-30": "-6.20000", "2012-04-30": "-2.30000", "2011-04-30": "8.20000", "2010-04-30": "1.83200", "2009-04-30": "-0.47400", "2008-04-30": "1.18700", "2007-04-30": "0.51000", "2006-04-30": "-3.10500", "2005-04-30": "-2.88900"}, "Cash Flow From Financial Activities": {"2020-04-30": "-688.70000", "2019-04-30": "699.00000", "2018-04-30": "-922.00000", "2017-04-30": "-806.10000", "2016-04-30": "-1498.90000", "2015-04-30": "857.30000", "2014-04-30": "-575.50000", "2013-04-30": "-641.00000", "2012-04-30": "219.60000", "2011-04-30": "-170.40000", "2010-04-30": "-788.54800", "2009-04-30": "12.60100", "2008-04-30": "49.83900", "2007-04-30": "-117.62500", "2006-04-30": "-169.12900", "2005-04-30": "-72.28000"}, "Net Cash Flow": {"2020-04-30": "289.80000", "2019-04-30": "-91.30000", "2018-04-30": "25.80000", "2017-04-30": "57.00000", "2016-04-30": "-15.80000", "2015-04-30": "-27.90000", "2014-04-30": "-102.90000", "2013-04-30": "26.70000", "2012-04-30": "-90.10000", "2011-04-30": "36.20000", "2010-04-30": "-173.12300", "2009-04-30": "285.15200", "2008-04-30": "-28.00000", "2007-04-30": "127.70900", "2006-04-30": "13.87100", "2005-04-30": "-46.46600"}, "Stock-Based Compensation": {"2020-04-30": "26.80000", "2019-04-30": "20.70000", "2018-04-30": "15.40000", "2017-04-30": "22.00000", "2016-04-30": "34.60000", "2015-04-30": "23.50000", "2014-04-30": "22.90000", "2013-04-30": "21.30000", "2012-04-30": "21.70000", "2011-04-30": "24.00000", "2010-04-30": "25.94900", "2009-04-30": "22.10500", "2008-04-30": "11.53100", "2007-04-30": "11.25700", "2006-04-30": "7.25500", "2005-04-30": "1.60900"}, "Common Stock Dividends Paid": {"2020-04-30": "-396.80000", "2019-04-30": "-377.90000", "2018-04-30": "-350.30000", "2017-04-30": "-339.30000", "2016-04-30": "-316.60000", "2015-04-30": "-254.00000", "2014-04-30": "-238.00000", "2013-04-30": "-222.80000", "2012-04-30": "-213.70000", "2011-04-30": "-194.00000", "2010-04-30": "-166.22400", "2009-04-30": "-384.87600", "2008-04-30": "-68.07400", "2007-04-30": "-63.63200", "2006-04-30": "-62.65600", "2005-04-30": "-56.05700"}}, "cash flow statement, quarterly": {"Net Income/Loss": {"2020-10-31": 230.8, "2020-07-31": "237.00000", "2020-04-30": 226.3, "2020-01-31": 187.4, "2019-10-31": 211.2, "2019-07-31": "154.60000", "2019-04-30": 71.5, "2019-01-31": 121.4, "2018-10-31": 188.5, "2018-07-31": "133.00000", "2018-04-30": 185.9, "2018-01-31": 831.3, "2017-10-31": 194.6, "2017-07-31": "126.80000", "2017-04-30": 110.4, "2017-01-31": 134.6, "2016-10-31": 177.3, "2016-07-31": "170.00000", "2016-04-30": 191, "2016-01-31": 185.3, "2015-10-31": 176, "2015-07-31": "136.40000", "2015-04-30": -90.3, "2015-01-31": 160.9, "2014-10-31": 158.3, "2014-07-31": "116.00000", "2014-04-30": 118.5, "2014-01-31": 166.7, "2013-10-31": 153.4, "2013-07-31": "126.60000", "2013-04-30": 130.3, "2013-01-31": 154.2, "2012-10-31": 148.8, "2012-07-31": "110.90000", "2012-04-30": 104.086, "2012-01-31": 116.844, "2011-10-31": 127.247, "2011-07-31": "111.52300", "2011-04-30": 94.898, "2011-01-31": 131.995, "2010-10-31": 149.726, "2010-07-31": "102.88100", "2010-04-30": 120.606, "2010-01-31": 135.479, "2009-10-31": 139.99, "2009-07-31": "98.06300", "2009-04-30": 94.268, "2009-01-31": 77.941, "2008-10-31": 51.453, "2008-07-31": "42.29100", "2008-04-30": 37.051, "2008-01-31": 42.401, "2007-10-31": 50.166, "2007-07-31": "40.76100", "2007-04-30": 42.499, "2007-01-31": 40.427, "2006-10-31": 45.569, "2006-07-31": "28.72400", "2006-04-30": 35.701, "2006-01-31": 31.312, "2005-10-31": 46.444, "2005-07-31": "29.89700", "2005-04-30": 22.112, "2005-01-31": 106.961}, "Total Depreciation And Amortization - Cash Flow": {"2020-10-31": 113.6, "2020-07-31": "113.70000", "2020-04-30": 113.4, "2020-01-31": 112.1, "2019-10-31": 111.4, "2019-07-31": "109.60000", "2019-04-30": 210.2, "2019-01-31": 110.9, "2018-10-31": 111.2, "2018-07-31": "111.90000", "2018-04-30": 101.2, "2018-01-31": 248.7, "2017-10-31": 102.2, "2017-07-31": "106.00000", "2017-04-30": 104.2, "2017-01-31": 104.3, "2016-10-31": 104.8, "2016-07-31": "105.70000", "2016-04-30": 106.4, "2016-01-31": 107.3, "2015-10-31": 107.7, "2015-07-31": "108.70000", "2015-04-30": 77.8, "2015-01-31": 63.1, "2014-10-31": 63.1, "2014-07-31": "63.20000", "2014-04-30": 65.1, "2014-01-31": 65, "2013-10-31": 64.2, "2013-07-31": "62.10000", "2013-04-30": 63.3, "2013-01-31": 61.4, "2012-10-31": 62.3, "2012-07-31": "63.90000", "2012-04-30": 68.67, "2012-01-31": 58.613, "2011-10-31": 61.498, "2011-07-31": "58.21900", "2011-04-30": 62.349, "2011-01-31": 62.167, "2010-10-31": 57.774, "2010-07-31": "57.31000", "2010-04-30": 51.604, "2010-01-31": 46.311, "2009-10-31": 44.189, "2009-07-31": "43.64800", "2009-04-30": 41.494, "2009-01-31": 43.783, "2008-10-31": 16.489, "2008-07-31": "16.50700", "2008-04-30": 15.981, "2008-01-31": 16.4, "2007-10-31": 15.298, "2007-07-31": "14.89100", "2007-04-30": 15.301, "2007-01-31": 14.6, "2006-10-31": 13.805, "2006-07-31": "15.16800", "2006-04-30": 15.435, "2006-01-31": 16.651, "2005-10-31": 14.718, "2005-07-31": "15.83800", "2005-04-30": 14.407, "2005-01-31": 39.03}, "Other Non-Cash Items": {"2020-10-31": 41.6, "2020-07-31": "9.70000", "2020-04-30": 19.8, "2020-01-31": 67.8, "2019-10-31": 13.9, "2019-07-31": "6.40000", "2019-04-30": -88.3, "2019-01-31": 113.8, "2018-10-31": -18.8, "2018-07-31": "5.70000", "2018-04-30": -803.8, "2018-01-31": 43, "2017-10-31": 7.6, "2017-07-31": "7.40000", "2017-04-30": -21.4, "2017-01-31": 85.5, "2016-10-31": 7.7, "2016-07-31": "8.80000", "2016-04-30": -86.4, "2016-01-31": -10.9, "2015-10-31": 9.3, "2015-07-31": "5.50000", "2015-04-30": 170.1, "2015-01-31": 5.7, "2014-10-31": 6.6, "2014-07-31": "7.30000", "2014-04-30": -5.7, "2014-01-31": 6.4, "2013-10-31": 8.6, "2013-07-31": "4.70000", "2013-04-30": -9.3, "2013-01-31": 6, "2012-10-31": 7.9, "2012-07-31": "5.30000", "2012-04-30": -6.061, "2012-01-31": 9.525, "2011-10-31": 20.67, "2011-07-31": "7.66600", "2011-04-30": -50.738, "2011-01-31": 25.276, "2010-10-31": 9.351, "2010-07-31": "9.31100", "2010-04-30": -41.035, "2010-01-31": 16.772, "2009-10-31": 7.923, "2009-07-31": "6.79600", "2009-04-30": 46.795, "2009-01-31": 7.549, "2008-10-31": 3.236, "2008-07-31": "2.79900", "2008-04-30": 23.796, "2008-01-31": 2.981, "2007-10-31": 3.147, "2007-07-31": "2.82600", "2007-04-30": 25.505, "2007-01-31": 3.813, "2006-10-31": 4.726, "2006-07-31": "9.83200", "2006-04-30": 35.888, "2006-01-31": -3.672, "2005-10-31": 1.939, "2005-07-31": "2.84900", "2005-04-30": 42.372, "2005-01-31": -3.45}, "Total Non-Cash Items": {"2020-10-31": 155.2, "2020-07-31": "123.40000", "2020-04-30": 133.2, "2020-01-31": 179.9, "2019-10-31": 125.3, "2019-07-31": "116.00000", "2019-04-30": 121.9, "2019-01-31": 224.7, "2018-10-31": 92.4, "2018-07-31": "117.60000", "2018-04-30": -702.6, "2018-01-31": 291.7, "2017-10-31": 109.8, "2017-07-31": "113.40000", "2017-04-30": 82.8, "2017-01-31": 189.8, "2016-10-31": 112.5, "2016-07-31": "114.50000", "2016-04-30": 20, "2016-01-31": 96.4, "2015-10-31": 117, "2015-07-31": "114.20000", "2015-04-30": 247.9, "2015-01-31": 68.8, "2014-10-31": 69.7, "2014-07-31": "70.50000", "2014-04-30": 59.4, "2014-01-31": 71.4, "2013-10-31": 72.8, "2013-07-31": "66.80000", "2013-04-30": 54, "2013-01-31": 67.4, "2012-10-31": 70.2, "2012-07-31": "69.20000", "2012-04-30": 62.609, "2012-01-31": 68.138, "2011-10-31": 82.168, "2011-07-31": "65.88500", "2011-04-30": 11.611, "2011-01-31": 87.443, "2010-10-31": 67.125, "2010-07-31": "66.62100", "2010-04-30": 10.569, "2010-01-31": 63.083, "2009-10-31": 52.112, "2009-07-31": "50.44400", "2009-04-30": 88.289, "2009-01-31": 51.332, "2008-10-31": 19.725, "2008-07-31": "19.30600", "2008-04-30": 39.777, "2008-01-31": 19.381, "2007-10-31": 18.445, "2007-07-31": "17.71700", "2007-04-30": 40.806, "2007-01-31": 18.413, "2006-10-31": 18.531, "2006-07-31": "25.00000", "2006-04-30": 51.323, "2006-01-31": 12.979, "2005-10-31": 16.657, "2005-07-31": "18.68700", "2005-04-30": 56.779, "2005-01-31": 35.58}, "Change In Accounts Receivable": {"2020-10-31": -79.3, "2020-07-31": "55.10000", "2020-04-30": -75.8, "2020-01-31": 44.9, "2019-10-31": -48.6, "2019-07-31": "30.40000", "2019-04-30": -1.6, "2019-01-31": 59.8, "2018-10-31": -58.5, "2018-07-31": "-52.70000", "2018-04-30": 36.1, "2018-01-31": 60.1, "2017-10-31": -48.8, "2017-07-31": "7.30000", "2017-04-30": -18.1, "2017-01-31": 96.9, "2016-10-31": 4.4, "2016-07-31": "-74.30000", "2016-04-30": 57.1, "2016-01-31": 99.5, "2015-10-31": -97.7, "2015-07-31": "-80.80000", "2015-04-30": 87.1, "2015-01-31": 75.4, "2014-10-31": -57.7, "2014-07-31": "-83.00000", "2014-04-30": 56.5, "2014-01-31": 96.9, "2013-10-31": -103, "2013-07-31": "-44.30000", "2013-04-30": 46.2, "2013-01-31": 109.3, "2012-10-31": -78.3, "2012-07-31": "-44.00000", "2012-04-30": 17.734, "2012-01-31": 97.928, "2011-10-31": -113.874, "2011-07-31": "7.51200", "2011-04-30": -52.417, "2011-01-31": 126.835, "2010-10-31": -110.06, "2010-07-31": "-66.95800", "2010-04-30": 44.62, "2010-01-31": 129.587, "2009-10-31": -104.014, "2009-07-31": "-38.67200", "2009-04-30": -5.337, "2009-01-31": 38.638, "2008-10-31": -91.175, "2008-07-31": "-20.75700", "2008-04-30": -11.394, "2008-01-31": 80.372, "2007-10-31": -72.607, "2007-07-31": "-13.97000", "2007-04-30": -5.82, "2007-01-31": 60.105, "2006-10-31": -33.412, "2006-07-31": "2.97500", "2006-04-30": -24.689, "2006-01-31": 65.58, "2005-10-31": -24.599, "2005-07-31": "-14.84800", "2005-04-30": -14.731, "2005-01-31": 12.716}, "Change In Inventories": {"2020-10-31": 1, "2020-07-31": "-98.50000", "2020-04-30": 60.6, "2020-01-31": 54, "2019-10-31": 0.1, "2019-07-31": "-102.10000", "2019-04-30": 13.5, "2019-01-31": 41.6, "2018-10-31": 5.3, "2018-07-31": "-65.70000", "2018-04-30": 52.4, "2018-01-31": 105.2, "2017-10-31": -32.4, "2017-07-31": "-71.20000", "2017-04-30": 88.2, "2017-01-31": 34.1, "2016-10-31": -15.4, "2016-07-31": "-117.30000", "2016-04-30": 48, "2016-01-31": 84.5, "2015-10-31": 99.2, "2015-07-31": "8.40000", "2015-04-30": 41.8, "2015-01-31": 113.9, "2014-10-31": 22.9, "2014-07-31": "-153.30000", "2014-04-30": -64.9, "2014-01-31": 154.8, "2013-10-31": 40.6, "2013-07-31": "-115.10000", "2013-04-30": -67.7, "2013-01-31": 97.5, "2012-10-31": 44.1, "2012-07-31": "-58.70000", "2012-04-30": 30.162, "2012-01-31": 194.251, "2011-10-31": 58.241, "2011-07-31": "-330.85400", "2011-04-30": -125.602, "2011-01-31": 89.347, "2010-10-31": -56.038, "2010-07-31": "-111.90700", "2010-04-30": 5.467, "2010-01-31": 99.201, "2009-10-31": 24.129, "2009-07-31": "-174.95700", "2009-04-30": 53.549, "2009-01-31": 104.254, "2008-10-31": -42.197, "2008-07-31": "-80.93700", "2008-04-30": -19.846, "2008-01-31": 46.799, "2007-10-31": 1.701, "2007-07-31": "-63.67600", "2007-04-30": -6.282, "2007-01-31": 20.443, "2006-10-31": 9.014, "2006-07-31": "-31.32100", "2006-04-30": 23.715, "2006-01-31": 30.156, "2005-10-31": -2.232, "2005-07-31": "-58.24000", "2005-04-30": 14.849, "2005-01-31": -21.644}, "Change In Accounts Payable": {"2020-10-31": 66.4, "2020-07-31": "41.10000", "2020-04-30": 169.3, "2020-01-31": 53.6, "2019-10-31": 19.7, "2019-07-31": "-61.00000", "2019-04-30": 54.9, "2019-01-31": -26.4, "2018-10-31": 14.4, "2018-07-31": "0.80000", "2018-04-30": 3.1, "2018-01-31": -38.8, "2017-10-31": 19.4, "2017-07-31": "35.30000", "2017-04-30": 5.5, "2017-01-31": 2.1, "2016-10-31": -23.7, "2016-07-31": "18.20000", "2016-04-30": 60.9, "2016-01-31": 24.9, "2015-10-31": -1.9, "2015-07-31": "-37.80000", "2015-04-30": 43.5, "2015-01-31": -29.4, "2014-10-31": -29.7, "2014-07-31": "-9.80000", "2014-04-30": 68.6, "2014-01-31": -40.8, "2013-10-31": -3.9, "2013-07-31": "-20.60000", "2013-04-30": 11.2, "2013-01-31": 0, "2012-10-31": 0, "2012-07-31": "", "2012-04-30": 35.8, "2012-01-31": 0, "2011-10-31": 0, "2011-07-31": "", "2011-04-30": 54.3, "2011-01-31": 0, "2010-10-31": 0, "2010-07-31": "", "2010-04-30": 0, "2010-01-31": 0, "2009-10-31": 0, "2009-07-31": "", "2009-04-30": 0, "2009-01-31": 0, "2008-10-31": 0, "2008-07-31": "", "2008-04-30": 0, "2008-01-31": 0, "2007-10-31": 0, "2007-07-31": "", "2007-04-30": 0, "2007-01-31": 0, "2006-10-31": 0, "2006-07-31": "", "2006-04-30": 0, "2006-01-31": 0, "2005-10-31": 0, "2005-07-31": "", "2005-04-30": 0, "2005-01-31": 0}, "Change In Assets/Liabilities": {"2020-10-31": 13.4, "2020-07-31": "0.40000", "2020-04-30": -276.7, "2020-01-31": -8.8, "2019-10-31": 8.6, "2019-07-31": "-1.80000", "2019-04-30": -21.3, "2019-01-31": -4.3, "2018-10-31": -6.6, "2018-07-31": "-1.50000", "2018-04-30": 752.5, "2018-01-31": -823.5, "2017-10-31": 14.3, "2017-07-31": "4.30000", "2017-04-30": -43.3, "2017-01-31": 17.3, "2016-10-31": -23.6, "2016-07-31": "48.00000", "2016-04-30": -13.3, "2016-01-31": -19.7, "2015-10-31": 26.5, "2015-07-31": "17.60000", "2015-04-30": 21.2, "2015-01-31": 40.2, "2014-10-31": 10, "2014-07-31": "20.20000", "2014-04-30": 3.3, "2014-01-31": -5.6, "2013-10-31": -8.9, "2013-07-31": "7.20000", "2013-04-30": -3.4, "2013-01-31": -14.1, "2012-10-31": 18.5, "2012-07-31": "-6.60000", "2012-04-30": -53.399, "2012-01-31": 0.977, "2011-10-31": 22.912, "2011-07-31": "-8.89000", "2011-04-30": 1.124, "2011-01-31": -9.438, "2010-10-31": -4.597, "2010-07-31": "-7.28900", "2010-04-30": 26.061, "2010-01-31": -13.809, "2009-10-31": 7.026, "2009-07-31": "16.88600", "2009-04-30": -69.905, "2009-01-31": 23.177, "2008-10-31": -24.118, "2008-07-31": "26.37200", "2008-04-30": -3.502, "2008-01-31": -9.284, "2007-10-31": -8.749, "2007-07-31": "6.68900", "2007-04-30": -4.27, "2007-01-31": -0.061, "2006-10-31": -0.302, "2006-07-31": "15.97700", "2006-04-30": -56.093, "2006-01-31": 15.103, "2005-10-31": 6.847, "2005-07-31": "14.25200", "2005-04-30": -24.911, "2005-01-31": 11.879}, "Total Change In Assets/Liabilities": {"2020-10-31": -7.3, "2020-07-31": "48.60000", "2020-04-30": -71.8, "2020-01-31": 154.3, "2019-10-31": -112.5, "2019-07-31": "-49.10000", "2019-04-30": 80.8, "2019-01-31": 75, "2018-10-31": -78, "2018-07-31": "-7.60000", "2018-04-30": 858.1, "2018-01-31": -675.7, "2017-10-31": -179.4, "2017-07-31": "64.10000", "2017-04-30": 71, "2017-01-31": 95.1, "2016-10-31": -153.4, "2016-07-31": "-45.60000", "2016-04-30": 125.2, "2016-01-31": 260.6, "2015-10-31": -17.5, "2015-07-31": "56.40000", "2015-04-30": 69.9, "2015-01-31": 198, "2014-10-31": -136, "2014-07-31": "-194.60000", "2014-04-30": 89, "2014-01-31": 183, "2013-10-31": -140.3, "2013-07-31": "-111.30000", "2013-04-30": -12.1, "2013-01-31": 102.4, "2012-10-31": -36.1, "2012-07-31": "-3.40000", "2012-04-30": 94.966, "2012-01-31": 224.323, "2011-10-31": -91.243, "2011-07-31": "-235.64600", "2011-04-30": -109.289, "2011-01-31": 155.396, "2010-10-31": -170.067, "2010-07-31": "-196.74000", "2010-04-30": 70.729, "2010-01-31": 125.2, "2009-10-31": 21.558, "2009-07-31": "-174.35500", "2009-04-30": -24.574, "2009-01-31": 151.015, "2008-10-31": -122.632, "2008-07-31": "-1.42100", "2008-04-30": -75.152, "2008-01-31": 80.148, "2007-10-31": -38.926, "2007-07-31": "-48.85100", "2007-04-30": -22.377, "2007-01-31": 45.781, "2006-10-31": -17.487, "2006-07-31": "7.08400", "2006-04-30": -12.915, "2006-01-31": 21.041, "2005-10-31": -24.041, "2005-07-31": "-28.39600", "2005-04-30": -49.527, "2005-01-31": -22.141}, "Cash Flow From Operating Activities": {"2020-10-31": 378.7, "2020-07-31": "409.00000", "2020-04-30": 287.7, "2020-01-31": 521.6, "2019-10-31": 224, "2019-07-31": "221.50000", "2019-04-30": 274.2, "2019-01-31": 421.1, "2018-10-31": 202.9, "2018-07-31": "243.00000", "2018-04-30": 314.4, "2018-01-31": 469, "2017-10-31": 130.3, "2017-07-31": "304.30000", "2017-04-30": 264.2, "2017-01-31": 419.5, "2016-10-31": 136.4, "2016-07-31": "238.90000", "2016-04-30": 336.2, "2016-01-31": 542.3, "2015-10-31": 275.5, "2015-07-31": "307.00000", "2015-04-30": 227.5, "2015-01-31": 427.7, "2014-10-31": 92, "2014-07-31": "-8.10000", "2014-04-30": 266.9, "2014-01-31": 421.1, "2013-10-31": 85.9, "2013-07-31": "82.10000", "2013-04-30": 172.2, "2013-01-31": 324, "2012-10-31": 182.9, "2012-07-31": "176.70000", "2012-04-30": 261.661, "2012-01-31": 409.305, "2011-10-31": 118.172, "2011-07-31": "-58.23800", "2011-04-30": -2.78, "2011-01-31": 374.834, "2010-10-31": 46.784, "2010-07-31": "-27.23800", "2010-04-30": 201.904, "2010-01-31": 323.762, "2009-10-31": 213.66, "2009-07-31": "-25.84800", "2009-04-30": 157.983, "2009-01-31": 280.288, "2008-10-31": -51.454, "2008-07-31": "60.17600", "2008-04-30": 1.676, "2008-01-31": 141.93, "2007-10-31": 29.685, "2007-07-31": "9.62700", "2007-04-30": 60.928, "2007-01-31": 104.621, "2006-10-31": 46.613, "2006-07-31": "60.80800", "2006-04-30": 74.109, "2006-01-31": 65.332, "2005-10-31": 39.06, "2005-07-31": "20.18800", "2005-04-30": 29.364, "2005-01-31": 120.4}, "Net Change In Property, Plant, And Equipment": {"2020-10-31": -52.4, "2020-07-31": "-76.60000", "2020-04-30": -74, "2020-01-31": -56.5, "2019-10-31": -63.4, "2019-07-31": "-73.00000", "2019-04-30": -91.5, "2019-01-31": -88.1, "2018-10-31": -77.8, "2018-07-31": "-101.30000", "2018-04-30": -107.1, "2018-01-31": -71.4, "2017-10-31": -60.4, "2017-07-31": "-69.60000", "2017-04-30": -55.7, "2017-01-31": -52.2, "2016-10-31": -33.8, "2016-07-31": "-50.20000", "2016-04-30": -36.8, "2016-01-31": -43.4, "2015-10-31": -64.2, "2015-07-31": "-53.00000", "2015-04-30": -84.6, "2015-01-31": -48, "2014-10-31": -64.7, "2014-07-31": "-47.80000", "2014-04-30": -121.7, "2014-01-31": -65.1, "2013-10-31": -46.8, "2013-07-31": "-35.20000", "2013-04-30": -59.8, "2013-01-31": -45.5, "2012-10-31": -51.9, "2012-07-31": "-46.00000", "2012-04-30": -76.093, "2012-01-31": -59.303, "2011-10-31": -67.302, "2011-07-31": "-67.50200", "2011-04-30": -68.169, "2011-01-31": -44.397, "2010-10-31": -35.078, "2010-07-31": "-26.65600", "2010-04-30": -24.126, "2010-01-31": -23.219, "2009-10-31": -62.162, "2009-07-31": "-27.27100", "2009-04-30": -25.786, "2009-01-31": -28.56, "2008-10-31": -32.636, "2008-07-31": "-21.12500", "2008-04-30": -24.499, "2008-01-31": -16.067, "2007-10-31": -19.238, "2007-07-31": "-16.49100", "2007-04-30": -12.668, "2007-01-31": -12.054, "2006-10-31": -15.871, "2006-07-31": "-14.09600", "2006-04-30": -18.922, "2006-01-31": -11.649, "2005-10-31": -16.296, "2005-07-31": "-12.96600", "2005-04-30": -35.157, "2005-01-31": -50.013}, "Net Change In Intangible Assets": {"2020-10-31": 0, "2020-07-31": "", "2020-04-30": 0, "2020-01-31": 0, "2019-10-31": 0, "2019-07-31": "", "2019-04-30": 0, "2019-01-31": 0, "2018-10-31": 0, "2018-07-31": "", "2018-04-30": 0, "2018-01-31": 0, "2017-10-31": 0, "2017-07-31": "", "2017-04-30": 0, "2017-01-31": 0, "2016-10-31": 0, "2016-07-31": "", "2016-04-30": 0, "2016-01-31": 0, "2015-10-31": 0, "2015-07-31": "", "2015-04-30": 0, "2015-01-31": 0, "2014-10-31": 0, "2014-07-31": "", "2014-04-30": 0, "2014-01-31": 0, "2013-10-31": 0, "2013-07-31": "", "2013-04-30": 0, "2013-01-31": 0, "2012-10-31": 0, "2012-07-31": "", "2012-04-30": 0, "2012-01-31": 0, "2011-10-31": 0, "2011-07-31": "", "2011-04-30": 0, "2011-01-31": 0, "2010-10-31": 0, "2010-07-31": "", "2010-04-30": 0, "2010-01-31": 0, "2009-10-31": 0, "2009-07-31": "", "2009-04-30": 0, "2009-01-31": 0, "2008-10-31": 0, "2008-07-31": "", "2008-04-30": 0, "2008-01-31": 0, "2007-10-31": 0, "2007-07-31": "", "2007-04-30": 0, "2007-01-31": 0, "2006-10-31": 0, "2006-07-31": "", "2006-04-30": 0, "2006-01-31": 0, "2005-10-31": 0, "2005-07-31": "", "2005-04-30": 0, "2005-01-31": 0}, "Net Acquisitions/Divestitures": {"2020-10-31": 0, "2020-07-31": "", "2020-04-30": 0, "2020-01-31": 0, "2019-10-31": 0, "2019-07-31": "", "2019-04-30": -1.9, "2019-01-31": -0.7, "2018-10-31": 374.1, "2018-07-31": "-1905.00000", "2018-04-30": 0, "2018-01-31": 0, "2017-10-31": 0, "2017-07-31": "", "2017-04-30": 0, "2017-01-31": 0, "2016-10-31": 0, "2016-07-31": "", "2016-04-30": 0, "2016-01-31": 193.7, "2015-10-31": 0, "2015-07-31": "7.90000", "2015-04-30": -1240, "2015-01-31": -0.2, "2014-10-31": -80.3, "2014-07-31": "", "2014-04-30": 0, "2014-01-31": 0.2, "2013-10-31": -102, "2013-07-31": "", "2013-04-30": 0, "2013-01-31": 0, "2012-10-31": 0, "2012-07-31": "", "2012-04-30": 5.087, "2012-01-31": -379.509, "2011-10-31": 9.268, "2011-07-31": "-362.84600", "2011-04-30": 0, "2011-01-31": 0, "2010-10-31": 0, "2010-07-31": "", "2010-04-30": 19.554, "2010-01-31": 0, "2009-10-31": 0, "2009-07-31": "", "2009-04-30": -5.186, "2009-01-31": -16.073, "2008-10-31": -0.483, "2008-07-31": "-55.59300", "2008-04-30": -53.986, "2008-01-31": -3.469, "2007-10-31": -30.048, "2007-07-31": "-130.03900", "2007-04-30": 0, "2007-01-31": 4.034, "2006-10-31": 38.94, "2006-07-31": "-19.40800", "2006-04-30": 0, "2006-01-31": 8.754, "2005-10-31": 0, "2005-07-31": "", "2005-04-30": 79.722, "2005-01-31": -99.218}, "Net Change In Short-term Investments": {"2020-10-31": 0, "2020-07-31": "", "2020-04-30": 0, "2020-01-31": 0, "2019-10-31": 0, "2019-07-31": "", "2019-04-30": 0, "2019-01-31": 0, "2018-10-31": 0, "2018-07-31": "", "2018-04-30": 0, "2018-01-31": 0, "2017-10-31": 0, "2017-07-31": "", "2017-04-30": 0, "2017-01-31": 0, "2016-10-31": 0, "2016-07-31": "", "2016-04-30": 0, "2016-01-31": 0, "2015-10-31": 0, "2015-07-31": "", "2015-04-30": 0, "2015-01-31": 0, "2014-10-31": 0, "2014-07-31": "", "2014-04-30": 10, "2014-01-31": 0, "2013-10-31": 0, "2013-07-31": "", "2013-04-30": 0, "2013-01-31": 0, "2012-10-31": 0, "2012-07-31": "", "2012-04-30": 0, "2012-01-31": 0, "2011-10-31": 0, "2011-07-31": "18.60000", "2011-04-30": 20.037, "2011-01-31": 9.5, "2010-10-31": 9, "2010-07-31": "-57.03700", "2010-04-30": 0, "2010-01-31": 0, "2009-10-31": 11.115, "2009-07-31": "2.40400", "2009-04-30": 1.705, "2009-01-31": 0.442, "2008-10-31": 0.414, "2008-07-31": "0.45200", "2008-04-30": 0.675, "2008-01-31": 23.55, "2007-10-31": 146.281, "2007-07-31": "-142.37500", "2007-04-30": 3.077, "2007-01-31": 8.41, "2006-10-31": 2.592, "2006-07-31": "-7.80700", "2006-04-30": 2.193, "2006-01-31": 12.719, "2005-10-31": 4.385, "2005-07-31": "6.80400", "2005-04-30": 1.481, "2005-01-31": -23.19}, "Net Change In Long-Term Investments": {"2020-10-31": 0, "2020-07-31": "", "2020-04-30": 0, "2020-01-31": 0, "2019-10-31": 0, "2019-07-31": "", "2019-04-30": 0, "2019-01-31": 0, "2018-10-31": 0, "2018-07-31": "", "2018-04-30": 0, "2018-01-31": 0, "2017-10-31": 0, "2017-07-31": "", "2017-04-30": 40.6, "2017-01-31": 0, "2016-10-31": 0, "2016-07-31": "", "2016-04-30": 0, "2016-01-31": -16, "2015-10-31": 0, "2015-07-31": "", "2015-04-30": 0, "2015-01-31": 0, "2014-10-31": 0, "2014-07-31": "", "2014-04-30": 0, "2014-01-31": 0, "2013-10-31": 0, "2013-07-31": "", "2013-04-30": 0, "2013-01-31": 0, "2012-10-31": 0, "2012-07-31": "", "2012-04-30": -35.9, "2012-01-31": 0, "2011-10-31": 0, "2011-07-31": "", "2011-04-30": 0, "2011-01-31": 0, "2010-10-31": 0, "2010-07-31": "", "2010-04-30": 0, "2010-01-31": 0, "2009-10-31": 0, "2009-07-31": "", "2009-04-30": 0, "2009-01-31": 0, "2008-10-31": 0, "2008-07-31": "", "2008-04-30": 0, "2008-01-31": 0, "2007-10-31": 0, "2007-07-31": "", "2007-04-30": 0, "2007-01-31": 0, "2006-10-31": 0, "2006-07-31": "", "2006-04-30": 0, "2006-01-31": 0, "2005-10-31": 0, "2005-07-31": "", "2005-04-30": 0, "2005-01-31": 0}, "Net Change In Investments - Total": {"2020-10-31": 0, "2020-07-31": "", "2020-04-30": 0, "2020-01-31": 0, "2019-10-31": 0, "2019-07-31": "", "2019-04-30": 0, "2019-01-31": 0, "2018-10-31": 0, "2018-07-31": "", "2018-04-30": 0, "2018-01-31": 0, "2017-10-31": 0, "2017-07-31": "", "2017-04-30": 40.6, "2017-01-31": 0, "2016-10-31": 0, "2016-07-31": "", "2016-04-30": 0, "2016-01-31": -16, "2015-10-31": 0, "2015-07-31": "", "2015-04-30": 0, "2015-01-31": 0, "2014-10-31": 0, "2014-07-31": "", "2014-04-30": 10, "2014-01-31": 0, "2013-10-31": 0, "2013-07-31": "", "2013-04-30": 0, "2013-01-31": 0, "2012-10-31": 0, "2012-07-31": "", "2012-04-30": -35.9, "2012-01-31": 0, "2011-10-31": 0, "2011-07-31": "18.60000", "2011-04-30": 20.037, "2011-01-31": 9.5, "2010-10-31": 9, "2010-07-31": "-57.03700", "2010-04-30": 0, "2010-01-31": 0, "2009-10-31": 11.115, "2009-07-31": "2.40400", "2009-04-30": 1.705, "2009-01-31": 0.442, "2008-10-31": 0.414, "2008-07-31": "0.45200", "2008-04-30": 0.675, "2008-01-31": 23.55, "2007-10-31": 146.281, "2007-07-31": "-142.37500", "2007-04-30": 3.077, "2007-01-31": 8.41, "2006-10-31": 2.592, "2006-07-31": "-7.80700", "2006-04-30": 2.193, "2006-01-31": 12.719, "2005-10-31": 4.385, "2005-07-31": "6.80400", "2005-04-30": 1.481, "2005-01-31": -23.19}, "Investing Activities - Other": {"2020-10-31": 0.7, "2020-07-31": "27.40000", "2020-04-30": -19.9, "2020-01-31": -16.9, "2019-10-31": 11.3, "2019-07-31": "20.90000", "2019-04-30": -8, "2019-01-31": -15.1, "2018-10-31": 16.3, "2018-07-31": "-25.20000", "2018-04-30": 1.3, "2018-01-31": 5.9, "2017-10-31": -7.8, "2017-07-31": "31.50000", "2017-04-30": -26.5, "2017-01-31": 0.4, "2016-10-31": 0, "2016-07-31": "-12.30000", "2016-04-30": 27.8, "2016-01-31": -7.6, "2015-10-31": 6.3, "2015-07-31": "7.00000", "2015-04-30": -18.1, "2015-01-31": -10.7, "2014-10-31": 3, "2014-07-31": "-4.30000", "2014-04-30": -1.4, "2014-01-31": 0.6, "2013-10-31": -1.8, "2013-07-31": "-7.10000", "2013-04-30": 0.4, "2013-01-31": 11.3, "2012-10-31": -11.8, "2012-07-31": "17.70000", "2012-04-30": -19.379, "2012-01-31": 1.229, "2011-10-31": -2.232, "2011-07-31": "-0.01800", "2011-04-30": -0.001, "2011-01-31": -0.11, "2010-10-31": -0.029, "2010-07-31": "0.04000", "2010-04-30": 0.094, "2010-01-31": -0.014, "2009-10-31": -0.658, "2009-07-31": "-0.16000", "2009-04-30": -1.429, "2009-01-31": 0.619, "2008-10-31": 6.088, "2008-07-31": "0.17000", "2008-04-30": 0.616, "2008-01-31": -0.649, "2007-10-31": -0.449, "2007-07-31": "0.30500", "2007-04-30": -0.364, "2007-01-31": 0.007, "2006-10-31": -0.72, "2006-07-31": "-1.11300", "2006-04-30": 1.114, "2006-01-31": 0.225, "2005-10-31": 0.078, "2005-07-31": "7.30600", "2005-04-30": -46.922, "2005-01-31": 52.48}, "Cash Flow From Investing Activities": {"2020-10-31": -51.7, "2020-07-31": "-49.20000", "2020-04-30": -93.9, "2020-01-31": -73.4, "2019-10-31": -52.1, "2019-07-31": "-52.10000", "2019-04-30": -101.4, "2019-01-31": -103.9, "2018-10-31": 312.6, "2018-07-31": "-2031.50000", "2018-04-30": -105.8, "2018-01-31": -65.5, "2017-10-31": -68.2, "2017-07-31": "-38.10000", "2017-04-30": -41.6, "2017-01-31": -51.8, "2016-10-31": -33.8, "2016-07-31": "-62.50000", "2016-04-30": -9, "2016-01-31": 126.7, "2015-10-31": -57.9, "2015-07-31": "-38.10000", "2015-04-30": -1342.7, "2015-01-31": -58.9, "2014-10-31": -142, "2014-07-31": "-52.10000", "2014-04-30": -113.1, "2014-01-31": -64.3, "2013-10-31": -150.6, "2013-07-31": "-42.30000", "2013-04-30": -59.4, "2013-01-31": -34.2, "2012-10-31": -63.7, "2012-07-31": "-28.30000", "2012-04-30": -126.285, "2012-01-31": -437.583, "2011-10-31": -60.266, "2011-07-31": "-411.76600", "2011-04-30": -48.133, "2011-01-31": -35.007, "2010-10-31": -26.107, "2010-07-31": "-83.65300", "2010-04-30": -4.478, "2010-01-31": -23.233, "2009-10-31": -51.705, "2009-07-31": "-25.02700", "2009-04-30": -30.696, "2009-01-31": -43.572, "2008-10-31": -26.617, "2008-07-31": "-76.09600", "2008-04-30": -77.194, "2008-01-31": 3.365, "2007-10-31": 96.546, "2007-07-31": "-288.60000", "2007-04-30": -9.955, "2007-01-31": 0.397, "2006-10-31": 24.941, "2006-07-31": "-42.42400", "2006-04-30": -15.615, "2006-01-31": 10.049, "2005-10-31": -11.833, "2005-07-31": "1.14400", "2005-04-30": -0.876, "2005-01-31": -119.941}, "Net Long-Term Debt": {"2020-10-31": -200, "2020-07-31": "-300.00000", "2020-04-30": 298.2, "2020-01-31": -300, "2019-10-31": -100, "2019-07-31": "", "2019-04-30": -100, "2019-01-31": -300, "2018-10-31": -300, "2018-07-31": "1500.00000", "2018-04-30": 0, "2018-01-31": -100.7001, "2017-10-31": -150, "2017-07-31": "", "2017-04-30": 0, "2017-01-31": 0, "2016-10-31": -100, "2016-07-31": "-100.00000", "2016-04-30": 0, "2016-01-31": -350, "2015-10-31": -200, "2015-07-31": "-250.00000", "2015-04-30": 1288.6, "2015-01-31": 0, "2014-10-31": 0, "2014-07-31": "-100.00000", "2014-04-30": -50, "2014-01-31": 0, "2013-10-31": 0, "2013-07-31": "", "2013-04-30": -50, "2013-01-31": 0, "2012-10-31": 0, "2012-07-31": "", "2012-04-30": 0.04, "2012-01-31": 0, "2011-10-31": 748.56, "2011-07-31": "", "2011-04-30": 0, "2011-01-31": 0, "2010-10-31": -10, "2010-07-31": "400.00000", "2010-04-30": 0, "2010-01-31": -550, "2009-10-31": 0, "2009-07-31": "-75.00000", "2009-04-30": 0, "2009-01-31": 0, "2008-10-31": 400, "2008-07-31": "", "2008-04-30": 0, "2008-01-31": 0, "2007-10-31": -33, "2007-07-31": "285.00000", "2007-04-30": 0, "2007-01-31": 0, "2006-10-31": 0, "2006-07-31": "", "2006-04-30": 0, "2006-01-31": 0, "2005-10-31": -17, "2005-07-31": "", "2005-04-30": 0, "2005-01-31": 62.5}, "Net Current Debt": {"2020-10-31": -16.1, "2020-07-31": "47.80000", "2020-04-30": -63.2, "2020-01-31": -19.7, "2019-10-31": 27.1, "2019-07-31": "-130.00000", "2019-04-30": -78, "2019-01-31": 114, "2018-10-31": -140, "2018-07-31": "386.00000", "2018-04-30": -110, "2018-01-31": -210, "2017-10-31": 180.1, "2017-07-31": "-170.10000", "2017-04-30": 312, "2017-01-31": -264, "2016-10-31": 100, "2016-07-31": "22.00000", "2016-04-30": 146, "2016-01-31": -232, "2015-10-31": 67.4, "2015-07-31": "76.60000", "2015-04-30": -38, "2015-01-31": -281.9, "2014-10-31": 75.9, "2014-07-31": "221.60000", "2014-04-30": 248.4, "2014-01-31": -207, "2013-10-31": 122, "2013-07-31": "85.00000", "2013-04-30": 0, "2013-01-31": 0, "2012-10-31": 0, "2012-07-31": "", "2012-04-30": 0, "2012-01-31": 0, "2011-10-31": -306.7, "2011-07-31": "306.70000", "2011-04-30": 0, "2011-01-31": 0, "2010-10-31": 0, "2010-07-31": "", "2010-04-30": 0, "2010-01-31": 0, "2009-10-31": 0, "2009-07-31": "", "2009-04-30": 0, "2009-01-31": 0, "2008-10-31": 0, "2008-07-31": "", "2008-04-30": 0, "2008-01-31": 0, "2007-10-31": 0, "2007-07-31": "", "2007-04-30": 0.166, "2007-01-31": 0.295, "2006-10-31": -49.208, "2006-07-31": "20.60300", "2006-04-30": -9.269, "2006-01-31": -3.286, "2005-10-31": 4.121, "2005-07-31": "", "2005-04-30": -14.516, "2005-01-31": -65.951}, "Debt Issuance/Retirement Net - Total": {"2020-10-31": -216.1, "2020-07-31": "-252.20000", "2020-04-30": 235, "2020-01-31": -319.7, "2019-10-31": -72.9, "2019-07-31": "-130.00000", "2019-04-30": -178, "2019-01-31": -186, "2018-10-31": -440, "2018-07-31": "1886.00000", "2018-04-30": -110, "2018-01-31": -310.7001, "2017-10-31": 30.1, "2017-07-31": "-170.10000", "2017-04-30": 312, "2017-01-31": -264, "2016-10-31": 0, "2016-07-31": "-78.00000", "2016-04-30": 146, "2016-01-31": -582, "2015-10-31": -132.6, "2015-07-31": "-173.40000", "2015-04-30": 1250.6, "2015-01-31": -281.9, "2014-10-31": 75.9, "2014-07-31": "121.60000", "2014-04-30": 198.4, "2014-01-31": -207, "2013-10-31": 122, "2013-07-31": "85.00000", "2013-04-30": -50, "2013-01-31": 0, "2012-10-31": 0, "2012-07-31": "", "2012-04-30": 0.04, "2012-01-31": 0, "2011-10-31": 441.86, "2011-07-31": "306.70000", "2011-04-30": 0, "2011-01-31": 0, "2010-10-31": -10, "2010-07-31": "400.00000", "2010-04-30": 0, "2010-01-31": -550, "2009-10-31": 0, "2009-07-31": "-75.00000", "2009-04-30": 0, "2009-01-31": 0, "2008-10-31": 400, "2008-07-31": "", "2008-04-30": 0, "2008-01-31": 0, "2007-10-31": -33, "2007-07-31": "285.00000", "2007-04-30": 0.166, "2007-01-31": 0.295, "2006-10-31": -49.208, "2006-07-31": "20.60300", "2006-04-30": -9.269, "2006-01-31": -3.286, "2005-10-31": -12.879, "2005-07-31": "", "2005-04-30": -14.516, "2005-01-31": -3.451}, "Net Common Equity Issued/Repurchased": {"2020-10-31": -0.9, "2020-07-31": "-4.60000", "2020-04-30": 0.2, "2020-01-31": -0.8, "2019-10-31": -0.6, "2019-07-31": "4.10000", "2019-04-30": -0.2, "2019-01-31": -0.2, "2018-10-31": -0.3, "2018-07-31": "-4.70000", "2018-04-30": 3.8, "2018-01-31": -0.2, "2017-10-31": -0.1, "2017-07-31": "-6.60000", "2017-04-30": -418.6, "2017-01-31": -0.2, "2016-10-31": -0.7, "2016-07-31": "-18.10000", "2016-04-30": -433.3, "2016-01-31": -0.4, "2015-10-31": -0.5, "2015-07-31": "-6.90000", "2015-04-30": -9, "2015-01-31": -4, "2014-10-31": -0.7, "2014-07-31": "-10.60000", "2014-04-30": -281.9, "2014-01-31": -61.4, "2013-10-31": 0.1, "2013-07-31": "-165.30000", "2013-04-30": -188.4, "2013-01-31": 0.9, "2012-10-31": -170.5, "2012-07-31": "-4.00000", "2012-04-30": -224.197, "2012-01-31": -44.729, "2011-10-31": -38.931, "2011-07-31": "-5.14300", "2011-04-30": -137.24, "2011-01-31": -234.313, "2010-10-31": 0.661, "2010-07-31": "-3.70800", "2010-04-30": -0.035, "2010-01-31": 4.432, "2009-10-31": 0.118, "2009-07-31": "-3.67100", "2009-04-30": -0.543, "2009-01-31": 0, "2008-10-31": 1.217, "2008-07-31": "-2.72300", "2008-04-30": -65.654, "2008-01-31": -82.648, "2007-10-31": 0.328, "2007-07-31": "12.70000", "2007-04-30": 9.221, "2007-01-31": -11.411, "2006-10-31": -26.271, "2006-07-31": "2.10200", "2006-04-30": -47.812, "2006-01-31": -9.299, "2005-10-31": -4.622, "2005-07-31": "-16.20100", "2005-04-30": 21.502, "2005-01-31": -16.869}, "Net Total Equity Issued/Repurchased": {"2020-10-31": -0.9, "2020-07-31": "-4.60000", "2020-04-30": 0.2, "2020-01-31": -0.8, "2019-10-31": -0.6, "2019-07-31": "4.10000", "2019-04-30": -0.2, "2019-01-31": -0.2, "2018-10-31": -0.3, "2018-07-31": "-4.70000", "2018-04-30": 3.8, "2018-01-31": -0.2, "2017-10-31": -0.1, "2017-07-31": "-6.60000", "2017-04-30": -418.6, "2017-01-31": -0.2, "2016-10-31": -0.7, "2016-07-31": "-18.10000", "2016-04-30": -433.3, "2016-01-31": -0.4, "2015-10-31": -0.5, "2015-07-31": "-6.90000", "2015-04-30": -9, "2015-01-31": -4, "2014-10-31": -0.7, "2014-07-31": "-10.60000", "2014-04-30": -281.9, "2014-01-31": -61.4, "2013-10-31": 0.1, "2013-07-31": "-165.30000", "2013-04-30": -188.4, "2013-01-31": 0.9, "2012-10-31": -170.5, "2012-07-31": "-4.00000", "2012-04-30": -224.197, "2012-01-31": -44.729, "2011-10-31": -38.931, "2011-07-31": "-5.14300", "2011-04-30": -137.24, "2011-01-31": -234.313, "2010-10-31": 0.661, "2010-07-31": "-3.70800", "2010-04-30": -0.035, "2010-01-31": 4.432, "2009-10-31": 0.118, "2009-07-31": "-3.67100", "2009-04-30": -0.543, "2009-01-31": 0, "2008-10-31": 1.217, "2008-07-31": "-2.72300", "2008-04-30": -65.654, "2008-01-31": -82.648, "2007-10-31": 0.328, "2007-07-31": "12.70000", "2007-04-30": 9.221, "2007-01-31": -11.411, "2006-10-31": -26.271, "2006-07-31": "2.10200", "2006-04-30": -47.812, "2006-01-31": -9.299, "2005-10-31": -4.622, "2005-07-31": "-16.20100", "2005-04-30": 21.502, "2005-01-31": -16.869}, "Total Common And Preferred Stock Dividends Paid": {"2020-10-31": -102.3, "2020-07-31": "-100.10000", "2020-04-30": -100.1, "2020-01-31": -100.1, "2019-10-31": -100.1, "2019-07-31": "-96.50000", "2019-04-30": -96.5, "2019-01-31": -96.5, "2018-10-31": -96.5, "2018-07-31": "-88.40000", "2018-04-30": -88.9, "2018-01-31": -88, "2017-10-31": -88.5, "2017-07-31": "-84.90000", "2017-04-30": -87.2, "2017-01-31": -87.2, "2016-10-31": -87.1, "2016-07-31": "-77.80000", "2016-04-30": -80.1, "2016-01-31": -80, "2015-10-31": -80.1, "2015-07-31": "-76.40000", "2015-04-30": -65, "2015-01-31": -65.1, "2014-10-31": -65, "2014-07-31": "-58.90000", "2014-04-30": -60.6, "2014-01-31": -61, "2013-10-31": -61, "2013-07-31": "-55.40000", "2013-04-30": -56.3, "2013-01-31": -56.3, "2012-10-31": -57.4, "2012-07-31": "-52.80000", "2012-04-30": -54.311, "2012-01-31": -54.564, "2011-10-31": -54.666, "2011-07-31": "-50.15900", "2011-04-30": -50.935, "2011-01-31": -47.732, "2010-10-31": -47.739, "2010-07-31": "-47.59400", "2010-04-30": -41.638, "2010-01-31": -41.593, "2009-10-31": -41.586, "2009-07-31": "-41.40700", "2009-04-30": -37.853, "2009-01-31": -37.863, "2008-10-31": -291.709, "2008-07-31": "-17.45100", "2008-04-30": -16.596, "2008-01-31": -17.235, "2007-10-31": -17.229, "2007-07-31": "-17.01400", "2007-04-30": -15.812, "2007-01-31": -15.884, "2006-10-31": -16.127, "2006-07-31": "-15.80900", "2006-04-30": -15.612, "2006-01-31": -15.629, "2005-10-31": -15.708, "2005-07-31": "-15.70700", "2005-04-30": -14.538, "2005-01-31": -41.519}, "Financial Activities - Other": {"2020-10-31": 0.8, "2020-07-31": "-0.40000", "2020-04-30": -7.7, "2020-01-31": -0.3, "2019-10-31": 1, "2019-07-31": "-0.20000", "2019-04-30": 0.1, "2019-01-31": 0.1, "2018-10-31": 2.5, "2018-07-31": "-2.40000", "2018-04-30": -1.7, "2018-01-31": -5.1, "2017-10-31": -2.6, "2017-07-31": "1.50000", "2017-04-30": 0.1, "2017-01-31": 0.1, "2016-10-31": -0.1, "2016-07-31": "0.70000", "2016-04-30": 0.2, "2016-01-31": 0.1, "2015-10-31": 0, "2015-07-31": "0.50000", "2015-04-30": -40.9, "2015-01-31": 0.9, "2014-10-31": 1.6, "2014-07-31": "7.80000", "2014-04-30": -26.2, "2014-01-31": 0.1, "2013-10-31": -1.4, "2013-07-31": "0.10000", "2013-04-30": 0.9, "2013-01-31": 0.5, "2012-10-31": 0.2, "2012-07-31": "-7.80000", "2012-04-30": 0.615, "2012-01-31": 2.186, "2011-10-31": -7.635, "2011-07-31": "2.53400", "2011-04-30": 3.207, "2011-01-31": 2.517, "2010-10-31": 0.263, "2010-07-31": "2.21300", "2010-04-30": 0.109, "2010-01-31": 1.437, "2009-10-31": -0.427, "2009-07-31": "0.71300", "2009-04-30": 0.676, "2009-01-31": -1.485, "2008-10-31": 0.646, "2008-07-31": "-0.31100", "2008-04-30": -0.822, "2008-01-31": -0.749, "2007-10-31": -0.211, "2007-07-31": "2.96900", "2007-04-30": 0.218, "2007-01-31": -0.382, "2006-10-31": 1.841, "2006-07-31": "-1.16700", "2006-04-30": -3.898, "2006-01-31": -0.439, "2005-10-31": 1.101, "2005-07-31": "0.13100", "2005-04-30": -13.868, "2005-01-31": 10.979}, "Cash Flow From Financial Activities": {"2020-10-31": -318.5, "2020-07-31": "-357.30000", "2020-04-30": 127.4, "2020-01-31": -420.9, "2019-10-31": -172.6, "2019-07-31": "-222.60000", "2019-04-30": -274.6, "2019-01-31": -282.6, "2018-10-31": -534.3, "2018-07-31": "1790.50000", "2018-04-30": -196.8, "2018-01-31": -404, "2017-10-31": -61.1, "2017-07-31": "-260.10000", "2017-04-30": -193.7, "2017-01-31": -351.3, "2016-10-31": -87.9, "2016-07-31": "-173.20000", "2016-04-30": -367.2, "2016-01-31": -662.3, "2015-10-31": -213.2, "2015-07-31": "-256.20000", "2015-04-30": 1135.7, "2015-01-31": -350.1, "2014-10-31": 11.8, "2014-07-31": "59.90000", "2014-04-30": -170.3, "2014-01-31": -329.3, "2013-10-31": 59.7, "2013-07-31": "-135.60000", "2013-04-30": -293.8, "2013-01-31": -54.9, "2012-10-31": -227.7, "2012-07-31": "-64.60000", "2012-04-30": -277.853, "2012-01-31": -97.107, "2011-10-31": 340.628, "2011-07-31": "253.93200", "2011-04-30": -184.968, "2011-01-31": -279.528, "2010-10-31": -56.815, "2010-07-31": "350.91100", "2010-04-30": -41.564, "2010-01-31": -585.724, "2009-10-31": -41.895, "2009-07-31": "-119.36500", "2009-04-30": -37.72, "2009-01-31": -39.348, "2008-10-31": 110.154, "2008-07-31": "-20.48500", "2008-04-30": -83.072, "2008-01-31": -100.632, "2007-10-31": -50.112, "2007-07-31": "283.65500", "2007-04-30": -6.207, "2007-01-31": -27.382, "2006-10-31": -89.765, "2006-07-31": "5.72900", "2006-04-30": -76.591, "2006-01-31": -28.653, "2005-10-31": -32.108, "2005-07-31": "-31.77700", "2005-04-30": -21.42, "2005-01-31": -50.86}, "Net Cash Flow": {"2020-10-31": 9, "2020-07-31": "5.50000", "2020-04-30": 316.7, "2020-01-31": 25.6, "2019-10-31": 0, "2019-07-31": "-52.50000", "2019-04-30": -105.2, "2019-01-31": 35.3, "2018-10-31": -20.8, "2018-07-31": "-0.60000", "2018-04-30": 6.4, "2018-01-31": 5.9, "2017-10-31": -2.9, "2017-07-31": "16.40000", "2017-04-30": 27.2, "2017-01-31": 17.8, "2016-10-31": 12.2, "2016-07-31": "-0.20000", "2016-04-30": -30.7, "2016-01-31": 1.5, "2015-10-31": 5.4, "2015-07-31": "8.00000", "2015-04-30": 13.9, "2015-01-31": 6.4, "2014-10-31": -44.1, "2014-07-31": "-4.10000", "2014-04-30": -15.1, "2014-01-31": 18.1, "2013-10-31": -7, "2013-07-31": "-98.90000", "2013-04-30": -182.4, "2013-01-31": 235.2, "2012-10-31": -107.9, "2012-07-31": "81.80000", "2012-04-30": -140.683, "2012-01-31": -125.86, "2011-10-31": 393.813, "2011-07-31": "-217.37000", "2011-04-30": -229.813, "2011-01-31": 62.12, "2010-10-31": -35.31, "2010-07-31": "239.20300", "2010-04-30": 158.009, "2010-01-31": -284.147, "2009-10-31": 119.936, "2009-07-31": "-166.92100", "2009-04-30": 96.786, "2009-01-31": 193.595, "2008-10-31": 31.574, "2008-07-31": "-36.80300", "2008-04-30": -158.365, "2008-01-31": 44.474, "2007-10-31": 79.348, "2007-07-31": "6.54300", "2007-04-30": 47.497, "2007-01-31": 74.467, "2006-10-31": -18.439, "2006-07-31": "24.18400", "2006-04-30": -17.29, "2006-01-31": 46.885, "2005-10-31": -5.126, "2005-07-31": "-10.59800", "2005-04-30": 2.633, "2005-01-31": -49.099}, "Stock-Based Compensation": {"2020-10-31": 7.5, "2020-07-31": "5.90000", "2020-04-30": 7, "2020-01-31": 6.1, "2019-10-31": 7.5, "2019-07-31": "6.20000", "2019-04-30": 4.2, "2019-01-31": 6, "2018-10-31": 5.9, "2018-07-31": "4.60000", "2018-04-30": -1.4, "2018-01-31": 4.1, "2017-10-31": 6.1, "2017-07-31": "6.60000", "2017-04-30": 0, "2017-01-31": 6.9, "2016-10-31": 7, "2016-07-31": "8.10000", "2016-04-30": 7.7, "2016-01-31": 10.5, "2015-10-31": 8.7, "2015-07-31": "7.70000", "2015-04-30": 7.6, "2015-01-31": 3.8, "2014-10-31": 5.2, "2014-07-31": "6.90000", "2014-04-30": 4.9, "2014-01-31": 5.7, "2013-10-31": 6.7, "2013-07-31": "5.60000", "2013-04-30": 5.5, "2013-01-31": 5.3, "2012-10-31": 6.2, "2012-07-31": "4.30000", "2012-04-30": 5.176, "2012-01-31": 3.97, "2011-10-31": 6.522, "2011-07-31": "6.03200", "2011-04-30": 6.014, "2011-01-31": 5.718, "2010-10-31": 6.94, "2010-07-31": "5.32800", "2010-04-30": 7.153, "2010-01-31": 5.698, "2009-10-31": 6.686, "2009-07-31": "6.41200", "2009-04-30": 9.269, "2009-01-31": 6.801, "2008-10-31": 3.236, "2008-07-31": "2.79900", "2008-04-30": 2.839, "2008-01-31": 2.719, "2007-10-31": 3.147, "2007-07-31": "2.82600", "2007-04-30": 2.975, "2007-01-31": 3.016, "2006-10-31": 2.607, "2006-07-31": "2.65900", "2006-04-30": 1.366, "2006-01-31": 1.348, "2005-10-31": 1.824, "2005-07-31": "2.71700", "2005-04-30": 1.609, "2005-01-31": 0}, "Common Stock Dividends Paid": {"2020-10-31": -102.3, "2020-07-31": "-100.10000", "2020-04-30": -100.1, "2020-01-31": -100.1, "2019-10-31": -100.1, "2019-07-31": "-96.50000", "2019-04-30": -96.5, "2019-01-31": -96.5, "2018-10-31": -96.5, "2018-07-31": "-88.40000", "2018-04-30": -88.9, "2018-01-31": -88, "2017-10-31": -88.5, "2017-07-31": "-84.90000", "2017-04-30": -87.2, "2017-01-31": -87.2, "2016-10-31": -87.1, "2016-07-31": "-77.80000", "2016-04-30": -80.1, "2016-01-31": -80, "2015-10-31": -80.1, "2015-07-31": "-76.40000", "2015-04-30": -65, "2015-01-31": -65.1, "2014-10-31": -65, "2014-07-31": "-58.90000", "2014-04-30": -60.6, "2014-01-31": -61, "2013-10-31": -61, "2013-07-31": "-55.40000", "2013-04-30": -56.3, "2013-01-31": -56.3, "2012-10-31": -57.4, "2012-07-31": "-52.80000", "2012-04-30": -54.311, "2012-01-31": -54.564, "2011-10-31": -54.666, "2011-07-31": "-50.15900", "2011-04-30": -50.935, "2011-01-31": -47.732, "2010-10-31": -47.739, "2010-07-31": "-47.59400", "2010-04-30": -41.638, "2010-01-31": -41.593, "2009-10-31": -41.586, "2009-07-31": "-41.40700", "2009-04-30": -37.853, "2009-01-31": -37.863, "2008-10-31": -291.709, "2008-07-31": "-17.45100", "2008-04-30": -16.596, "2008-01-31": -17.235, "2007-10-31": -17.229, "2007-07-31": "-17.01400", "2007-04-30": -15.812, "2007-01-31": -15.884, "2006-10-31": -16.127, "2006-07-31": "-15.80900", "2006-04-30": -15.612, "2006-01-31": -15.629, "2005-10-31": -15.708, "2005-07-31": "-15.70700", "2005-04-30": -14.538, "2005-01-31": -41.519}}, "financial ratios": {"Current Ratio": {"2020-04-30": "1.24300", "2019-04-30": "0.69410", "2018-04-30": "1.50420", "2017-04-30": "0.89590", "2016-04-30": "1.29710", "2015-04-30": "1.94010", "2014-04-30": "1.73750", "2013-04-30": "2.67290", "2012-04-30": "2.66410", "2011-04-30": "3.39150", "2010-04-30": "2.55510", "2009-04-30": "1.31820", "2008-04-30": "3.24230", "2007-04-30": "2.70380", "2006-04-30": "2.73040", "2005-04-30": "1.80300"}, "Long-term Debt / Capital": {"2020-04-30": "0.39610", "2019-04-30": "0.37030", "2018-04-30": "0.37270", "2017-04-30": "0.39360", "2016-04-30": "0.42340", "2015-04-30": "0.45620", "2014-04-30": "0.27140", "2013-04-30": "0.27650", "2012-04-30": "0.28130", "2011-04-30": "0.19770", "2010-04-30": "0.14450", "2009-04-30": "0.15560", "2008-04-30": "0.30500", "2007-04-30": "0.17940", "2006-04-30": "0.19870", "2005-04-30": "0.20330"}, "Debt/Equity Ratio": {"2020-04-30": "0.68630", "2019-04-30": "0.74160", "2018-04-30": "0.61230", "2017-04-30": "0.78810", "2016-04-30": "0.77480", "2015-04-30": "0.87070", "2014-04-30": "0.44070", "2013-04-30": "0.39190", "2012-04-30": "0.40100", "2011-04-30": "0.24640", "2010-04-30": "0.17080", "2009-04-30": "0.31110", "2008-04-30": "0.43870", "2007-04-30": "0.23700", "2006-04-30": "0.26460", "2005-04-30": "0.28500"}, "Gross Margin": {"2020-04-30": "38.48230", "2019-04-30": "37.19950", "2018-04-30": "38.54920", "2017-04-30": "38.35480", "2016-04-30": "37.99420", "2015-04-30": "34.58290", "2014-04-30": "36.19930", "2013-04-30": "34.37950", "2012-04-30": "33.39250", "2011-04-30": "37.26920", "2010-04-30": "38.79650", "2009-04-30": "33.30100", "2008-04-30": "30.97960", "2007-04-30": "32.68390", "2006-04-30": "32.15500", "2005-04-30": "32.16520"}, "Operating Margin": {"2020-04-30": "15.67880", "2019-04-30": "11.84740", "2018-04-30": "14.19040", "2017-04-30": "14.10390", "2016-04-30": "14.66230", "2015-04-30": "13.56120", "2014-04-30": "16.37970", "2013-04-30": "15.43650", "2012-04-30": "14.08480", "2011-04-30": "16.25260", "2010-04-30": "17.17390", "2009-04-30": "12.03520", "2008-04-30": "11.25540", "2007-04-30": "11.84210", "2006-04-30": "10.77280", "2005-04-30": "10.80150"}, "EBIT Margin": {"2020-04-30": "15.67880", "2019-04-30": "11.84740", "2018-04-30": "14.19040", "2017-04-30": "14.10390", "2016-04-30": "14.66230", "2015-04-30": "13.56120", "2014-04-30": "16.37970", "2013-04-30": "15.43650", "2012-04-30": "14.08480", "2011-04-30": "16.25260", "2010-04-30": "17.17390", "2009-04-30": "12.03520", "2008-04-30": "11.25540", "2007-04-30": "11.84210", "2006-04-30": "10.77280", "2005-04-30": "10.80150"}, "EBITDA Margin": {"2020-04-30": "21.40240", "2019-04-30": "18.79050", "2018-04-30": "21.77630", "2017-04-30": "19.77190", "2016-04-30": "20.16850", "2015-04-30": "18.25500", "2014-04-30": "20.94960", "2013-04-30": "19.69070", "2012-04-30": "18.55480", "2011-04-30": "21.21770", "2010-04-30": "21.20740", "2009-04-30": "15.18250", "2008-04-30": "13.73370", "2007-04-30": "14.58300", "2006-04-30": "13.68000", "2005-04-30": "13.41600"}, "Pre-Tax Profit Margin": {"2020-04-30": "13.16110", "2019-04-30": "8.95130", "2018-04-30": "11.70300", "2017-04-30": "11.88260", "2016-04-30": "12.51920", "2015-04-30": "9.18720", "2014-04-30": "15.14460", "2013-04-30": "13.85790", "2012-04-30": "12.68960", "2011-04-30": "14.86210", "2010-04-30": "15.86770", "2009-04-30": "10.53940", "2008-04-30": "10.09150", "2007-04-30": "11.21980", "2006-04-30": "10.00450", "2005-04-30": "10.01110"}, "Net Profit Margin": {"2020-04-30": "9.93590", "2019-04-30": "6.52970", "2018-04-30": "18.10220", "2017-04-30": "7.97450", "2016-04-30": "8.77840", "2015-04-30": "6.02000", "2014-04-30": "9.99360", "2013-04-30": "9.14760", "2012-04-30": "8.24320", "2011-04-30": "9.83900", "2010-04-30": "10.63600", "2009-04-30": "7.02540", "2008-04-30": "6.69880", "2007-04-30": "7.31930", "2006-04-30": "6.65300", "2005-04-30": "6.31510"}, "Asset Turnover": {"2020-04-30": "0.45970", "2019-04-30": "0.46900", "2018-04-30": "0.48080", "2017-04-30": "0.47270", "2016-04-30": "0.48870", "2015-04-30": "0.33870", "2014-04-30": "0.61930", "2013-04-30": "0.65300", "2012-04-30": "0.60620", "2011-04-30": "0.57970", "2010-04-30": "0.57750", "2009-04-30": "0.45870", "2008-04-30": "0.80670", "2007-04-30": "0.79740", "2006-04-30": "0.81320", "2005-04-30": "0.77540"}, "Inventory Turnover Ratio": {"2020-04-30": "5.36020", "2019-04-30": "5.40730", "2018-04-30": "5.29140", "2017-04-30": "5.03150", "2016-04-30": "5.38510", "2015-04-30": "3.20040", "2014-04-30": "3.84490", "2013-04-30": "4.09320", "2012-04-30": "3.82760", "2011-04-30": "3.50540", "2010-04-30": "4.30360", "2009-04-30": "4.15030", "2008-04-30": "4.59060", "2007-04-30": "5.05490", "2006-04-30": "5.23800", "2005-04-30": "4.87350"}, "Receiveable Turnover": {"2020-04-30": "14.14760", "2019-04-30": "15.55780", "2018-04-30": "19.07960", "2017-04-30": "16.85050", "2016-04-30": "17.35440", "2015-04-30": "13.23580", "2014-04-30": "18.13380", "2013-04-30": "18.80050", "2012-04-30": "15.90160", "2011-04-30": "14.01150", "2010-04-30": "19.27970", "2009-04-30": "14.12560", "2008-04-30": "15.54420", "2007-04-30": "17.31600", "2006-04-30": "14.55760", "2005-04-30": "14.02470"}, "Days Sales In Receivables": {"2020-04-30": "25.79940", "2019-04-30": "23.46100", "2018-04-30": "19.13040", "2017-04-30": "21.66110", "2016-04-30": "21.03220", "2015-04-30": "27.57680", "2014-04-30": "20.12820", "2013-04-30": "19.41440", "2012-04-30": "22.95370", "2011-04-30": "26.05000", "2010-04-30": "18.93180", "2009-04-30": "25.83960", "2008-04-30": "23.48150", "2007-04-30": "21.07880", "2006-04-30": "25.07290", "2005-04-30": "26.02550"}, "ROE - Return On Equity": {"2020-04-30": "9.51670", "2019-04-30": "6.45380", "2018-04-30": "16.96340", "2017-04-30": "8.64650", "2016-04-30": "9.82660", "2015-04-30": "4.86670", "2014-04-30": "11.23750", "2013-04-30": "10.56950", "2012-04-30": "8.90300", "2011-04-30": "9.06020", "2010-04-30": "9.27730", "2009-04-30": "5.38370", "2008-04-30": "9.46630", "2007-04-30": "8.75550", "2006-04-30": "8.29570", "2005-04-30": "7.71590"}, "Return On Tangible Equity": {"2020-04-30": "-17.15980", "2019-04-30": "-10.16760", "2018-04-30": "-33.73830", "2017-04-30": "-11.01590", "2016-04-30": "-12.34890", "2015-04-30": "-5.87060", "2014-04-30": "-51.71560", "2013-04-30": "-54.77600", "2012-04-30": "-42.63590", "2011-04-30": "-104.15020", "2010-04-30": "-97.28570", "2009-04-30": "-27.98220", "2008-04-30": "319.19810", "2007-04-30": "48.12450", "2006-04-30": "45.62840", "2005-04-30": "48.34830"}, "ROA - Return On Assets": {"2020-04-30": "4.59330", "2019-04-30": "3.07820", "2018-04-30": "8.74830", "2017-04-30": "3.78720", "2016-04-30": "4.30870", "2015-04-30": "2.05220", "2014-04-30": "6.23830", "2013-04-30": "6.02540", "2012-04-30": "5.04320", "2011-04-30": "5.76000", "2010-04-30": "6.19620", "2009-04-30": "3.24640", "2008-04-30": "5.44360", "2007-04-30": "5.83630", "2006-04-30": "5.41010", "2005-04-30": "4.94940"}, "ROI - Return On Investment": {"2020-04-30": "5.74670", "2019-04-30": "4.06420", "2018-04-30": "10.64150", "2017-04-30": "5.24360", "2016-04-30": "5.66620", "2015-04-30": "2.64660", "2014-04-30": "8.18810", "2013-04-30": "7.64690", "2012-04-30": "6.39900", "2011-04-30": "7.26910", "2010-04-30": "7.93630", "2009-04-30": "4.54630", "2008-04-30": "6.57950", "2007-04-30": "7.18450", "2006-04-30": "6.64700", "2005-04-30": "6.14690"}, "Book Value Per Share": {"2020-04-30": "71.80400", "2019-04-30": "70.07530", "2018-04-30": "69.48040", "2017-04-30": "60.38610", "2016-04-30": "60.25860", "2015-04-30": "59.26640", "2014-04-30": "49.45670", "2013-04-30": "48.35140", "2012-04-30": "46.81870", "2011-04-30": "46.35430", "2010-04-30": "44.71430", "2009-04-30": "41.71460", "2008-04-30": "32.95050", "2007-04-30": "31.62480", "2006-04-30": "30.34400", "2005-04-30": "28.88280"}, "Operating Cash Flow Per Share": {"2020-04-30": 0.9751, "2019-04-30": -0.6886, "2018-04-30": 1.6179, "2017-04-30": -3.1164, "2016-04-30": 5.1046, "2015-04-30": -1.0964, "2014-04-30": 0.338, "2013-04-30": 1.4204, "2012-04-30": 3.1671, "2011-04-30": -2.7007, "2010-04-30": 0.8192, "2009-04-30": 2.0088, "2008-04-30": -1.5679, "2007-04-30": 1.3834, "2006-04-30": 0.8074, "2005-04-30": 2.5934}, "Free Cash Flow Per Share": {"2020-04-30": 1.7929, "2019-04-30": -1.13, "2018-04-30": 0.5478, "2017-04-30": -3.1176, "2016-04-30": 5.8244, "2015-04-30": -0.8783, "2014-04-30": -0.3755, "2013-04-30": 1.9441, "2012-04-30": 2.2484, "2011-04-30": -3.0302, "2010-04-30": 0.9242, "2009-04-30": 2.0866, "2008-04-30": -1.9509, "2007-04-30": 1.449, "2006-04-30": 1.2582, "2005-04-30": 1.1185}}, "financial ratios, quarterly": {"Current Ratio": {"2020-10-31": "0.76760", "2020-07-31": "0.95740", "2020-04-30": "1.24300", "2020-01-31": "0.77150", "2019-10-31": "0.71820", "2019-07-31": "0.70430", "2019-04-30": "0.69410", "2019-01-31": "0.95030", "2018-10-31": "1.24590", "2018-07-31": "1.16960", "2018-04-30": "1.50420", "2018-01-31": "1.47710", "2017-10-31": "0.96300", "2017-07-31": "0.96640", "2017-04-30": "0.89590", "2017-01-31": "1.69560", "2016-10-31": "1.38190", "2016-07-31": "1.35110", "2016-04-30": "1.29710", "2016-01-31": "1.78770", "2015-10-31": "1.77100", "2015-07-31": "1.91250", "2015-04-30": "1.94010", "2015-01-31": "2.13430", "2014-10-31": "1.71880", "2014-07-31": "1.69550", "2014-04-30": "1.73750", "2014-01-31": "2.47920", "2013-10-31": "1.96690", "2013-07-31": "2.02950", "2013-04-30": "2.67290", "2013-01-31": "2.94200", "2012-10-31": "2.45880", "2012-07-31": "2.53400", "2012-04-30": "2.66410", "2012-01-31": "3.65340", "2011-10-31": "4.02570", "2011-07-31": "1.98780", "2011-04-30": "3.39150", "2011-01-31": "3.99530", "2010-10-31": "3.88780", "2010-07-31": "3.74390", "2010-04-30": "2.55510", "2010-01-31": "2.39780", "2009-10-31": "1.47350", "2009-07-31": "1.44140", "2009-04-30": "1.31820", "2009-01-31": "1.19650", "2008-10-31": "2.15130", "2008-07-31": "2.06830", "2008-04-30": "3.24230", "2008-01-31": "3.50240", "2007-10-31": "3.21890", "2007-07-31": "3.22380", "2007-04-30": "2.70380", "2007-01-31": "2.35130", "2006-10-31": "2.13420", "2006-07-31": "2.33440", "2006-04-30": "2.73040", "2006-01-31": "2.26650", "2005-10-31": "1.81130", "2005-07-31": "1.73820", "2005-04-30": "1.80300", "2005-01-31": "1.54020"}, "Long-term Debt / Capital": {"2020-10-31": "0.31490", "2020-07-31": "0.35890", "2020-04-30": "0.39610", "2020-01-31": "0.35940", "2019-10-31": "0.36160", "2019-07-31": "0.36910", "2019-04-30": "0.37030", "2019-01-31": "0.39720", "2018-10-31": "0.42290", "2018-07-31": "0.43820", "2018-04-30": "0.37270", "2018-01-31": "0.37530", "2017-10-31": "0.37900", "2017-07-31": "0.39070", "2017-04-30": "0.39360", "2017-01-31": "0.40580", "2016-10-31": "0.40790", "2016-07-31": "0.41560", "2016-04-30": "0.42340", "2016-01-31": "0.41260", "2015-10-31": "0.43170", "2015-07-31": "0.44400", "2015-04-30": "0.45620", "2015-01-31": "0.26590", "2014-10-31": "0.26800", "2014-07-31": "0.27010", "2014-04-30": "0.27140", "2014-01-31": "0.26530", "2013-10-31": "0.26710", "2013-07-31": "0.26890", "2013-04-30": "0.27650", "2013-01-31": "0.27730", "2012-10-31": "0.28150", "2012-07-31": "0.27890", "2012-04-30": "0.28130", "2012-01-31": "0.27780", "2011-10-31": "0.27870", "2011-07-31": "0.19780", "2011-04-30": "0.19770", "2011-01-31": "0.19510", "2010-10-31": "0.19110", "2010-07-31": "0.19420", "2010-04-30": "0.14450", "2010-01-31": "0.14660", "2009-10-31": "0.14910", "2009-07-31": "0.15310", "2009-04-30": "0.15560", "2009-01-31": "0.15620", "2008-10-31": "0.42400", "2008-07-31": "0.28210", "2008-04-30": "0.30500", "2008-01-31": "0.29930", "2007-10-31": "0.29200", "2007-07-31": "0.30020", "2007-04-30": "0.17940", "2007-01-31": "0.18310", "2006-10-31": "0.18340", "2006-07-31": "0.19690", "2006-04-30": "0.19870", "2006-01-31": "0.19780", "2005-10-31": "0.19930", "2005-07-31": "0.20270", "2005-04-30": "0.20330", "2005-01-31": "0.20480"}, "Debt/Equity Ratio": {"2020-10-31": "0.60500", "2020-07-31": "0.64330", "2020-04-30": "0.68630", "2020-01-31": "0.66010", "2019-10-31": "0.70560", "2019-07-31": "0.72180", "2019-04-30": "0.74160", "2019-01-31": "0.75910", "2018-10-31": "0.78150", "2018-07-31": "0.84670", "2018-04-30": "0.61230", "2018-01-31": "0.63330", "2017-10-31": "0.74720", "2017-07-31": "0.75420", "2017-04-30": "0.78810", "2017-01-31": "0.70240", "2016-10-31": "0.74530", "2016-07-31": "0.75420", "2016-04-30": "0.77480", "2016-01-31": "0.72140", "2015-10-31": "0.81080", "2015-07-31": "0.84110", "2015-04-30": "0.87070", "2015-01-31": "0.41730", "2014-10-31": "0.47180", "2014-07-31": "0.46240", "2014-04-30": "0.44070", "2014-01-31": "0.38990", "2013-10-31": "0.43360", "2013-07-31": "0.41420", "2013-04-30": "0.39190", "2013-01-31": "0.39320", "2012-10-31": "0.40160", "2012-07-31": "0.39630", "2012-04-30": "0.40100", "2012-01-31": "0.38470", "2011-10-31": "0.38630", "2011-07-31": "0.30390", "2011-04-30": "0.24640", "2011-01-31": "0.24240", "2010-10-31": "0.23620", "2010-07-31": "0.24280", "2010-04-30": "0.17080", "2010-01-31": "0.17370", "2009-10-31": "0.28440", "2009-07-31": "0.29020", "2009-04-30": "0.31110", "2009-01-31": "0.31280", "2008-10-31": "0.78570", "2008-07-31": "0.43410", "2008-04-30": "0.43870", "2008-01-31": "0.42710", "2007-10-31": "0.41250", "2007-07-31": "0.44690", "2007-04-30": "0.23700", "2007-01-31": "0.24290", "2006-10-31": "0.24340", "2006-07-31": "0.27300", "2006-04-30": "0.26460", "2006-01-31": "0.26820", "2005-10-31": "0.27190", "2005-07-31": "0.27460", "2005-04-30": "0.28500", "2005-01-31": "0.30130"}, "Gross Margin": {"2020-10-31": "40.22620", "2020-07-31": "39.32450", "2020-04-30": "37.68640", "2020-01-31": "38.53370", "2019-10-31": "38.51260", "2019-07-31": "39.32770", "2019-04-30": "36.40190", "2019-01-31": "38.46120", "2018-10-31": "38.15480", "2018-07-31": "35.64780", "2018-04-30": "38.76380", "2018-01-31": "38.27560", "2017-10-31": "39.24930", "2017-07-31": "37.85810", "2017-04-30": "36.25970", "2017-01-31": "38.47670", "2016-10-31": "38.81600", "2016-07-31": "39.80060", "2016-04-30": "38.06150", "2016-01-31": "38.69500", "2015-10-31": "37.89290", "2015-07-31": "37.33090", "2015-04-30": "29.75610", "2015-01-31": "36.31250", "2014-10-31": "36.20600", "2014-07-31": "36.16110", "2014-04-30": "35.67200", "2014-01-31": "37.20230", "2013-10-31": "35.42540", "2013-07-31": "36.48680", "2013-04-30": "35.80650", "2013-01-31": "34.38060", "2012-10-31": "33.27190", "2012-07-31": "34.29950", "2012-04-30": "33.18370", "2012-01-31": "31.73020", "2011-10-31": "32.93930", "2011-07-31": "36.25960", "2011-04-30": "35.46230", "2011-01-31": "36.14990", "2010-10-31": "38.67890", "2010-07-31": "38.99840", "2010-04-30": "40.23160", "2010-01-31": "38.00390", "2009-10-31": "38.49480", "2009-07-31": "38.61330", "2009-04-30": "37.35840", "2009-01-31": "33.91200", "2008-10-31": "28.87050", "2008-07-31": "31.30820", "2008-04-30": "30.88810", "2008-01-31": "29.37500", "2007-10-31": "30.86470", "2007-07-31": "33.12190", "2007-04-30": "36.45660", "2007-01-31": "33.06700", "2006-10-31": "31.60420", "2006-07-31": "30.00780", "2006-04-30": "32.06480", "2006-01-31": "30.54400", "2005-10-31": "33.55350", "2005-07-31": "32.27570", "2005-04-30": "30.55200", "2005-01-31": "31.65890"}, "Operating Margin": {"2020-10-31": "18.72170", "2020-07-31": "18.31320", "2020-04-30": "16.57270", "2020-01-31": "14.65290", "2019-10-31": "16.84540", "2019-07-31": "14.48090", "2019-04-30": "8.07530", "2019-01-31": "10.81570", "2018-10-31": "16.34930", "2018-07-31": "11.92640", "2018-04-30": "17.55460", "2018-01-31": "8.61660", "2017-10-31": "17.26450", "2017-07-31": "13.44850", "2017-04-30": "11.64930", "2017-01-31": "12.65170", "2016-10-31": "15.84720", "2016-07-31": "16.18020", "2016-04-30": "13.61480", "2016-01-31": "16.12540", "2015-10-31": "15.10320", "2015-07-31": "13.68340", "2015-04-30": "4.87180", "2015-01-31": "17.71530", "2014-10-31": "17.19530", "2014-07-31": "14.47350", "2014-04-30": "15.50680", "2014-01-31": "17.98020", "2013-10-31": "16.07800", "2013-07-31": "15.78950", "2013-04-30": "15.97370", "2013-01-31": "16.56190", "2012-10-31": "15.20230", "2012-07-31": "13.90820", "2012-04-30": "13.69490", "2012-01-31": "13.65230", "2011-10-31": "13.97800", "2011-07-31": "15.19940", "2011-04-30": "13.99470", "2011-01-31": "16.22750", "2010-10-31": "18.76870", "2010-07-31": "15.77060", "2010-04-30": "16.93070", "2010-01-31": "17.40270", "2009-10-31": "18.08070", "2009-07-31": "16.05610", "2009-04-30": "14.85130", "2009-01-31": "11.45440", "2008-10-31": "10.23520", "2008-07-31": "10.82310", "2008-04-30": "10.45540", "2008-01-31": "10.31570", "2007-10-31": "11.82020", "2007-07-31": "12.49750", "2007-04-30": "13.54280", "2007-01-31": "12.30730", "2006-10-31": "12.28160", "2006-07-31": "9.28110", "2006-04-30": "11.44680", "2006-01-31": "8.89120", "2005-10-31": "12.75520", "2005-07-31": "9.73330", "2005-04-30": "9.01690", "2005-01-31": "10.85810"}, "EBIT Margin": {"2020-10-31": "18.72170", "2020-07-31": "18.31320", "2020-04-30": "16.57270", "2020-01-31": "14.65290", "2019-10-31": "16.84540", "2019-07-31": "14.48090", "2019-04-30": "8.07530", "2019-01-31": "10.81570", "2018-10-31": "16.34930", "2018-07-31": "11.92640", "2018-04-30": "17.55460", "2018-01-31": "8.61660", "2017-10-31": "17.26450", "2017-07-31": "13.44850", "2017-04-30": "11.64930", "2017-01-31": "12.65170", "2016-10-31": "15.84720", "2016-07-31": "16.18020", "2016-04-30": "13.61480", "2016-01-31": "16.12540", "2015-10-31": "15.10320", "2015-07-31": "13.68340", "2015-04-30": "4.87180", "2015-01-31": "17.71530", "2014-10-31": "17.19530", "2014-07-31": "14.47350", "2014-04-30": "15.50680", "2014-01-31": "17.98020", "2013-10-31": "16.07800", "2013-07-31": "15.78950", "2013-04-30": "15.97370", "2013-01-31": "16.56190", "2012-10-31": "15.20230", "2012-07-31": "13.90820", "2012-04-30": "13.69490", "2012-01-31": "13.65230", "2011-10-31": "13.97800", "2011-07-31": "15.19940", "2011-04-30": "13.99480", "2011-01-31": "16.22750", "2010-10-31": "18.76870", "2010-07-31": "15.77060", "2010-04-30": "16.93070", "2010-01-31": "17.40270", "2009-10-31": "18.08070", "2009-07-31": "16.05610", "2009-04-30": "14.85130", "2009-01-31": "11.45440", "2008-10-31": "10.23520", "2008-07-31": "10.82310", "2008-04-30": "10.45540", "2008-01-31": "10.31570", "2007-10-31": "11.82020", "2007-07-31": "12.49750", "2007-04-30": "13.54290", "2007-01-31": "12.30730", "2006-10-31": "12.28160", "2006-07-31": "9.28110", "2006-04-30": "11.44680", "2006-01-31": "8.89120", "2005-10-31": "12.75520", "2005-07-31": "9.73330", "2005-04-30": "9.01690", "2005-01-31": "10.85810"}, "EBITDA Margin": {"2020-10-31": "", "2020-07-31": "", "2020-04-30": "", "2020-01-31": "", "2019-10-31": "", "2019-07-31": "", "2019-04-30": "", "2019-01-31": "", "2018-10-31": "", "2018-07-31": "", "2018-04-30": "", "2018-01-31": "", "2017-10-31": "", "2017-07-31": "", "2017-04-30": "", "2017-01-31": "", "2016-10-31": "", "2016-07-31": "", "2016-04-30": "", "2016-01-31": "", "2015-10-31": "", "2015-07-31": "", "2015-04-30": "", "2015-01-31": "", "2014-10-31": "", "2014-07-31": "", "2014-04-30": "", "2014-01-31": "", "2013-10-31": "", "2013-07-31": "", "2013-04-30": "", "2013-01-31": "", "2012-10-31": "", "2012-07-31": "", "2012-04-30": "", "2012-01-31": "", "2011-10-31": "", "2011-07-31": "", "2011-04-30": "", "2011-01-31": "", "2010-10-31": "", "2010-07-31": "", "2010-04-30": "", "2010-01-31": "", "2009-10-31": "", "2009-07-31": "", "2009-04-30": "", "2009-01-31": "", "2008-10-31": "", "2008-07-31": "", "2008-04-30": "", "2008-01-31": "", "2007-10-31": "", "2007-07-31": "", "2007-04-30": "", "2007-01-31": "", "2006-10-31": "", "2006-07-31": "", "2006-04-30": "", "2006-01-31": "", "2005-10-31": "", "2005-07-31": "", "2005-04-30": "", "2005-01-31": ""}, "Pre-Tax Profit Margin": {"2020-10-31": "14.92130", "2020-07-31": "15.90430", "2020-04-30": "14.26390", "2020-01-31": "12.29530", "2019-10-31": "14.25580", "2019-07-31": "11.61950", "2019-04-30": "5.35720", "2019-01-31": "7.81350", "2018-10-31": "13.32670", "2018-07-31": "9.09860", "2018-04-30": "14.83190", "2018-01-31": "6.09470", "2017-10-31": "15.16950", "2017-07-31": "10.80680", "2017-04-30": "9.07610", "2017-01-31": "10.51740", "2016-10-31": "13.87220", "2016-07-31": "13.95530", "2016-04-30": "11.62870", "2016-01-31": "13.94700", "2015-10-31": "12.97590", "2015-07-31": "11.41390", "2015-04-30": "-8.96970", "2015-01-31": "16.55560", "2014-10-31": "16.12230", "2014-07-31": "13.25730", "2014-04-30": "14.88290", "2014-01-31": "16.82020", "2013-10-31": "14.74450", "2013-07-31": "14.02770", "2013-04-30": "14.31660", "2013-01-31": "15.00390", "2012-10-31": "13.76560", "2012-07-31": "12.21440", "2012-04-30": "12.09540", "2012-01-31": "12.07620", "2011-10-31": "12.76180", "2011-07-31": "14.03220", "2011-04-30": "12.63050", "2011-01-31": "14.91820", "2010-10-31": "17.33720", "2010-07-31": "14.29890", "2010-04-30": "15.65420", "2010-01-31": "16.34920", "2009-10-31": "16.81350", "2009-07-31": "14.38230", "2009-04-30": "13.19900", "2009-01-31": "9.66990", "2008-10-31": "9.15920", "2008-07-31": "9.56020", "2008-04-30": "8.97100", "2008-01-31": "9.34210", "2007-10-31": "10.71860", "2007-07-31": "11.36630", "2007-04-30": "13.31970", "2007-01-31": "11.55620", "2006-10-31": "11.67620", "2006-07-31": "8.39320", "2006-04-30": "9.54000", "2006-01-31": "9.24070", "2005-10-31": "11.96820", "2005-07-31": "8.93130", "2005-04-30": "8.46550", "2005-01-31": "10.08990"}, "Net Profit Margin": {"2020-10-31": "11.30290", "2020-07-31": "11.96370", "2020-04-30": "10.76000", "2020-01-31": "9.44580", "2019-10-31": "10.72120", "2019-07-31": "8.64580", "2019-04-30": "3.69070", "2019-01-31": "6.00430", "2018-10-31": "9.32480", "2018-07-31": "6.95400", "2018-04-30": "10.39690", "2018-01-31": "43.44560", "2017-10-31": "10.05930", "2017-07-31": "7.21600", "2017-04-30": "6.15540", "2017-01-31": "7.13220", "2016-10-31": "9.22200", "2016-07-31": "9.31820", "2016-04-30": "10.52220", "2016-01-31": "9.34700", "2015-10-31": "8.43240", "2015-07-31": "6.95700", "2015-04-30": "-6.19170", "2015-01-31": "11.10420", "2014-10-31": "10.60870", "2014-07-31": "8.70220", "2014-04-30": "9.51960", "2014-01-31": "11.29310", "2013-10-31": "9.75700", "2013-07-31": "9.29010", "2013-04-30": "9.64400", "2013-01-31": "9.79740", "2012-10-31": "9.06240", "2012-07-31": "8.02370", "2012-04-30": "7.62040", "2012-01-31": "7.89500", "2011-10-31": "8.31950", "2011-07-31": "9.28570", "2011-04-30": "7.91800", "2011-01-31": "9.95800", "2010-10-31": "11.58990", "2010-07-31": "9.72910", "2010-04-30": "11.18410", "2010-01-31": "11.13560", "2009-10-31": "10.84920", "2009-07-31": "9.24650", "2009-04-30": "8.75280", "2009-01-31": "6.54240", "2008-10-31": "6.06400", "2008-07-31": "6.32620", "2008-04-30": "6.06800", "2008-01-31": "6.37250", "2007-10-31": "7.08670", "2007-07-31": "7.25910", "2007-04-30": "8.61220", "2007-01-31": "7.72860", "2006-10-31": "7.53260", "2006-07-31": "5.45560", "2006-04-30": "7.11630", "2006-01-31": "5.83690", "2005-10-31": "7.66070", "2005-07-31": "5.85840", "2005-04-30": "4.49930", "2005-01-31": "6.56230"}, "Asset Turnover": {"2020-10-31": "0.12010", "2020-07-31": "0.11670", "2020-04-30": "0.12330", "2020-01-31": "0.11860", "2019-10-31": "0.11660", "2019-07-31": "0.10590", "2019-04-30": "0.11380", "2019-01-31": "0.11890", "2018-10-31": "0.11770", "2018-07-31": "0.10860", "2018-04-30": "0.11640", "2018-01-31": "0.12420", "2017-10-31": "0.12250", "2017-07-31": "0.11180", "2017-04-30": "0.11410", "2017-01-31": "0.11880", "2016-10-31": "0.11920", "2016-07-31": "0.11310", "2016-04-30": "0.11310", "2016-01-31": "0.12120", "2015-10-31": "0.12450", "2015-07-31": "0.11650", "2015-04-30": "0.08610", "2015-01-31": "0.15830", "2014-10-31": "0.15870", "2014-07-31": "0.14310", "2014-04-30": "0.13620", "2014-01-31": "0.16300", "2013-10-31": "0.16870", "2013-07-31": "0.14950", "2013-04-30": "0.14830", "2013-01-31": "0.16980", "2012-10-31": "0.17720", "2012-07-31": "0.14790", "2012-04-30": "0.14870", "2012-01-31": "0.15890", "2011-10-31": "0.16430", "2011-07-31": "0.13540", "2011-04-30": "0.14260", "2011-01-31": "0.15700", "2010-10-31": "0.14950", "2010-07-31": "0.12440", "2010-04-30": "0.13410", "2010-01-31": "0.15270", "2009-10-31": "0.15150", "2009-07-31": "0.12770", "2009-04-30": "0.13040", "2009-01-31": "0.14340", "2008-10-31": "0.24970", "2008-07-31": "0.20530", "2008-04-30": "0.18850", "2008-01-31": "0.21040", "2007-10-31": "0.21560", "2007-07-31": "0.17540", "2007-04-30": "0.18320", "2007-01-31": "0.19700", "2006-10-31": "0.22490", "2006-07-31": "0.19370", "2006-04-30": "0.18930", "2006-01-31": "0.20120", "2005-10-31": "0.22290", "2005-07-31": "0.19000", "2005-04-30": "0.18640", "2005-01-31": "0.20910"}, "Inventory Turnover Ratio": {"2020-10-31": "1.22340", "2020-07-31": "1.20240", "2020-04-30": "1.45600", "2020-01-31": "1.26440", "2019-10-31": "1.18800", "2019-07-31": "1.06510", "2019-04-30": "1.32890", "2019-01-31": "1.33890", "2018-10-31": "1.29390", "2018-07-31": "1.20340", "2018-04-30": "1.27670", "2018-01-31": "1.29230", "2017-10-31": "1.15510", "2017-07-31": "1.10750", "2017-04-30": "1.25540", "2017-01-31": "1.16100", "2016-10-31": "1.13870", "2016-07-31": "1.07740", "2016-04-30": "1.24480", "2016-01-31": "1.28460", "2015-10-31": "1.22730", "2015-07-31": "1.06300", "2015-04-30": "0.87360", "2015-01-31": "0.97130", "2014-10-31": "0.88740", "2014-07-31": "0.77930", "2014-04-30": "0.85280", "2014-01-31": "1.06420", "2013-10-31": "0.98400", "2013-07-31": "0.81000", "2013-04-30": "0.90960", "2013-01-31": "1.16540", "2012-10-31": "1.11420", "2012-07-31": "0.88280", "2012-04-30": "0.94180", "2012-01-31": "1.01120", "2011-10-31": "0.88750", "2011-07-31": "0.62430", "2011-04-30": "0.88720", "2011-01-31": "1.13960", "2010-10-31": "0.95340", "2010-07-31": "0.83410", "2010-04-30": "0.97560", "2010-01-31": "1.12690", "2009-10-31": "1.03210", "2009-07-31": "0.82040", "2009-04-30": "1.10830", "2009-01-31": "1.18700", "2008-10-31": "1.19800", "2008-07-31": "0.96630", "2008-04-30": "1.07420", "2008-01-31": "1.34930", "2007-10-31": "1.22360", "2007-07-31": "0.96510", "2007-04-30": "1.09620", "2007-01-31": "1.26260", "2006-10-31": "1.37860", "2006-07-31": "1.20800", "2006-04-30": "1.22120", "2006-01-31": "1.15900", "2005-10-31": "1.15450", "2005-07-31": "1.00410", "2005-04-30": "1.19970", "2005-01-31": "1.24740"}, "Receiveable Turnover": {"2020-10-31": "3.52510", "2020-07-31": "3.96260", "2020-04-30": "3.79400", "2020-01-31": "4.13220", "2019-10-31": "3.74770", "2019-07-31": "3.75530", "2019-04-30": "3.77550", "2019-01-31": "4.00300", "2018-10-31": "3.59760", "2018-07-31": "3.77330", "2018-04-30": "4.61960", "2018-01-31": "4.50270", "2017-10-31": "3.99420", "2017-07-31": "4.03250", "2017-04-30": "4.06610", "2017-01-31": "4.45850", "2016-10-31": "3.69620", "2016-07-31": "3.47190", "2016-04-30": "4.01600", "2016-01-31": "3.91800", "2015-10-31": "3.43190", "2015-07-31": "3.84330", "2015-04-30": "3.36460", "2015-01-31": "3.85130", "2014-10-31": "3.26960", "2014-07-31": "3.37270", "2014-04-30": "3.98930", "2014-01-31": "4.01290", "2013-10-31": "3.36040", "2013-07-31": "3.78090", "2013-04-30": "4.27060", "2013-01-31": "4.32980", "2012-10-31": "3.47000", "2012-07-31": "3.50380", "2012-04-30": "3.90030", "2012-01-31": "4.02400", "2011-10-31": "3.27570", "2011-07-31": "3.39400", "2011-04-30": "3.44680", "2011-01-31": "4.18840", "2010-10-31": "2.85560", "2010-07-31": "3.42910", "2010-04-30": "4.47560", "2010-01-31": "4.28130", "2009-10-31": "3.10950", "2009-07-31": "3.41950", "2009-04-30": "4.01650", "2009-01-31": "4.56410", "2008-10-31": "3.15200", "2008-07-31": "3.63260", "2008-04-30": "3.63240", "2008-01-31": "4.71180", "2007-10-31": "3.17010", "2007-07-31": "3.79240", "2007-04-30": "3.97810", "2007-01-31": "4.44720", "2006-10-31": "3.39040", "2006-07-31": "3.63830", "2006-04-30": "3.38940", "2006-01-31": "4.37870", "2005-10-31": "3.23880", "2005-07-31": "3.16460", "2005-04-30": "3.37230", "2005-01-31": "4.24110"}, "Days Sales In Receivables": {"2020-10-31": "25.53100", "2020-07-31": "22.71220", "2020-04-30": "23.72180", "2020-01-31": "21.78020", "2019-10-31": "24.01470", "2019-07-31": "23.96590", "2019-04-30": "23.83790", "2019-01-31": "22.48320", "2018-10-31": "25.01660", "2018-07-31": "23.85180", "2018-04-30": "19.48240", "2018-01-31": "19.98790", "2017-10-31": "22.53280", "2017-07-31": "22.31860", "2017-04-30": "22.13420", "2017-01-31": "20.18630", "2016-10-31": "24.34920", "2016-07-31": "25.92250", "2016-04-30": "22.41040", "2016-01-31": "22.97080", "2015-10-31": "26.22420", "2015-07-31": "23.41750", "2015-04-30": "26.74940", "2015-01-31": "23.36880", "2014-10-31": "27.52600", "2014-07-31": "26.68450", "2014-04-30": "22.56020", "2014-01-31": "22.42780", "2013-10-31": "26.78250", "2013-07-31": "23.80410", "2013-04-30": "21.07410", "2013-01-31": "20.78640", "2012-10-31": "25.93670", "2012-07-31": "25.68680", "2012-04-30": "23.07490", "2012-01-31": "22.36590", "2011-10-31": "27.47540", "2011-07-31": "26.51760", "2011-04-30": "26.11090", "2011-01-31": "21.48790", "2010-10-31": "31.51650", "2010-07-31": "26.24590", "2010-04-30": "20.10890", "2010-01-31": "21.02180", "2009-10-31": "28.94360", "2009-07-31": "26.31950", "2009-04-30": "22.40750", "2009-01-31": "19.71910", "2008-10-31": "28.55370", "2008-07-31": "24.77540", "2008-04-30": "24.77690", "2008-01-31": "19.10110", "2007-10-31": "28.39040", "2007-07-31": "23.73140", "2007-04-30": "22.62400", "2007-01-31": "20.23720", "2006-10-31": "26.54590", "2006-07-31": "24.73700", "2006-04-30": "26.55340", "2006-01-31": "20.55400", "2005-10-31": "27.78770", "2005-07-31": "28.43950", "2005-04-30": "26.68830", "2005-01-31": "21.22070"}, "ROE - Return On Equity": {"2020-10-31": "2.71050", "2020-07-31": "2.84000", "2020-04-30": "2.76280", "2020-01-31": "2.29360", "2019-10-31": "2.60890", "2019-07-31": "1.93060", "2019-04-30": "0.89710", "2019-01-31": "1.51340", "2018-10-31": "2.34740", "2018-07-31": "1.67700", "2018-04-30": "2.35580", "2018-01-31": "10.65200", "2017-10-31": "2.76570", "2017-07-31": "1.82920", "2017-04-30": "1.61160", "2017-01-31": "1.85860", "2016-10-31": "2.46930", "2016-07-31": "2.39580", "2016-04-30": "2.72530", "2016-01-31": "2.52950", "2015-10-31": "2.43320", "2015-07-31": "1.91300", "2015-04-30": "-1.27420", "2015-01-31": "3.07990", "2014-10-31": "3.06490", "2014-07-31": "2.28150", "2014-04-30": "2.35610", "2014-01-31": "3.20280", "2013-10-31": "2.96830", "2013-07-31": "2.49450", "2013-04-30": "2.53070", "2013-01-31": "2.93140", "2012-10-31": "2.88780", "2012-07-31": "2.12310", "2012-04-30": "2.01580", "2012-01-31": "2.17020", "2011-10-31": "2.37250", "2011-07-31": "2.08520", "2011-04-30": "1.79310", "2011-01-31": "2.46110", "2010-10-31": "2.72030", "2010-07-31": "1.90690", "2010-04-30": "2.26430", "2010-01-31": "2.58540", "2009-10-31": "2.72600", "2009-07-31": "1.94790", "2009-04-30": "1.90830", "2009-01-31": "1.58580", "2008-10-31": "3.40230", "2008-07-31": "2.32720", "2008-04-30": "2.05860", "2008-01-31": "2.29120", "2007-10-31": "2.61560", "2007-07-31": "2.20840", "2007-04-30": "2.36680", "2007-01-31": "2.30300", "2006-10-31": "2.59690", "2006-07-31": "1.64560", "2006-04-30": "2.06600", "2006-01-31": "1.79790", "2005-10-31": "2.68730", "2005-07-31": "1.76470", "2005-04-30": "1.58420", "2005-01-31": "2.11630"}, "Return On Tangible Equity": {"2020-10-31": "-5.61610", "2020-07-31": "-5.46450", "2020-04-30": "-4.98170", "2020-01-31": "-4.04420", "2019-10-31": "-4.38080", "2019-07-31": "-3.11270", "2019-04-30": "-1.41330", "2019-01-31": "-2.34530", "2018-10-31": "-3.51010", "2018-07-31": "-2.29860", "2018-04-30": "-4.68550", "2018-01-31": "-20.19680", "2017-10-31": "-3.81470", "2017-07-31": "-2.40860", "2017-04-30": "-2.05330", "2017-01-31": "-2.63670", "2016-10-31": "-3.35340", "2016-07-31": "-3.13120", "2016-04-30": "-3.42480", "2016-01-31": "-3.47370", "2015-10-31": "-3.13850", "2015-07-31": "-2.36680", "2015-04-30": "1.53700", "2015-01-31": "-18.18900", "2014-10-31": "-16.13170", "2014-07-31": "-11.44100", "2014-04-30": "-10.84270", "2014-01-31": "-17.72840", "2013-10-31": "-15.20320", "2013-07-31": "-12.17080", "2013-04-30": "-13.11520", "2013-01-31": "-16.99110", "2012-10-31": "-14.32340", "2012-07-31": "-11.18150", "2012-04-30": "-9.65370", "2012-01-31": "-13.22740", "2011-10-31": "-20.08000", "2011-07-31": "-16.20460", "2011-04-30": "-20.61240", "2011-01-31": "-32.94210", "2010-10-31": "-51.13890", "2010-07-31": "-24.55580", "2010-04-30": "-23.74490", "2010-01-31": "-22.32220", "2009-10-31": "-18.98280", "2009-07-31": "-11.44370", "2009-04-30": "-9.91840", "2009-01-31": "-7.46160", "2008-10-31": "-20.78830", "2008-07-31": "121.25730", "2008-04-30": "69.41350", "2008-01-31": "28.75600", "2007-10-31": "24.03370", "2007-07-31": "23.23620", "2007-04-30": "13.00890", "2007-01-31": "13.94640", "2006-10-31": "15.94300", "2006-07-31": "9.09830", "2006-04-30": "11.36340", "2006-01-31": "9.81920", "2005-10-31": "15.10450", "2005-07-31": "10.86170", "2005-04-30": "9.92680", "2005-01-31": "12.92720"}, "ROA - Return On Assets": {"2020-10-31": "1.36330", "2020-07-31": "1.40220", "2020-04-30": "1.33350", "2020-01-31": "1.12650", "2019-10-31": "1.25780", "2019-07-31": "0.92070", "2019-04-30": "0.42790", "2019-01-31": "0.71720", "2018-10-31": "1.09760", "2018-07-31": "0.75940", "2018-04-30": "1.21490", "2018-01-31": "5.42300", "2017-10-31": "1.23930", "2017-07-31": "0.81070", "2017-04-30": "0.70590", "2017-01-31": "0.85130", "2016-10-31": "1.10410", "2016-07-31": "1.05840", "2016-04-30": "1.19490", "2016-01-31": "1.13810", "2015-10-31": "1.05420", "2015-07-31": "0.81390", "2015-04-30": "-0.53730", "2015-01-31": "1.76900", "2014-10-31": "1.69580", "2014-07-31": "1.25400", "2014-04-30": "1.30790", "2014-01-31": "1.85450", "2013-10-31": "1.65910", "2013-07-31": "1.40140", "2013-04-30": "1.44270", "2013-01-31": "1.67890", "2012-10-31": "1.61940", "2012-07-31": "1.19740", "2012-04-30": "1.14190", "2012-01-31": "1.26510", "2011-10-31": "1.38080", "2011-07-31": "1.26990", "2011-04-30": "1.14000", "2011-01-31": "1.57910", "2010-10-31": "1.75050", "2010-07-31": "1.22200", "2010-04-30": "1.51230", "2010-01-31": "1.71500", "2009-10-31": "1.65900", "2009-07-31": "1.19080", "2009-04-30": "1.15070", "2009-01-31": "0.94510", "2008-10-31": "1.52390", "2008-07-31": "1.30840", "2008-04-30": "1.18380", "2008-01-31": "1.34080", "2007-10-31": "1.52790", "2007-07-31": "1.27290", "2007-04-30": "1.57760", "2007-01-31": "1.52220", "2006-10-31": "1.69430", "2006-07-31": "1.05680", "2006-04-30": "1.34730", "2006-01-31": "1.17440", "2005-10-31": "1.70730", "2005-07-31": "1.11280", "2005-04-30": "1.01620", "2005-01-31": "1.35020"}, "ROI - Return On Investment": {"2020-10-31": "1.85690", "2020-07-31": "1.82060", "2020-04-30": "1.66840", "2020-01-31": "1.46940", "2019-10-31": "1.66560", "2019-07-31": "1.21800", "2019-04-30": "0.56490", "2019-01-31": "0.91230", "2018-10-31": "1.35460", "2018-07-31": "0.94220", "2018-04-30": "1.47780", "2018-01-31": "6.65430", "2017-10-31": "1.71750", "2017-07-31": "1.11460", "2017-04-30": "0.97740", "2017-01-31": "1.10450", "2016-10-31": "1.46220", "2016-07-31": "1.40010", "2016-04-30": "1.57140", "2016-01-31": "1.48580", "2015-10-31": "1.38280", "2015-07-31": "1.06360", "2015-04-30": "-0.69290", "2015-01-31": "2.26110", "2014-10-31": "2.24350", "2014-07-31": "1.66540", "2014-04-30": "1.71670", "2014-01-31": "2.35310", "2013-10-31": "2.17540", "2013-07-31": "1.82360", "2013-04-30": "1.83090", "2013-01-31": "2.11850", "2012-10-31": "2.07480", "2012-07-31": "1.53110", "2012-04-30": "1.44890", "2012-01-31": "1.56730", "2011-10-31": "1.71140", "2011-07-31": "1.67280", "2011-04-30": "1.43860", "2011-01-31": "1.98090", "2010-10-31": "2.20060", "2010-07-31": "1.53670", "2010-04-30": "1.93700", "2010-01-31": "2.20640", "2009-10-31": "2.31950", "2009-07-31": "1.64970", "2009-04-30": "1.61140", "2009-01-31": "1.33810", "2008-10-31": "1.95970", "2008-07-31": "1.67080", "2008-04-30": "1.43080", "2008-01-31": "1.60550", "2007-10-31": "1.85180", "2007-07-31": "1.54540", "2007-04-30": "1.94210", "2007-01-31": "1.88140", "2006-10-31": "2.12060", "2006-07-31": "1.32160", "2006-04-30": "1.65540", "2006-01-31": "1.44230", "2005-10-31": "2.15180", "2005-07-31": "1.40690", "2005-04-30": "1.26210", "2005-01-31": "1.68290"}, "Book Value Per Share": {"2020-10-31": "74.62950", "2020-07-31": "73.14770", "2020-04-30": "71.80400", "2020-01-31": "71.64440", "2019-10-31": "70.97400", "2019-07-31": "70.21220", "2019-04-30": "70.07530", "2019-01-31": "70.48860", "2018-10-31": "70.56240", "2018-07-31": "69.69070", "2018-04-30": "69.48040", "2018-01-31": "68.69890", "2017-10-31": "61.93930", "2017-07-31": "61.02020", "2017-04-30": "60.38610", "2017-01-31": "62.19270", "2016-10-31": "61.66560", "2016-07-31": "60.95030", "2016-04-30": "60.25860", "2016-01-31": "61.20650", "2015-10-31": "60.43940", "2015-07-31": "59.58200", "2015-04-30": "59.26640", "2015-01-31": "51.33690", "2014-10-31": "50.72030", "2014-07-31": "49.93670", "2014-04-30": "49.45670", "2014-01-31": "49.78570", "2013-10-31": "49.15350", "2013-07-31": "48.27450", "2013-04-30": "48.35140", "2013-01-31": "48.48900", "2012-10-31": "47.50870", "2012-07-31": "47.29760", "2012-04-30": "46.81870", "2012-01-31": "47.53960", "2011-10-31": "47.10810", "2011-07-31": "46.75700", "2011-04-30": "46.35430", "2011-01-31": "46.24490", "2010-10-31": "46.04750", "2010-07-31": "45.14740", "2010-04-30": "44.71430", "2010-01-31": "43.99060", "2009-10-31": "43.16330", "2009-07-31": "42.32520", "2009-04-30": "41.71460", "2009-01-31": "41.50260", "2008-10-31": "27.56580", "2008-07-31": "33.16880", "2008-04-30": "32.95050", "2008-01-31": "33.10440", "2007-10-31": "33.33640", "2007-07-31": "32.09170", "2007-04-30": "31.62480", "2007-01-31": "31.03540", "2006-10-31": "30.90430", "2006-07-31": "30.48690", "2006-04-30": "30.34400", "2006-01-31": "29.92830", "2005-10-31": "29.60960", "2005-07-31": "29.00070", "2005-04-30": "28.88280", "2005-01-31": "28.81430"}, "Operating Cash Flow Per Share": {"2020-10-31": 3.3244, "2020-07-31": "3.60350", "2020-04-30": 2.5371, "2020-01-31": 4.5996, "2019-10-31": 1.9736, "2019-07-31": "1.95500", "2019-04-30": 2.4312, "2019-01-31": 3.72, "2018-10-31": 1.7905, "2018-07-31": "2.14850", "2018-04-30": 2.7823, "2018-01-31": 4.1505, "2017-10-31": 1.1531, "2017-07-31": "2.69290", "2017-04-30": 2.3092, "2017-01-31": 3.6164, "2016-10-31": 1.174, "2016-07-31": "2.06130", "2016-04-30": 2.8426, "2016-01-31": 4.5467, "2015-10-31": 2.3104, "2015-07-31": "2.57760", "2015-04-30": 2.117, "2015-01-31": 4.226, "2014-10-31": 0.9099, "2014-07-31": "-0.08020", "2014-04-30": 2.6043, "2014-01-31": 4.0545, "2013-10-31": 0.8291, "2013-07-31": "0.78120", "2013-04-30": 1.5749, "2013-01-31": 3.0357, "2012-10-31": 1.706, "2012-07-31": "1.61450", "2012-04-30": 2.3413, "2012-01-31": 3.6434, "2011-10-31": 1.0406, "2011-07-31": "-0.51460", "2011-04-30": -0.0197, "2011-01-31": 3.1999, "2010-10-31": 0.3914, "2010-07-31": "-0.22800", "2010-04-30": 1.7532, "2010-01-31": 2.6999, "2009-10-31": 1.8089, "2009-07-31": "-0.21770", "2009-04-30": 2.7117, "2009-01-31": 2.3547, "2008-10-31": -0.947, "2008-07-31": "1.10570", "2008-04-30": 0.0267, "2008-01-31": 2.5063, "2007-10-31": 0.5152, "2007-07-31": "0.16810", "2007-04-30": 1.0503, "2007-01-31": 1.8559, "2006-10-31": 0.8148, "2006-07-31": "1.06320", "2006-04-30": 1.2707, "2006-01-31": 1.1207, "2005-10-31": 0.6668, "2005-07-31": "0.34260", "2005-04-30": 0.5438, "2005-01-31": 2.0496}, "Free Cash Flow Per Share": {"2020-10-31": 2.8647, "2020-07-31": "2.92860", "2020-04-30": 1.8844, "2020-01-31": 4.1015, "2019-10-31": 1.415, "2019-07-31": "1.31070", "2019-04-30": 1.6201, "2019-01-31": 2.9417, "2018-10-31": 1.104, "2018-07-31": "1.25290", "2018-04-30": 1.8345, "2018-01-31": 3.5186, "2017-10-31": 0.6186, "2017-07-31": "2.07700", "2017-04-30": 1.8233, "2017-01-31": 3.1664, "2016-10-31": 0.8831, "2016-07-31": "1.62810", "2016-04-30": 2.5309, "2016-01-31": 4.1831, "2015-10-31": 1.7719, "2015-07-31": "2.13260", "2015-04-30": 1.3245, "2015-01-31": 3.7524, "2014-10-31": 0.2705, "2014-07-31": "-0.55330", "2014-04-30": 1.4222, "2014-01-31": 3.4259, "2013-10-31": 0.378, "2013-07-31": "0.44630", "2013-04-30": 1.025, "2013-01-31": 2.6064, "2012-10-31": 1.2223, "2012-07-31": "1.19420", "2012-04-30": 1.6591, "2012-01-31": 3.1018, "2011-10-31": 0.4539, "2011-07-31": "-1.11100", "2011-04-30": -0.6028, "2011-01-31": 2.8108, "2010-10-31": 0.0986, "2010-07-31": "-0.45120", "2010-04-30": 1.5394, "2010-01-31": 2.5127, "2009-10-31": 1.2808, "2009-07-31": "-0.44730", "2009-04-30": 2.1639, "2009-01-31": 2.6167, "2008-10-31": -1.5367, "2008-07-31": "0.71750", "2008-04-30": -0.4033, "2008-01-31": 2.2158, "2007-10-31": 0.1822, "2007-07-31": "-0.11990", "2007-04-30": 0.8317, "2007-01-31": 1.6399, "2006-10-31": 0.5374, "2006-07-31": "0.81670", "2006-04-30": 0.9461, "2006-01-31": 0.9197, "2005-10-31": 0.3883, "2005-07-31": "0.12260", "2005-04-30": -0.0797, "2005-01-31": 1.1982}}, "revenue": {"J M Smucker Annual Revenue (Millions of US $)": {"2020": "$7,801", "2019": "$7,838", "2018": "$7,357", "2017": "$7,392", "2016": "$7,811", "2015": "$5,693", "2014": "$5,611", "2013": "$5,898", "2012": "$5,526", "2011": "$4,826", "2010": "$4,605", "2009": "$3,758", "2008": "$2,525", "2007": "$2,148", "2006": "$2,155", "2005": "$2,044"}, "J M Smucker Quarterly Revenue (Millions of US $)": {"2020-10-31": "$2,034", "2020-07-31": "$1,972", "2020-04-30": "$2,092", "2020-01-31": "$1,972", "2019-10-31": "$1,958", "2019-07-31": "$1,779", "2019-04-30": "$1,902", "2019-01-31": "$2,012", "2018-10-31": "$2,022", "2018-07-31": "$1,903", "2018-04-30": "$1,781", "2018-01-31": "$1,903", "2017-10-31": "$1,924", "2017-07-31": "$1,749", "2017-04-30": "$1,784", "2017-01-31": "$1,879", "2016-10-31": "$1,914", "2016-07-31": "$1,816", "2016-04-30": "$1,808", "2016-01-31": "$1,974", "2015-10-31": "$2,078", "2015-07-31": "$1,952", "2015-04-30": "$1,447", "2015-01-31": "$1,440", "2014-10-31": "$1,482", "2014-07-31": "$1,324", "2014-04-30": "$1,234", "2014-01-31": "$1,466", "2013-10-31": "$1,560", "2013-07-31": "$1,351", "2013-04-30": "$1,340", "2013-01-31": "$1,560", "2012-10-31": "$1,629", "2012-07-31": "$1,370", "2012-04-30": "$1,355", "2012-01-31": "$1,468", "2011-10-31": "$1,514", "2011-07-31": "$1,189", "2011-04-30": "$1,187", "2011-01-31": "$1,312", "2010-10-31": "$1,279", "2010-07-31": "$1,047", "2010-04-30": "$1,069", "2010-01-31": "$1,206", "2009-10-31": "$1,279", "2009-07-31": "$1,052", "2009-04-30": "$1,069", "2009-01-31": "$1,183", "2008-10-31": "$843", "2008-07-31": "$664", "2008-04-30": "$590", "2008-01-31": "$665", "2007-10-31": "$708", "2007-07-31": "$562", "2007-04-30": "$493", "2007-01-31": "$523", "2006-10-31": "$605", "2006-07-31": "$527", "2006-04-30": "$502", "2006-01-31": "$536", "2005-10-31": "$606", "2005-07-31": "$510", "2005-04-30": "$491", "2005-01-31": "$550"}}, "gross-profit": {"J M Smucker Annual Gross Profit (Millions of US $)": {"2020": "$3,002", "2019": "$2,916", "2018": "$2,836", "2017": "$2,835", "2016": "$2,968", "2015": "$1,969", "2014": "$2,031", "2013": "$2,028", "2012": "$1,845", "2011": "$1,799", "2010": "$1,787", "2009": "$1,251", "2008": "$782", "2007": "$702", "2006": "$693", "2005": "$657"}, "J M Smucker Quarterly Gross Profit (Millions of US $)": {"2020-10-31": "$818", "2020-07-31": "$775", "2020-04-30": "$788", "2020-01-31": "$760", "2019-10-31": "$754", "2019-07-31": "$700", "2019-04-30": "$692", "2019-01-31": "$774", "2018-10-31": "$771", "2018-07-31": "$678", "2018-04-30": "$691", "2018-01-31": "$729", "2017-10-31": "$755", "2017-07-31": "$662", "2017-04-30": "$647", "2017-01-31": "$723", "2016-10-31": "$743", "2016-07-31": "$723", "2016-04-30": "$688", "2016-01-31": "$764", "2015-10-31": "$787", "2015-07-31": "$729", "2015-04-30": "$431", "2015-01-31": "$523", "2014-10-31": "$537", "2014-07-31": "$479", "2014-04-30": "$440", "2014-01-31": "$545", "2013-10-31": "$553", "2013-07-31": "$493", "2013-04-30": "$480", "2013-01-31": "$536", "2012-10-31": "$542", "2012-07-31": "$470", "2012-04-30": "$450", "2012-01-31": "$466", "2011-10-31": "$499", "2011-07-31": "$431", "2011-04-30": "$421", "2011-01-31": "$474", "2010-10-31": "$495", "2010-07-31": "$408", "2010-04-30": "$430", "2010-01-31": "$458", "2009-10-31": "$492", "2009-07-31": "$406", "2009-04-30": "$399", "2009-01-31": "$401", "2008-10-31": "$243", "2008-07-31": "$208", "2008-04-30": "$182", "2008-01-31": "$195", "2007-10-31": "$218", "2007-07-31": "$186", "2007-04-30": "$180", "2007-01-31": "$173", "2006-10-31": "$191", "2006-07-31": "$158", "2006-04-30": "$161", "2006-01-31": "$164", "2005-10-31": "$203", "2005-07-31": "$165", "2005-04-30": "$150", "2005-01-31": "$174"}}, "operating-income": {"J M Smucker Annual Operating Income (Millions of US $)": {"2020": "$1,223", "2019": "$929", "2018": "$1,044", "2017": "$1,043", "2016": "$1,145", "2015": "$772", "2014": "$919", "2013": "$910", "2012": "$778", "2011": "$784", "2010": "$791", "2009": "$452", "2008": "$284", "2007": "$254", "2006": "$232", "2005": "$221"}, "J M Smucker Quarterly Operating Income (Millions of US $)": {"2020-10-31": "$381", "2020-07-31": "$361", "2020-04-30": "$347", "2020-01-31": "$289", "2019-10-31": "$330", "2019-07-31": "$258", "2019-04-30": "$154", "2019-01-31": "$218", "2018-10-31": "$331", "2018-07-31": "$227", "2018-04-30": "$313", "2018-01-31": "$164", "2017-10-31": "$332", "2017-07-31": "$235", "2017-04-30": "$208", "2017-01-31": "$238", "2016-10-31": "$303", "2016-07-31": "$294", "2016-04-30": "$246", "2016-01-31": "$318", "2015-10-31": "$314", "2015-07-31": "$267", "2015-04-30": "$71", "2015-01-31": "$255", "2014-10-31": "$255", "2014-07-31": "$192", "2014-04-30": "$191", "2014-01-31": "$264", "2013-10-31": "$251", "2013-07-31": "$213", "2013-04-30": "$214", "2013-01-31": "$258", "2012-10-31": "$248", "2012-07-31": "$191", "2012-04-30": "$186", "2012-01-31": "$200", "2011-10-31": "$212", "2011-07-31": "$181", "2011-04-30": "$166", "2011-01-31": "$213", "2010-10-31": "$240", "2010-07-31": "$165", "2010-04-30": "$181", "2010-01-31": "$210", "2009-10-31": "$231", "2009-07-31": "$169", "2009-04-30": "$159", "2009-01-31": "$135", "2008-10-31": "$86", "2008-07-31": "$72", "2008-04-30": "$62", "2008-01-31": "$69", "2007-10-31": "$84", "2007-07-31": "$70", "2007-04-30": "$67", "2007-01-31": "$64", "2006-10-31": "$74", "2006-07-31": "$49", "2006-04-30": "$57", "2006-01-31": "$48", "2005-10-31": "$77", "2005-07-31": "$50", "2005-04-30": "$44", "2005-01-31": "$60"}}, "ebitda": {"J M Smucker Annual EBITDA (Millions of US $)": {"2020": "$1,670", "2019": "$1,473", "2018": "$1,602", "2017": "$1,462", "2016": "$1,575", "2015": "$1,039", "2014": "$1,175", "2013": "$1,161", "2012": "$1,025", "2011": "$1,024", "2010": "$977", "2009": "$571", "2008": "$347", "2007": "$313", "2006": "$295", "2005": "$274"}, "J M Smucker Quarterly EBITDA (Millions of US $)": {"2020-10-31": "$494", "2020-07-31": "$475", "2020-04-30": "$460", "2020-01-31": "$401", "2019-10-31": "$441", "2019-07-31": "$367", "2019-04-30": "$364", "2019-01-31": "$329", "2018-10-31": "$442", "2018-07-31": "$339", "2018-04-30": "$414", "2018-01-31": "$413", "2017-10-31": "$434", "2017-07-31": "$341", "2017-04-30": "$312", "2017-01-31": "$342", "2016-10-31": "$408", "2016-07-31": "$400", "2016-04-30": "$353", "2016-01-31": "$426", "2015-10-31": "$422", "2015-07-31": "$376", "2015-04-30": "$148", "2015-01-31": "$318", "2014-10-31": "$318", "2014-07-31": "$255", "2014-04-30": "$257", "2014-01-31": "$329", "2013-10-31": "$315", "2013-07-31": "$275", "2013-04-30": "$277", "2013-01-31": "$320", "2012-10-31": "$310", "2012-07-31": "$254", "2012-04-30": "$254", "2012-01-31": "$259", "2011-10-31": "$273", "2011-07-31": "$239", "2011-04-30": "$228", "2011-01-31": "$275", "2010-10-31": "$298", "2010-07-31": "$222", "2010-04-30": "$233", "2010-01-31": "$256", "2009-10-31": "$275", "2009-07-31": "$212", "2009-04-30": "$200", "2009-01-31": "$179", "2008-10-31": "$103", "2008-07-31": "$88", "2008-04-30": "$78", "2008-01-31": "$85", "2007-10-31": "$99", "2007-07-31": "$85", "2007-04-30": "$82", "2007-01-31": "$79", "2006-10-31": "$88", "2006-07-31": "$64", "2006-04-30": "$73", "2006-01-31": "$64", "2005-10-31": "$92", "2005-07-31": "$66", "2005-04-30": "$59", "2005-01-31": "$74"}}, "net-income": {"J M Smucker Annual Net Income (Millions of US $)": {"2020": "$775", "2019": "$512", "2018": "$1,332", "2017": "$590", "2016": "$686", "2015": "$343", "2014": "$561", "2013": "$540", "2012": "$456", "2011": "$475", "2010": "$490", "2009": "$264", "2008": "$169", "2007": "$157", "2006": "$143", "2005": "$129"}, "J M Smucker Quarterly Net Income (Millions of US $)": {"2020-10-31": "$230", "2020-07-31": "$236", "2020-04-30": "$225", "2020-01-31": "$186", "2019-10-31": "$210", "2019-07-31": "$154", "2019-04-30": "$70", "2019-01-31": "$121", "2018-10-31": "$189", "2018-07-31": "$132", "2018-04-30": "$185", "2018-01-31": "$827", "2017-10-31": "$194", "2017-07-31": "$126", "2017-04-30": "$110", "2017-01-31": "$134", "2016-10-31": "$177", "2016-07-31": "$169", "2016-04-30": "$190", "2016-01-31": "$185", "2015-10-31": "$175", "2015-07-31": "$136", "2015-04-30": "$-90", "2015-01-31": "$160", "2014-10-31": "$157", "2014-07-31": "$115", "2014-04-30": "$118", "2014-01-31": "$166", "2013-10-31": "$152", "2013-07-31": "$126", "2013-04-30": "$129", "2013-01-31": "$153", "2012-10-31": "$148", "2012-07-31": "$110", "2012-04-30": "$103", "2012-01-31": "$116", "2011-10-31": "$126", "2011-07-31": "$110", "2011-04-30": "$94", "2011-01-31": "$131", "2010-10-31": "$148", "2010-07-31": "$102", "2010-04-30": "$120", "2010-01-31": "$134", "2009-10-31": "$139", "2009-07-31": "$97", "2009-04-30": "$94", "2009-01-31": "$77", "2008-10-31": "$51", "2008-07-31": "$42", "2008-04-30": "$36", "2008-01-31": "$42", "2007-10-31": "$50", "2007-07-31": "$41", "2007-04-30": "$42", "2007-01-31": "$40", "2006-10-31": "$46", "2006-07-31": "$29", "2006-04-30": "$36", "2006-01-31": "$31", "2005-10-31": "$46", "2005-07-31": "$30", "2005-04-30": "$22", "2005-01-31": "$36"}}, "eps-earnings-per-share-diluted": {"J M Smucker Annual EPS": {"2020": "$6.84", "2019": "$4.52", "2018": "$11.78", "2017": "$5.10", "2016": "$5.76", "2015": "$3.33", "2014": "$5.42", "2013": "$5.00", "2012": "$4.06", "2011": "$4.05", "2010": "$4.15", "2009": "$3.11", "2008": "$3.00", "2007": "$2.76", "2006": "$2.45", "2005": "$2.24"}, "J M Smucker Quarterly EPS": {"2020-10-31": "$2.02", "2020-07-31": "$2.08", "2020-04-30": "$1.99", "2020-01-31": "$1.64", "2019-10-31": "$1.85", "2019-07-31": "$1.36", "2019-04-30": "$0.62", "2019-01-31": "$1.07", "2018-10-31": "$1.66", "2018-07-31": "$1.17", "2018-04-30": "$1.63", "2018-01-31": "$7.32", "2017-10-31": "$1.71", "2017-07-31": "$1.12", "2017-04-30": "$0.96", "2017-01-31": "$1.16", "2016-10-31": "$1.52", "2016-07-31": "$1.46", "2016-04-30": "$1.60", "2016-01-31": "$1.55", "2015-10-31": "$1.47", "2015-07-31": "$1.14", "2015-04-30": "$-0.94", "2015-01-31": "$1.58", "2014-10-31": "$1.55", "2014-07-31": "$1.14", "2014-04-30": "$1.18", "2014-01-31": "$1.59", "2013-10-31": "$1.46", "2013-07-31": "$1.19", "2013-04-30": "$1.22", "2013-01-31": "$1.42", "2012-10-31": "$1.36", "2012-07-31": "$1.00", "2012-04-30": "$0.93", "2012-01-31": "$1.03", "2011-10-31": "$1.12", "2011-07-31": "$0.98", "2011-04-30": "$0.83", "2011-01-31": "$1.11", "2010-10-31": "$1.25", "2010-07-31": "$0.86", "2010-04-30": "$1.00", "2010-01-31": "$1.14", "2009-10-31": "$1.18", "2009-07-31": "$0.83", "2009-04-30": "$0.72", "2009-01-31": "$0.68", "2008-10-31": "$0.94", "2008-07-31": "$0.77", "2008-04-30": "$0.67", "2008-01-31": "$0.75", "2007-10-31": "$0.87", "2007-07-31": "$0.71", "2007-04-30": "$0.75", "2007-01-31": "$0.71", "2006-10-31": "$0.80", "2006-07-31": "$0.50", "2006-04-30": "$0.61", "2006-01-31": "$0.54", "2005-10-31": "$0.79", "2005-07-31": "$0.51", "2005-04-30": "$0.38", "2005-01-31": "$0.61"}}, "shares-outstanding": {"J M Smucker Annual Shares Outstanding (Millions of Shares)": {"2020": "113", "2019": "113", "2018": "113", "2017": "116", "2016": "119", "2015": "103", "2014": "104", "2013": "108", "2012": "112", "2011": "117", "2010": "118", "2009": "86", "2008": "57", "2007": "57", "2006": "58", "2005": "58"}, "J M Smucker Quarterly Shares Outstanding (Millions of Shares)": {"2020-10-31": "114", "2020-07-31": "114", "2020-04-30": "113", "2020-01-31": "113", "2019-10-31": "113", "2019-07-31": "113", "2019-04-30": "113", "2019-01-31": "113", "2018-10-31": "113", "2018-07-31": "113", "2018-04-30": "113", "2018-01-31": "113", "2017-10-31": "113", "2017-07-31": "113", "2017-04-30": "116", "2017-01-31": "116", "2016-10-31": "116", "2016-07-31": "116", "2016-04-30": "119", "2016-01-31": "119", "2015-10-31": "119", "2015-07-31": "119", "2015-04-30": "103", "2015-01-31": "101", "2014-10-31": "101", "2014-07-31": "101", "2014-04-30": "104", "2014-01-31": "104", "2013-10-31": "104", "2013-07-31": "105", "2013-04-30": "108", "2013-01-31": "108", "2012-10-31": "108", "2012-07-31": "109", "2012-04-30": "112", "2012-01-31": "113", "2011-10-31": "114", "2011-07-31": "113", "2011-04-30": "117", "2011-01-31": "117", "2010-10-31": "120", "2010-07-31": "119", "2010-04-30": "118", "2010-01-31": "119", "2009-10-31": "118", "2009-07-31": "119", "2009-04-30": "86", "2009-01-31": "115", "2008-10-31": "55", "2008-07-31": "54", "2008-04-30": "57", "2008-01-31": "57", "2007-10-31": "58", "2007-07-31": "57", "2007-04-30": "57", "2007-01-31": "57", "2006-10-31": "57", "2006-07-31": "57", "2006-04-30": "58", "2006-01-31": "58", "2005-10-31": "59", "2005-07-31": "59", "2005-04-30": "58", "2005-01-31": "59"}}, "total-assets": {"J M Smucker Annual Total Assets (Millions of US $)": {"2020": "$16,970", "2019": "$16,711", "2018": "$15,301", "2017": "$15,640", "2016": "$15,984", "2015": "$16,806", "2014": "$9,060", "2013": "$9,032", "2012": "$9,115", "2011": "$8,325", "2010": "$7,975", "2009": "$8,192", "2008": "$3,130", "2007": "$2,694", "2006": "$2,650", "2005": "$2,636"}, "J M Smucker Quarterly Total Assets (Millions of US $)": {"2020-10-31": "$16,930", "2020-07-31": "$16,902", "2020-04-30": "$16,970", "2020-01-31": "$16,636", "2019-10-31": "$16,791", "2019-07-31": "$16,792", "2019-04-30": "$16,711", "2019-01-31": "$16,928", "2018-10-31": "$17,174", "2018-07-31": "$17,513", "2018-04-30": "$15,301", "2018-01-31": "$15,329", "2017-10-31": "$15,702", "2017-07-31": "$15,642", "2017-04-30": "$15,640", "2017-01-31": "$15,812", "2016-10-31": "$16,058", "2016-07-31": "$16,062", "2016-04-30": "$15,984", "2016-01-31": "$16,282", "2015-10-31": "$16,695", "2015-07-31": "$16,758", "2015-04-30": "$16,806", "2015-01-31": "$9,096", "2014-10-31": "$9,335", "2014-07-31": "$9,250", "2014-04-30": "$9,060", "2014-01-31": "$8,989", "2013-10-31": "$9,246", "2013-07-31": "$9,034", "2013-04-30": "$9,032", "2013-01-31": "$9,184", "2012-10-31": "$9,189", "2012-07-31": "$9,262", "2012-04-30": "$9,115", "2012-01-31": "$9,236", "2011-10-31": "$9,215", "2011-07-31": "$8,782", "2011-04-30": "$8,325", "2011-01-31": "$8,359", "2010-10-31": "$8,553", "2010-07-31": "$8,419", "2010-04-30": "$7,975", "2010-01-31": "$7,899", "2009-10-31": "$8,438", "2009-07-31": "$8,235", "2009-04-30": "$8,192", "2009-01-31": "$8,247", "2008-10-31": "$3,376", "2008-07-31": "$3,232", "2008-04-30": "$3,130", "2008-01-31": "$3,162", "2007-10-31": "$3,283", "2007-07-31": "$3,202", "2007-04-30": "$2,694", "2007-01-31": "$2,656", "2006-10-31": "$2,690", "2006-07-31": "$2,718", "2006-04-30": "$2,650", "2006-01-31": "$2,666", "2005-10-31": "$2,720", "2005-07-31": "$2,687", "2005-04-30": "$2,636", "2005-01-31": "$2,631"}}, "cash-on-hand": {"J M Smucker Annual Cash on Hand (Millions of US $)": {"2020": "$391", "2019": "$101", "2018": "$193", "2017": "$167", "2016": "$110", "2015": "$126", "2014": "$154", "2013": "$256", "2012": "$230", "2011": "$320", "2010": "$284", "2009": "$457", "2008": "$172", "2007": "$200", "2006": "$87", "2005": "$76"}, "J M Smucker Quarterly Cash on Hand (Millions of US $)": {"2020-10-31": "$406", "2020-07-31": "$397", "2020-04-30": "$391", "2020-01-31": "$74", "2019-10-31": "$49", "2019-07-31": "$49", "2019-04-30": "$101", "2019-01-31": "$207", "2018-10-31": "$171", "2018-07-31": "$192", "2018-04-30": "$193", "2018-01-31": "$186", "2017-10-31": "$180", "2017-07-31": "$183", "2017-04-30": "$167", "2017-01-31": "$140", "2016-10-31": "$122", "2016-07-31": "$110", "2016-04-30": "$110", "2016-01-31": "$141", "2015-10-31": "$139", "2015-07-31": "$134", "2015-04-30": "$126", "2015-01-31": "$112", "2014-10-31": "$105", "2014-07-31": "$149", "2014-04-30": "$154", "2014-01-31": "$169", "2013-10-31": "$151", "2013-07-31": "$158", "2013-04-30": "$256", "2013-01-31": "$439", "2012-10-31": "$204", "2012-07-31": "$311", "2012-04-30": "$230", "2012-01-31": "$370", "2011-10-31": "$496", "2011-07-31": "$102", "2011-04-30": "$320", "2011-01-31": "$588", "2010-10-31": "$536", "2010-07-31": "$580", "2010-04-30": "$284", "2010-01-31": "$126", "2009-10-31": "$410", "2009-07-31": "$290", "2009-04-30": "$457", "2009-01-31": "$360", "2008-10-31": "$166", "2008-07-31": "$143", "2008-04-30": "$172", "2008-01-31": "$328", "2007-10-31": "$287", "2007-07-31": "$351", "2007-04-30": "$200", "2007-01-31": "$152", "2006-10-31": "$83", "2006-07-31": "$101", "2006-04-30": "$87", "2006-01-31": "$104", "2005-10-31": "$62", "2005-07-31": "$68", "2005-04-30": "$76", "2005-01-31": "$63"}}, "long-term-debt": {"J M Smucker Annual Long Term Debt (Millions of US $)": {"2020": "$5,373", "2019": "$4,686", "2018": "$4,688", "2017": "$4,446", "2016": "$5,146", "2015": "$5,945", "2014": "$1,873", "2013": "$1,968", "2012": "$2,021", "2011": "$1,304", "2010": "$900", "2009": "$910", "2008": "$790", "2007": "$393", "2006": "$429", "2005": "$432"}, "J M Smucker Quarterly Long Term Debt (Millions of US $)": {"2020-10-31": "$3,915", "2020-07-31": "$4,673", "2020-04-30": "$5,373", "2020-01-31": "$4,583", "2019-10-31": "$4,585", "2019-07-31": "$4,685", "2019-04-30": "$4,686", "2019-01-31": "$5,286", "2018-10-31": "$5,885", "2018-07-31": "$6,185", "2018-04-30": "$4,688", "2018-01-31": "$4,689", "2017-10-31": "$4,294", "2017-07-31": "$4,445", "2017-04-30": "$4,446", "2017-01-31": "$4,945", "2016-10-31": "$4,945", "2016-07-31": "$5,046", "2016-04-30": "$5,146", "2016-01-31": "$5,146", "2015-10-31": "$5,495", "2015-07-31": "$5,695", "2015-04-30": "$5,945", "2015-01-31": "$1,892", "2014-10-31": "$1,891", "2014-07-31": "$1,881", "2014-04-30": "$1,873", "2014-01-31": "$1,879", "2013-10-31": "$1,884", "2013-07-31": "$1,867", "2013-04-30": "$1,968", "2013-01-31": "$2,019", "2012-10-31": "$2,019", "2012-07-31": "$2,020", "2012-04-30": "$2,021", "2012-01-31": "$2,071", "2011-10-31": "$2,072", "2011-07-31": "$1,318", "2011-04-30": "$1,304", "2011-01-31": "$1,300", "2010-10-31": "$1,300", "2010-07-31": "$1,300", "2010-04-30": "$900", "2010-01-31": "$900", "2009-10-31": "$900", "2009-07-31": "$910", "2009-04-30": "$910", "2009-01-31": "$910", "2008-10-31": "$1,113", "2008-07-31": "$714", "2008-04-30": "$790", "2008-01-31": "$790", "2007-10-31": "$791", "2007-07-31": "$792", "2007-04-30": "$393", "2007-01-31": "$393", "2006-10-31": "$394", "2006-07-31": "$428", "2006-04-30": "$429", "2006-01-31": "$429", "2005-10-31": "$430", "2005-07-31": "$431", "2005-04-30": "$432", "2005-01-31": "$432"}}, "total-liabilities": {"J M Smucker Annual Total Liabilities (Millions of US $)": {"2020": "$8,780", "2019": "$8,741", "2018": "$7,410", "2017": "$8,790", "2016": "$8,976", "2015": "$9,719", "2014": "$4,031", "2013": "$3,883", "2012": "$3,952", "2011": "$3,032", "2010": "$2,649", "2009": "$3,252", "2008": "$1,330", "2007": "$898", "2006": "$922", "2005": "$945"}, "J M Smucker Quarterly Total Liabilities (Millions of US $)": {"2020-10-31": "$8,415", "2020-07-31": "$8,557", "2020-04-30": "$8,780", "2020-01-31": "$8,466", "2019-10-31": "$8,696", "2019-07-31": "$8,784", "2019-04-30": "$8,741", "2019-01-31": "$8,906", "2018-10-31": "$9,144", "2018-07-31": "$9,582", "2018-04-30": "$7,410", "2018-01-31": "$7,525", "2017-10-31": "$8,666", "2017-07-31": "$8,710", "2017-04-30": "$8,790", "2017-01-31": "$8,570", "2016-10-31": "$8,878", "2016-07-31": "$8,966", "2016-04-30": "$8,976", "2016-01-31": "$8,956", "2015-10-31": "$9,462", "2015-07-31": "$9,628", "2015-04-30": "$9,719", "2015-01-31": "$3,871", "2014-10-31": "$4,170", "2014-07-31": "$4,166", "2014-04-30": "$4,031", "2014-01-31": "$3,784", "2013-10-31": "$4,078", "2013-07-31": "$3,959", "2013-04-30": "$3,883", "2013-01-31": "$3,924", "2012-10-31": "$4,036", "2012-07-31": "$4,039", "2012-04-30": "$3,952", "2012-01-31": "$3,852", "2011-10-31": "$3,852", "2011-07-31": "$3,434", "2011-04-30": "$3,032", "2011-01-31": "$2,995", "2010-10-31": "$3,049", "2010-07-31": "$3,024", "2010-04-30": "$2,649", "2010-01-31": "$2,659", "2009-10-31": "$3,303", "2009-07-31": "$3,200", "2009-04-30": "$3,252", "2009-01-31": "$3,332", "2008-10-31": "$1,864", "2008-07-31": "$1,415", "2008-04-30": "$1,330", "2008-01-31": "$1,312", "2007-10-31": "$1,365", "2007-07-31": "$1,357", "2007-04-30": "$898", "2007-01-31": "$900", "2006-10-31": "$935", "2006-07-31": "$973", "2006-04-30": "$922", "2006-01-31": "$925", "2005-10-31": "$992", "2005-07-31": "$992", "2005-04-30": "$945", "2005-01-31": "$953"}}, "total-share-holder-equity": {"J M Smucker Annual Share Holder Equity (Millions of US $)": {"2020": "$8,191", "2019": "$7,971", "2018": "$7,891", "2017": "$6,850", "2016": "$7,009", "2015": "$7,087", "2014": "$5,030", "2013": "$5,149", "2012": "$5,163", "2011": "$5,292", "2010": "$5,326", "2009": "$4,940", "2008": "$1,800", "2007": "$1,796", "2006": "$1,728", "2005": "$1,691"}, "J M Smucker Quarterly Share Holder Equity (Millions of US $)": {"2020-10-31": "$8,515", "2020-07-31": "$8,345", "2020-04-30": "$8,191", "2020-01-31": "$8,170", "2019-10-31": "$8,095", "2019-07-31": "$8,008", "2019-04-30": "$7,971", "2019-01-31": "$8,022", "2018-10-31": "$8,030", "2018-07-31": "$7,931", "2018-04-30": "$7,891", "2018-01-31": "$7,804", "2017-10-31": "$7,036", "2017-07-31": "$6,932", "2017-04-30": "$6,850", "2017-01-31": "$7,242", "2016-10-31": "$7,180", "2016-07-31": "$7,096", "2016-04-30": "$7,009", "2016-01-31": "$7,326", "2015-10-31": "$7,233", "2015-07-31": "$7,130", "2015-04-30": "$7,087", "2015-01-31": "$5,224", "2014-10-31": "$5,165", "2014-07-31": "$5,084", "2014-04-30": "$5,030", "2014-01-31": "$5,205", "2013-10-31": "$5,168", "2013-07-31": "$5,075", "2013-04-30": "$5,149", "2013-01-31": "$5,260", "2012-10-31": "$5,153", "2012-07-31": "$5,223", "2012-04-30": "$5,163", "2012-01-31": "$5,384", "2011-10-31": "$5,363", "2011-07-31": "$5,348", "2011-04-30": "$5,292", "2011-01-31": "$5,363", "2010-10-31": "$5,504", "2010-07-31": "$5,395", "2010-04-30": "$5,326", "2010-01-31": "$5,240", "2009-10-31": "$5,135", "2009-07-31": "$5,034", "2009-04-30": "$4,940", "2009-01-31": "$4,915", "2008-10-31": "$1,512", "2008-07-31": "$1,817", "2008-04-30": "$1,800", "2008-01-31": "$1,851", "2007-10-31": "$1,918", "2007-07-31": "$1,846", "2007-04-30": "$1,796", "2007-01-31": "$1,755", "2006-10-31": "$1,755", "2006-07-31": "$1,746", "2006-04-30": "$1,728", "2006-01-31": "$1,742", "2005-10-31": "$1,728", "2005-07-31": "$1,694", "2005-04-30": "$1,691", "2005-01-31": "$1,679"}}, "profit-margins": {"current": "10.92%"}, "gross margin": {"2020-10-31": "38.92%", "2020-07-31": "38.49%", "2020-04-30": "38.48%", "2020-01-31": "38.18%", "2019-10-31": "38.16%", "2019-07-31": "38.07%", "2019-04-30": "37.19%", "2019-01-31": "37.74%", "2018-10-31": "37.69%", "2018-07-31": "37.97%", "2018-04-30": "38.55%", "2018-01-31": "37.95%", "2017-10-31": "37.99%", "2017-07-31": "37.88%", "2017-04-30": "38.36%", "2017-01-31": "38.79%", "2016-10-31": "38.84%", "2016-07-31": "38.59%", "2016-04-30": "37.99%", "2016-01-31": "36.38%", "2015-10-31": "35.71%", "2015-07-31": "35.12%", "2015-04-30": "34.60%", "2015-01-31": "36.11%", "2014-10-31": "36.34%", "2014-07-31": "36.12%", "2014-04-30": "36.20%", "2014-01-31": "36.23%", "2013-10-31": "35.48%", "2013-07-31": "34.88%", "2013-04-30": "34.38%", "2013-01-31": "33.78%", "2012-10-31": "33.12%", "2012-07-31": "33.03%", "2012-04-30": "33.41%", "2012-01-31": "33.91%", "2011-10-31": "35.08%", "2011-07-31": "36.66%", "2011-04-30": "37.26%", "2011-01-31": "38.39%", "2010-10-31": "38.93%", "2010-07-31": "38.86%", "2010-04-30": "38.78%", "2010-01-31": "38.10%", "2009-10-31": "37.05%", "2009-07-31": "34.94%", "2009-04-30": "33.28%", "2009-01-31": "31.52%", "2008-10-31": "29.98%", "2008-07-31": "30.57%", "2008-04-30": "30.93%", "2008-01-31": "32.08%", "2007-10-31": "33.11%", "2007-07-31": "33.44%", "2007-04-30": "32.68%", "2007-01-31": "31.66%", "2006-10-31": "31.06%", "2006-07-31": "31.60%", "2006-04-30": "32.17%", "2006-01-31": "31.82%", "2005-10-31": "32.08%"}, "operating margin": {"2020-10-31": "17.08%", "2020-07-31": "16.60%", "2020-04-30": "15.69%", "2020-01-31": "13.55%", "2019-10-31": "12.55%", "2019-07-31": "12.46%", "2019-04-30": "11.86%", "2019-01-31": "14.11%", "2018-10-31": "13.60%", "2018-07-31": "13.79%", "2018-04-30": "14.19%", "2018-01-31": "12.76%", "2017-10-31": "13.81%", "2017-07-31": "13.43%", "2017-04-30": "14.11%", "2017-01-31": "14.57%", "2016-10-31": "15.46%", "2016-07-31": "15.27%", "2016-04-30": "14.66%", "2016-01-31": "13.00%", "2015-10-31": "13.10%", "2015-07-31": "13.40%", "2015-04-30": "13.56%", "2015-01-31": "16.30%", "2014-10-31": "16.38%", "2014-07-31": "16.08%", "2014-04-30": "16.38%", "2014-01-31": "16.48%", "2013-10-31": "16.11%", "2013-07-31": "15.87%", "2013-04-30": "15.44%", "2013-01-31": "14.93%", "2012-10-31": "14.17%", "2012-07-31": "13.83%", "2012-04-30": "14.10%", "2012-01-31": "14.17%", "2011-10-31": "14.84%", "2011-07-31": "16.11%", "2011-04-30": "16.25%", "2011-01-31": "16.97%", "2010-10-31": "17.30%", "2010-07-31": "17.10%", "2010-04-30": "17.17%", "2010-01-31": "16.70%", "2009-10-31": "15.14%", "2009-07-31": "13.24%", "2009-04-30": "12.02%", "2009-01-31": "10.82%", "2008-10-31": "10.46%", "2008-07-31": "10.93%", "2008-04-30": "11.29%", "2008-01-31": "11.94%", "2007-10-31": "12.47%", "2007-07-31": "12.60%", "2007-04-30": "11.82%", "2007-01-31": "11.31%", "2006-10-31": "10.51%", "2006-07-31": "10.64%", "2006-04-30": "10.77%", "2006-01-31": "10.22%", "2005-10-31": "10.71%"}, "ebitda margin": {"2020-10-31": "22.68%", "2020-07-31": "22.23%", "2020-04-30": "21.39%", "2020-01-31": "20.67%", "2019-10-31": "19.62%", "2019-07-31": "19.47%", "2019-04-30": "18.80%", "2019-01-31": "19.75%", "2018-10-31": "21.13%", "2018-07-31": "21.30%", "2018-04-30": "21.78%", "2018-01-31": "20.38%", "2017-10-31": "19.48%", "2017-07-31": "19.15%", "2017-04-30": "19.78%", "2017-01-31": "20.26%", "2016-10-31": "21.13%", "2016-07-31": "20.86%", "2016-04-30": "20.19%", "2016-01-31": "18.41%", "2015-10-31": "18.27%", "2015-07-31": "18.35%", "2015-04-30": "18.25%", "2015-01-31": "20.95%", "2014-10-31": "21.05%", "2014-07-31": "20.70%", "2014-04-30": "20.96%", "2014-01-31": "20.92%", "2013-10-31": "20.43%", "2013-07-31": "20.10%", "2013-04-30": "19.68%", "2013-01-31": "19.24%", "2012-10-31": "18.50%", "2012-07-31": "18.22%", "2012-04-30": "18.55%", "2012-01-31": "18.65%", "2011-10-31": "19.51%", "2011-07-31": "20.94%", "2011-04-30": "21.20%", "2011-01-31": "21.84%", "2010-10-31": "21.93%", "2010-07-31": "21.43%", "2010-04-30": "21.19%", "2010-01-31": "20.47%", "2009-10-31": "18.90%", "2009-07-31": "16.73%", "2009-04-30": "15.16%", "2009-01-31": "13.66%", "2008-10-31": "12.82%", "2008-07-31": "13.32%", "2008-04-30": "13.74%", "2008-01-31": "14.46%", "2007-10-31": "15.09%", "2007-07-31": "15.30%", "2007-04-30": "14.57%", "2007-01-31": "14.09%", "2006-10-31": "13.32%", "2006-07-31": "13.50%", "2006-04-30": "13.70%", "2006-01-31": "13.11%", "2005-10-31": "13.49%"}, "pre tax profit margin": {"2020-10-31": "14.36%", "2020-07-31": "14.19%", "2020-04-30": "13.16%", "2020-01-31": "10.92%", "2019-10-31": "9.74%", "2019-07-31": "9.53%", "2019-04-30": "8.94%", "2019-01-31": "11.18%", "2018-10-31": "10.80%", "2018-07-31": "11.25%", "2018-04-30": "11.70%", "2018-01-31": "10.31%", "2017-10-31": "11.46%", "2017-07-31": "11.12%", "2017-04-30": "11.89%", "2017-01-31": "12.50%", "2016-10-31": "13.37%", "2016-07-31": "13.13%", "2016-04-30": "12.52%", "2016-01-31": "8.56%", "2015-10-31": "8.69%", "2015-07-31": "9.02%", "2015-04-30": "9.19%", "2015-01-31": "15.27%", "2014-10-31": "15.37%", "2014-07-31": "14.99%", "2014-04-30": "15.17%", "2014-01-31": "15.03%", "2013-10-31": "14.56%", "2013-07-31": "14.29%", "2013-04-30": "13.85%", "2013-01-31": "13.34%", "2012-10-31": "12.57%", "2012-07-31": "12.28%", "2012-04-30": "12.69%", "2012-01-31": "12.82%", "2011-10-31": "13.57%", "2011-07-31": "14.80%", "2011-04-30": "14.88%", "2011-01-31": "15.62%", "2010-10-31": "16.00%", "2010-07-31": "15.84%", "2010-04-30": "15.85%", "2010-01-31": "15.28%", "2009-10-31": "13.55%", "2009-07-31": "11.65%", "2009-04-30": "10.51%", "2009-01-31": "9.36%", "2008-10-31": "9.23%", "2008-07-31": "9.67%", "2008-04-30": "10.10%", "2008-01-31": "11.04%", "2007-10-31": "11.64%", "2007-07-31": "11.96%", "2007-04-30": "11.22%", "2007-01-31": "10.34%", "2006-10-31": "9.82%", "2006-07-31": "9.90%", "2006-04-30": "10.07%", "2006-01-31": "9.85%", "2005-10-31": "10.06%"}, "net profit margin": {"2020-10-31": "10.87%", "2020-07-31": "10.72%", "2020-04-30": "9.93%", "2020-01-31": "8.15%", "2019-10-31": "7.25%", "2019-07-31": "6.92%", "2019-04-30": "6.53%", "2019-01-31": "8.12%", "2018-10-31": "17.52%", "2018-07-31": "17.81%", "2018-04-30": "18.11%", "2018-01-31": "17.08%", "2017-10-31": "7.69%", "2017-07-31": "7.47%", "2017-04-30": "7.98%", "2017-01-31": "9.03%", "2016-10-31": "9.60%", "2016-07-31": "9.37%", "2016-04-30": "8.78%", "2016-01-31": "5.45%", "2015-10-31": "5.51%", "2015-07-31": "5.74%", "2015-04-30": "6.01%", "2015-01-31": "10.04%", "2014-10-31": "10.10%", "2014-07-31": "9.87%", "2014-04-30": "10.02%", "2014-01-31": "10.02%", "2013-10-31": "9.64%", "2013-07-31": "9.46%", "2013-04-30": "9.15%", "2013-01-31": "8.69%", "2012-10-31": "8.19%", "2012-07-31": "7.97%", "2012-04-30": "8.23%", "2012-01-31": "8.32%", "2011-10-31": "8.86%", "2011-07-31": "9.72%", "2011-04-30": "9.84%", "2011-01-31": "10.64%", "2010-10-31": "10.95%", "2010-07-31": "10.76%", "2010-04-30": "10.64%", "2010-01-31": "10.07%", "2009-10-31": "8.88%", "2009-07-31": "7.69%", "2009-04-30": "7.02%", "2009-01-31": "6.28%", "2008-10-31": "6.19%", "2008-07-31": "6.47%", "2008-04-30": "6.69%", "2008-01-31": "7.21%", "2007-10-31": "7.57%", "2007-07-31": "7.74%", "2007-04-30": "7.31%", "2007-01-31": "7.00%", "2006-10-31": "6.54%", "2006-07-31": "6.54%", "2006-04-30": "6.64%", "2006-01-31": "6.02%", "2005-10-31": "6.21%"}, "pe ratio": {"current": "11.92", "2021-02-11": "14.76", "2020-10-31": "14.31", "2020-07-31": "14.15", "2020-04-30": "16.31", "2020-01-31": "18.18", "2019-10-31": "20.52", "2019-07-31": "22.29", "2019-04-30": "25.44", "2019-01-31": "17.65", "2018-10-31": "8.50", "2018-07-31": "8.62", "2018-04-30": "8.82", "2018-01-31": "10.35", "2017-10-31": "19.26", "2017-07-31": "22.88", "2017-04-30": "22.07", "2017-01-31": "20.87", "2016-10-31": "18.78", "2016-07-31": "22.13", "2016-04-30": "19.14", "2016-01-31": "33.24", "2015-10-31": "29.96", "2015-07-31": "27.67", "2015-04-30": "28.57", "2015-01-31": "16.06", "2014-10-31": "16.06", "2014-07-31": "15.55", "2014-04-30": "14.86", "2014-01-31": "14.56", "2013-10-31": "17.25", "2013-07-31": "17.69", "2013-04-30": "16.77", "2013-01-31": "15.19", "2012-10-31": "15.91", "2012-07-31": "15.01", "2012-04-30": "15.54", "2012-01-31": "15.70", "2011-10-31": "14.96", "2011-07-31": "14.56", "2011-04-30": "14.36", "2011-01-31": "11.28", "2010-10-31": "11.51", "2010-07-31": "11.10", "2010-04-30": "11.04", "2010-01-31": "11.37", "2009-10-31": "11.23", "2009-07-31": "11.36", "2009-04-30": "9.04", "2009-01-31": "10.71", "2008-10-31": "10.25", "2008-07-31": "10.39", "2008-04-30": "10.78", "2008-01-31": "9.79", "2007-10-31": "11.26", "2007-07-31": "11.98", "2007-04-30": "12.82", "2007-01-31": "11.38", "2006-10-31": "12.49"}, "price sales": {"2021-02-11": "1.60", "2020-10-31": "1.55", "2020-07-31": "1.52", "2020-04-30": "1.62", "2020-01-31": "1.48", "2019-10-31": "1.49", "2019-07-31": "1.54", "2019-04-30": "1.66", "2019-01-31": "1.43", "2018-10-31": "1.49", "2018-07-31": "1.54", "2018-04-30": "1.60", "2018-01-31": "1.77", "2017-10-31": "1.49", "2017-07-31": "1.71", "2017-04-30": "1.76", "2017-01-31": "1.89", "2016-10-31": "1.80", "2016-07-31": "2.08", "2016-04-30": "1.68", "2016-01-31": "1.72", "2015-10-31": "1.63", "2015-07-31": "1.61", "2015-04-30": "1.76", "2015-01-31": "1.62", "2014-10-31": "1.62", "2014-07-31": "1.54", "2014-04-30": "1.49", "2014-01-31": "1.46", "2013-10-31": "1.67", "2013-07-31": "1.68", "2013-04-30": "1.54", "2013-01-31": "1.32", "2012-10-31": "1.30", "2012-07-31": "1.20", "2012-04-30": "1.29", "2012-01-31": "1.32", "2011-10-31": "1.34", "2011-07-31": "1.42", "2011-04-30": "1.42", "2011-01-31": "1.20", "2010-10-31": "1.27", "2010-07-31": "1.20", "2010-04-30": "1.18", "2010-01-31": "1.06", "2009-10-31": "0.92", "2009-07-31": "0.79", "2009-04-30": "0.57", "2009-01-31": "0.68", "2008-10-31": "0.65", "2008-07-31": "0.68", "2008-04-30": "0.73", "2008-01-31": "0.71", "2007-10-31": "0.86", "2007-07-31": "0.93", "2007-04-30": "0.94", "2007-01-31": "0.80", "2006-10-31": "0.82"}, "price book": {"current": "1.55", "2021-02-11": "1.53", "2020-10-31": "1.48", "2020-07-31": "1.46", "2020-04-30": "1.55", "2020-01-31": "1.39", "2019-10-31": "1.42", "2019-07-31": "1.50", "2019-04-30": "1.64", "2019-01-31": "1.39", "2018-10-31": "1.42", "2018-07-31": "1.46", "2018-04-30": "1.50", "2018-01-31": "1.67", "2017-10-31": "1.54", "2017-07-31": "1.78", "2017-04-30": "1.86", "2017-01-31": "1.93", "2016-10-31": "1.87", "2016-07-31": "2.21", "2016-04-30": "1.83", "2016-01-31": "1.81", "2015-10-31": "1.67", "2015-07-31": "1.60", "2015-04-30": "1.66", "2015-01-31": "1.70", "2014-10-31": "1.72", "2014-07-31": "1.67", "2014-04-30": "1.62", "2014-01-31": "1.60", "2013-10-31": "1.86", "2013-07-31": "1.90", "2013-04-30": "1.73", "2013-01-31": "1.48", "2012-10-31": "1.45", "2012-07-31": "1.29", "2012-04-30": "1.35", "2012-01-31": "1.30", "2011-10-31": "1.28", "2011-07-31": "1.30", "2011-04-30": "1.25", "2011-01-31": "1.03", "2010-10-31": "1.06", "2010-07-31": "1.03", "2010-04-30": "1.03", "2010-01-31": "1.02", "2009-10-31": "0.91", "2009-07-31": "0.87", "2009-04-30": "0.69", "2009-01-31": "0.79", "2008-10-31": "1.16", "2008-07-31": "0.96", "2008-04-30": "0.98", "2008-01-31": "0.91", "2007-10-31": "1.03", "2007-07-31": "1.11", "2007-04-30": "1.12", "2007-01-31": "0.96", "2006-10-31": "0.99", "2006-07-31": "0.91", "2006-04-30": "0.80", "2006-01-31": "0.89"}, "price fcf": {"2021-02-11": "", "2020-10-31": "$11.78", "2020-07-31": "$10.33", "2020-04-30": "$8.71", "2020-01-31": "$8.45", "2019-10-31": "$7.29", "2019-07-31": "$6.98", "2019-04-30": "$6.92", "2019-01-31": "$7.13", "2018-10-31": "$7.71", "2018-07-31": "$7.22", "2018-04-30": "$8.05", "2018-01-31": "$8.04", "2017-10-31": "$7.69", "2017-07-31": "$7.95", "2017-04-30": "$7.50", "2017-01-31": "$8.21", "2016-10-31": "$9.23", "2016-07-31": "$10.11", "2016-04-30": "$10.62", "2016-01-31": "$9.41", "2015-10-31": "$8.98", "2015-07-31": "$7.48", "2015-04-30": "$4.79", "2015-01-31": "$4.89", "2014-10-31": "$4.57", "2014-07-31": "$4.67", "2014-04-30": "$5.67", "2014-01-31": "$5.28", "2013-10-31": "$4.46", "2013-07-31": "$5.30", "2013-04-30": "$6.05", "2013-01-31": "$6.68", "2012-10-31": "$7.18", "2012-07-31": "$6.41", "2012-04-30": "$4.10", "2012-01-31": "$1.84", "2011-10-31": "$1.55", "2011-07-31": "$1.20", "2011-04-30": "$1.86", "2011-01-31": "$4.00", "2010-10-31": "$3.70", "2010-07-31": "$4.88", "2010-04-30": "$4.89", "2010-01-31": "$5.51", "2009-10-31": "$5.61", "2009-07-31": "$2.80", "2009-04-30": "$3.96", "2009-01-31": "$1.39", "2008-10-31": "$0.99", "2008-07-31": "$2.71", "2008-04-30": "$1.87", "2008-01-31": "$3.11", "2007-10-31": "$2.53", "2007-07-31": "$2.89", "2007-04-30": "$3.83", "2007-01-31": "$3.94", "2006-10-31": "$3.73"}, "net worth": {"value": "$13.16B"}, "current ratio": {"current": "0.77", "2020-10-31": "0.77", "2020-07-31": "0.96", "2020-04-30": "1.24", "2020-01-31": "0.77", "2019-10-31": "0.72", "2019-07-31": "0.70", "2019-04-30": "0.69", "2019-01-31": "0.95", "2018-10-31": "1.25", "2018-07-31": "1.17", "2018-04-30": "1.50", "2018-01-31": "1.48", "2017-10-31": "0.96", "2017-07-31": "0.97", "2017-04-30": "0.90", "2017-01-31": "1.70", "2016-10-31": "1.38", "2016-07-31": "1.35", "2016-04-30": "1.30", "2016-01-31": "1.79", "2015-10-31": "1.77", "2015-07-31": "1.91", "2015-04-30": "1.94", "2015-01-31": "2.13", "2014-10-31": "1.72", "2014-07-31": "1.70", "2014-04-30": "1.74", "2014-01-31": "2.48", "2013-10-31": "1.97", "2013-07-31": "2.03", "2013-04-30": "2.67", "2013-01-31": "2.94", "2012-10-31": "2.46", "2012-07-31": "2.53", "2012-04-30": "2.66", "2012-01-31": "3.65", "2011-10-31": "4.03", "2011-07-31": "1.99", "2011-04-30": "3.39", "2011-01-31": "4.00", "2010-10-31": "3.89", "2010-07-31": "3.74", "2010-04-30": "2.56", "2010-01-31": "2.40", "2009-10-31": "1.47", "2009-07-31": "1.44", "2009-04-30": "1.32", "2009-01-31": "1.20", "2008-10-31": "2.15", "2008-07-31": "2.07", "2008-04-30": "3.24", "2008-01-31": "3.50", "2007-10-31": "3.22", "2007-07-31": "3.22", "2007-04-30": "2.70", "2007-01-31": "2.35", "2006-10-31": "2.13", "2006-07-31": "2.33", "2006-04-30": "2.73", "2006-01-31": "2.27", "2005-10-31": "1.81", "2005-07-31": "1.74", "2005-04-30": "1.80", "2005-01-31": "1.54"}, "quick ratio": {"2020-10-31": "0.40", "2020-07-31": "0.48", "2020-04-30": "0.68", "2020-01-31": "0.31", "2019-10-31": "0.28", "2019-07-31": "0.26", "2019-04-30": "0.31", "2019-01-31": "0.44", "2018-10-31": "0.57", "2018-07-31": "0.51", "2018-04-30": "0.68", "2018-01-31": "0.64", "2017-10-31": "0.42", "2017-07-31": "0.41", "2017-04-30": "0.40", "2017-01-31": "0.70", "2016-10-31": "0.60", "2016-07-31": "0.56", "2016-04-30": "0.56", "2016-01-31": "0.85", "2015-10-31": "0.84", "2015-07-31": "0.83", "2015-04-30": "0.80", "2015-01-31": "0.81", "2014-10-31": "0.66", "2014-07-31": "0.63", "2014-04-30": "0.69", "2014-01-31": "1.06", "2013-10-31": "0.82", "2013-07-31": "0.71", "2013-04-30": "1.09", "2013-01-31": "1.46", "2012-10-31": "1.08", "2012-07-31": "1.10", "2012-04-30": "1.11", "2012-01-31": "1.65", "2011-10-31": "1.93", "2011-07-31": "0.60", "2011-04-30": "1.60", "2011-01-31": "2.26", "2010-10-31": "2.16", "2010-07-31": "2.06", "2010-04-30": "1.19", "2010-01-31": "0.98", "2009-10-31": "0.79", "2009-07-31": "0.66", "2009-04-30": "0.75", "2009-01-31": "0.61", "2008-10-31": "1.08", "2008-07-31": "0.90", "2008-04-30": "1.66", "2008-01-31": "2.08", "2007-10-31": "1.86", "2007-07-31": "1.85", "2007-04-30": "1.49", "2007-01-31": "1.23", "2006-10-31": "1.08", "2006-07-31": "1.28", "2006-04-30": "1.55", "2006-01-31": "1.05", "2005-10-31": "0.84", "2005-07-31": "0.77", "2005-04-30": "0.88", "2005-01-31": "0.75"}, "debt equity ratio": {"current": "0.46", "2020-10-31": "0.99", "2020-07-31": "1.03", "2020-04-30": "1.07", "2020-01-31": "1.04", "2019-10-31": "1.07", "2019-07-31": "1.10", "2019-04-30": "1.10", "2019-01-31": "1.11", "2018-10-31": "1.14", "2018-07-31": "1.21", "2018-04-30": "0.94", "2018-01-31": "0.96", "2017-10-31": "1.23", "2017-07-31": "1.26", "2017-04-30": "1.28", "2017-01-31": "1.18", "2016-10-31": "1.24", "2016-07-31": "1.26", "2016-04-30": "1.28", "2016-01-31": "1.22", "2015-10-31": "1.31", "2015-07-31": "1.35", "2015-04-30": "1.37", "2015-01-31": "0.74", "2014-10-31": "0.81", "2014-07-31": "0.82", "2014-04-30": "0.80", "2014-01-31": "0.73", "2013-10-31": "0.79", "2013-07-31": "0.78", "2013-04-30": "0.75", "2013-01-31": "0.75", "2012-10-31": "0.78", "2012-07-31": "0.77", "2012-04-30": "0.77", "2012-01-31": "0.72", "2011-10-31": "0.72", "2011-07-31": "0.64", "2011-04-30": "0.57", "2011-01-31": "0.56", "2010-10-31": "0.55", "2010-07-31": "0.56", "2010-04-30": "0.50", "2010-01-31": "0.51", "2009-10-31": "0.64", "2009-07-31": "0.64", "2009-04-30": "0.66", "2009-01-31": "0.68", "2008-10-31": "1.23", "2008-07-31": "0.78", "2008-04-30": "0.74", "2008-01-31": "0.71", "2007-10-31": "0.71", "2007-07-31": "0.74", "2007-04-30": "0.50", "2007-01-31": "0.51", "2006-10-31": "0.53", "2006-07-31": "0.56", "2006-04-30": "0.53", "2006-01-31": "0.53", "2005-10-31": "0.57", "2005-07-31": "0.59", "2005-04-30": "0.56", "2005-01-31": "0.57"}, "return on equity": {"2020-10-31": "10.56%", "2020-07-31": "10.45%", "2020-04-30": "9.55%", "2020-01-31": "7.69%", "2019-10-31": "6.92%", "2019-07-31": "6.67%", "2019-04-30": "6.41%", "2019-01-31": "7.87%", "2018-10-31": "16.84%", "2018-07-31": "17.45%", "2018-04-30": "17.96%", "2018-01-31": "17.57%", "2017-10-31": "8.04%", "2017-07-31": "7.76%", "2017-04-30": "8.32%", "2017-01-31": "9.39%", "2016-10-31": "10.08%", "2016-07-31": "10.03%", "2016-04-30": "9.56%", "2016-01-31": "5.64%", "2015-10-31": "5.71%", "2015-07-31": "5.90%", "2015-04-30": "6.06%", "2015-01-31": "10.73%", "2014-10-31": "10.86%", "2014-07-31": "10.76%", "2014-04-30": "10.98%", "2014-01-31": "11.13%", "2013-10-31": "10.85%", "2013-07-31": "10.78%", "2013-04-30": "10.39%", "2013-01-31": "9.89%", "2012-10-31": "9.12%", "2012-07-31": "8.61%", "2012-04-30": "8.56%", "2012-01-31": "8.34%", "2011-10-31": "8.63%", "2011-07-31": "8.98%", "2011-04-30": "8.82%", "2011-01-31": "9.28%", "2010-10-31": "9.39%", "2010-07-31": "9.39%", "2010-04-30": "9.45%", "2010-01-31": "9.12%", "2009-10-31": "8.13%", "2009-07-31": "7.78%", "2009-04-30": "8.01%", "2009-01-31": "8.20%", "2008-10-31": "9.80%", "2008-07-31": "9.21%", "2008-04-30": "9.12%", "2008-01-31": "9.45%", "2007-10-31": "9.46%", "2007-07-31": "9.45%", "2007-04-30": "8.91%", "2007-01-31": "8.65%", "2006-10-31": "8.15%", "2006-07-31": "8.18%", "2006-04-30": "8.30%", "2006-01-31": "7.53%", "2005-10-31": "7.89%"}, "return on assets": {"2020-10-31": "5.20%", "2020-07-31": "5.09%", "2020-04-30": "4.61%", "2020-01-31": "3.71%", "2019-10-31": "3.30%", "2019-07-31": "3.16%", "2019-04-30": "3.00%", "2019-01-31": "3.75%", "2018-10-31": "8.16%", "2018-07-31": "8.38%", "2018-04-30": "8.60%", "2018-01-31": "8.07%", "2017-10-31": "3.59%", "2017-07-31": "3.46%", "2017-04-30": "3.71%", "2017-01-31": "4.19%", "2016-10-31": "4.48%", "2016-07-31": "4.42%", "2016-04-30": "4.18%", "2016-01-31": "2.44%", "2015-10-31": "2.57%", "2015-07-31": "2.79%", "2015-04-30": "3.08%", "2015-01-31": "5.99%", "2014-10-31": "6.07%", "2014-07-31": "6.03%", "2014-04-30": "6.19%", "2014-01-31": "6.31%", "2013-10-31": "6.14%", "2013-07-31": "6.10%", "2013-04-30": "5.89%", "2013-01-31": "5.59%", "2012-10-31": "5.18%", "2012-07-31": "4.94%", "2012-04-30": "5.01%", "2012-01-31": "5.02%", "2011-10-31": "5.32%", "2011-07-31": "5.68%", "2011-04-30": "5.65%", "2011-01-31": "6.02%", "2010-10-31": "6.14%", "2010-07-31": "6.05%", "2010-04-30": "6.02%", "2010-01-31": "5.66%", "2009-10-31": "4.92%", "2009-07-31": "4.55%", "2009-04-30": "4.58%", "2009-01-31": "4.58%", "2008-10-31": "5.30%", "2008-07-31": "5.31%", "2008-04-30": "5.29%", "2008-01-31": "5.67%", "2007-10-31": "5.85%", "2007-07-31": "6.01%", "2007-04-30": "5.84%", "2007-01-31": "5.64%", "2006-10-31": "5.30%", "2006-07-31": "5.28%", "2006-04-30": "5.33%", "2006-01-31": "4.82%", "2005-10-31": "5.02%"}, "return on investments": {"2020-10-31": "10.65%", "2020-07-31": "10.20%", "2020-04-30": "9.47%", "2020-01-31": "8.12%", "2019-10-31": "7.48%", "2019-07-31": "7.31%", "2019-04-30": "6.89%", "2019-01-31": "8.08%", "2018-10-31": "7.80%", "2018-07-31": "8.20%", "2018-04-30": "8.74%", "2018-01-31": "8.08%", "2017-10-31": "8.77%", "2017-07-31": "8.38%", "2017-04-30": "8.74%", "2017-01-31": "8.90%", "2016-10-31": "9.50%", "2016-07-31": "9.47%", "2016-04-30": "9.13%", "2016-01-31": "7.59%", "2015-10-31": "7.93%", "2015-07-31": "8.46%", "2015-04-30": "9.04%", "2015-01-31": "12.74%", "2014-10-31": "12.88%", "2014-07-31": "12.83%", "2014-04-30": "13.14%", "2014-01-31": "13.36%", "2013-10-31": "13.19%", "2013-07-31": "13.09%", "2013-04-30": "12.65%", "2013-01-31": "12.23%", "2012-10-31": "11.36%", "2012-07-31": "10.77%", "2012-04-30": "10.84%", "2012-01-31": "10.78%", "2011-10-31": "11.29%", "2011-07-31": "11.97%", "2011-04-30": "11.72%", "2011-01-31": "12.11%", "2010-10-31": "12.31%", "2010-07-31": "12.54%", "2010-04-30": "13.00%", "2010-01-31": "12.83%", "2009-10-31": "11.74%", "2009-07-31": "10.85%", "2009-04-30": "10.74%", "2009-01-31": "10.46%", "2008-10-31": "11.13%", "2008-07-31": "10.96%", "2008-04-30": "10.78%", "2008-01-31": "11.40%", "2007-10-31": "11.77%", "2007-07-31": "12.06%", "2007-04-30": "11.73%", "2007-01-31": "11.31%", "2006-10-31": "10.54%", "2006-07-31": "10.67%", "2006-04-30": "10.78%", "2006-01-31": "10.21%", "2005-10-31": "10.85%"}, "return on tangible equity": {"2020-10-31": "-19.90%", "2020-07-31": "-18.70%", "2020-04-30": "-16.35%", "2020-01-31": "-12.73%", "2019-10-31": "-11.09%", "2019-07-31": "-10.38%", "2019-04-30": "-9.57%", "2019-01-31": "-12.35%", "2018-10-31": "-27.71%", "2018-07-31": "-28.21%", "2018-04-30": "-28.88%", "2018-01-31": "-25.32%", "2017-10-31": "-10.82%", "2017-07-31": "-10.40%", "2017-04-30": "-11.13%", "2017-01-31": "-12.52%", "2016-10-31": "-13.34%", "2016-07-31": "-13.10%", "2016-04-30": "-12.31%", "2016-01-31": "-7.19%", "2015-10-31": "-8.41%", "2015-07-31": "-10.75%", "2015-04-30": "-15.63%", "2015-01-31": "-55.37%", "2014-10-31": "-55.21%", "2014-07-31": "-54.34%", "2014-04-30": "-55.07%", "2014-01-31": "-57.54%", "2013-10-31": "-56.69%", "2013-07-31": "-55.87%", "2013-04-30": "-54.92%", "2013-01-31": "-51.18%", "2012-10-31": "-47.80%", "2012-07-31": "-50.74%", "2012-04-30": "-55.44%", "2012-01-31": "-66.94%", "2011-10-31": "-84.47%", "2011-07-31": "-104.89%", "2011-04-30": "-120.79%", "2011-01-31": "-123.63%", "2010-10-31": "-110.34%", "2010-07-31": "-87.19%", "2010-04-30": "-72.35%", "2010-01-31": "-58.90%", "2009-10-31": "-45.36%", "2009-07-31": "-41.16%", "2009-04-30": "-47.83%", "2009-01-31": "-68.38%", "2008-10-31": "-5261.54%", "2008-07-31": "153.15%", "2008-04-30": "115.75%", "2008-01-31": "81.59%", "2007-10-31": "69.13%", "2007-07-31": "62.71%", "2007-04-30": "51.52%", "2007-01-31": "50.08%", "2006-10-31": "45.99%", "2006-07-31": "45.22%", "2006-04-30": "47.08%", "2006-01-31": "44.06%", "2005-10-31": "47.56%"}, "dividend yield history": {"last payout": "$3.60", "last yield": "3.12%"}}