{"ticker": "SKX", "price": {"title": "Skechers U.S.A Historical Annual Stock Price Data", "value": 37.25, "historical": {"2021": {"Average Stock Price": "36.3329", "Year Open": "34.8700", "Year High": "38.6800", "Year Low": "34.4800", "Year Close": "37.2500", "Annual % Change": "3.64%"}, "2020": {"Average Stock Price": "31.7410", "Year Open": "42.6000", "Year High": "43.8800", "Year Low": "20.6100", "Year Close": "35.9400", "Annual % Change": "-16.79%"}, "2019": {"Average Stock Price": "33.6767", "Year Open": "23.1900", "Year High": "44.2100", "Year Low": "22.4900", "Year Close": "43.1900", "Annual % Change": "88.69%"}, "2018": {"Average Stock Price": "31.6866", "Year Open": "38.4500", "Year High": "42.4500", "Year Low": "21.8600", "Year Close": "22.8900", "Annual % Change": "-39.51%"}, "2017": {"Average Stock Price": "27.8707", "Year Open": "24.8900", "Year High": "38.6600", "Year Low": "22.5400", "Year Close": "37.8400", "Annual % Change": "53.95%"}, "2016": {"Average Stock Price": "27.1881", "Year Open": "29.9600", "Year High": "34.0600", "Year Low": "18.9800", "Year Close": "24.5800", "Annual % Change": "-18.64%"}, "2015": {"Average Stock Price": "33.2576", "Year Open": "18.5800", "Year High": "53.4300", "Year Low": "18.5800", "Year Close": "30.2100", "Annual % Change": "64.04%"}, "2014": {"Average Stock Price": "15.4466", "Year Open": "11.2400", "Year High": "21.3633", "Year Low": "8.9667", "Year Close": "18.4167", "Annual % Change": "66.77%"}, "2013": {"Average Stock Price": "8.4942", "Year Open": "6.0633", "Year High": "11.4567", "Year Low": "5.8000", "Year Close": "11.0433", "Annual % Change": "79.08%"}, "2012": {"Average Stock Price": "5.7134", "Year Open": "4.1933", "Year High": "7.4167", "Year Low": "3.8200", "Year Close": "6.1667", "Annual % Change": "52.64%"}, "2011": {"Average Stock Price": "5.5514", "Year Open": "6.8567", "Year High": "7.8167", "Year Low": "3.9633", "Year Close": "4.0400", "Annual % Change": "-39.40%"}, "2010": {"Average Stock Price": "10.0570", "Year Open": "9.7533", "Year High": "14.6167", "Year Low": "6.4133", "Year Close": "6.6667", "Annual % Change": "-32.00%"}, "2009": {"Average Stock Price": "4.6901", "Year Open": "4.3067", "Year High": "9.8333", "Year Low": "1.7567", "Year Close": "9.8033", "Annual % Change": "129.41%"}, "2008": {"Average Stock Price": "6.0284", "Year Open": "6.2800", "Year High": "8.2167", "Year Low": "3.1667", "Year Close": "4.2733", "Annual % Change": "-34.29%"}, "2007": {"Average Stock Price": "9.2358", "Year Open": "11.2233", "Year High": "12.5000", "Year Low": "6.1000", "Year Close": "6.5033", "Annual % Change": "-41.43%"}, "2006": {"Average Stock Price": "8.1308", "Year Open": "5.2200", "Year High": "11.1167", "Year Low": "5.1867", "Year Close": "11.1033", "Annual % Change": "117.43%"}, "2005": {"Average Stock Price": "4.9652", "Year Open": "4.2667", "Year High": "5.9967", "Year Low": "3.8300", "Year Close": "5.1067", "Annual % Change": "18.21%"}, "2004": {"Average Stock Price": "4.0697", "Year Open": "2.7200", "Year High": "5.0000", "Year Low": "2.5167", "Year Close": "4.3200", "Annual % Change": "59.02%"}, "2003": {"Average Stock Price": "2.4812", "Year Open": "2.9167", "Year High": "3.2800", "Year Low": "1.8467", "Year Close": "2.7167", "Annual % Change": "-4.00%"}, "2002": {"Average Stock Price": "5.1657", "Year Open": "5.1333", "Year High": "7.9467", "Year Low": "2.3100", "Year Close": "2.8300", "Annual % Change": "-41.93%"}, "2001": {"Average Stock Price": "7.4339", "Year Open": "4.8967", "Year High": "13.2333", "Year Low": "3.4933", "Year Close": "4.8733", "Annual % Change": "-5.68%"}, "2000": {"Average Stock Price": "4.0011", "Year Open": "1.2700", "Year High": "6.5400", "Year Low": "1.1033", "Year Close": "5.1667", "Annual % Change": "306.83%"}}}, "market cap": {"value": "$5.85B"}, "income statement": {"Revenue": {"2020-12-31": "4597.41400", "2019-12-31": "5220.05100", "2018-12-31": "4642.06800", "2017-12-31": "4164.16000", "2016-12-31": "3563.31100", "2015-12-31": "3147.32300", "2014-12-31": "2377.56100", "2013-12-31": "1846.36100", "2012-12-31": "1560.32100", "2011-12-31": "1606.01600", "2010-12-31": "2006.86800", "2009-12-31": "1436.44000", "2008-12-31": "1440.74300", "2007-12-31": "1394.18100", "2006-12-31": "1205.36800", "2005-12-31": "1006.47700"}, "Cost Of Goods Sold": {"2020-12-31": "2407.63300", "2019-12-31": "2728.89400", "2018-12-31": "2418.46300", "2017-12-31": "2225.27100", "2016-12-31": "1928.71500", "2015-12-31": "1723.31500", "2014-12-31": "1305.65600", "2013-12-31": "1027.56900", "2012-12-31": "876.99500", "2011-12-31": "982.26800", "2010-12-31": "1094.96200", "2009-12-31": "815.43000", "2008-12-31": "844.82100", "2007-12-31": "794.19200", "2006-12-31": "682.02200", "2005-12-31": "585.99500"}, "Gross Profit": {"2020-12-31": "2189.78100", "2019-12-31": "2491.15700", "2018-12-31": "2223.60500", "2017-12-31": "1938.88900", "2016-12-31": "1634.59600", "2015-12-31": "1424.00800", "2014-12-31": "1071.90500", "2013-12-31": "818.79200", "2012-12-31": "683.32600", "2011-12-31": "623.74800", "2010-12-31": "911.90600", "2009-12-31": "621.00990", "2008-12-31": "595.92210", "2007-12-31": "599.98900", "2006-12-31": "523.34610", "2005-12-31": "420.48200"}, "Research And Development Expenses": {"2020-12-31": "", "2019-12-31": "", "2018-12-31": "", "2017-12-31": "", "2016-12-31": "", "2015-12-31": "", "2014-12-31": "", "2013-12-31": "", "2012-12-31": "", "2011-12-31": "", "2010-12-31": "", "2009-12-31": "", "2008-12-31": "", "2007-12-31": "", "2006-12-31": "", "2005-12-31": ""}, "SG&A Expenses": {"2020-12-31": "2072.11400", "2019-12-31": "1995.20700", "2018-12-31": "1806.42200", "2017-12-31": "1572.67500", "2016-12-31": "1277.96300", "2015-12-31": "1084.92900", "2014-12-31": "871.94100", "2013-12-31": "732.91710", "2012-12-31": "668.11100", "2011-12-31": "721.16400", "2010-12-31": "719.73390", "2009-12-31": "550.08300", "2008-12-31": "540.49100", "2007-12-31": "491.23800", "2006-12-31": "414.91600", "2005-12-31": "350.81400"}, "Other Operating Income Or Expenses": {"2020-12-31": "16.01700", "2019-12-31": "22.49300", "2018-12-31": "20.58200", "2017-12-31": "16.66600", "2016-12-31": "13.88500", "2015-12-31": "11.74500", "2014-12-31": "9.10700", "2013-12-31": "7.73400", "2012-12-31": "7.10400", "2011-12-31": "7.55800", "2010-12-31": "4.56800", "2009-12-31": "1.65500", "2008-12-31": "2.46100", "2007-12-31": "4.17900", "2006-12-31": "4.11400", "2005-12-31": "6.62800"}, "Operating Expenses": {"2020-12-31": "4463.73000", "2019-12-31": "4701.60800", "2018-12-31": "4204.30300", "2017-12-31": "3781.28000", "2016-12-31": "3192.79300", "2015-12-31": "2796.49900", "2014-12-31": "2168.49000", "2013-12-31": "1752.75200", "2012-12-31": "1538.00200", "2011-12-31": "1739.80900", "2010-12-31": "1811.30000", "2009-12-31": "1366.18500", "2008-12-31": "1382.85100", "2007-12-31": "1281.25100", "2006-12-31": "1092.82400", "2005-12-31": "930.18100"}, "Operating Income": {"2020-12-31": "133.68410", "2019-12-31": "518.44290", "2018-12-31": "437.76510", "2017-12-31": "382.88010", "2016-12-31": "370.51810", "2015-12-31": "350.82400", "2014-12-31": "209.07100", "2013-12-31": "93.60890", "2012-12-31": "22.31910", "2011-12-31": "-133.79310", "2010-12-31": "195.56800", "2009-12-31": "70.25500", "2008-12-31": "57.89210", "2007-12-31": "112.92990", "2006-12-31": "112.54410", "2005-12-31": "76.29600"}, "Total Non-Operating Income/Expense": {"2020-12-31": "21.04500", "2019-12-31": "-2.43800", "2018-12-31": "-5.88100", "2017-12-31": "1.38000", "2016-12-31": "-11.03400", "2015-12-31": "-17.32700", "2014-12-31": "-17.69100", "2013-12-31": "-11.39400", "2012-12-31": "-11.84600", "2011-12-31": "2.74600", "2010-12-31": "1.03500", "2009-12-31": "0.85500", "2008-12-31": "2.85100", "2007-12-31": "5.37500", "2006-12-31": "0.10400", "2005-12-31": "-3.49900"}, "Pre-Tax Income": {"2020-12-31": "154.72900", "2019-12-31": "516.00500", "2018-12-31": "431.88400", "2017-12-31": "384.26000", "2016-12-31": "359.48400", "2015-12-31": "333.49700", "2014-12-31": "191.38000", "2013-12-31": "82.21500", "2012-12-31": "10.47300", "2011-12-31": "-131.04700", "2010-12-31": "196.60300", "2009-12-31": "71.11000", "2008-12-31": "60.74300", "2007-12-31": "118.30500", "2006-12-31": "112.64800", "2005-12-31": "72.79700"}, "Income Taxes": {"2020-12-31": "8.50200", "2019-12-31": "88.75300", "2018-12-31": "60.61100", "2017-12-31": "149.15600", "2016-12-31": "74.12500", "2015-12-31": "72.45000", "2014-12-31": "39.18400", "2013-12-31": "21.34700", "2012-12-31": "-0.03900", "2011-12-31": "-63.46700", "2010-12-31": "60.19800", "2009-12-31": "20.22800", "2008-12-31": "7.25800", "2007-12-31": "42.61900", "2006-12-31": "41.65400", "2005-12-31": "28.08000"}, "Income After Taxes": {"2020-12-31": "146.22700", "2019-12-31": "427.25200", "2018-12-31": "371.27300", "2017-12-31": "235.10400", "2016-12-31": "285.35900", "2015-12-31": "261.04700", "2014-12-31": "152.19600", "2013-12-31": "60.86800", "2012-12-31": "10.51200", "2011-12-31": "-67.58000", "2010-12-31": "136.40500", "2009-12-31": "50.88200", "2008-12-31": "53.48500", "2007-12-31": "75.68600", "2006-12-31": "70.99400", "2005-12-31": "44.71700"}, "Other Income": {"2020-12-31": "", "2019-12-31": "", "2018-12-31": "", "2017-12-31": "", "2016-12-31": "", "2015-12-31": "", "2014-12-31": "", "2013-12-31": "", "2012-12-31": "", "2011-12-31": "", "2010-12-31": "", "2009-12-31": "", "2008-12-31": "", "2007-12-31": "", "2006-12-31": "", "2005-12-31": ""}, "Income From Continuous Operations": {"2020-12-31": "146.22700", "2019-12-31": "427.25200", "2018-12-31": "371.27300", "2017-12-31": "235.10400", "2016-12-31": "285.35900", "2015-12-31": "261.04700", "2014-12-31": "152.19600", "2013-12-31": "60.86800", "2012-12-31": "10.51200", "2011-12-31": "-67.58000", "2010-12-31": "136.40500", "2009-12-31": "50.88200", "2008-12-31": "53.48500", "2007-12-31": "75.68600", "2006-12-31": "70.99400", "2005-12-31": "44.71700"}, "Income From Discontinued Operations": {"2020-12-31": "", "2019-12-31": "", "2018-12-31": "", "2017-12-31": "", "2016-12-31": "", "2015-12-31": "", "2014-12-31": "", "2013-12-31": "", "2012-12-31": "", "2011-12-31": "", "2010-12-31": "", "2009-12-31": "", "2008-12-31": "", "2007-12-31": "", "2006-12-31": "", "2005-12-31": ""}, "Net Income": {"2020-12-31": "98.56400", "2019-12-31": "346.56000", "2018-12-31": "301.04100", "2017-12-31": "179.19000", "2016-12-31": "243.49300", "2015-12-31": "231.91200", "2014-12-31": "138.81100", "2013-12-31": "54.78800", "2012-12-31": "9.51200", "2011-12-31": "-67.48400", "2010-12-31": "136.14800", "2009-12-31": "54.69900", "2008-12-31": "55.39600", "2007-12-31": "75.68600", "2006-12-31": "70.99400", "2005-12-31": "44.71700"}, "EBITDA": {"2020-12-31": "133.68410", "2019-12-31": "629.95790", "2018-12-31": "547.44510", "2017-12-31": "479.39010", "2016-12-31": "449.70010", "2015-12-31": "404.47100", "2014-12-31": "258.57600", "2013-12-31": "138.11890", "2012-12-31": "65.96210", "2011-12-31": "-97.43310", "2010-12-31": "223.44000", "2009-12-31": "91.62500", "2008-12-31": "75.63510", "2007-12-31": "130.68190", "2006-12-31": "130.01410", "2005-12-31": "99.65400"}, "EBIT": {"2020-12-31": "133.68410", "2019-12-31": "518.44290", "2018-12-31": "437.76510", "2017-12-31": "382.88010", "2016-12-31": "370.51810", "2015-12-31": "350.82400", "2014-12-31": "209.07100", "2013-12-31": "93.60890", "2012-12-31": "22.31910", "2011-12-31": "-133.79310", "2010-12-31": "195.56800", "2009-12-31": "70.25500", "2008-12-31": "57.89210", "2007-12-31": "112.92990", "2006-12-31": "112.54410", "2005-12-31": "76.29600"}, "Basic Shares Outstanding": {"2020-12-31": "154.18400", "2019-12-31": "153.39200", "2018-12-31": "155.81500", "2017-12-31": "155.65100", "2016-12-31": "154.16900", "2015-12-31": "152.84700", "2014-12-31": "151.83900", "2013-12-31": "151.09000", "2012-12-31": "148.48500", "2011-12-31": "145.47300", "2010-12-31": "142.29900", "2009-12-31": "139.02300", "2008-12-31": "138.09300", "2007-12-31": "135.78600", "2006-12-31": "123.23700", "2005-12-31": "119.05800"}, "Shares Outstanding": {"2020-12-31": "154.89400", "2019-12-31": "154.15100", "2018-12-31": "156.45000", "2017-12-31": "156.52300", "2016-12-31": "155.08400", "2015-12-31": "154.20000", "2014-12-31": "153.07900", "2013-12-31": "151.69000", "2012-12-31": "149.82600", "2011-12-31": "145.47300", "2010-12-31": "147.15000", "2009-12-31": "141.31500", "2008-12-31": "140.12400", "2007-12-31": "140.22300", "2006-12-31": "138.41700", "2005-12-31": "133.55400"}, "Basic EPS": {"2020-12-31": "0.64000", "2019-12-31": "2.26000", "2018-12-31": "1.93000", "2017-12-31": "1.15000", "2016-12-31": "1.58000", "2015-12-31": "1.52000", "2014-12-31": "0.91000", "2013-12-31": "0.36000", "2012-12-31": "0.06330", "2011-12-31": "-0.46330", "2010-12-31": "0.95670", "2009-12-31": "0.39330", "2008-12-31": "0.40000", "2007-12-31": "0.55670", "2006-12-31": "0.57670", "2005-12-31": "0.37670"}, "EPS - Earnings Per Share": {"2020-12-31": "0.64000", "2019-12-31": "2.25000", "2018-12-31": "1.92000", "2017-12-31": "1.14000", "2016-12-31": "1.57000", "2015-12-31": "1.50000", "2014-12-31": "0.91000", "2013-12-31": "0.36000", "2012-12-31": "0.06330", "2011-12-31": "-0.46330", "2010-12-31": "0.92670", "2009-12-31": "0.38670", "2008-12-31": "0.39670", "2007-12-31": "0.54330", "2006-12-31": "0.53000", "2005-12-31": "0.35330"}}, "income statement, quarterly": {"Revenue": {"2020-12-31": "1324.71100", "2020-09-30": "1300.88600", "2020-06-30": "729.47200", "2020-03-31": "1242.34500", "2019-12-31": "1330.73200", "2019-09-30": "1353.99800", "2019-06-30": "1258.56500", "2019-03-31": "1276.75600", "2018-12-31": "1080.79800", "2018-09-30": "1176.39500", "2018-06-30": "1134.79700", "2018-03-31": "1250.07800", "2017-12-31": "970.58910", "2017-09-30": "1094.82900", "2017-06-30": "1025.93400", "2017-03-31": "1072.80800", "2016-12-31": "764.29000", "2016-09-30": "942.41700", "2016-06-30": "877.81000", "2016-03-31": "978.79400", "2015-12-31": "722.68300", "2015-09-30": "856.17900", "2015-06-30": "800.46400", "2015-03-31": "767.99700", "2014-12-31": "569.72200", "2014-09-30": "674.27000", "2014-06-30": "587.05100", "2014-03-31": "546.51800", "2013-12-31": "450.73700", "2013-09-30": "515.75600", "2013-06-30": "428.24700", "2013-03-31": "451.62100", "2012-12-31": "395.61710", "2012-09-30": "429.42900", "2012-06-30": "384.00100", "2012-03-31": "351.27400", "2011-12-31": "283.24800", "2011-09-30": "412.18300", "2011-06-30": "434.35100", "2011-03-31": "476.23400", "2010-12-31": "454.61900", "2010-09-30": "554.62600", "2010-06-30": "504.85900", "2010-03-31": "492.76400", "2009-12-31": "388.61990", "2009-09-30": "405.37400", "2009-06-30": "298.97600", "2009-03-31": "343.47000", "2008-12-31": "298.08800", "2008-09-30": "403.15900", "2008-06-30": "354.57400", "2008-03-31": "384.92200", "2007-12-31": "302.04110", "2007-09-30": "395.03300", "2007-06-30": "352.21100", "2007-03-31": "344.89600", "2006-12-31": "304.49410", "2006-09-30": "331.12600", "2006-06-30": "292.18300", "2006-03-31": "277.56500", "2005-12-31": "223.49400", "2005-09-30": "272.83600", "2005-06-30": "263.92800", "2005-03-31": "246.21900"}, "Cost Of Goods Sold": {"2020-12-31": "676.28400", "2020-09-30": "675.76500", "2020-06-30": "360.90600", "2020-03-31": "694.67700", "2019-12-31": "692.98300", "2019-09-30": "700.93400", "2019-06-30": "648.73000", "2019-03-31": "686.24700", "2018-12-31": "565.11980", "2018-09-30": "612.52900", "2018-06-30": "573.84000", "2018-03-31": "666.97400", "2017-12-31": "516.50590", "2017-09-30": "574.84200", "2017-06-30": "537.61300", "2017-03-31": "596.31000", "2016-12-31": "408.07780", "2016-09-30": "512.43900", "2016-06-30": "461.55600", "2016-03-31": "546.64200", "2015-12-31": "392.82900", "2015-09-30": "469.17300", "2015-06-30": "425.85600", "2015-03-31": "435.45700", "2014-12-31": "312.09300", "2014-09-30": "369.77200", "2014-06-30": "317.67600", "2014-03-31": "306.11500", "2013-12-31": "250.09200", "2013-09-30": "285.23500", "2013-06-30": "233.35300", "2013-03-31": "258.88900", "2012-12-31": "227.15300", "2012-09-30": "241.60500", "2012-06-30": "212.65900", "2012-03-31": "195.57800", "2011-12-31": "170.63500", "2011-09-30": "236.98800", "2011-06-30": "291.02100", "2011-03-31": "283.62400", "2010-12-31": "270.42710", "2010-09-30": "301.97500", "2010-06-30": "267.21400", "2010-03-31": "255.34600", "2009-12-31": "199.36800", "2009-09-30": "221.64800", "2009-06-30": "176.37300", "2009-03-31": "218.04100", "2008-12-31": "203.06200", "2008-09-30": "231.62800", "2008-06-30": "197.38100", "2008-03-31": "212.75000", "2007-12-31": "174.78900", "2007-09-30": "223.36300", "2007-06-30": "200.18300", "2007-03-31": "195.85700", "2006-12-31": "176.56100", "2006-09-30": "184.82300", "2006-06-30": "161.44800", "2006-03-31": "159.19000", "2005-12-31": "130.45700", "2005-09-30": "157.36300", "2005-06-30": "152.39200", "2005-03-31": "145.78300"}, "Gross Profit": {"2020-12-31": "648.42710", "2020-09-30": "625.12100", "2020-06-30": "368.56600", "2020-03-31": "547.66800", "2019-12-31": "637.74880", "2019-09-30": "653.06400", "2019-06-30": "609.83500", "2019-03-31": "590.50900", "2018-12-31": "515.67820", "2018-09-30": "563.86600", "2018-06-30": "560.95700", "2018-03-31": "583.10400", "2017-12-31": "454.08320", "2017-09-30": "519.98700", "2017-06-30": "488.32100", "2017-03-31": "476.49800", "2016-12-31": "356.21220", "2016-09-30": "429.97800", "2016-06-30": "416.25400", "2016-03-31": "432.15200", "2015-12-31": "329.85400", "2015-09-30": "387.00600", "2015-06-30": "374.60800", "2015-03-31": "332.54000", "2014-12-31": "257.62900", "2014-09-30": "304.49800", "2014-06-30": "269.37500", "2014-03-31": "240.40300", "2013-12-31": "200.64500", "2013-09-30": "230.52100", "2013-06-30": "194.89400", "2013-03-31": "192.73200", "2012-12-31": "168.46410", "2012-09-30": "187.82400", "2012-06-30": "171.34200", "2012-03-31": "155.69600", "2011-12-31": "112.61290", "2011-09-30": "175.19500", "2011-06-30": "143.33000", "2011-03-31": "192.61000", "2010-12-31": "184.19200", "2010-09-30": "252.65100", "2010-06-30": "237.64500", "2010-03-31": "237.41800", "2009-12-31": "189.25190", "2009-09-30": "183.72600", "2009-06-30": "122.60300", "2009-03-31": "125.42900", "2008-12-31": "95.02600", "2008-09-30": "171.53100", "2008-06-30": "157.19300", "2008-03-31": "172.17200", "2007-12-31": "127.25210", "2007-09-30": "171.67000", "2007-06-30": "152.02800", "2007-03-31": "149.03900", "2006-12-31": "127.93310", "2006-09-30": "146.30300", "2006-06-30": "130.73500", "2006-03-31": "118.37500", "2005-12-31": "93.03700", "2005-09-30": "115.47300", "2005-06-30": "111.53600", "2005-03-31": "100.43600"}, "Research And Development Expenses": {"2020-12-31": "", "2020-09-30": "", "2020-06-30": "", "2020-03-31": "", "2019-12-31": "", "2019-09-30": "", "2019-06-30": "", "2019-03-31": "", "2018-12-31": "", "2018-09-30": "", "2018-06-30": "", "2018-03-31": "", "2017-12-31": "", "2017-09-30": "", "2017-06-30": "", "2017-03-31": "", "2016-12-31": "", "2016-09-30": "", "2016-06-30": "", "2016-03-31": "", "2015-12-31": "", "2015-09-30": "", "2015-06-30": "", "2015-03-31": "", "2014-12-31": "", "2014-09-30": "", "2014-06-30": "", "2014-03-31": "", "2013-12-31": "", "2013-09-30": "", "2013-06-30": "", "2013-03-31": "", "2012-12-31": "", "2012-09-30": "", "2012-06-30": "", "2012-03-31": "", "2011-12-31": "", "2011-09-30": "", "2011-06-30": "", "2011-03-31": "", "2010-12-31": "", "2010-09-30": "", "2010-06-30": "", "2010-03-31": "", "2009-12-31": "", "2009-09-30": "", "2009-06-30": "", "2009-03-31": "", "2008-12-31": "", "2008-09-30": "", "2008-06-30": "", "2008-03-31": "", "2007-12-31": "", "2007-09-30": "", "2007-06-30": "", "2007-03-31": "", "2006-12-31": "", "2006-09-30": "", "2006-06-30": "", "2006-03-31": "", "2005-12-31": "", "2005-09-30": "", "2005-06-30": "", "2005-03-31": ""}, "SG&A Expenses": {"2020-12-31": "595.66300", "2020-09-30": "536.21100", "2020-06-30": "432.13300", "2020-03-31": "508.10600", "2019-12-31": "548.33310", "2019-09-30": "511.93300", "2019-06-30": "505.09500", "2019-03-31": "429.84600", "2018-12-31": "436.83220", "2018-09-30": "444.81400", "2018-06-30": "484.94900", "2018-03-31": "439.82700", "2017-12-31": "404.72600", "2017-09-30": "406.41100", "2017-06-30": "405.23300", "2017-03-31": "356.30500", "2016-12-31": "332.93300", "2016-09-30": "329.59700", "2016-06-30": "319.20600", "2016-03-31": "296.22700", "2015-12-31": "279.06700", "2015-09-30": "293.73300", "2015-06-30": "265.89600", "2015-03-31": "246.23300", "2014-12-31": "226.79600", "2014-09-30": "232.42500", "2014-06-30": "217.45500", "2014-03-31": "195.26500", "2013-12-31": "186.47200", "2013-09-30": "188.12700", "2013-06-30": "179.15400", "2013-03-31": "179.16400", "2012-12-31": "163.10500", "2012-09-30": "169.29800", "2012-06-30": "174.48200", "2012-03-31": "161.22600", "2011-12-31": "174.89500", "2011-09-30": "174.40200", "2011-06-30": "192.88000", "2011-03-31": "178.98700", "2010-12-31": "184.23090", "2010-09-30": "198.97100", "2010-06-30": "179.73600", "2010-03-31": "156.79600", "2009-12-31": "148.17500", "2009-09-30": "151.69900", "2009-06-30": "130.66100", "2009-03-31": "119.54800", "2008-12-31": "130.91400", "2008-09-30": "147.37300", "2008-06-30": "137.44900", "2008-03-31": "124.75500", "2007-12-31": "110.90200", "2007-09-30": "136.08800", "2007-06-30": "131.42300", "2007-03-31": "112.82500", "2006-12-31": "105.75300", "2006-09-30": "113.17900", "2006-06-30": "103.86400", "2006-03-31": "92.12000", "2005-12-31": "84.02600", "2005-09-30": "96.03000", "2005-06-30": "86.25500", "2005-03-31": "84.50300"}, "Other Operating Income Or Expenses": {"2020-12-31": "4.95500", "2020-09-30": "3.21600", "2020-06-30": "2.59600", "2020-03-31": "5.24800", "2019-12-31": "4.66600", "2019-09-30": "6.28500", "2019-06-30": "6.34100", "2019-03-31": "5.20100", "2018-12-31": "4.85000", "2018-09-30": "4.86000", "2018-06-30": "5.35000", "2018-03-31": "5.52200", "2017-12-31": "6.29800", "2017-09-30": "2.91700", "2017-06-30": "3.22100", "2017-03-31": "4.23000", "2016-12-31": "4.98300", "2016-09-30": "2.97000", "2016-06-30": "3.30700", "2016-03-31": "2.62500", "2015-12-31": "3.92100", "2015-09-30": "2.31200", "2015-06-30": "3.63000", "2015-03-31": "1.88200", "2014-12-31": "2.17900", "2014-09-30": "2.07000", "2014-06-30": "1.83600", "2014-03-31": "3.02200", "2013-12-31": "2.89100", "2013-09-30": "1.64900", "2013-06-30": "1.42400", "2013-03-31": "1.77000", "2012-12-31": "2.60100", "2012-09-30": "1.75800", "2012-06-30": "1.60900", "2012-03-31": "1.13600", "2011-12-31": "3.12800", "2011-09-30": "1.40600", "2011-06-30": "1.37600", "2011-03-31": "1.64800", "2010-12-31": "1.42000", "2010-09-30": "1.88800", "2010-06-30": "0.87500", "2010-03-31": "0.38500", "2009-12-31": "0.63300", "2009-09-30": "0.41800", "2009-06-30": "0.33200", "2009-03-31": "0.27200", "2008-12-31": "0.80000", "2008-09-30": "0.59100", "2008-06-30": "0.23000", "2008-03-31": "0.84000", "2007-12-31": "0.78700", "2007-09-30": "0.99800", "2007-06-30": "1.19300", "2007-03-31": "1.20100", "2006-12-31": "1.20200", "2006-09-30": "1.35900", "2006-06-30": "0.55900", "2006-03-31": "0.99400", "2005-12-31": "1.55600", "2005-09-30": "1.99800", "2005-06-30": "1.99000", "2005-03-31": "1.08400"}, "Operating Expenses": {"2020-12-31": "1266.99200", "2020-09-30": "1208.76000", "2020-06-30": "790.44300", "2020-03-31": "1197.53500", "2019-12-31": "1236.65000", "2019-09-30": "1206.58200", "2019-06-30": "1147.48400", "2019-03-31": "1110.89200", "2018-12-31": "997.10180", "2018-09-30": "1052.48300", "2018-06-30": "1053.43900", "2018-03-31": "1101.27900", "2017-12-31": "914.93410", "2017-09-30": "978.33590", "2017-06-30": "939.62490", "2017-03-31": "948.38500", "2016-12-31": "736.02810", "2016-09-30": "839.06600", "2016-06-30": "777.45500", "2016-03-31": "840.24400", "2015-12-31": "667.97510", "2015-09-30": "760.59400", "2015-06-30": "688.12190", "2015-03-31": "679.80800", "2014-12-31": "536.71010", "2014-09-30": "600.12700", "2014-06-30": "533.29500", "2014-03-31": "498.35800", "2013-12-31": "433.67300", "2013-09-30": "471.71300", "2013-06-30": "411.08300", "2013-03-31": "436.28300", "2012-12-31": "387.65690", "2012-09-30": "409.14500", "2012-06-30": "385.53200", "2012-03-31": "355.66800", "2011-12-31": "386.33710", "2011-09-30": "409.98400", "2011-06-30": "482.52500", "2011-03-31": "460.96300", "2010-12-31": "454.41010", "2010-09-30": "499.05800", "2010-06-30": "446.07500", "2010-03-31": "411.75700", "2009-12-31": "349.23700", "2009-09-30": "372.92900", "2009-06-30": "306.70200", "2009-03-31": "337.31700", "2008-12-31": "333.17590", "2008-09-30": "378.41000", "2008-06-30": "334.60000", "2008-03-31": "336.66500", "2007-12-31": "284.90410", "2007-09-30": "358.45300", "2007-06-30": "330.41300", "2007-03-31": "307.48100", "2006-12-31": "281.11200", "2006-09-30": "296.64300", "2006-06-30": "264.75300", "2006-03-31": "250.31600", "2005-12-31": "212.92700", "2005-09-30": "251.39500", "2005-06-30": "236.65700", "2005-03-31": "229.20200"}, "Operating Income": {"2020-12-31": "57.71900", "2020-09-30": "92.12590", "2020-06-30": "-60.97100", "2020-03-31": "44.81010", "2019-12-31": "94.08180", "2019-09-30": "147.41610", "2019-06-30": "111.08090", "2019-03-31": "165.86400", "2018-12-31": "83.69620", "2018-09-30": "123.91200", "2018-06-30": "81.35790", "2018-03-31": "148.79900", "2017-12-31": "55.65500", "2017-09-30": "116.49300", "2017-06-30": "86.30900", "2017-03-31": "124.42300", "2016-12-31": "28.26190", "2016-09-30": "103.35100", "2016-06-30": "100.35500", "2016-03-31": "138.55000", "2015-12-31": "54.70800", "2015-09-30": "95.58500", "2015-06-30": "112.34200", "2015-03-31": "88.18900", "2014-12-31": "33.01190", "2014-09-30": "74.14300", "2014-06-30": "53.75600", "2014-03-31": "48.16000", "2013-12-31": "17.06390", "2013-09-30": "44.04300", "2013-06-30": "17.16400", "2013-03-31": "15.33800", "2012-12-31": "7.96020", "2012-09-30": "20.28400", "2012-06-30": "-1.53100", "2012-03-31": "-4.39400", "2011-12-31": "-103.08910", "2011-09-30": "2.19900", "2011-06-30": "-48.17400", "2011-03-31": "15.27100", "2010-12-31": "0.20900", "2010-09-30": "55.56800", "2010-06-30": "58.78400", "2010-03-31": "81.00700", "2009-12-31": "39.38290", "2009-09-30": "32.44500", "2009-06-30": "-7.72600", "2009-03-31": "6.15300", "2008-12-31": "-35.08790", "2008-09-30": "24.74900", "2008-06-30": "19.97400", "2008-03-31": "48.25700", "2007-12-31": "17.13700", "2007-09-30": "36.58000", "2007-06-30": "21.79800", "2007-03-31": "37.41500", "2006-12-31": "23.38210", "2006-09-30": "34.48300", "2006-06-30": "27.43000", "2006-03-31": "27.24900", "2005-12-31": "10.56700", "2005-09-30": "21.44100", "2005-06-30": "27.27100", "2005-03-31": "17.01700"}, "Total Non-Operating Income/Expense": {"2020-12-31": "10.85100", "2020-09-30": "4.96700", "2020-06-30": "1.44700", "2020-03-31": "3.77900", "2019-12-31": "1.88400", "2019-09-30": "-2.91600", "2019-06-30": "1.71500", "2019-03-31": "-3.12100", "2018-12-31": "-1.50200", "2018-09-30": "-1.04000", "2018-06-30": "-6.41900", "2018-03-31": "3.08000", "2017-12-31": "-0.80600", "2017-09-30": "1.36700", "2017-06-30": "1.20000", "2017-03-31": "-0.38100", "2016-12-31": "-6.11200", "2016-09-30": "-2.43300", "2016-06-30": "-4.14600", "2016-03-31": "1.65700", "2015-12-31": "-4.11000", "2015-09-30": "-5.91200", "2015-06-30": "0.10600", "2015-03-31": "-7.41100", "2014-12-31": "-4.32300", "2014-09-30": "-6.38200", "2014-06-30": "-3.31100", "2014-03-31": "-3.67500", "2013-12-31": "-0.58500", "2013-09-30": "-1.65100", "2013-06-30": "-3.68600", "2013-03-31": "-5.47200", "2012-12-31": "-1.32600", "2012-09-30": "-4.95900", "2012-06-30": "-2.70000", "2012-03-31": "-2.86100", "2011-12-31": "7.55100", "2011-09-30": "-0.49600", "2011-06-30": "-2.72400", "2011-03-31": "-1.58500", "2010-12-31": "0.84300", "2010-09-30": "-2.65900", "2010-06-30": "1.92900", "2010-03-31": "0.92200", "2009-12-31": "-1.01600", "2009-09-30": "1.51100", "2009-06-30": "-0.08600", "2009-03-31": "0.44600", "2008-12-31": "0.63700", "2008-09-30": "-0.47400", "2008-06-30": "1.33200", "2008-03-31": "1.35600", "2007-12-31": "1.40300", "2007-09-30": "2.00800", "2007-06-30": "1.13900", "2007-03-31": "0.82500", "2006-12-31": "0.57200", "2006-09-30": "-0.18300", "2006-06-30": "-0.03200", "2006-03-31": "-0.25300", "2005-12-31": "-0.98800", "2005-09-30": "-0.66100", "2005-06-30": "-1.83100", "2005-03-31": "-0.01900"}, "Pre-Tax Income": {"2020-12-31": "68.57000", "2020-09-30": "97.09300", "2020-06-30": "-59.52400", "2020-03-31": "48.58900", "2019-12-31": "95.96600", "2019-09-30": "144.50000", "2019-06-30": "112.79600", "2019-03-31": "162.74300", "2018-12-31": "82.19400", "2018-09-30": "122.87200", "2018-06-30": "74.93900", "2018-03-31": "151.87900", "2017-12-31": "54.84900", "2017-09-30": "117.86000", "2017-06-30": "87.50900", "2017-03-31": "124.04200", "2016-12-31": "22.15000", "2016-09-30": "100.91800", "2016-06-30": "96.20900", "2016-03-31": "140.20700", "2015-12-31": "50.59800", "2015-09-30": "89.67300", "2015-06-30": "112.44800", "2015-03-31": "80.77800", "2014-12-31": "28.68900", "2014-09-30": "67.76100", "2014-06-30": "50.44500", "2014-03-31": "44.48500", "2013-12-31": "16.47900", "2013-09-30": "42.39200", "2013-06-30": "13.47800", "2013-03-31": "9.86600", "2012-12-31": "6.63400", "2012-09-30": "15.32500", "2012-06-30": "-4.23100", "2012-03-31": "-7.25500", "2011-12-31": "-95.53800", "2011-09-30": "1.70300", "2011-06-30": "-50.89800", "2011-03-31": "13.68600", "2010-12-31": "1.05200", "2010-09-30": "52.90900", "2010-06-30": "60.71300", "2010-03-31": "81.92900", "2009-12-31": "38.36700", "2009-09-30": "33.95600", "2009-06-30": "-7.81200", "2009-03-31": "6.59900", "2008-12-31": "-34.45100", "2008-09-30": "24.27500", "2008-06-30": "21.30600", "2008-03-31": "49.61300", "2007-12-31": "18.54000", "2007-09-30": "38.58800", "2007-06-30": "22.93700", "2007-03-31": "38.24000", "2006-12-31": "23.95400", "2006-09-30": "34.30000", "2006-06-30": "27.39800", "2006-03-31": "26.99600", "2005-12-31": "9.57900", "2005-09-30": "20.78000", "2005-06-30": "25.44000", "2005-03-31": "16.99800"}, "Income Taxes": {"2020-12-31": "-9.60200", "2020-09-30": "14.98300", "2020-06-30": "-4.30700", "2020-03-31": "7.42900", "2019-12-31": "13.46500", "2019-09-30": "22.76600", "2019-06-30": "20.79800", "2019-03-31": "31.72400", "2018-12-31": "15.08900", "2018-09-30": "16.82100", "2018-06-30": "14.08000", "2018-03-31": "14.62100", "2017-12-31": "106.61000", "2017-09-30": "11.03000", "2017-06-30": "14.10900", "2017-03-31": "17.40700", "2016-12-31": "6.98100", "2016-09-30": "24.37600", "2016-06-30": "12.20000", "2016-03-31": "30.56800", "2015-12-31": "12.10800", "2015-09-30": "15.83900", "2015-06-30": "25.38300", "2015-03-31": "19.12000", "2014-12-31": "2.83300", "2014-09-30": "12.68200", "2014-06-30": "12.23200", "2014-03-31": "11.43700", "2013-12-31": "0.37800", "2013-09-30": "14.05900", "2013-06-30": "4.63200", "2013-03-31": "2.27800", "2012-12-31": "2.96800", "2012-09-30": "3.72500", "2012-06-30": "-2.88700", "2012-03-31": "-3.84500", "2011-12-31": "-37.50100", "2011-09-30": "-6.65300", "2011-06-30": "-20.84600", "2011-03-31": "1.53300", "2010-12-31": "-2.33400", "2010-09-30": "16.33000", "2010-06-30": "20.39600", "2010-03-31": "25.80600", "2009-12-31": "11.99200", "2009-09-30": "10.17500", "2009-06-30": "-1.18600", "2009-03-31": "-0.75300", "2008-12-31": "-12.91700", "2008-09-30": "-3.63900", "2008-06-30": "7.04500", "2008-03-31": "16.76900", "2007-12-31": "6.44600", "2007-09-30": "13.84400", "2007-06-30": "7.98900", "2007-03-31": "14.34000", "2006-12-31": "9.37300", "2006-09-30": "12.10100", "2006-06-30": "9.78200", "2006-03-31": "10.39800", "2005-12-31": "3.67800", "2005-09-30": "8.14800", "2005-06-30": "9.52300", "2005-03-31": "6.73100"}, "Income After Taxes": {"2020-12-31": "78.17200", "2020-09-30": "82.11000", "2020-06-30": "-55.21700", "2020-03-31": "41.16000", "2019-12-31": "82.50100", "2019-09-30": "121.73400", "2019-06-30": "91.99800", "2019-03-31": "131.01900", "2018-12-31": "67.10500", "2018-09-30": "106.05100", "2018-06-30": "60.85900", "2018-03-31": "137.25800", "2017-12-31": "-51.76100", "2017-09-30": "106.83000", "2017-06-30": "73.40000", "2017-03-31": "106.63500", "2016-12-31": "15.16900", "2016-09-30": "76.54200", "2016-06-30": "84.00900", "2016-03-31": "109.63900", "2015-12-31": "38.49000", "2015-09-30": "73.83400", "2015-06-30": "87.06500", "2015-03-31": "61.65800", "2014-12-31": "25.85600", "2014-09-30": "55.07900", "2014-06-30": "38.21300", "2014-03-31": "33.04800", "2013-12-31": "16.10100", "2013-09-30": "28.33300", "2013-06-30": "8.84600", "2013-03-31": "7.58800", "2012-12-31": "3.66600", "2012-09-30": "11.60000", "2012-06-30": "-1.34400", "2012-03-31": "-3.41000", "2011-12-31": "-58.03700", "2011-09-30": "8.35600", "2011-06-30": "-30.05200", "2011-03-31": "12.15300", "2010-12-31": "3.38600", "2010-09-30": "36.57900", "2010-06-30": "40.31700", "2010-03-31": "56.12300", "2009-12-31": "26.37500", "2009-09-30": "23.78100", "2009-06-30": "-6.62600", "2009-03-31": "7.35200", "2008-12-31": "-21.53400", "2008-09-30": "27.91400", "2008-06-30": "14.26100", "2008-03-31": "32.84400", "2007-12-31": "12.09400", "2007-09-30": "24.74400", "2007-06-30": "14.94800", "2007-03-31": "23.90000", "2006-12-31": "14.58100", "2006-09-30": "22.19900", "2006-06-30": "17.61600", "2006-03-31": "16.59800", "2005-12-31": "5.90100", "2005-09-30": "12.63200", "2005-06-30": "15.91700", "2005-03-31": "10.26700"}, "Other Income": {"2020-12-31": "", "2020-09-30": "", "2020-06-30": "", "2020-03-31": "", "2019-12-31": "", "2019-09-30": "", "2019-06-30": "", "2019-03-31": "", "2018-12-31": "", "2018-09-30": "", "2018-06-30": "", "2018-03-31": "", "2017-12-31": "", "2017-09-30": "", "2017-06-30": "", "2017-03-31": "", "2016-12-31": "", "2016-09-30": "", "2016-06-30": "", "2016-03-31": "", "2015-12-31": "", "2015-09-30": "", "2015-06-30": "", "2015-03-31": "", "2014-12-31": "", "2014-09-30": "", "2014-06-30": "", "2014-03-31": "", "2013-12-31": "", "2013-09-30": "", "2013-06-30": "", "2013-03-31": "", "2012-12-31": "", "2012-09-30": "", "2012-06-30": "", "2012-03-31": "", "2011-12-31": "", "2011-09-30": "", "2011-06-30": "", "2011-03-31": "", "2010-12-31": "", "2010-09-30": "", "2010-06-30": "", "2010-03-31": "", "2009-12-31": "", "2009-09-30": "", "2009-06-30": "", "2009-03-31": "", "2008-12-31": "", "2008-09-30": "", "2008-06-30": "", "2008-03-31": "", "2007-12-31": "", "2007-09-30": "", "2007-06-30": "", "2007-03-31": "", "2006-12-31": "", "2006-09-30": "", "2006-06-30": "", "2006-03-31": "", "2005-12-31": "", "2005-09-30": "", "2005-06-30": "", "2005-03-31": ""}, "Income From Continuous Operations": {"2020-12-31": "78.17200", "2020-09-30": "82.11000", "2020-06-30": "-55.21700", "2020-03-31": "41.16000", "2019-12-31": "82.50100", "2019-09-30": "121.73400", "2019-06-30": "91.99800", "2019-03-31": "131.01900", "2018-12-31": "67.10500", "2018-09-30": "106.05100", "2018-06-30": "60.85900", "2018-03-31": "137.25800", "2017-12-31": "-51.76100", "2017-09-30": "106.83000", "2017-06-30": "73.40000", "2017-03-31": "106.63500", "2016-12-31": "15.16900", "2016-09-30": "76.54200", "2016-06-30": "84.00900", "2016-03-31": "109.63900", "2015-12-31": "38.49000", "2015-09-30": "73.83400", "2015-06-30": "87.06500", "2015-03-31": "61.65800", "2014-12-31": "25.85600", "2014-09-30": "55.07900", "2014-06-30": "38.21300", "2014-03-31": "33.04800", "2013-12-31": "16.10100", "2013-09-30": "28.33300", "2013-06-30": "8.84600", "2013-03-31": "7.58800", "2012-12-31": "3.66600", "2012-09-30": "11.60000", "2012-06-30": "-1.34400", "2012-03-31": "-3.41000", "2011-12-31": "-58.03700", "2011-09-30": "8.35600", "2011-06-30": "-30.05200", "2011-03-31": "12.15300", "2010-12-31": "3.38600", "2010-09-30": "36.57900", "2010-06-30": "40.31700", "2010-03-31": "56.12300", "2009-12-31": "26.37500", "2009-09-30": "23.78100", "2009-06-30": "-6.62600", "2009-03-31": "7.35200", "2008-12-31": "-21.53400", "2008-09-30": "27.91400", "2008-06-30": "14.26100", "2008-03-31": "32.84400", "2007-12-31": "12.09400", "2007-09-30": "24.74400", "2007-06-30": "14.94800", "2007-03-31": "23.90000", "2006-12-31": "14.58100", "2006-09-30": "22.19900", "2006-06-30": "17.61600", "2006-03-31": "16.59800", "2005-12-31": "5.90100", "2005-09-30": "12.63200", "2005-06-30": "15.91700", "2005-03-31": "10.26700"}, "Income From Discontinued Operations": {"2020-12-31": "", "2020-09-30": "", "2020-06-30": "", "2020-03-31": "", "2019-12-31": "", "2019-09-30": "", "2019-06-30": "", "2019-03-31": "", "2018-12-31": "", "2018-09-30": "", "2018-06-30": "", "2018-03-31": "", "2017-12-31": "", "2017-09-30": "", "2017-06-30": "", "2017-03-31": "", "2016-12-31": "", "2016-09-30": "", "2016-06-30": "", "2016-03-31": "", "2015-12-31": "", "2015-09-30": "", "2015-06-30": "", "2015-03-31": "", "2014-12-31": "", "2014-09-30": "", "2014-06-30": "", "2014-03-31": "", "2013-12-31": "", "2013-09-30": "", "2013-06-30": "", "2013-03-31": "", "2012-12-31": "", "2012-09-30": "", "2012-06-30": "", "2012-03-31": "", "2011-12-31": "", "2011-09-30": "", "2011-06-30": "", "2011-03-31": "", "2010-12-31": "", "2010-09-30": "", "2010-06-30": "", "2010-03-31": "", "2009-12-31": "", "2009-09-30": "", "2009-06-30": "", "2009-03-31": "", "2008-12-31": "", "2008-09-30": "", "2008-06-30": "", "2008-03-31": "", "2007-12-31": "", "2007-09-30": "", "2007-06-30": "", "2007-03-31": "", "2006-12-31": "", "2006-09-30": "", "2006-06-30": "", "2006-03-31": "", "2005-12-31": "", "2005-09-30": "", "2005-06-30": "", "2005-03-31": ""}, "Net Income": {"2020-12-31": "53.28100", "2020-09-30": "64.27800", "2020-06-30": "-68.09700", "2020-03-31": "49.10100", "2019-12-31": "59.53200", "2019-09-30": "103.09000", "2019-06-30": "75.18000", "2019-03-31": "108.75800", "2018-12-31": "47.37700", "2018-09-30": "90.72800", "2018-06-30": "45.28400", "2018-03-31": "117.65200", "2017-12-31": "-66.65000", "2017-09-30": "92.31000", "2017-06-30": "59.53500", "2017-03-31": "93.99500", "2016-12-31": "6.66400", "2016-09-30": "65.11000", "2016-06-30": "74.10700", "2016-03-31": "97.61200", "2015-12-31": "29.44800", "2015-09-30": "66.60200", "2015-06-30": "79.78200", "2015-03-31": "56.08000", "2014-12-31": "21.92100", "2014-09-30": "51.12300", "2014-06-30": "34.80200", "2014-03-31": "30.96500", "2013-12-31": "14.16500", "2013-09-30": "26.84900", "2013-06-30": "7.09400", "2013-03-31": "6.68000", "2012-12-31": "3.95600", "2012-09-30": "11.00400", "2012-06-30": "-1.78200", "2012-03-31": "-3.66600", "2011-12-31": "-57.66100", "2011-09-30": "8.28500", "2011-06-30": "-29.91600", "2011-03-31": "11.80800", "2010-12-31": "3.23700", "2010-09-30": "36.37800", "2010-06-30": "40.23700", "2010-03-31": "56.29600", "2009-12-31": "27.94600", "2009-09-30": "24.46000", "2009-06-30": "-5.92700", "2009-03-31": "8.22000", "2008-12-31": "-20.37800", "2008-09-30": "28.28900", "2008-06-30": "14.64100", "2008-03-31": "32.84400", "2007-12-31": "12.09400", "2007-09-30": "24.74400", "2007-06-30": "14.94800", "2007-03-31": "23.90000", "2006-12-31": "14.58100", "2006-09-30": "22.19900", "2006-06-30": "17.61600", "2006-03-31": "16.59800", "2005-12-31": "5.90100", "2005-09-30": "12.63200", "2005-06-30": "15.91700", "2005-03-31": "10.26700"}, "EBITDA": {"2020-12-31": "", "2020-09-30": "126.11390", "2020-06-30": "-28.76600", "2020-03-31": "84.36910", "2019-12-31": "124.86580", "2019-09-30": "175.72110", "2019-06-30": "136.08590", "2019-03-31": "193.28500", "2018-12-31": "112.11620", "2018-09-30": "150.83800", "2018-06-30": "108.51590", "2018-03-31": "175.97490", "2017-12-31": "82.11500", "2017-09-30": "140.97200", "2017-06-30": "109.54700", "2017-03-31": "146.75600", "2016-12-31": "50.24190", "2016-09-30": "124.17790", "2016-06-30": "119.23700", "2016-03-31": "156.04300", "2015-12-31": "65.09500", "2015-09-30": "110.55200", "2015-06-30": "127.02800", "2015-03-31": "101.79600", "2014-12-31": "45.94790", "2014-09-30": "86.75800", "2014-06-30": "65.88810", "2014-03-31": "59.98200", "2013-12-31": "28.78690", "2013-09-30": "54.99700", "2013-06-30": "28.05600", "2013-03-31": "26.27900", "2012-12-31": "19.32420", "2012-09-30": "30.86600", "2012-06-30": "9.95200", "2012-03-31": "5.82000", "2011-12-31": "-91.72710", "2011-09-30": "10.66700", "2011-06-30": "-39.77100", "2011-03-31": "23.39800", "2010-12-31": "8.04200", "2010-09-30": "63.10400", "2010-06-30": "65.20500", "2010-03-31": "87.08900", "2009-12-31": "45.33890", "2009-09-30": "38.11200", "2009-06-30": "-2.70000", "2009-03-31": "10.87400", "2008-12-31": "-30.31990", "2008-09-30": "28.89000", "2008-06-30": "24.39000", "2008-03-31": "52.67500", "2007-12-31": "21.97300", "2007-09-30": "41.01300", "2007-06-30": "25.99600", "2007-03-31": "41.70000", "2006-12-31": "27.62010", "2006-09-30": "38.75100", "2006-06-30": "31.88100", "2006-03-31": "31.76200", "2005-12-31": "17.25800", "2005-09-30": "26.84100", "2005-06-30": "32.91200", "2005-03-31": "22.64300"}, "EBIT": {"2020-12-31": "57.71900", "2020-09-30": "92.12590", "2020-06-30": "-60.97100", "2020-03-31": "44.81010", "2019-12-31": "94.08180", "2019-09-30": "147.41610", "2019-06-30": "111.08090", "2019-03-31": "165.86400", "2018-12-31": "83.69630", "2018-09-30": "123.91200", "2018-06-30": "81.35790", "2018-03-31": "148.79900", "2017-12-31": "55.65510", "2017-09-30": "116.49300", "2017-06-30": "86.30900", "2017-03-31": "124.42300", "2016-12-31": "28.26210", "2016-09-30": "103.35100", "2016-06-30": "100.35500", "2016-03-31": "138.55000", "2015-12-31": "54.70790", "2015-09-30": "95.58500", "2015-06-30": "112.34200", "2015-03-31": "88.18900", "2014-12-31": "33.01200", "2014-09-30": "74.14300", "2014-06-30": "53.75600", "2014-03-31": "48.16000", "2013-12-31": "17.06390", "2013-09-30": "44.04300", "2013-06-30": "17.16400", "2013-03-31": "15.33800", "2012-12-31": "7.96010", "2012-09-30": "20.28400", "2012-06-30": "-1.53100", "2012-03-31": "-4.39400", "2011-12-31": "-103.08910", "2011-09-30": "2.19900", "2011-06-30": "-48.17400", "2011-03-31": "15.27100", "2010-12-31": "0.20900", "2010-09-30": "55.56800", "2010-06-30": "58.78400", "2010-03-31": "81.00700", "2009-12-31": "39.38300", "2009-09-30": "32.44500", "2009-06-30": "-7.72600", "2009-03-31": "6.15300", "2008-12-31": "-35.08790", "2008-09-30": "24.74900", "2008-06-30": "19.97400", "2008-03-31": "48.25700", "2007-12-31": "17.13700", "2007-09-30": "36.58000", "2007-06-30": "21.79800", "2007-03-31": "37.41500", "2006-12-31": "23.38210", "2006-09-30": "34.48300", "2006-06-30": "27.43000", "2006-03-31": "27.24900", "2005-12-31": "10.56700", "2005-09-30": "21.44100", "2005-06-30": "27.27100", "2005-03-31": "17.01700"}, "Basic Shares Outstanding": {"2020-12-31": "154.54800", "2020-09-30": "154.46200", "2020-06-30": "154.13800", "2020-03-31": "153.55500", "2019-12-31": "153.39200", "2019-09-30": "153.29800", "2019-06-30": "153.41300", "2019-03-31": "153.48000", "2018-12-31": "155.81500", "2018-09-30": "155.76600", "2018-06-30": "156.51800", "2018-03-31": "156.43300", "2017-12-31": "155.65100", "2017-09-30": "155.82400", "2017-06-30": "155.57900", "2017-03-31": "155.09700", "2016-12-31": "154.16900", "2016-09-30": "154.21100", "2016-06-30": "154.04900", "2016-03-31": "153.74500", "2015-12-31": "152.84700", "2015-09-30": "152.89500", "2015-06-30": "152.71200", "2015-03-31": "152.41300", "2014-12-31": "151.83900", "2014-09-30": "151.88200", "2014-06-30": "151.69500", "2014-03-31": "151.67400", "2013-12-31": "151.09000", "2013-09-30": "151.17900", "2013-06-30": "150.89400", "2013-03-31": "150.88500", "2012-12-31": "148.48500", "2012-09-30": "148.32900", "2012-06-30": "147.88800", "2012-03-31": "147.79500", "2011-12-31": "145.47300", "2011-09-30": "145.33500", "2011-06-30": "145.02300", "2011-03-31": "144.72900", "2010-12-31": "142.29900", "2010-09-30": "142.75800", "2010-06-30": "142.26600", "2010-03-31": "140.34300", "2009-12-31": "139.02300", "2009-09-30": "139.21500", "2009-06-30": "138.84600", "2009-03-31": "138.66300", "2008-12-31": "138.09300", "2008-09-30": "138.34500", "2008-06-30": "138.00000", "2008-03-31": "137.64000", "2007-12-31": "135.78600", "2007-09-30": "137.16300", "2007-06-30": "136.72800", "2007-03-31": "131.85300", "2006-12-31": "123.23700", "2006-09-30": "123.94800", "2006-06-30": "123.23100", "2006-03-31": "120.91800", "2005-12-31": "119.05800", "2005-09-30": "119.46600", "2005-06-30": "118.74000", "2005-03-31": "118.15800"}, "Shares Outstanding": {"2020-12-31": "155.39700", "2020-09-30": "154.98000", "2020-06-30": "154.13800", "2020-03-31": "154.65200", "2019-12-31": "154.15100", "2019-09-30": "153.97800", "2019-06-30": "153.91200", "2019-03-31": "154.13400", "2018-12-31": "156.45000", "2018-09-30": "156.29800", "2018-06-30": "157.09100", "2018-03-31": "157.63000", "2017-12-31": "156.52300", "2017-09-30": "156.74100", "2017-06-30": "156.17400", "2017-03-31": "155.92700", "2016-12-31": "155.08400", "2016-09-30": "155.20300", "2016-06-30": "155.02300", "2016-03-31": "154.81800", "2015-12-31": "154.20000", "2015-09-30": "154.47700", "2015-06-30": "154.02700", "2015-03-31": "153.43000", "2014-12-31": "153.07900", "2014-09-30": "152.95400", "2014-06-30": "152.74200", "2014-03-31": "152.53200", "2013-12-31": "151.69000", "2013-09-30": "151.81200", "2013-06-30": "151.49100", "2013-03-31": "151.47600", "2012-12-31": "149.82600", "2012-09-30": "149.76900", "2012-06-30": "147.88800", "2012-03-31": "147.79500", "2011-12-31": "145.47300", "2011-09-30": "148.19700", "2011-06-30": "145.02300", "2011-03-31": "147.84000", "2010-12-31": "147.15000", "2010-09-30": "147.52800", "2010-06-30": "147.39000", "2010-03-31": "146.22600", "2009-12-31": "141.31500", "2009-09-30": "141.28500", "2009-06-30": "138.84600", "2009-03-31": "139.40100", "2008-12-31": "140.12400", "2008-09-30": "140.50500", "2008-06-30": "140.43000", "2008-03-31": "139.99200", "2007-12-31": "140.22300", "2007-09-30": "139.96200", "2007-06-30": "140.42400", "2007-03-31": "140.40900", "2006-12-31": "138.41700", "2006-09-30": "138.59700", "2006-06-30": "138.43800", "2006-03-31": "136.18500", "2005-12-31": "133.55400", "2005-09-30": "134.53500", "2005-06-30": "132.36000", "2005-03-31": "132.95100"}, "Basic EPS": {"2020-12-31": "0.34000", "2020-09-30": "0.42000", "2020-06-30": "-0.44000", "2020-03-31": "0.32000", "2019-12-31": "0.39000", "2019-09-30": "0.67000", "2019-06-30": "0.49000", "2019-03-31": "0.71000", "2018-12-31": "0.31000", "2018-09-30": "0.58000", "2018-06-30": "0.29000", "2018-03-31": "0.75000", "2017-12-31": "-0.43000", "2017-09-30": "0.59000", "2017-06-30": "0.38000", "2017-03-31": "0.61000", "2016-12-31": "0.05000", "2016-09-30": "0.42000", "2016-06-30": "0.48000", "2016-03-31": "0.63000", "2015-12-31": "0.19000", "2015-09-30": "0.44000", "2015-06-30": "0.52000", "2015-03-31": "0.37000", "2014-12-31": "0.13670", "2014-09-30": "0.34000", "2014-06-30": "0.23000", "2014-03-31": "0.20330", "2013-12-31": "0.09330", "2013-09-30": "0.17670", "2013-06-30": "0.04670", "2013-03-31": "0.04330", "2012-12-31": "0.02670", "2012-09-30": "0.07330", "2012-06-30": "-0.01330", "2012-03-31": "-0.02330", "2011-12-31": "-0.39330", "2011-09-30": "0.05670", "2011-06-30": "-0.20670", "2011-03-31": "0.08000", "2010-12-31": "0.02000", "2010-09-30": "0.25330", "2010-06-30": "0.28330", "2010-03-31": "0.40000", "2009-12-31": "0.20000", "2009-09-30": "0.17670", "2009-06-30": "-0.04330", "2009-03-31": "0.06000", "2008-12-31": "-0.15000", "2008-09-30": "0.20330", "2008-06-30": "0.10670", "2008-03-31": "0.24000", "2007-12-31": "0.08670", "2007-09-30": "0.18000", "2007-06-30": "0.11000", "2007-03-31": "0.18000", "2006-12-31": "0.11670", "2006-09-30": "0.18000", "2006-06-30": "0.14330", "2006-03-31": "0.13670", "2005-12-31": "0.05000", "2005-09-30": "0.10670", "2005-06-30": "0.13330", "2005-03-31": "0.08670"}, "EPS - Earnings Per Share": {"2020-12-31": "0.34000", "2020-09-30": "0.41000", "2020-06-30": "-0.44000", "2020-03-31": "0.32000", "2019-12-31": "0.38000", "2019-09-30": "0.67000", "2019-06-30": "0.49000", "2019-03-31": "0.71000", "2018-12-31": "0.30000", "2018-09-30": "0.58000", "2018-06-30": "0.29000", "2018-03-31": "0.75000", "2017-12-31": "-0.43000", "2017-09-30": "0.59000", "2017-06-30": "0.38000", "2017-03-31": "0.60000", "2016-12-31": "0.04000", "2016-09-30": "0.42000", "2016-06-30": "0.48000", "2016-03-31": "0.63000", "2015-12-31": "0.18000", "2015-09-30": "0.43000", "2015-06-30": "0.52000", "2015-03-31": "0.37000", "2014-12-31": "0.15000", "2014-09-30": "0.33000", "2014-06-30": "0.22670", "2014-03-31": "0.20330", "2013-12-31": "0.09330", "2013-09-30": "0.17670", "2013-06-30": "0.04670", "2013-03-31": "0.04330", "2012-12-31": "0.02670", "2012-09-30": "0.07330", "2012-06-30": "-0.01330", "2012-03-31": "-0.02330", "2011-12-31": "-0.39330", "2011-09-30": "0.05670", "2011-06-30": "-0.20670", "2011-03-31": "0.08000", "2010-12-31": "0.02330", "2010-09-30": "0.24670", "2010-06-30": "0.27330", "2010-03-31": "0.38330", "2009-12-31": "0.19670", "2009-09-30": "0.17330", "2009-06-30": "-0.04330", "2009-03-31": "0.06000", "2008-12-31": "-0.14000", "2008-09-30": "0.20000", "2008-06-30": "0.10330", "2008-03-31": "0.23330", "2007-12-31": "0.08670", "2007-09-30": "0.17670", "2007-06-30": "0.10670", "2007-03-31": "0.17330", "2006-12-31": "0.10670", "2006-09-30": "0.16330", "2006-06-30": "0.13330", "2006-03-31": "0.12670", "2005-12-31": "0.04330", "2005-09-30": "0.10000", "2005-06-30": "0.12670", "2005-03-31": "0.08330"}}, "balance sheet": {"Cash On Hand": {"2020-12-31": "1471.59300", "2019-12-31": "936.91300", "2018-12-31": "972.26600", "2017-12-31": "736.43100", "2016-12-31": "718.53600", "2015-12-31": "507.99100", "2014-12-31": "466.68500", "2013-12-31": "372.01100", "2012-12-31": "325.82600", "2011-12-31": "351.14400", "2010-12-31": "233.55800", "2009-12-31": "295.67500", "2008-12-31": "114.94100", "2007-12-31": "304.01600", "2006-12-31": "220.48500", "2005-12-31": "197.00700"}, "Receivables": {"2020-12-31": "689.02200", "2019-12-31": "699.23500", "2018-12-31": "557.59600", "2017-12-31": "433.00400", "2016-12-31": "346.03500", "2015-12-31": "362.59100", "2014-12-31": "288.61300", "2013-12-31": "236.54000", "2012-12-31": "221.18800", "2011-12-31": "182.65400", "2010-12-31": "275.70700", "2009-12-31": "232.10100", "2008-12-31": "182.88000", "2007-12-31": "177.92600", "2006-12-31": "185.77500", "2005-12-31": "141.48800"}, "Inventory": {"2020-12-31": "1016.77400", "2019-12-31": "1069.86300", "2018-12-31": "863.26000", "2017-12-31": "873.01600", "2016-12-31": "700.51500", "2015-12-31": "620.24700", "2014-12-31": "453.83700", "2013-12-31": "358.16800", "2012-12-31": "339.01200", "2011-12-31": "226.40700", "2010-12-31": "398.58800", "2009-12-31": "224.05000", "2008-12-31": "261.20900", "2007-12-31": "204.21100", "2006-12-31": "200.87700", "2005-12-31": "136.17100"}, "Pre-Paid Expenses": {"2020-12-31": "166.96200", "2019-12-31": "113.58000", "2018-12-31": "79.01800", "2017-12-31": "62.57300", "2016-12-31": "62.68000", "2015-12-31": "57.36300", "2014-12-31": "57.01500", "2013-12-31": "26.09400", "2012-12-31": "27.75500", "2011-12-31": "88.00500", "2010-12-31": "53.79100", "2009-12-31": "28.23300", "2008-12-31": "31.02200", "2007-12-31": "13.99300", "2006-12-31": "15.32100", "2005-12-31": "11.62800"}, "Other Current Assets": {"2020-12-31": "", "2019-12-31": "", "2018-12-31": "", "2017-12-31": "", "2016-12-31": "", "2015-12-31": "", "2014-12-31": "", "2013-12-31": "", "2012-12-31": "", "2011-12-31": "", "2010-12-31": "", "2009-12-31": "", "2008-12-31": "", "2007-12-31": "", "2006-12-31": "", "2005-12-31": ""}, "Total Current Assets": {"2020-12-31": "3344.35100", "2019-12-31": "2819.59100", "2018-12-31": "2472.14000", "2017-12-31": "2105.02400", "2016-12-31": "1827.76600", "2015-12-31": "1548.19200", "2014-12-31": "1285.01400", "2013-12-31": "1014.92800", "2012-12-31": "940.31200", "2011-12-31": "887.35100", "2010-12-31": "973.36400", "2009-12-31": "789.00900", "2008-12-31": "602.00700", "2007-12-31": "708.74000", "2006-12-31": "631.94800", "2005-12-31": "492.04900"}, "Property, Plant, And Equipment": {"2020-12-31": "935.44100", "2019-12-31": "738.92500", "2018-12-31": "585.45700", "2017-12-31": "541.60100", "2016-12-31": "494.47300", "2015-12-31": "435.90700", "2014-12-31": "373.18300", "2013-12-31": "361.75500", "2012-12-31": "362.44600", "2011-12-31": "376.44600", "2010-12-31": "293.80200", "2009-12-31": "171.66700", "2008-12-31": "157.75700", "2007-12-31": "98.40000", "2006-12-31": "87.64500", "2005-12-31": "72.94500"}, "Long-Term Investments": {"2020-12-31": "108.41200", "2019-12-31": "94.58900", "2018-12-31": "93.74500", "2017-12-31": "17.39600", "2016-12-31": "", "2015-12-31": "", "2014-12-31": "", "2013-12-31": "", "2012-12-31": "", "2011-12-31": "", "2010-12-31": "", "2009-12-31": "", "2008-12-31": "81.92500", "2007-12-31": "", "2006-12-31": "", "2005-12-31": ""}, "Goodwill And Intangible Assets": {"2020-12-31": "93.49700", "2019-12-31": "", "2018-12-31": "", "2017-12-31": "", "2016-12-31": "", "2015-12-31": "", "2014-12-31": "", "2013-12-31": "2.37700", "2012-12-31": "3.24200", "2011-12-31": "4.14800", "2010-12-31": "7.36700", "2009-12-31": "9.01100", "2008-12-31": "5.40700", "2007-12-31": "0.07800", "2006-12-31": "0.63300", "2005-12-31": "1.13100"}, "Other Long-Term Assets": {"2020-12-31": "95.26300", "2019-12-31": "117.09000", "2018-12-31": "37.48200", "2017-12-31": "41.13900", "2016-12-31": "45.38800", "2015-12-31": "37.95400", "2014-12-31": "16.72100", "2013-12-31": "19.56000", "2012-12-31": "17.83300", "2011-12-31": "13.41300", "2010-12-31": "17.93800", "2009-12-31": "12.20500", "2008-12-31": "11.06200", "2007-12-31": "6.77600", "2006-12-31": "4.84300", "2005-12-31": "6.49500"}, "Total Long-Term Assets": {"2020-12-31": "2468.01800", "2019-12-31": "2073.35200", "2018-12-31": "756.11490", "2017-12-31": "630.05800", "2016-12-31": "565.90400", "2015-12-31": "491.68600", "2014-12-31": "389.90400", "2013-12-31": "393.64200", "2012-12-31": "399.90800", "2011-12-31": "394.53700", "2010-12-31": "331.43000", "2009-12-31": "206.54300", "2008-12-31": "274.30900", "2007-12-31": "119.23700", "2006-12-31": "105.10500", "2005-12-31": "89.90800"}, "Total Assets": {"2020-12-31": "5812.36900", "2019-12-31": "4892.94300", "2018-12-31": "3228.25500", "2017-12-31": "2735.08200", "2016-12-31": "2393.67000", "2015-12-31": "2039.87800", "2014-12-31": "1674.91800", "2013-12-31": "1408.57000", "2012-12-31": "1340.22000", "2011-12-31": "1281.88800", "2010-12-31": "1304.79400", "2009-12-31": "995.55200", "2008-12-31": "876.31600", "2007-12-31": "827.97700", "2006-12-31": "737.05300", "2005-12-31": "581.95700"}, "Total Current Liabilities": {"2020-12-31": "1212.70600", "2019-12-31": "1238.23100", "2018-12-31": "850.22200", "2017-12-31": "597.34800", "2016-12-31": "621.73000", "2015-12-31": "577.01300", "2014-12-31": "505.73700", "2013-12-31": "310.42200", "2012-12-31": "292.54100", "2011-12-31": "308.46600", "2010-12-31": "307.31000", "2009-12-31": "230.54100", "2008-12-31": "188.23600", "2007-12-31": "184.85200", "2006-12-31": "181.16100", "2005-12-31": "130.83900"}, "Long Term Debt": {"2020-12-31": "679.41500", "2019-12-31": "49.18300", "2018-12-31": "88.11900", "2017-12-31": "71.10300", "2016-12-31": "67.15900", "2015-12-31": "68.94200", "2014-12-31": "15.08100", "2013-12-31": "116.48800", "2012-12-31": "128.51700", "2011-12-31": "76.53100", "2010-12-31": "51.65000", "2009-12-31": "15.64100", "2008-12-31": "16.18800", "2007-12-31": "16.46200", "2006-12-31": "106.80500", "2005-12-31": "107.28800"}, "Other Non-Current Liabilities": {"2020-12-31": "118.07700", "2019-12-31": "103.08900", "2018-12-31": "100.18800", "2017-12-31": "118.25900", "2016-12-31": "18.85500", "2015-12-31": "9.68200", "2014-12-31": "19.99300", "2013-12-31": "1.74000", "2012-12-31": "0.07300", "2011-12-31": "", "2010-12-31": "", "2009-12-31": "", "2008-12-31": "", "2007-12-31": "", "2006-12-31": "", "2005-12-31": ""}, "Total Long Term Liabilities": {"2020-12-31": "1874.00000", "2019-12-31": "1118.60500", "2018-12-31": "188.75800", "2017-12-31": "189.52300", "2016-12-31": "86.42600", "2015-12-31": "87.13100", "2014-12-31": "35.07400", "2013-12-31": "118.22800", "2012-12-31": "128.59000", "2011-12-31": "80.89500", "2010-12-31": "51.65000", "2009-12-31": "15.64100", "2008-12-31": "16.18800", "2007-12-31": "16.46200", "2006-12-31": "106.80500", "2005-12-31": "107.28800"}, "Total Liabilities": {"2020-12-31": "3086.70600", "2019-12-31": "2356.83600", "2018-12-31": "1038.98000", "2017-12-31": "786.87100", "2016-12-31": "708.15600", "2015-12-31": "664.14400", "2014-12-31": "540.81100", "2013-12-31": "428.65000", "2012-12-31": "421.13100", "2011-12-31": "389.36100", "2010-12-31": "358.96000", "2009-12-31": "246.18200", "2008-12-31": "204.42400", "2007-12-31": "201.31400", "2006-12-31": "287.96600", "2005-12-31": "238.12700"}, "Common Stock Net": {"2020-12-31": "0.15500", "2019-12-31": "0.15300", "2018-12-31": "0.15300", "2017-12-31": "0.15600", "2016-12-31": "0.15400", "2015-12-31": "0.15300", "2014-12-31": "0.15100", "2013-12-31": "0.05100", "2012-12-31": "0.05000", "2011-12-31": "0.04900", "2010-12-31": "0.04800", "2009-12-31": "0.04700", "2008-12-31": "0.04600", "2007-12-31": "0.04600", "2006-12-31": "0.04200", "2005-12-31": "0.04000"}, "Retained Earnings (Accumulated Deficit)": {"2020-12-31": "2136.40000", "2019-12-31": "2037.83600", "2018-12-31": "1691.27600", "2017-12-31": "1390.23500", "2016-12-31": "1211.04500", "2015-12-31": "967.55200", "2014-12-31": "735.64000", "2013-12-31": "596.82900", "2012-12-31": "542.04100", "2011-12-31": "532.52900", "2010-12-31": "600.01300", "2009-12-31": "463.86500", "2008-12-31": "409.16600", "2007-12-31": "353.77000", "2006-12-31": "281.47100", "2005-12-31": "210.47700"}, "Comprehensive Income": {"2020-12-31": "-27.28500", "2019-12-31": "-29.99300", "2018-12-31": "-31.48800", "2017-12-31": "-14.74400", "2016-12-31": "-26.60400", "2015-12-31": "-26.30500", "2014-12-31": "-16.07700", "2013-12-31": "-8.70100", "2012-12-31": "-2.40000", "2011-12-31": "-0.89400", "2010-12-31": "4.26500", "2009-12-31": "9.34800", "2008-12-31": "-4.71900", "2007-12-31": "14.76300", "2006-12-31": "11.20000", "2005-12-31": "7.03900"}, "Other Share Holders Equity": {"2020-12-31": "", "2019-12-31": "", "2018-12-31": "", "2017-12-31": "", "2016-12-31": "", "2015-12-31": "", "2014-12-31": "", "2013-12-31": "", "2012-12-31": "", "2011-12-31": "", "2010-12-31": "", "2009-12-31": "", "2008-12-31": "", "2007-12-31": "", "2006-12-31": "", "2005-12-31": ""}, "Share Holder Equity": {"2020-12-31": "2725.66300", "2019-12-31": "2536.10700", "2018-12-31": "2189.27500", "2017-12-31": "1948.21100", "2016-12-31": "1685.51400", "2015-12-31": "1375.73400", "2014-12-31": "1134.10700", "2013-12-31": "979.92000", "2012-12-31": "919.08900", "2011-12-31": "892.52700", "2010-12-31": "945.83400", "2009-12-31": "749.37000", "2008-12-31": "671.89200", "2007-12-31": "626.66300", "2006-12-31": "449.08700", "2005-12-31": "343.83000"}, "Total Liabilities And Share Holders Equity": {"2020-12-31": "5812.36900", "2019-12-31": "4892.94300", "2018-12-31": "3228.25500", "2017-12-31": "2735.08200", "2016-12-31": "2393.67000", "2015-12-31": "2039.87800", "2014-12-31": "1674.91800", "2013-12-31": "1408.57000", "2012-12-31": "1340.22000", "2011-12-31": "1281.88800", "2010-12-31": "1304.79400", "2009-12-31": "995.55200", "2008-12-31": "876.31600", "2007-12-31": "827.97700", "2006-12-31": "737.05300", "2005-12-31": "581.95700"}}, "balance sheet, quarterly": {"Cash On Hand": {"2020-12-31": "1471.59300", "2020-09-30": "1400.98900", "2020-06-30": "1457.79700", "2020-03-31": "1289.42400", "2019-12-31": "936.91300", "2019-09-30": "930.75100", "2019-06-30": "883.55200", "2019-03-31": "783.88500", "2018-12-31": "972.26600", "2018-09-30": "890.04800", "2018-06-30": "887.74200", "2018-03-31": "700.07100", "2017-12-31": "736.43100", "2017-09-30": "802.93200", "2017-06-30": "751.58100", "2017-03-31": "607.81300", "2016-12-31": "718.53600", "2016-09-30": "665.29100", "2016-06-30": "628.82700", "2016-03-31": "443.82800", "2015-12-31": "507.99100", "2015-09-30": "510.67900", "2015-06-30": "513.90200", "2015-03-31": "396.71000", "2014-12-31": "466.68500", "2014-09-30": "440.79000", "2014-06-30": "414.80800", "2014-03-31": "329.44800", "2013-12-31": "372.01100", "2013-09-30": "332.81300", "2013-06-30": "333.00600", "2013-03-31": "264.66100", "2012-12-31": "325.82600", "2012-09-30": "307.94600", "2012-06-30": "374.18900", "2012-03-31": "391.61600", "2011-12-31": "351.14400", "2011-09-30": "247.97400", "2011-06-30": "250.78200", "2011-03-31": "197.89800", "2010-12-31": "233.55800", "2010-09-30": "248.82800", "2010-06-30": "273.26600", "2010-03-31": "325.87900", "2009-12-31": "295.67500", "2009-09-30": "276.38000", "2009-06-30": "257.02400", "2009-03-31": "73.20500", "2008-12-31": "114.94100", "2008-09-30": "150.98000", "2008-06-30": "145.62200", "2008-03-31": "152.43600", "2007-12-31": "304.01600", "2007-09-30": "224.23300", "2007-06-30": "218.55900", "2007-03-31": "176.81500", "2006-12-31": "220.48500", "2006-09-30": "204.87200", "2006-06-30": "204.50200", "2006-03-31": "181.22200", "2005-12-31": "197.00700", "2005-09-30": "182.60100", "2005-06-30": "150.92500", "2005-03-31": "139.01900"}, "Receivables": {"2020-12-31": "689.02200", "2020-09-30": "783.67400", "2020-06-30": "546.11500", "2020-03-31": "859.88000", "2019-12-31": "699.23500", "2019-09-30": "708.57800", "2019-06-30": "686.19900", "2019-03-31": "771.91000", "2018-12-31": "557.59600", "2018-09-30": "552.79700", "2018-06-30": "574.43500", "2018-03-31": "723.84000", "2017-12-31": "433.00400", "2017-09-30": "508.46100", "2017-06-30": "519.56700", "2017-03-31": "572.10210", "2016-12-31": "346.03500", "2016-09-30": "445.30800", "2016-06-30": "489.11700", "2016-03-31": "563.99600", "2015-12-31": "362.59100", "2015-09-30": "412.07000", "2015-06-30": "449.50500", "2015-03-31": "456.12800", "2014-12-31": "288.61300", "2014-09-30": "346.39300", "2014-06-30": "329.12700", "2014-03-31": "321.88300", "2013-12-31": "236.54000", "2013-09-30": "275.73400", "2013-06-30": "258.14300", "2013-03-31": "290.56100", "2012-12-31": "221.18800", "2012-09-30": "248.10100", "2012-06-30": "241.89700", "2012-03-31": "233.79100", "2011-12-31": "182.65400", "2011-09-30": "252.11300", "2011-06-30": "286.33300", "2011-03-31": "330.60400", "2010-12-31": "275.70700", "2010-09-30": "290.58200", "2010-06-30": "312.51800", "2010-03-31": "296.58200", "2009-12-31": "232.10100", "2009-09-30": "216.03400", "2009-06-30": "204.44200", "2009-03-31": "239.29100", "2008-12-31": "182.88000", "2008-09-30": "220.38200", "2008-06-30": "241.91600", "2008-03-31": "246.21700", "2007-12-31": "177.92600", "2007-09-30": "215.37500", "2007-06-30": "234.40300", "2007-03-31": "231.16700", "2006-12-31": "185.77500", "2006-09-30": "178.22300", "2006-06-30": "194.77600", "2006-03-31": "180.02300", "2005-12-31": "141.48800", "2005-09-30": "136.78700", "2005-06-30": "180.44100", "2005-03-31": "154.12700"}, "Inventory": {"2020-12-31": "1016.77400", "2020-09-30": "1053.36000", "2020-06-30": "1027.73500", "2020-03-31": "985.65900", "2019-12-31": "1069.86300", "2019-09-30": "890.40900", "2019-06-30": "855.62700", "2019-03-31": "740.86900", "2018-12-31": "863.26000", "2018-09-30": "755.06800", "2018-06-30": "822.42300", "2018-03-31": "800.32300", "2017-12-31": "873.01600", "2017-09-30": "697.65900", "2017-06-30": "669.74100", "2017-03-31": "585.81400", "2016-12-31": "700.51500", "2016-09-30": "523.34500", "2016-06-30": "590.71100", "2016-03-31": "501.85500", "2015-12-31": "620.24700", "2015-09-30": "500.20100", "2015-06-30": "470.64000", "2015-03-31": "392.19200", "2014-12-31": "453.83700", "2014-09-30": "363.00600", "2014-06-30": "360.49100", "2014-03-31": "312.20100", "2013-12-31": "358.16800", "2013-09-30": "309.94000", "2013-06-30": "285.48900", "2013-03-31": "253.65900", "2012-12-31": "339.01200", "2012-09-30": "302.14000", "2012-06-30": "258.12500", "2012-03-31": "214.57700", "2011-12-31": "226.40700", "2011-09-30": "238.36000", "2011-06-30": "325.81500", "2011-03-31": "376.18900", "2010-12-31": "398.58800", "2010-09-30": "326.65100", "2010-06-30": "219.36000", "2010-03-31": "189.00200", "2009-12-31": "224.05000", "2009-09-30": "191.81900", "2009-06-30": "191.28300", "2009-03-31": "172.88600", "2008-12-31": "261.20900", "2008-09-30": "250.07000", "2008-06-30": "234.15200", "2008-03-31": "178.36800", "2007-12-31": "204.21100", "2007-09-30": "186.81900", "2007-06-30": "204.70700", "2007-03-31": "169.05200", "2006-12-31": "200.87700", "2006-09-30": "177.24700", "2006-06-30": "156.38700", "2006-03-31": "118.85700", "2005-12-31": "136.17100", "2005-09-30": "132.28300", "2005-06-30": "164.06300", "2005-03-31": "130.70900"}, "Pre-Paid Expenses": {"2020-12-31": "166.96200", "2020-09-30": "147.60700", "2020-06-30": "105.14100", "2020-03-31": "95.44400", "2019-12-31": "113.58000", "2019-09-30": "97.63800", "2019-06-30": "67.16500", "2019-03-31": "85.13700", "2018-12-31": "79.01800", "2018-09-30": "83.08500", "2018-06-30": "77.29000", "2018-03-31": "68.92000", "2017-12-31": "62.57300", "2017-09-30": "65.30600", "2017-06-30": "54.11900", "2017-03-31": "60.56800", "2016-12-31": "62.68000", "2016-09-30": "60.48000", "2016-06-30": "57.28300", "2016-03-31": "44.08000", "2015-12-31": "57.36300", "2015-09-30": "70.86500", "2015-06-30": "51.63300", "2015-03-31": "51.40100", "2014-12-31": "57.01500", "2014-09-30": "44.73300", "2014-06-30": "37.09400", "2014-03-31": "27.44700", "2013-12-31": "26.09400", "2013-09-30": "23.72900", "2013-06-30": "24.09500", "2013-03-31": "26.64600", "2012-12-31": "27.75500", "2012-09-30": "34.09100", "2012-06-30": "31.49400", "2012-03-31": "36.52600", "2011-12-31": "88.00500", "2011-09-30": "78.16800", "2011-06-30": "70.07200", "2011-03-31": "48.65000", "2010-12-31": "53.79100", "2010-09-30": "46.98700", "2010-06-30": "30.01200", "2010-03-31": "31.17000", "2009-12-31": "28.23300", "2009-09-30": "28.91500", "2009-06-30": "31.99100", "2009-03-31": "33.39800", "2008-12-31": "31.02200", "2008-09-30": "26.72800", "2008-06-30": "20.86500", "2008-03-31": "21.78900", "2007-12-31": "13.99300", "2007-09-30": "18.43200", "2007-06-30": "17.48300", "2007-03-31": "16.89400", "2006-12-31": "15.32100", "2006-09-30": "22.43200", "2006-06-30": "17.47700", "2006-03-31": "13.34700", "2005-12-31": "11.62800", "2005-09-30": "10.21800", "2005-06-30": "8.71100", "2005-03-31": "7.14100"}, "Other Current Assets": {"2020-12-31": "", "2020-09-30": "", "2020-06-30": "", "2020-03-31": "", "2019-12-31": "", "2019-09-30": "", "2019-06-30": "", "2019-03-31": "", "2018-12-31": "", "2018-09-30": "", "2018-06-30": "", "2018-03-31": "", "2017-12-31": "", "2017-09-30": "", "2017-06-30": "", "2017-03-31": "", "2016-12-31": "", "2016-09-30": "", "2016-06-30": "", "2016-03-31": "", "2015-12-31": "", "2015-09-30": "", "2015-06-30": "", "2015-03-31": "", "2014-12-31": "", "2014-09-30": "", "2014-06-30": "", "2014-03-31": "", "2013-12-31": "", "2013-09-30": "", "2013-06-30": "", "2013-03-31": "", "2012-12-31": "", "2012-09-30": "", "2012-06-30": "", "2012-03-31": "", "2011-12-31": "", "2011-09-30": "", "2011-06-30": "", "2011-03-31": "", "2010-12-31": "", "2010-09-30": "", "2010-06-30": "", "2010-03-31": "", "2009-12-31": "", "2009-09-30": "", "2009-06-30": "", "2009-03-31": "", "2008-12-31": "", "2008-09-30": "", "2008-06-30": "", "2008-03-31": "", "2007-12-31": "", "2007-09-30": "", "2007-06-30": "", "2007-03-31": "", "2006-12-31": "", "2006-09-30": "", "2006-06-30": "", "2006-03-31": "", "2005-12-31": "", "2005-09-30": "", "2005-06-30": "", "2005-03-31": ""}, "Total Current Assets": {"2020-12-31": "3344.35100", "2020-09-30": "3385.63000", "2020-06-30": "3136.78800", "2020-03-31": "3230.40700", "2019-12-31": "2819.59100", "2019-09-30": "2627.37600", "2019-06-30": "2492.54300", "2019-03-31": "2381.80100", "2018-12-31": "2472.14000", "2018-09-30": "2280.99800", "2018-06-30": "2361.89000", "2018-03-31": "2293.15400", "2017-12-31": "2105.02400", "2017-09-30": "2074.35800", "2017-06-30": "1995.00800", "2017-03-31": "1826.29700", "2016-12-31": "1827.76600", "2016-09-30": "1694.42400", "2016-06-30": "1765.93800", "2016-03-31": "1553.75900", "2015-12-31": "1548.19200", "2015-09-30": "1512.68100", "2015-06-30": "1504.54600", "2015-03-31": "1315.29500", "2014-12-31": "1285.01400", "2014-09-30": "1217.03700", "2014-06-30": "1163.63500", "2014-03-31": "1013.09400", "2013-12-31": "1014.92800", "2013-09-30": "968.74800", "2013-06-30": "927.26500", "2013-03-31": "862.05900", "2012-12-31": "940.31200", "2012-09-30": "931.41900", "2012-06-30": "944.84600", "2012-03-31": "915.65100", "2011-12-31": "887.35100", "2011-09-30": "828.33500", "2011-06-30": "944.72200", "2011-03-31": "965.06100", "2010-12-31": "973.36400", "2010-09-30": "921.99800", "2010-06-30": "844.10600", "2010-03-31": "851.58300", "2009-12-31": "789.00900", "2009-09-30": "725.10300", "2009-06-30": "696.69500", "2009-03-31": "530.73500", "2008-12-31": "602.00700", "2008-09-30": "656.75400", "2008-06-30": "651.14900", "2008-03-31": "607.40400", "2007-12-31": "708.74000", "2007-09-30": "654.34900", "2007-06-30": "684.64200", "2007-03-31": "603.41800", "2006-12-31": "631.94800", "2006-09-30": "588.52900", "2006-06-30": "578.89700", "2006-03-31": "499.20400", "2005-12-31": "492.04900", "2005-09-30": "465.75400", "2005-06-30": "508.00500", "2005-03-31": "434.86100"}, "Property, Plant, And Equipment": {"2020-12-31": "935.44100", "2020-09-30": "870.16200", "2020-06-30": "833.10300", "2020-03-31": "787.98000", "2019-12-31": "738.92500", "2019-09-30": "702.54500", "2019-06-30": "683.25400", "2019-03-31": "605.87600", "2018-12-31": "585.45700", "2018-09-30": "565.39500", "2018-06-30": "553.57400", "2018-03-31": "552.54000", "2017-12-31": "541.60100", "2017-09-30": "532.48200", "2017-06-30": "527.44100", "2017-03-31": "502.65800", "2016-12-31": "494.47300", "2016-09-30": "470.13700", "2016-06-30": "464.40300", "2016-03-31": "456.97100", "2015-12-31": "435.90700", "2015-09-30": "388.84200", "2015-06-30": "381.85300", "2015-03-31": "375.58600", "2014-12-31": "373.18300", "2014-09-30": "371.44500", "2014-06-30": "364.74600", "2014-03-31": "362.57500", "2013-12-31": "361.75500", "2013-09-30": "362.05000", "2013-06-30": "359.05300", "2013-03-31": "361.40000", "2012-12-31": "362.44600", "2012-09-30": "366.93900", "2012-06-30": "373.80900", "2012-03-31": "379.22300", "2011-12-31": "376.44600", "2011-09-30": "382.41800", "2011-06-30": "367.15200", "2011-03-31": "329.69900", "2010-12-31": "293.80200", "2010-09-30": "268.64200", "2010-06-30": "236.70900", "2010-03-31": "174.07200", "2009-12-31": "171.66700", "2009-09-30": "172.62400", "2009-06-30": "174.41100", "2009-03-31": "169.79800", "2008-12-31": "157.75700", "2008-09-30": "133.80000", "2008-06-30": "126.93200", "2008-03-31": "106.68700", "2007-12-31": "98.40000", "2007-09-30": "96.91600", "2007-06-30": "94.29000", "2007-03-31": "88.58100", "2006-12-31": "87.64500", "2006-09-30": "82.00000", "2006-06-30": "77.71900", "2006-03-31": "72.68800", "2005-12-31": "72.94500", "2005-09-30": "75.98600", "2005-06-30": "78.19200", "2005-03-31": "80.22700"}, "Long-Term Investments": {"2020-12-31": "108.41200", "2020-09-30": "98.69800", "2020-06-30": "98.23600", "2020-03-31": "77.33800", "2019-12-31": "94.58900", "2019-09-30": "90.84900", "2019-06-30": "89.48600", "2019-03-31": "95.90600", "2018-12-31": "93.74500", "2018-09-30": "91.08600", "2018-06-30": "23.95400", "2018-03-31": "", "2017-12-31": "17.39600", "2017-09-30": "", "2017-06-30": "", "2017-03-31": "", "2016-12-31": "", "2016-09-30": "", "2016-06-30": "", "2016-03-31": "", "2015-12-31": "", "2015-09-30": "", "2015-06-30": "", "2015-03-31": "", "2014-12-31": "", "2014-09-30": "", "2014-06-30": "", "2014-03-31": "", "2013-12-31": "", "2013-09-30": "", "2013-06-30": "", "2013-03-31": "", "2012-12-31": "", "2012-09-30": "", "2012-06-30": "", "2012-03-31": "", "2011-12-31": "", "2011-09-30": "", "2011-06-30": "", "2011-03-31": "", "2010-12-31": "", "2010-09-30": "", "2010-06-30": "", "2010-03-31": "", "2009-12-31": "", "2009-09-30": "", "2009-06-30": "", "2009-03-31": "78.05000", "2008-12-31": "81.92500", "2008-09-30": "88.45000", "2008-06-30": "94.07500", "2008-03-31": "", "2007-12-31": "", "2007-09-30": "", "2007-06-30": "", "2007-03-31": "", "2006-12-31": "", "2006-09-30": "", "2006-06-30": "", "2006-03-31": "", "2005-12-31": "", "2005-09-30": "", "2005-06-30": "", "2005-03-31": ""}, "Goodwill And Intangible Assets": {"2020-12-31": "93.49700", "2020-09-30": "93.49700", "2020-06-30": "93.49700", "2020-03-31": "93.49700", "2019-12-31": "71.41200", "2019-09-30": "", "2019-06-30": "", "2019-03-31": "", "2018-12-31": "", "2018-09-30": "", "2018-06-30": "", "2018-03-31": "", "2017-12-31": "", "2017-09-30": "", "2017-06-30": "", "2017-03-31": "", "2016-12-31": "", "2016-09-30": "", "2016-06-30": "", "2016-03-31": "", "2015-12-31": "", "2015-09-30": "", "2015-06-30": "", "2015-03-31": "", "2014-12-31": "", "2014-09-30": "1.67700", "2014-06-30": "1.91000", "2014-03-31": "2.14400", "2013-12-31": "2.37700", "2013-09-30": "2.52400", "2013-06-30": "2.75000", "2013-03-31": "3.01600", "2012-12-31": "3.24200", "2012-09-30": "3.46900", "2012-06-30": "3.69500", "2012-03-31": "3.92200", "2011-12-31": "4.14800", "2011-09-30": "6.19200", "2011-06-30": "6.58700", "2011-03-31": "6.98200", "2010-12-31": "7.36700", "2010-09-30": "7.76200", "2010-06-30": "8.14700", "2010-03-31": "8.61800", "2009-12-31": "9.01100", "2009-09-30": "4.86700", "2009-06-30": "5.03600", "2009-03-31": "5.18400", "2008-12-31": "5.40700", "2008-09-30": "", "2008-06-30": "", "2008-03-31": "0.01400", "2007-12-31": "0.07800", "2007-09-30": "0.19300", "2007-06-30": "0.31200", "2007-03-31": "0.39200", "2006-12-31": "0.63300", "2006-09-30": "0.77000", "2006-06-30": "0.89800", "2006-03-31": "1.00500", "2005-12-31": "1.13100", "2005-09-30": "1.26100", "2005-06-30": "1.36700", "2005-03-31": "1.50200"}, "Other Long-Term Assets": {"2020-12-31": "95.26300", "2020-09-30": "96.42600", "2020-06-30": "94.33900", "2020-03-31": "89.71190", "2019-12-31": "45.67800", "2019-09-30": "108.00310", "2019-06-30": "106.66900", "2019-03-31": "36.88900", "2018-12-31": "37.48200", "2018-09-30": "38.77200", "2018-06-30": "40.03800", "2018-03-31": "60.71500", "2017-12-31": "41.13900", "2017-09-30": "55.67600", "2017-06-30": "53.32400", "2017-03-31": "50.69700", "2016-12-31": "45.38800", "2016-09-30": "45.00100", "2016-06-30": "43.41100", "2016-03-31": "41.51600", "2015-12-31": "37.95400", "2015-09-30": "39.13100", "2015-06-30": "26.12600", "2015-03-31": "22.70200", "2014-12-31": "16.72100", "2014-09-30": "17.55400", "2014-06-30": "19.42000", "2014-03-31": "19.51900", "2013-12-31": "19.56000", "2013-09-30": "20.15600", "2013-06-30": "19.73300", "2013-03-31": "20.31600", "2012-12-31": "17.83300", "2012-09-30": "12.05600", "2012-06-30": "13.37100", "2012-03-31": "13.18600", "2011-12-31": "13.41300", "2011-09-30": "19.03700", "2011-06-30": "17.67900", "2011-03-31": "18.00000", "2010-12-31": "17.93800", "2010-09-30": "18.19600", "2010-06-30": "33.21300", "2010-03-31": "13.18300", "2009-12-31": "12.20500", "2009-09-30": "12.63000", "2009-06-30": "12.45000", "2009-03-31": "8.73700", "2008-12-31": "11.06200", "2008-09-30": "19.26500", "2008-06-30": "23.27100", "2008-03-31": "22.63700", "2007-12-31": "6.77600", "2007-09-30": "6.52600", "2007-06-30": "4.88900", "2007-03-31": "4.86900", "2006-12-31": "4.84300", "2006-09-30": "5.76300", "2006-06-30": "5.74500", "2006-03-31": "6.38700", "2005-12-31": "6.49500", "2005-09-30": "6.74000", "2005-06-30": "4.16800", "2005-03-31": "4.49200"}, "Total Long-Term Assets": {"2020-12-31": "2468.01800", "2020-09-30": "2325.76400", "2020-06-30": "2271.25800", "2020-03-31": "2164.61300", "2019-12-31": "2073.35200", "2019-09-30": "1938.82200", "2019-06-30": "1928.69300", "2019-03-31": "1745.61200", "2018-12-31": "756.11490", "2018-09-30": "723.47700", "2018-06-30": "643.77500", "2018-03-31": "642.83000", "2017-12-31": "630.05800", "2017-09-30": "618.90200", "2017-06-30": "614.28200", "2017-03-31": "579.41400", "2016-12-31": "565.90400", "2016-09-30": "532.88600", "2016-06-30": "525.49400", "2016-03-31": "514.65100", "2015-12-31": "491.68600", "2015-09-30": "427.97300", "2015-06-30": "407.97900", "2015-03-31": "398.28800", "2014-12-31": "389.90400", "2014-09-30": "392.30000", "2014-06-30": "387.70000", "2014-03-31": "385.73000", "2013-12-31": "393.64200", "2013-09-30": "389.07500", "2013-06-30": "394.62500", "2013-03-31": "399.99300", "2012-12-31": "399.90800", "2012-09-30": "384.72200", "2012-06-30": "395.82000", "2012-03-31": "396.86100", "2011-12-31": "394.53700", "2011-09-30": "419.97000", "2011-06-30": "403.74100", "2011-03-31": "367.00400", "2010-12-31": "331.43000", "2010-09-30": "308.27800", "2010-06-30": "291.73600", "2010-03-31": "209.53800", "2009-12-31": "206.54300", "2009-09-30": "202.73100", "2009-06-30": "204.50600", "2009-03-31": "281.34400", "2008-12-31": "274.30900", "2008-09-30": "257.49600", "2008-06-30": "260.25500", "2008-03-31": "251.62400", "2007-12-31": "119.23700", "2007-09-30": "115.61900", "2007-06-30": "111.47500", "2007-03-31": "105.82600", "2006-12-31": "105.10500", "2006-09-30": "97.87000", "2006-06-30": "93.69900", "2006-03-31": "89.41700", "2005-12-31": "89.90800", "2005-09-30": "88.88100", "2005-06-30": "88.63300", "2005-03-31": "91.12700"}, "Total Assets": {"2020-12-31": "5812.36900", "2020-09-30": "5711.39400", "2020-06-30": "5408.04600", "2020-03-31": "5395.02000", "2019-12-31": "4892.94300", "2019-09-30": "4566.19800", "2019-06-30": "4421.23600", "2019-03-31": "4127.41300", "2018-12-31": "3228.25500", "2018-09-30": "3004.47500", "2018-06-30": "3005.66500", "2018-03-31": "2935.98400", "2017-12-31": "2735.08200", "2017-09-30": "2693.26000", "2017-06-30": "2609.29000", "2017-03-31": "2405.71100", "2016-12-31": "2393.67000", "2016-09-30": "2227.31000", "2016-06-30": "2291.43200", "2016-03-31": "2068.41000", "2015-12-31": "2039.87800", "2015-09-30": "1940.65400", "2015-06-30": "1912.52500", "2015-03-31": "1713.58300", "2014-12-31": "1674.91800", "2014-09-30": "1609.33700", "2014-06-30": "1551.33500", "2014-03-31": "1398.82400", "2013-12-31": "1408.57000", "2013-09-30": "1357.82300", "2013-06-30": "1321.89000", "2013-03-31": "1262.05200", "2012-12-31": "1340.22000", "2012-09-30": "1316.14100", "2012-06-30": "1340.66600", "2012-03-31": "1312.51200", "2011-12-31": "1281.88800", "2011-09-30": "1248.30500", "2011-06-30": "1348.46300", "2011-03-31": "1332.06500", "2010-12-31": "1304.79400", "2010-09-30": "1230.27600", "2010-06-30": "1135.84200", "2010-03-31": "1061.12100", "2009-12-31": "995.55200", "2009-09-30": "927.83400", "2009-06-30": "901.20100", "2009-03-31": "812.07900", "2008-12-31": "876.31600", "2008-09-30": "914.25000", "2008-06-30": "911.40400", "2008-03-31": "859.02800", "2007-12-31": "827.97700", "2007-09-30": "769.96800", "2007-06-30": "796.11700", "2007-03-31": "709.24400", "2006-12-31": "737.05300", "2006-09-30": "686.39900", "2006-06-30": "672.59600", "2006-03-31": "588.62100", "2005-12-31": "581.95700", "2005-09-30": "554.63500", "2005-06-30": "596.63800", "2005-03-31": "525.98800"}, "Total Current Liabilities": {"2020-12-31": "1212.70600", "2020-09-30": "1260.44000", "2020-06-30": "1076.78600", "2020-03-31": "1042.99000", "2019-12-31": "1238.23100", "2019-09-30": "1106.81300", "2019-06-30": "994.57300", "2019-03-31": "819.17400", "2018-12-31": "850.22200", "2018-09-30": "664.91600", "2018-06-30": "719.55500", "2018-03-31": "674.02000", "2017-12-31": "597.34800", "2017-09-30": "598.98200", "2017-06-30": "635.61000", "2017-03-31": "513.58300", "2016-12-31": "621.73000", "2016-09-30": "462.77900", "2016-06-30": "610.89000", "2016-03-31": "481.90500", "2015-12-31": "577.01300", "2015-09-30": "518.11500", "2015-06-30": "594.67800", "2015-03-31": "482.35000", "2014-12-31": "505.73700", "2014-09-30": "375.25800", "2014-06-30": "370.88100", "2014-03-31": "269.74300", "2013-12-31": "310.42200", "2013-09-30": "272.79800", "2013-06-30": "264.22400", "2013-03-31": "207.27700", "2012-12-31": "292.54100", "2012-09-30": "329.57800", "2012-06-30": "375.26000", "2012-03-31": "337.08300", "2011-12-31": "308.46600", "2011-09-30": "226.03200", "2011-06-30": "320.43300", "2011-03-31": "314.17900", "2010-12-31": "307.31000", "2010-09-30": "271.83500", "2010-06-30": "231.65000", "2010-03-31": "242.55800", "2009-12-31": "230.54100", "2009-09-30": "195.34400", "2009-06-30": "196.11100", "2009-03-31": "119.83800", "2008-12-31": "188.23600", "2008-09-30": "200.17600", "2008-06-30": "216.36500", "2008-03-31": "181.79800", "2007-12-31": "184.85200", "2007-09-30": "141.90500", "2007-06-30": "196.35700", "2007-03-31": "129.71600", "2006-12-31": "181.16100", "2006-09-30": "245.03000", "2006-06-30": "254.50600", "2006-03-31": "109.09600", "2005-12-31": "130.83900", "2005-09-30": "109.32900", "2005-06-30": "166.75300", "2005-03-31": "111.10100"}, "Long Term Debt": {"2020-12-31": "679.41500", "2020-09-30": "683.61100", "2020-06-30": "680.10900", "2020-03-31": "669.15200", "2019-12-31": "49.18300", "2019-09-30": "39.77300", "2019-06-30": "100.02400", "2019-03-31": "93.75500", "2018-12-31": "88.11900", "2018-09-30": "69.78200", "2018-06-30": "70.18100", "2018-03-31": "70.64600", "2017-12-31": "71.10300", "2017-09-30": "71.39000", "2017-06-30": "68.27100", "2017-03-31": "68.77500", "2016-12-31": "67.15900", "2016-09-30": "67.60600", "2016-06-30": "68.05300", "2016-03-31": "68.49800", "2015-12-31": "68.94200", "2015-09-30": "70.14700", "2015-06-30": "1.59200", "2015-03-31": "13.66000", "2014-12-31": "15.08100", "2014-09-30": "107.21600", "2014-06-30": "110.33100", "2014-03-31": "113.42200", "2013-12-31": "116.48800", "2013-09-30": "119.53100", "2013-06-30": "122.54900", "2013-03-31": "125.54500", "2012-12-31": "128.51700", "2012-09-30": "70.23300", "2012-06-30": "71.28500", "2012-03-31": "73.94100", "2011-12-31": "76.53100", "2011-09-30": "78.97400", "2011-06-30": "81.07500", "2011-03-31": "50.39600", "2010-12-31": "51.65000", "2010-09-30": "15.80200", "2010-06-30": "14.53200", "2010-03-31": "", "2009-12-31": "15.64100", "2009-09-30": "15.75100", "2009-06-30": "15.85800", "2009-03-31": "16.07900", "2008-12-31": "16.18800", "2008-09-30": "16.18000", "2008-06-30": "16.28700", "2008-03-31": "16.36500", "2007-12-31": "16.46200", "2007-09-30": "16.56700", "2007-06-30": "16.65800", "2007-03-31": "16.74700", "2006-12-31": "106.80500", "2006-09-30": "16.83900", "2006-06-30": "16.92800", "2006-03-31": "107.04000", "2005-12-31": "107.28800", "2005-09-30": "107.55100", "2005-06-30": "107.82100", "2005-03-31": "108.13400"}, "Other Non-Current Liabilities": {"2020-12-31": "118.07700", "2020-09-30": "109.72200", "2020-06-30": "101.77400", "2020-03-31": "104.13800", "2019-12-31": "103.08900", "2019-09-30": "101.06800", "2019-06-30": "98.31900", "2019-03-31": "102.82200", "2018-12-31": "100.18800", "2018-09-30": "102.36200", "2018-06-30": "102.30600", "2018-03-31": "107.83200", "2017-12-31": "118.25900", "2017-09-30": "22.77300", "2017-06-30": "21.73400", "2017-03-31": "20.40800", "2016-12-31": "18.85500", "2016-09-30": "12.89700", "2016-06-30": "11.74000", "2016-03-31": "10.42400", "2015-12-31": "9.68200", "2015-09-30": "26.90100", "2015-06-30": "24.40000", "2015-03-31": "21.04000", "2014-12-31": "19.99300", "2014-09-30": "20.41500", "2014-06-30": "15.08100", "2014-03-31": "2.38600", "2013-12-31": "1.74000", "2013-09-30": "", "2013-06-30": "", "2013-03-31": "", "2012-12-31": "0.07300", "2012-09-30": "", "2012-06-30": "", "2012-03-31": "", "2011-12-31": "", "2011-09-30": "", "2011-06-30": "", "2011-03-31": "", "2010-12-31": "", "2010-09-30": "", "2010-06-30": "", "2010-03-31": "", "2009-12-31": "", "2009-09-30": "", "2009-06-30": "", "2009-03-31": "", "2008-12-31": "", "2008-09-30": "", "2008-06-30": "", "2008-03-31": "", "2007-12-31": "", "2007-09-30": "", "2007-06-30": "", "2007-03-31": "", "2006-12-31": "", "2006-09-30": "", "2006-06-30": "", "2006-03-31": "", "2005-12-31": "", "2005-09-30": "", "2005-06-30": "", "2005-03-31": ""}, "Total Long Term Liabilities": {"2020-12-31": "1874.00000", "2020-09-30": "1809.84300", "2020-06-30": "1894.11600", "2020-03-31": "1763.56500", "2019-12-31": "1118.60500", "2019-09-30": "1117.93200", "2019-06-30": "1102.99000", "2019-03-31": "1072.72100", "2018-12-31": "188.75800", "2018-09-30": "172.30400", "2018-06-30": "172.64800", "2018-03-31": "178.63900", "2017-12-31": "189.52300", "2017-09-30": "94.58100", "2017-06-30": "90.42200", "2017-03-31": "89.61400", "2016-12-31": "86.42600", "2016-09-30": "89.72700", "2016-06-30": "88.85100", "2016-03-31": "87.68200", "2015-12-31": "87.13100", "2015-09-30": "97.04800", "2015-06-30": "25.99200", "2015-03-31": "34.70000", "2014-12-31": "35.07400", "2014-09-30": "127.63100", "2014-06-30": "125.41200", "2014-03-31": "115.80800", "2013-12-31": "118.22800", "2013-09-30": "119.94500", "2013-06-30": "122.66000", "2013-03-31": "125.61700", "2012-12-31": "128.59000", "2012-09-30": "70.26600", "2012-06-30": "71.31700", "2012-03-31": "78.30700", "2011-12-31": "80.89500", "2011-09-30": "79.04700", "2011-06-30": "81.15200", "2011-03-31": "50.39600", "2010-12-31": "51.65000", "2010-09-30": "15.80200", "2010-06-30": "14.53200", "2010-03-31": "", "2009-12-31": "15.64100", "2009-09-30": "15.75100", "2009-06-30": "15.85800", "2009-03-31": "16.07900", "2008-12-31": "16.18800", "2008-09-30": "19.04500", "2008-06-30": "18.90700", "2008-03-31": "16.36500", "2007-12-31": "16.46200", "2007-09-30": "16.56700", "2007-06-30": "16.65800", "2007-03-31": "16.74700", "2006-12-31": "106.80500", "2006-09-30": "16.83900", "2006-06-30": "16.92800", "2006-03-31": "107.04000", "2005-12-31": "107.28800", "2005-09-30": "107.55100", "2005-06-30": "107.82100", "2005-03-31": "108.13400"}, "Total Liabilities": {"2020-12-31": "3086.70600", "2020-09-30": "3070.28300", "2020-06-30": "2970.90200", "2020-03-31": "2806.55500", "2019-12-31": "2356.83600", "2019-09-30": "2224.74500", "2019-06-30": "2097.56300", "2019-03-31": "1891.89500", "2018-12-31": "1038.98000", "2018-09-30": "837.22000", "2018-06-30": "892.20300", "2018-03-31": "852.65900", "2017-12-31": "786.87100", "2017-09-30": "693.56300", "2017-06-30": "726.03200", "2017-03-31": "603.19700", "2016-12-31": "708.15600", "2016-09-30": "552.50600", "2016-06-30": "699.74100", "2016-03-31": "569.58700", "2015-12-31": "664.14400", "2015-09-30": "615.16300", "2015-06-30": "620.67000", "2015-03-31": "517.05000", "2014-12-31": "540.81100", "2014-09-30": "502.88900", "2014-06-30": "496.29300", "2014-03-31": "385.55100", "2013-12-31": "428.65000", "2013-09-30": "392.74300", "2013-06-30": "386.88400", "2013-03-31": "332.89400", "2012-12-31": "421.13100", "2012-09-30": "399.84400", "2012-06-30": "446.57700", "2012-03-31": "415.39000", "2011-12-31": "389.36100", "2011-09-30": "305.07900", "2011-06-30": "401.58500", "2011-03-31": "364.57500", "2010-12-31": "358.96000", "2010-09-30": "287.63700", "2010-06-30": "246.18200", "2010-03-31": "242.55800", "2009-12-31": "246.18200", "2009-09-30": "211.09500", "2009-06-30": "211.96900", "2009-03-31": "135.91700", "2008-12-31": "204.42400", "2008-09-30": "219.22100", "2008-06-30": "235.27200", "2008-03-31": "198.16300", "2007-12-31": "201.31400", "2007-09-30": "158.47200", "2007-06-30": "213.01500", "2007-03-31": "146.46300", "2006-12-31": "287.96600", "2006-09-30": "261.86900", "2006-06-30": "271.43400", "2006-03-31": "216.13600", "2005-12-31": "238.12700", "2005-09-30": "216.88000", "2005-06-30": "274.57400", "2005-03-31": "219.23500"}, "Common Stock Net": {"2020-12-31": "0.15500", "2020-09-30": "0.15500", "2020-06-30": "0.15500", "2020-03-31": "0.15300", "2019-12-31": "0.15300", "2019-09-30": "0.15300", "2019-06-30": "0.15300", "2019-03-31": "0.15300", "2018-12-31": "0.15300", "2018-09-30": "0.15500", "2018-06-30": "0.15600", "2018-03-31": "0.15600", "2017-12-31": "0.15600", "2017-09-30": "0.15500", "2017-06-30": "0.15500", "2017-03-31": "0.15500", "2016-12-31": "0.15400", "2016-09-30": "0.15400", "2016-06-30": "0.15400", "2016-03-31": "0.15400", "2015-12-31": "0.15300", "2015-09-30": "0.15300", "2015-06-30": "0.05100", "2015-03-31": "0.05100", "2014-12-31": "0.15100", "2014-09-30": "0.05100", "2014-06-30": "0.05100", "2014-03-31": "0.05100", "2013-12-31": "0.05100", "2013-09-30": "0.05000", "2013-06-30": "0.05000", "2013-03-31": "0.05000", "2012-12-31": "0.05000", "2012-09-30": "0.04900", "2012-06-30": "0.04900", "2012-03-31": "0.04900", "2011-12-31": "0.04900", "2011-09-30": "0.04800", "2011-06-30": "0.04800", "2011-03-31": "0.04800", "2010-12-31": "0.04800", "2010-09-30": "0.04800", "2010-06-30": "0.04700", "2010-03-31": "0.04700", "2009-12-31": "0.04700", "2009-09-30": "0.04700", "2009-06-30": "0.04600", "2009-03-31": "0.04600", "2008-12-31": "0.04600", "2008-09-30": "0.04600", "2008-06-30": "0.04600", "2008-03-31": "0.04600", "2007-12-31": "0.04600", "2007-09-30": "0.04600", "2007-06-30": "0.04600", "2007-03-31": "0.04600", "2006-12-31": "0.04200", "2006-09-30": "0.04100", "2006-06-30": "0.04100", "2006-03-31": "0.04100", "2005-12-31": "0.04000", "2005-09-30": "0.04000", "2005-06-30": "0.04000", "2005-03-31": "0.04000"}, "Retained Earnings (Accumulated Deficit)": {"2020-12-31": "2136.40000", "2020-09-30": "2083.11800", "2020-06-30": "2018.84000", "2020-03-31": "2086.93700", "2019-12-31": "2037.83600", "2019-09-30": "1978.30400", "2019-06-30": "1875.21400", "2019-03-31": "1800.03400", "2018-12-31": "1691.27600", "2018-09-30": "1643.89800", "2018-06-30": "1553.17100", "2018-03-31": "1507.88700", "2017-12-31": "1390.23500", "2017-09-30": "1456.88500", "2017-06-30": "1364.57500", "2017-03-31": "1305.04000", "2016-12-31": "1211.04500", "2016-09-30": "1204.38100", "2016-06-30": "1139.27100", "2016-03-31": "1065.16400", "2015-12-31": "967.55200", "2015-09-30": "938.10400", "2015-06-30": "871.50200", "2015-03-31": "791.72000", "2014-12-31": "735.64000", "2014-09-30": "713.71900", "2014-06-30": "662.59600", "2014-03-31": "627.79400", "2013-12-31": "596.82900", "2013-09-30": "582.66400", "2013-06-30": "555.81500", "2013-03-31": "548.72100", "2012-12-31": "542.04100", "2012-09-30": "538.08500", "2012-06-30": "527.08100", "2012-03-31": "528.86300", "2011-12-31": "532.52900", "2011-09-30": "590.19000", "2011-06-30": "581.90500", "2011-03-31": "611.82100", "2010-12-31": "600.01300", "2010-09-30": "596.77600", "2010-06-30": "560.39800", "2010-03-31": "520.16100", "2009-12-31": "463.86500", "2009-09-30": "435.91900", "2009-06-30": "411.46000", "2009-03-31": "417.38700", "2008-12-31": "409.16600", "2008-09-30": "429.54400", "2008-06-30": "401.25500", "2008-03-31": "386.61400", "2007-12-31": "353.77000", "2007-09-30": "341.67600", "2007-06-30": "316.93200", "2007-03-31": "301.98400", "2006-12-31": "281.47100", "2006-09-30": "266.89000", "2006-06-30": "244.69100", "2006-03-31": "227.07400", "2005-12-31": "210.47700", "2005-09-30": "204.57600", "2005-06-30": "191.94400", "2005-03-31": "176.02700"}, "Comprehensive Income": {"2020-12-31": "-27.28500", "2020-09-30": "-40.54900", "2020-06-30": "-124.23800", "2020-03-31": "-52.81900", "2019-12-31": "-29.99300", "2019-09-30": "-97.35400", "2019-06-30": "-25.28200", "2019-03-31": "-29.52200", "2018-12-31": "-31.48800", "2018-09-30": "-30.13300", "2018-06-30": "-25.33500", "2018-03-31": "-12.25000", "2017-12-31": "-14.74400", "2017-09-30": "-18.02200", "2017-06-30": "-21.92900", "2017-03-31": "-23.70400", "2016-12-31": "-26.60400", "2016-09-30": "-19.04000", "2016-06-30": "-19.36500", "2016-03-31": "-21.25300", "2015-12-31": "-26.30500", "2015-09-30": "-27.52800", "2015-06-30": "-18.74700", "2015-03-31": "-20.46500", "2014-12-31": "-16.07700", "2014-09-30": "-12.07100", "2014-06-30": "-7.62300", "2014-03-31": "-8.31900", "2013-12-31": "-8.70100", "2013-09-30": "-5.53400", "2013-06-30": "-6.95700", "2013-03-31": "-2.53500", "2012-12-31": "-2.40000", "2012-09-30": "1.33000", "2012-06-30": "-2.58000", "2012-03-31": "3.64900", "2011-12-31": "-0.89400", "2011-09-30": "-2.29800", "2011-06-30": "13.20900", "2011-03-31": "8.53700", "2010-12-31": "4.26500", "2010-09-30": "9.30400", "2010-06-30": "-1.06700", "2010-03-31": "5.08000", "2009-12-31": "9.34800", "2009-09-30": "8.31500", "2009-06-30": "7.30600", "2009-03-31": "-9.76400", "2008-12-31": "-4.71900", "2008-09-30": "1.63300", "2008-06-30": "11.74700", "2008-03-31": "14.46500", "2007-12-31": "14.76300", "2007-09-30": "13.55900", "2007-06-30": "10.29800", "2007-03-31": "8.43700", "2006-12-31": "11.20000", "2006-09-30": "9.94300", "2006-06-30": "9.96900", "2006-03-31": "7.60300", "2005-12-31": "7.03900", "2005-09-30": "7.89600", "2005-06-30": "7.71300", "2005-03-31": "9.97400"}, "Other Share Holders Equity": {"2020-12-31": "", "2020-09-30": "", "2020-06-30": "", "2020-03-31": "", "2019-12-31": "", "2019-09-30": "", "2019-06-30": "", "2019-03-31": "", "2018-12-31": "", "2018-09-30": "", "2018-06-30": "", "2018-03-31": "", "2017-12-31": "", "2017-09-30": "", "2017-06-30": "", "2017-03-31": "", "2016-12-31": "", "2016-09-30": "", "2016-06-30": "", "2016-03-31": "", "2015-12-31": "", "2015-09-30": "", "2015-06-30": "", "2015-03-31": "", "2014-12-31": "", "2014-09-30": "", "2014-06-30": "", "2014-03-31": "", "2013-12-31": "", "2013-09-30": "", "2013-06-30": "", "2013-03-31": "", "2012-12-31": "", "2012-09-30": "", "2012-06-30": "", "2012-03-31": "", "2011-12-31": "", "2011-09-30": "", "2011-06-30": "", "2011-03-31": "", "2010-12-31": "", "2010-09-30": "", "2010-06-30": "", "2010-03-31": "", "2009-12-31": "", "2009-09-30": "", "2009-06-30": "", "2009-03-31": "", "2008-12-31": "", "2008-09-30": "", "2008-06-30": "", "2008-03-31": "", "2007-12-31": "", "2007-09-30": "", "2007-06-30": "", "2007-03-31": "", "2006-12-31": "", "2006-09-30": "", "2006-06-30": "", "2006-03-31": "", "2005-12-31": "", "2005-09-30": "", "2005-06-30": "", "2005-03-31": ""}, "Share Holder Equity": {"2020-12-31": "2725.66300", "2020-09-30": "2641.11100", "2020-06-30": "2437.14400", "2020-03-31": "2588.46500", "2019-12-31": "2536.10700", "2019-09-30": "2341.45300", "2019-06-30": "2323.67300", "2019-03-31": "2235.51800", "2018-12-31": "2189.27500", "2018-09-30": "2167.25500", "2018-06-30": "2113.46200", "2018-03-31": "2083.32500", "2017-12-31": "1948.21100", "2017-09-30": "1999.69700", "2017-06-30": "1883.25800", "2017-03-31": "1802.51400", "2016-12-31": "1685.51400", "2016-09-30": "1674.80400", "2016-06-30": "1591.69100", "2016-03-31": "1498.82300", "2015-12-31": "1375.73400", "2015-09-30": "1325.49100", "2015-06-30": "1291.85500", "2015-03-31": "1196.53300", "2014-12-31": "1134.10700", "2014-09-30": "1106.44800", "2014-06-30": "1055.04200", "2014-03-31": "1013.27300", "2013-12-31": "979.92000", "2013-09-30": "965.08000", "2013-06-30": "935.00600", "2013-03-31": "929.15800", "2012-12-31": "919.08900", "2012-09-30": "916.29700", "2012-06-30": "894.08900", "2012-03-31": "897.12200", "2011-12-31": "892.52700", "2011-09-30": "943.22600", "2011-06-30": "946.87800", "2011-03-31": "967.49000", "2010-12-31": "945.83400", "2010-09-30": "942.63900", "2010-06-30": "889.66000", "2010-03-31": "818.56300", "2009-12-31": "749.37000", "2009-09-30": "716.73900", "2009-06-30": "689.23200", "2009-03-31": "676.16200", "2008-12-31": "671.89200", "2008-09-30": "695.02900", "2008-06-30": "676.13200", "2008-03-31": "660.86500", "2007-12-31": "626.66300", "2007-09-30": "611.49600", "2007-06-30": "583.10200", "2007-03-31": "562.78100", "2006-12-31": "449.08700", "2006-09-30": "424.53000", "2006-06-30": "401.16200", "2006-03-31": "372.48500", "2005-12-31": "343.83000", "2005-09-30": "337.75500", "2005-06-30": "322.06400", "2005-03-31": "306.75300"}, "Total Liabilities And Share Holders Equity": {"2020-12-31": "5812.36900", "2020-09-30": "5711.39400", "2020-06-30": "5408.04600", "2020-03-31": "5395.02000", "2019-12-31": "4892.94300", "2019-09-30": "4566.19800", "2019-06-30": "4421.23600", "2019-03-31": "4127.41300", "2018-12-31": "3228.25500", "2018-09-30": "3004.47500", "2018-06-30": "3005.66500", "2018-03-31": "2935.98400", "2017-12-31": "2735.08200", "2017-09-30": "2693.26000", "2017-06-30": "2609.29000", "2017-03-31": "2405.71100", "2016-12-31": "2393.67000", "2016-09-30": "2227.31000", "2016-06-30": "2291.43200", "2016-03-31": "2068.41000", "2015-12-31": "2039.87800", "2015-09-30": "1940.65400", "2015-06-30": "1912.52500", "2015-03-31": "1713.58300", "2014-12-31": "1674.91800", "2014-09-30": "1609.33700", "2014-06-30": "1551.33500", "2014-03-31": "1398.82400", "2013-12-31": "1408.57000", "2013-09-30": "1357.82300", "2013-06-30": "1321.89000", "2013-03-31": "1262.05200", "2012-12-31": "1340.22000", "2012-09-30": "1316.14100", "2012-06-30": "1340.66600", "2012-03-31": "1312.51200", "2011-12-31": "1281.88800", "2011-09-30": "1248.30500", "2011-06-30": "1348.46300", "2011-03-31": "1332.06500", "2010-12-31": "1304.79400", "2010-09-30": "1230.27600", "2010-06-30": "1135.84200", "2010-03-31": "1061.12100", "2009-12-31": "995.55200", "2009-09-30": "927.83400", "2009-06-30": "901.20100", "2009-03-31": "812.07900", "2008-12-31": "876.31600", "2008-09-30": "914.25000", "2008-06-30": "911.40400", "2008-03-31": "859.02800", "2007-12-31": "827.97700", "2007-09-30": "769.96800", "2007-06-30": "796.11700", "2007-03-31": "709.24400", "2006-12-31": "737.05300", "2006-09-30": "686.39900", "2006-06-30": "672.59600", "2006-03-31": "588.62100", "2005-12-31": "581.95700", "2005-09-30": "554.63500", "2005-06-30": "596.63800", "2005-03-31": "525.98800"}}, "cash flow statement": {"Net Income/Loss": {"2020-12-31": "0.00000", "2019-12-31": "427.25200", "2018-12-31": "371.27300", "2017-12-31": "235.10400", "2016-12-31": "285.35900", "2015-12-31": "261.04700", "2014-12-31": "152.19600", "2013-12-31": "60.86800", "2012-12-31": "10.51200", "2011-12-31": "-67.58000", "2010-12-31": "136.14800", "2009-12-31": "54.69900", "2008-12-31": "55.39600", "2007-12-31": "75.68600", "2006-12-31": "70.99400", "2005-12-31": "44.71700"}, "Total Depreciation And Amortization - Cash Flow": {"2020-12-31": "", "2019-12-31": "111.51500", "2018-12-31": "109.68000", "2017-12-31": "96.51000", "2016-12-31": "79.18200", "2015-12-31": "53.64700", "2014-12-31": "49.50500", "2013-12-31": "44.51000", "2012-12-31": "43.64300", "2011-12-31": "36.36000", "2010-12-31": "27.87200", "2009-12-31": "21.37000", "2008-12-31": "17.74300", "2007-12-31": "17.75200", "2006-12-31": "17.47000", "2005-12-31": "23.35800"}, "Other Non-Cash Items": {"2020-12-31": "", "2019-12-31": "88.41200", "2018-12-31": "67.05300", "2017-12-31": "33.41700", "2016-12-31": "38.42900", "2015-12-31": "21.62800", "2014-12-31": "46.08500", "2013-12-31": "16.39200", "2012-12-31": "5.23900", "2011-12-31": "15.16800", "2010-12-31": "15.07400", "2009-12-31": "7.78400", "2008-12-31": "11.19100", "2007-12-31": "3.31700", "2006-12-31": "4.68200", "2005-12-31": "-1.76900"}, "Total Non-Cash Items": {"2020-12-31": "", "2019-12-31": "199.92700", "2018-12-31": "176.73300", "2017-12-31": "129.92700", "2016-12-31": "117.61100", "2015-12-31": "75.27500", "2014-12-31": "95.59000", "2013-12-31": "60.90200", "2012-12-31": "48.88200", "2011-12-31": "51.52800", "2010-12-31": "42.94600", "2009-12-31": "29.15400", "2008-12-31": "28.93400", "2007-12-31": "21.06900", "2006-12-31": "22.15200", "2005-12-31": "21.58900"}, "Change In Accounts Receivable": {"2020-12-31": "", "2019-12-31": "-118.39000", "2018-12-31": "-136.18800", "2017-12-31": "-102.22200", "2016-12-31": "-10.35000", "2015-12-31": "-100.03200", "2014-12-31": "-70.69500", "2013-12-31": "-21.27900", "2012-12-31": "-36.98900", "2011-12-31": "86.11400", "2010-12-31": "-50.04000", "2009-12-31": "-46.56200", "2008-12-31": "-27.46200", "2007-12-31": "7.94800", "2006-12-31": "-47.99400", "2005-12-31": "-22.10600"}, "Change In Inventories": {"2020-12-31": "", "2019-12-31": "-171.90300", "2018-12-31": "-7.21200", "2017-12-31": "-158.62800", "2016-12-31": "-58.15200", "2015-12-31": "-176.06200", "2014-12-31": "-100.16200", "2013-12-31": "-22.58900", "2012-12-31": "-111.81300", "2011-12-31": "160.24100", "2010-12-31": "-172.41700", "2009-12-31": "39.36200", "2008-12-31": "-58.24000", "2007-12-31": "-3.04500", "2006-12-31": "-64.36400", "2005-12-31": "13.20200"}, "Change In Accounts Payable": {"2020-12-31": "", "2019-12-31": "154.46400", "2018-12-31": "174.35200", "2017-12-31": "-12.80600", "2016-12-31": "38.24700", "2015-12-31": "130.07500", "2014-12-31": "98.68600", "2013-12-31": "17.59600", "2012-12-31": "9.95800", "2011-12-31": "-18.07400", "2010-12-31": "32.82900", "2009-12-31": "28.13600", "2008-12-31": "0.38500", "2007-12-31": "2.95600", "2006-12-31": "49.56300", "2005-12-31": "13.77700"}, "Change In Assets/Liabilities": {"2020-12-31": "", "2019-12-31": "-64.79800", "2018-12-31": "-10.40600", "2017-12-31": "67.96200", "2016-12-31": "-20.39900", "2015-12-31": "-8.50500", "2014-12-31": "-27.24000", "2013-12-31": "-2.03400", "2012-12-31": "55.31100", "2011-12-31": "-34.95600", "2010-12-31": "-28.97300", "2009-12-31": "1.78900", "2008-12-31": "-23.83000", "2007-12-31": "-0.25400", "2006-12-31": "-2.19000", "2005-12-31": "-3.34700"}, "Total Change In Assets/Liabilities": {"2020-12-31": "", "2019-12-31": "-200.62700", "2018-12-31": "20.54600", "2017-12-31": "-205.69400", "2016-12-31": "-41.34800", "2015-12-31": "-104.10800", "2014-12-31": "-83.90400", "2013-12-31": "-22.59200", "2012-12-31": "-62.84100", "2011-12-31": "180.97100", "2010-12-31": "-226.47300", "2009-12-31": "31.25600", "2008-12-31": "-106.15900", "2007-12-31": "4.60000", "2006-12-31": "-67.10700", "2005-12-31": "9.19000"}, "Cash Flow From Operating Activities": {"2020-12-31": "", "2019-12-31": "426.55200", "2018-12-31": "568.55200", "2017-12-31": "159.33700", "2016-12-31": "361.62200", "2015-12-31": "232.21400", "2014-12-31": "163.88200", "2013-12-31": "99.17800", "2012-12-31": "-3.44700", "2011-12-31": "164.91900", "2010-12-31": "-47.37900", "2009-12-31": "115.10900", "2008-12-31": "-21.82900", "2007-12-31": "101.35500", "2006-12-31": "26.03900", "2005-12-31": "75.49600"}, "Net Change In Property, Plant, And Equipment": {"2020-12-31": "", "2019-12-31": "-230.56400", "2018-12-31": "-143.03600", "2017-12-31": "-136.19000", "2016-12-31": "-119.47100", "2015-12-31": "-118.14400", "2014-12-31": "-56.90500", "2013-12-31": "-41.29400", "2012-12-31": "-52.45200", "2011-12-31": "-105.13800", "2010-12-31": "-82.26900", "2009-12-31": "-35.34100", "2008-12-31": "-72.46100", "2007-12-31": "-31.17500", "2006-12-31": "-27.56000", "2005-12-31": "-13.62700"}, "Net Change In Intangible Assets": {"2020-12-31": "", "2019-12-31": "", "2018-12-31": "", "2017-12-31": "", "2016-12-31": "", "2015-12-31": "-0.05500", "2014-12-31": "", "2013-12-31": "-0.08700", "2012-12-31": "0.00000", "2011-12-31": "-0.01000", "2010-12-31": "-0.04100", "2009-12-31": "-4.50000", "2008-12-31": "0.00000", "2007-12-31": "", "2006-12-31": "", "2005-12-31": ""}, "Net Acquisitions/Divestitures": {"2020-12-31": "", "2019-12-31": "-100.65800", "2018-12-31": "", "2017-12-31": "", "2016-12-31": "-22.53400", "2015-12-31": "", "2014-12-31": "", "2013-12-31": "", "2012-12-31": "", "2011-12-31": "", "2010-12-31": "", "2009-12-31": "", "2008-12-31": "-4.64000", "2007-12-31": "", "2006-12-31": "", "2005-12-31": ""}, "Net Change In Short-term Investments": {"2020-12-31": "", "2019-12-31": "-12.85100", "2018-12-31": "-176.37800", "2017-12-31": "-2.06000", "2016-12-31": "-3.64000", "2015-12-31": "-8.28400", "2014-12-31": "", "2013-12-31": "0.00000", "2012-12-31": "", "2011-12-31": "", "2010-12-31": "30.00000", "2009-12-31": "65.62500", "2008-12-31": "8.87500", "2007-12-31": "-44.50000", "2006-12-31": "-60.00000", "2005-12-31": ""}, "Net Change In Long-Term Investments": {"2020-12-31": "", "2019-12-31": "", "2018-12-31": "", "2017-12-31": "", "2016-12-31": "", "2015-12-31": "", "2014-12-31": "", "2013-12-31": "", "2012-12-31": "", "2011-12-31": "", "2010-12-31": "", "2009-12-31": "", "2008-12-31": "", "2007-12-31": "", "2006-12-31": "", "2005-12-31": ""}, "Net Change In Investments - Total": {"2020-12-31": "", "2019-12-31": "-12.85100", "2018-12-31": "-176.37800", "2017-12-31": "-2.06000", "2016-12-31": "-3.64000", "2015-12-31": "-8.28400", "2014-12-31": "", "2013-12-31": "", "2012-12-31": "", "2011-12-31": "", "2010-12-31": "30.00000", "2009-12-31": "65.62500", "2008-12-31": "8.87500", "2007-12-31": "-44.50000", "2006-12-31": "-60.00000", "2005-12-31": ""}, "Investing Activities - Other": {"2020-12-31": "", "2019-12-31": "", "2018-12-31": "", "2017-12-31": "", "2016-12-31": "", "2015-12-31": "", "2014-12-31": "", "2013-12-31": "", "2012-12-31": "", "2011-12-31": "", "2010-12-31": "", "2009-12-31": "", "2008-12-31": "", "2007-12-31": "", "2006-12-31": "", "2005-12-31": ""}, "Cash Flow From Investing Activities": {"2020-12-31": "", "2019-12-31": "-344.07300", "2018-12-31": "-319.41400", "2017-12-31": "-138.25000", "2016-12-31": "-145.64500", "2015-12-31": "-126.48300", "2014-12-31": "-56.90500", "2013-12-31": "-41.38100", "2012-12-31": "-52.45200", "2011-12-31": "-105.14800", "2010-12-31": "-52.31000", "2009-12-31": "25.78400", "2008-12-31": "-68.22600", "2007-12-31": "-75.67500", "2006-12-31": "-87.56000", "2005-12-31": "-13.62700"}, "Net Long-Term Debt": {"2020-12-31": "", "2019-12-31": "29.18800", "2018-12-31": "16.94300", "2017-12-31": "3.96200", "2016-12-31": "-15.65300", "2015-12-31": "-31.89400", "2014-12-31": "-12.02800", "2013-12-31": "-11.66700", "2012-12-31": "71.90000", "2011-12-31": "23.03900", "2010-12-31": "30.17200", "2009-12-31": "-0.41300", "2008-12-31": "-0.09900", "2007-12-31": "-0.52000", "2006-12-31": "-1.00800", "2005-12-31": "-7.66000"}, "Net Current Debt": {"2020-12-31": "", "2019-12-31": "-1.43300", "2018-12-31": "-0.78700", "2017-12-31": "1.92500", "2016-12-31": "6.09100", "2015-12-31": "-1.73300", "2014-12-31": "1.72300", "2013-12-31": "-2.38200", "2012-12-31": "-47.99800", "2011-12-31": "31.95800", "2010-12-31": "16.27100", "2009-12-31": "2.00600", "2008-12-31": "", "2007-12-31": "", "2006-12-31": "", "2005-12-31": ""}, "Debt Issuance/Retirement Net - Total": {"2020-12-31": "", "2019-12-31": "27.75500", "2018-12-31": "16.15600", "2017-12-31": "5.88700", "2016-12-31": "-9.56200", "2015-12-31": "-33.62700", "2014-12-31": "-10.30500", "2013-12-31": "-14.04900", "2012-12-31": "23.90200", "2011-12-31": "54.99700", "2010-12-31": "46.44300", "2009-12-31": "1.59300", "2008-12-31": "-0.09900", "2007-12-31": "-0.52000", "2006-12-31": "-1.00800", "2005-12-31": "-7.66000"}, "Net Common Equity Issued/Repurchased": {"2020-12-31": "", "2019-12-31": "-106.74000", "2018-12-31": "-94.68000", "2017-12-31": "5.47900", "2016-12-31": "5.12000", "2015-12-31": "4.31800", "2014-12-31": "3.36300", "2013-12-31": "2.94700", "2012-12-31": "3.42500", "2011-12-31": "3.32100", "2010-12-31": "8.43600", "2009-12-31": "2.80700", "2008-12-31": "3.65600", "2007-12-31": "8.19300", "2006-12-31": "18.96300", "2005-12-31": "6.91600"}, "Net Total Equity Issued/Repurchased": {"2020-12-31": "", "2019-12-31": "-106.74000", "2018-12-31": "-94.68000", "2017-12-31": "5.47900", "2016-12-31": "5.12000", "2015-12-31": "4.31800", "2014-12-31": "3.36300", "2013-12-31": "2.94700", "2012-12-31": "3.42500", "2011-12-31": "3.32100", "2010-12-31": "8.43600", "2009-12-31": "2.80700", "2008-12-31": "3.65600", "2007-12-31": "8.19300", "2006-12-31": "18.96300", "2005-12-31": "6.91600"}, "Total Common And Preferred Stock Dividends Paid": {"2020-12-31": "", "2019-12-31": "", "2018-12-31": "", "2017-12-31": "", "2016-12-31": "", "2015-12-31": "", "2014-12-31": "", "2013-12-31": "", "2012-12-31": "", "2011-12-31": "", "2010-12-31": "", "2009-12-31": "", "2008-12-31": "", "2007-12-31": "", "2006-12-31": "", "2005-12-31": ""}, "Financial Activities - Other": {"2020-12-31": "", "2019-12-31": "-52.98800", "2018-12-31": "-41.19100", "2017-12-31": "-25.90700", "2016-12-31": "0.91800", "2015-12-31": "-28.86700", "2014-12-31": "-2.10100", "2013-12-31": "0.99100", "2012-12-31": "2.42700", "2011-12-31": "2.11500", "2010-12-31": "12.54200", "2009-12-31": "4.00000", "2008-12-31": "5.00000", "2007-12-31": "2.23800", "2006-12-31": "4.96600", "2005-12-31": ""}, "Cash Flow From Financial Activities": {"2020-12-31": "", "2019-12-31": "-131.97300", "2018-12-31": "-119.71500", "2017-12-31": "-14.54100", "2016-12-31": "-3.52400", "2015-12-31": "-58.17600", "2014-12-31": "-9.04300", "2013-12-31": "-10.11100", "2012-12-31": "29.75400", "2011-12-31": "60.43300", "2010-12-31": "67.42100", "2009-12-31": "8.40000", "2008-12-31": "8.55700", "2007-12-31": "9.91100", "2006-12-31": "22.92100", "2005-12-31": "-0.74400"}, "Net Cash Flow": {"2020-12-31": "", "2019-12-31": "-47.36100", "2018-12-31": "135.80600", "2017-12-31": "17.89500", "2016-12-31": "210.54500", "2015-12-31": "41.30600", "2014-12-31": "94.67400", "2013-12-31": "46.18500", "2012-12-31": "-25.31800", "2011-12-31": "117.58600", "2010-12-31": "-32.11700", "2009-12-31": "150.73400", "2008-12-31": "-84.57500", "2007-12-31": "39.03100", "2006-12-31": "-36.52200", "2005-12-31": "59.35400"}, "Stock-Based Compensation": {"2020-12-31": "", "2019-12-31": "41.07600", "2018-12-31": "30.46800", "2017-12-31": "28.90200", "2016-12-31": "23.08100", "2015-12-31": "18.29600", "2014-12-31": "8.68400", "2013-12-31": "2.38800", "2012-12-31": "11.52700", "2011-12-31": "14.32000", "2010-12-31": "13.73900", "2009-12-31": "5.73600", "2008-12-31": "2.33700", "2007-12-31": "1.08100", "2006-12-31": "2.03000", "2005-12-31": ""}, "Common Stock Dividends Paid": {"2020-12-31": "", "2019-12-31": "", "2018-12-31": "", "2017-12-31": "", "2016-12-31": "", "2015-12-31": "", "2014-12-31": "", "2013-12-31": "", "2012-12-31": "", "2011-12-31": "", "2010-12-31": "", "2009-12-31": "", "2008-12-31": "", "2007-12-31": "", "2006-12-31": "", "2005-12-31": ""}}, "cash flow statement, quarterly": {"Net Income/Loss": {"2020-12-31": -68.054, "2020-09-30": 82.111, "2020-06-30": -55.217, "2020-03-31": "41.16000", "2019-12-31": 82.501, "2019-09-30": 121.734, "2019-06-30": 91.998, "2019-03-31": "131.01900", "2018-12-31": 67.106, "2018-09-30": 106.05, "2018-06-30": 60.859, "2018-03-31": "137.25800", "2017-12-31": -51.761, "2017-09-30": 106.83, "2017-06-30": 73.4, "2017-03-31": "106.63500", "2016-12-31": 15.169, "2016-09-30": 76.542, "2016-06-30": 84.009, "2016-03-31": "109.63900", "2015-12-31": 38.49, "2015-09-30": 73.834, "2015-06-30": 87.065, "2015-03-31": "61.65800", "2014-12-31": 25.856, "2014-09-30": 55.079, "2014-06-30": 38.213, "2014-03-31": "33.04800", "2013-12-31": 16.101, "2013-09-30": 28.333, "2013-06-30": 8.846, "2013-03-31": "7.58800", "2012-12-31": 3.666, "2012-09-30": 11.6, "2012-06-30": -1.344, "2012-03-31": "-3.41000", "2011-12-31": -57.757, "2011-09-30": 8.285, "2011-06-30": -29.916, "2011-03-31": "11.80800", "2010-12-31": 3.237, "2010-09-30": 36.378, "2010-06-30": 40.237, "2010-03-31": "56.29600", "2009-12-31": 27.946, "2009-09-30": 24.46, "2009-06-30": -5.927, "2009-03-31": "8.22000", "2008-12-31": -20.378, "2008-09-30": 28.289, "2008-06-30": 14.641, "2008-03-31": "32.84400", "2007-12-31": 12.094, "2007-09-30": 24.744, "2007-06-30": 14.948, "2007-03-31": "23.90000", "2006-12-31": 14.581, "2006-09-30": 22.199, "2006-06-30": 17.616, "2006-03-31": "16.59800", "2005-12-31": 5.901, "2005-09-30": 12.632, "2005-06-30": 15.917, "2005-03-31": "10.26700"}, "Total Depreciation And Amortization - Cash Flow": {"2020-12-31": -105.752, "2020-09-30": 33.988, "2020-06-30": 32.205, "2020-03-31": "39.55900", "2019-12-31": 30.784, "2019-09-30": 28.305, "2019-06-30": 25.005, "2019-03-31": "27.42100", "2018-12-31": 28.42, "2018-09-30": 26.926, "2018-06-30": 27.158, "2018-03-31": "27.17600", "2017-12-31": 26.46, "2017-09-30": 24.479, "2017-06-30": 23.238, "2017-03-31": "22.33300", "2016-12-31": 21.98, "2016-09-30": 20.827, "2016-06-30": 18.882, "2016-03-31": "17.49300", "2015-12-31": 10.387, "2015-09-30": 14.967, "2015-06-30": 14.686, "2015-03-31": "13.60700", "2014-12-31": 12.936, "2014-09-30": 12.615, "2014-06-30": 12.132, "2014-03-31": "11.82200", "2013-12-31": 11.723, "2013-09-30": 10.954, "2013-06-30": 10.892, "2013-03-31": "10.94100", "2012-12-31": 11.364, "2012-09-30": 10.582, "2012-06-30": 11.483, "2012-03-31": "10.21400", "2011-12-31": 11.362, "2011-09-30": 8.468, "2011-06-30": 8.403, "2011-03-31": "8.12700", "2010-12-31": 7.833, "2010-09-30": 7.536, "2010-06-30": 6.421, "2010-03-31": "6.08200", "2009-12-31": 5.956, "2009-09-30": 5.667, "2009-06-30": 5.026, "2009-03-31": "4.72100", "2008-12-31": 4.768, "2008-09-30": 4.141, "2008-06-30": 4.416, "2008-03-31": "4.41800", "2007-12-31": 4.836, "2007-09-30": 4.433, "2007-06-30": 4.198, "2007-03-31": "4.28500", "2006-12-31": 4.238, "2006-09-30": 4.268, "2006-06-30": 4.451, "2006-03-31": "4.51300", "2005-12-31": 6.691, "2005-09-30": 5.4, "2005-06-30": 5.641, "2005-03-31": "5.62600"}, "Other Non-Cash Items": {"2020-12-31": -32.395, "2020-09-30": 10.493, "2020-06-30": -4.567, "2020-03-31": "26.46900", "2019-12-31": 41.489, "2019-09-30": 25.453, "2019-06-30": -4.935, "2019-03-31": "26.40500", "2018-12-31": 10.534, "2018-09-30": 8.999, "2018-06-30": 25.288, "2018-03-31": "22.23200", "2017-12-31": 12.022, "2017-09-30": 8.116, "2017-06-30": -4.26, "2017-03-31": "17.53900", "2016-12-31": 6.365, "2016-09-30": 12.001, "2016-06-30": 8.442, "2016-03-31": "11.62100", "2015-12-31": -0.331, "2015-09-30": 6.674, "2015-06-30": 6.605, "2015-03-31": "8.68000", "2014-12-31": 6.614, "2014-09-30": 9.538, "2014-06-30": 14.915, "2014-03-31": "15.01800", "2013-12-31": -1.003, "2013-09-30": 11.323, "2013-06-30": 2.507, "2013-03-31": "3.56500", "2012-12-31": -0.961, "2012-09-30": 6.663, "2012-06-30": -3.094, "2012-03-31": "2.63100", "2011-12-31": -0.804, "2011-09-30": 2.466, "2011-06-30": 5.135, "2011-03-31": "8.37100", "2010-12-31": 0.144, "2010-09-30": 5.185, "2010-06-30": 3.897, "2010-03-31": "5.84800", "2009-12-31": 4.458, "2009-09-30": 3.877, "2009-06-30": -1.253, "2009-03-31": "0.70200", "2008-12-31": -0.454, "2008-09-30": 3.873, "2008-06-30": 1.778, "2008-03-31": "5.99400", "2007-12-31": -4.132, "2007-09-30": 0.924, "2007-06-30": 1.723, "2007-03-31": "4.80200", "2006-12-31": -5.312, "2006-09-30": 1.007, "2006-06-30": 3.629, "2006-03-31": "5.35800", "2005-12-31": -6.774, "2005-09-30": 1.115, "2005-06-30": 1.407, "2005-03-31": "2.48300"}, "Total Non-Cash Items": {"2020-12-31": -138.147, "2020-09-30": 44.481, "2020-06-30": 27.638, "2020-03-31": "66.02800", "2019-12-31": 72.273, "2019-09-30": 53.758, "2019-06-30": 20.07, "2019-03-31": "53.82600", "2018-12-31": 38.954, "2018-09-30": 35.925, "2018-06-30": 52.446, "2018-03-31": "49.40800", "2017-12-31": 38.482, "2017-09-30": 32.595, "2017-06-30": 18.978, "2017-03-31": "39.87200", "2016-12-31": 28.345, "2016-09-30": 32.828, "2016-06-30": 27.324, "2016-03-31": "29.11400", "2015-12-31": 10.056, "2015-09-30": 21.641, "2015-06-30": 21.291, "2015-03-31": "22.28700", "2014-12-31": 19.55, "2014-09-30": 22.153, "2014-06-30": 27.047, "2014-03-31": "26.84000", "2013-12-31": 10.72, "2013-09-30": 22.277, "2013-06-30": 13.399, "2013-03-31": "14.50600", "2012-12-31": 10.403, "2012-09-30": 17.245, "2012-06-30": 8.389, "2012-03-31": "12.84500", "2011-12-31": 10.558, "2011-09-30": 10.934, "2011-06-30": 13.538, "2011-03-31": "16.49800", "2010-12-31": 7.977, "2010-09-30": 12.721, "2010-06-30": 10.318, "2010-03-31": "11.93000", "2009-12-31": 10.414, "2009-09-30": 9.544, "2009-06-30": 3.773, "2009-03-31": "5.42300", "2008-12-31": 4.314, "2008-09-30": 8.014, "2008-06-30": 6.194, "2008-03-31": "10.41200", "2007-12-31": 0.704, "2007-09-30": 5.357, "2007-06-30": 5.921, "2007-03-31": "9.08700", "2006-12-31": -1.074, "2006-09-30": 5.275, "2006-06-30": 8.08, "2006-03-31": "9.87100", "2005-12-31": -0.083, "2005-09-30": 6.515, "2005-06-30": 7.048, "2005-03-31": "8.10900"}, "Change In Accounts Receivable": {"2020-12-31": 103.895, "2020-09-30": -223.098, "2020-06-30": 306.989, "2020-03-31": "-187.78600", "2019-12-31": 24.876, "2019-09-30": -42.263, "2019-06-30": 117.86, "2019-03-31": "-218.86300", "2018-12-31": 7.555, "2018-09-30": 12.064, "2018-06-30": 120.03, "2018-03-31": "-275.83700", "2017-12-31": 62.157, "2017-09-30": 13.929, "2017-06-30": 55.368, "2017-03-31": "-233.67600", "2016-12-31": 83.36, "2016-09-30": 36.997, "2016-06-30": 70.605, "2016-03-31": "-201.31200", "2015-12-31": 50.971, "2015-09-30": 15.967, "2015-06-30": 8.518, "2015-03-31": "-175.48800", "2014-12-31": 52.715, "2014-09-30": -28.214, "2014-06-30": -5.813, "2014-03-31": "-89.38300", "2013-12-31": 37.651, "2013-09-30": -19.129, "2013-06-30": 30.752, "2013-03-31": "-70.55300", "2012-12-31": 29.35, "2012-09-30": -8.081, "2012-06-30": -10.991, "2012-03-31": "-47.26700", "2011-12-31": 70.687, "2011-09-30": 23.698, "2011-06-30": 46.846, "2011-03-31": "-55.11700", "2010-12-31": 13.315, "2010-09-30": 27.905, "2010-06-30": -20.742, "2010-03-31": "-70.51800", "2009-12-31": -15.523, "2009-09-30": -13.751, "2009-06-30": 40.346, "2009-03-31": "-57.63400", "2008-12-31": 27.772, "2008-09-30": 13.082, "2008-06-30": 2.496, "2008-03-31": "-70.81200", "2007-12-31": 38.088, "2007-09-30": 20.09, "2007-06-30": -2.959, "2007-03-31": "-47.27100", "2006-12-31": -6.919, "2006-09-30": 16.294, "2006-06-30": -16.066, "2006-03-31": "-41.30300", "2005-12-31": -4.603, "2005-09-30": 43.813, "2005-06-30": -27.523, "2005-03-31": "-33.79300"}, "Change In Inventories": {"2020-12-31": -23.629, "2020-09-30": -9.971, "2020-06-30": -43.939, "2020-03-31": "77.53900", "2019-12-31": -173.436, "2019-09-30": -47.483, "2019-06-30": -77.794, "2019-03-31": "126.81000", "2018-12-31": -106.528, "2018-09-30": 58.422, "2018-06-30": -39.032, "2018-03-31": "79.92600", "2017-12-31": -168.767, "2017-09-30": -24.328, "2017-06-30": -83.496, "2017-03-31": "117.96300", "2016-12-31": -158.53, "2016-09-30": 66.589, "2016-06-30": -88.389, "2016-03-31": "122.17800", "2015-12-31": -122.574, "2015-09-30": -34.279, "2015-06-30": -78.437, "2015-03-31": "59.22800", "2014-12-31": -92.362, "2014-09-30": -4.551, "2014-06-30": -48.767, "2014-03-31": "45.51800", "2013-12-31": -49.897, "2013-09-30": -24.084, "2013-06-30": -33.542, "2013-03-31": "84.93400", "2012-12-31": -37.424, "2012-09-30": -43.014, "2012-06-30": -44.523, "2012-03-31": "13.14800", "2011-12-31": 1.612, "2011-09-30": 84.754, "2011-06-30": 51.309, "2011-03-31": "22.56600", "2010-12-31": -70.506, "2010-09-30": -105.629, "2010-06-30": -30.817, "2010-03-31": "34.53500", "2009-12-31": -31.563, "2009-09-30": -0.274, "2009-06-30": -16.992, "2009-03-31": "88.19100", "2008-12-31": -11.478, "2008-09-30": -16.921, "2008-06-30": -55.764, "2008-03-31": "25.92300", "2007-12-31": -17.358, "2007-09-30": 18.03, "2007-06-30": -35.556, "2007-03-31": "31.83900", "2006-12-31": -23.519, "2006-09-30": -20.832, "2006-06-30": -37.378, "2006-03-31": "17.36500", "2005-12-31": -3.937, "2005-09-30": 31.721, "2005-06-30": -33.527, "2005-03-31": "18.94500"}, "Change In Accounts Payable": {"2020-12-31": 22.889, "2020-09-30": 106.585, "2020-06-30": 12.341, "2020-03-31": "-141.81500", "2019-12-31": 106.147, "2019-09-30": 36.264, "2019-06-30": 148.029, "2019-03-31": "-135.97600", "2018-12-31": 126.018, "2018-09-30": -40.073, "2018-06-30": 77.31, "2018-03-31": "11.09700", "2017-12-31": 12.312, "2017-09-30": -31.237, "2017-06-30": 104.398, "2017-03-31": "-98.27900", "2016-12-31": 130.828, "2016-09-30": -146.794, "2016-06-30": 127.043, "2016-03-31": "-72.83000", "2015-12-31": 69.743, "2015-09-30": -15.347, "2015-06-30": 105.955, "2015-03-31": "-30.27600", "2014-12-31": 45.983, "2014-09-30": -1.282, "2014-06-30": 97.159, "2014-03-31": "-43.17400", "2013-12-31": 33.754, "2013-09-30": 2.508, "2013-06-30": 61.968, "2013-03-31": "-80.63400", "2012-12-31": -2.038, "2012-09-30": -42.259, "2012-06-30": 34.936, "2012-03-31": "19.31900", "2011-12-31": 80.025, "2011-09-30": -99.97, "2011-06-30": -1.127, "2011-03-31": "2.99800", "2010-12-31": 0.497, "2010-09-30": 37.39, "2010-06-30": 7.18, "2010-03-31": "-12.23800", "2009-12-31": 34.475, "2009-09-30": -17.351, "2009-06-30": 76.504, "2009-03-31": "-65.49200", "2008-12-31": -10.969, "2008-09-30": -8.301, "2008-06-30": 36.837, "2008-03-31": "-17.18200", "2007-12-31": 37.691, "2007-09-30": -49.646, "2007-06-30": 66.71, "2007-03-31": "-51.79900", "2006-12-31": 18.591, "2006-09-30": -8.581, "2006-06-30": 52.189, "2006-03-31": "-12.63600", "2005-12-31": 15.805, "2005-09-30": -56.228, "2005-06-30": 61.078, "2005-03-31": "-6.87800"}, "Change In Assets/Liabilities": {"2020-12-31": 46.05, "2020-09-30": -119.4, "2020-06-30": 63.457, "2020-03-31": "9.89300", "2019-12-31": -35.071, "2019-09-30": -17.482, "2019-06-30": 8.076, "2019-03-31": "-20.32100", "2018-12-31": 22.637, "2018-09-30": -15.201, "2018-06-30": -19.528, "2018-03-31": "1.68600", "2017-12-31": 85.1, "2017-09-30": -14.824, "2017-06-30": 1.953, "2017-03-31": "-4.26700", "2016-12-31": -4.995, "2016-09-30": -7.395, "2016-06-30": -17.097, "2016-03-31": "9.08800", "2015-12-31": 13.203, "2015-09-30": -18.482, "2015-06-30": -2.135, "2015-03-31": "-1.09100", "2014-12-31": -8.747, "2014-09-30": -7.077, "2014-06-30": -9.762, "2014-03-31": "-1.65400", "2013-12-31": -2.238, "2013-09-30": 0.212, "2013-06-30": 1.98, "2013-03-31": "-1.98800", "2012-12-31": 0.449, "2012-09-30": -1.163, "2012-06-30": 4.075, "2012-03-31": "51.95000", "2011-12-31": -8.184, "2011-09-30": -10.864, "2011-06-30": -21.021, "2011-03-31": "5.11300", "2010-12-31": -2.95, "2010-09-30": -1.253, "2010-06-30": -19.902, "2010-03-31": "-4.86800", "2009-12-31": 0.782, "2009-09-30": 2.912, "2009-06-30": -1.522, "2009-03-31": "-0.38300", "2008-12-31": 2.814, "2008-09-30": -3.594, "2008-06-30": 0.308, "2008-03-31": "-23.35800", "2007-12-31": 4.271, "2007-09-30": -2.352, "2007-06-30": -0.517, "2007-03-31": "-1.65600", "2006-12-31": 8.038, "2006-09-30": -5.154, "2006-06-30": -3.396, "2006-03-31": "-1.67800", "2005-12-31": -0.619, "2005-09-30": -4.251, "2005-06-30": -1.582, "2005-03-31": "3.10500"}, "Total Change In Assets/Liabilities": {"2020-12-31": 149.205, "2020-09-30": -245.884, "2020-06-30": 338.848, "2020-03-31": "-242.16900", "2019-12-31": -77.484, "2019-09-30": -70.964, "2019-06-30": 196.171, "2019-03-31": "-248.35000", "2018-12-31": 49.682, "2018-09-30": 15.212, "2018-06-30": 138.78, "2018-03-31": "-183.12800", "2017-12-31": -2.887, "2017-09-30": -73.073, "2017-06-30": 101.178, "2017-03-31": "-230.91200", "2016-12-31": 75.17, "2016-09-30": -48.714, "2016-06-30": 102.316, "2016-03-31": "-170.12000", "2015-12-31": 24.505, "2015-09-30": -23.255, "2015-06-30": 27.011, "2015-03-31": "-132.36900", "2014-12-31": -1.154, "2014-09-30": -31.868, "2014-06-30": 35.586, "2014-03-31": "-86.46800", "2013-12-31": 26.601, "2013-09-30": -34.979, "2013-06-30": 60.595, "2013-03-31": "-74.80900", "2012-12-31": 3.208, "2012-09-30": -89.427, "2012-06-30": -16.762, "2012-03-31": "40.14000", "2011-12-31": 140.36, "2011-09-30": 0.472, "2011-06-30": 70.49, "2011-03-31": "-30.35100", "2010-12-31": -57.874, "2010-09-30": -41.848, "2010-06-30": -82.874, "2010-03-31": "-43.87700", "2009-12-31": -13.527, "2009-09-30": -12.062, "2009-06-30": 98.706, "2009-03-31": "-41.86100", "2008-12-31": 8.862, "2008-09-30": -24.398, "2008-06-30": -18.396, "2008-03-31": "-72.22700", "2007-12-31": 67.967, "2007-09-30": -17.151, "2007-06-30": 27.212, "2007-03-31": "-73.42800", "2006-12-31": 2.502, "2006-09-30": -18.358, "2006-06-30": -3.512, "2006-03-31": "-47.73900", "2005-12-31": 15.978, "2005-09-30": 14.575, "2005-06-30": -4.364, "2005-03-31": "-16.99900"}, "Cash Flow From Operating Activities": {"2020-12-31": -56.996, "2020-09-30": -119.292, "2020-06-30": 311.269, "2020-03-31": "-134.98100", "2019-12-31": 77.29, "2019-09-30": 104.528, "2019-06-30": 308.239, "2019-03-31": "-63.50500", "2018-12-31": 155.742, "2018-09-30": 157.187, "2018-06-30": 252.085, "2018-03-31": "3.53800", "2017-12-31": -16.166, "2017-09-30": 66.352, "2017-06-30": 193.556, "2017-03-31": "-84.40500", "2016-12-31": 118.684, "2016-09-30": 60.656, "2016-06-30": 213.649, "2016-03-31": "-31.36700", "2015-12-31": 73.051, "2015-09-30": 72.22, "2015-06-30": 135.367, "2015-03-31": "-48.42400", "2014-12-31": 44.252, "2014-09-30": 45.364, "2014-06-30": 100.846, "2014-03-31": "-26.58000", "2013-12-31": 53.422, "2013-09-30": 15.631, "2013-06-30": 82.84, "2013-03-31": "-52.71500", "2012-12-31": 17.277, "2012-09-30": -60.582, "2012-06-30": -9.717, "2012-03-31": "49.57500", "2011-12-31": 93.161, "2011-09-30": 19.691, "2011-06-30": 54.112, "2011-03-31": "-2.04500", "2010-12-31": -46.66, "2010-09-30": 7.251, "2010-06-30": -32.319, "2010-03-31": "24.34900", "2009-12-31": 24.833, "2009-09-30": 21.942, "2009-06-30": 96.552, "2009-03-31": "-28.21800", "2008-12-31": -7.202, "2008-09-30": 11.905, "2008-06-30": 2.439, "2008-03-31": "-28.97100", "2007-12-31": 80.765, "2007-09-30": 12.95, "2007-06-30": 48.081, "2007-03-31": "-40.44100", "2006-12-31": 16.009, "2006-09-30": 9.116, "2006-06-30": 22.184, "2006-03-31": "-21.27000", "2005-12-31": 21.796, "2005-09-30": 33.722, "2005-06-30": 18.601, "2005-03-31": "1.37700"}, "Net Change In Property, Plant, And Equipment": {"2020-12-31": 213.216, "2020-09-30": -63.564, "2020-06-30": -74.765, "2020-03-31": "-74.88700", "2019-12-31": -61.448, "2019-09-30": -43.386, "2019-06-30": -87.586, "2019-03-31": "-38.14400", "2018-12-31": -45.727, "2018-09-30": -36.491, "2018-06-30": -26.354, "2018-03-31": "-34.46400", "2017-12-31": -34.027, "2017-09-30": -25.661, "2017-06-30": -47.62, "2017-03-31": "-28.88200", "2016-12-31": -38.72, "2016-09-30": -25.717, "2016-06-30": -19.837, "2016-03-31": "-35.19700", "2015-12-31": -59.945, "2015-09-30": -25.195, "2015-06-30": -18.381, "2015-03-31": "-14.62300", "2014-12-31": -14.929, "2014-09-30": -18.049, "2014-06-30": -12.558, "2014-03-31": "-11.36900", "2013-12-31": -11.752, "2013-09-30": -11.964, "2013-06-30": -9.804, "2013-03-31": "-7.77400", "2012-12-31": -24.278, "2012-09-30": -5.586, "2012-06-30": -11, "2012-03-31": "-11.58800", "2011-12-31": 9.161, "2011-09-30": -21.418, "2011-06-30": -49.502, "2011-03-31": "-43.37900", "2010-12-31": -16.652, "2010-09-30": -35.896, "2010-06-30": -23.072, "2010-03-31": "-6.64900", "2009-12-31": -4.144, "2009-09-30": -4.337, "2009-06-30": -10.454, "2009-03-31": "-16.40600", "2008-12-31": -24.659, "2008-09-30": -9.964, "2008-06-30": -24.058, "2008-03-31": "-13.78000", "2007-12-31": -4.976, "2007-09-30": -8.898, "2007-06-30": -9.609, "2007-03-31": "-7.69200", "2006-12-31": -8.431, "2006-09-30": -9.137, "2006-06-30": -6.474, "2006-03-31": "-3.51800", "2005-12-31": -3.129, "2005-09-30": -3.079, "2005-06-30": -6.098, "2005-03-31": "-1.32100"}, "Net Change In Intangible Assets": {"2020-12-31": 0, "2020-09-30": 0, "2020-06-30": 0, "2020-03-31": "", "2019-12-31": 0, "2019-09-30": 0, "2019-06-30": 0, "2019-03-31": "", "2018-12-31": 0, "2018-09-30": 0, "2018-06-30": 0, "2018-03-31": "", "2017-12-31": 0.134, "2017-09-30": -0.134, "2017-06-30": 0, "2017-03-31": "", "2016-12-31": 0, "2016-09-30": 0, "2016-06-30": 0, "2016-03-31": "", "2015-12-31": 0.004, "2015-09-30": 0.036, "2015-06-30": -0.095, "2015-03-31": "", "2014-12-31": 0, "2014-09-30": 0, "2014-06-30": 0, "2014-03-31": "", "2013-12-31": -0.087, "2013-09-30": 0, "2013-06-30": 0, "2013-03-31": "", "2012-12-31": 0, "2012-09-30": 0, "2012-06-30": 0, "2012-03-31": "", "2011-12-31": -0.01, "2011-09-30": 0, "2011-06-30": 0, "2011-03-31": "", "2010-12-31": -0.001, "2010-09-30": -0.009, "2010-06-30": -0.031, "2010-03-31": "", "2009-12-31": -4.5, "2009-09-30": 0, "2009-06-30": 0, "2009-03-31": "", "2008-12-31": 0, "2008-09-30": 0, "2008-06-30": 0, "2008-03-31": "", "2007-12-31": 0, "2007-09-30": 0, "2007-06-30": 0, "2007-03-31": "", "2006-12-31": 0, "2006-09-30": 0, "2006-06-30": 0, "2006-03-31": "", "2005-12-31": 0, "2005-09-30": 0, "2005-06-30": 0, "2005-03-31": ""}, "Net Acquisitions/Divestitures": {"2020-12-31": 0, "2020-09-30": 0, "2020-06-30": 0, "2020-03-31": "", "2019-12-31": 0, "2019-09-30": 0, "2019-06-30": -100.658, "2019-03-31": "", "2018-12-31": 0, "2018-09-30": 0, "2018-06-30": 0, "2018-03-31": "", "2017-12-31": 0, "2017-09-30": 0, "2017-06-30": 0, "2017-03-31": "", "2016-12-31": -22.534, "2016-09-30": 0, "2016-06-30": 0, "2016-03-31": "", "2015-12-31": 0, "2015-09-30": 0, "2015-06-30": 0, "2015-03-31": "", "2014-12-31": 0, "2014-09-30": 0, "2014-06-30": 0, "2014-03-31": "", "2013-12-31": 0, "2013-09-30": 0, "2013-06-30": 0, "2013-03-31": "", "2012-12-31": 0, "2012-09-30": 0, "2012-06-30": 0, "2012-03-31": "", "2011-12-31": 0, "2011-09-30": 0, "2011-06-30": 0, "2011-03-31": "", "2010-12-31": 0, "2010-09-30": 0, "2010-06-30": 0, "2010-03-31": "", "2009-12-31": 0, "2009-09-30": 0, "2009-06-30": 0, "2009-03-31": "", "2008-12-31": -4.64, "2008-09-30": 0, "2008-06-30": 0, "2008-03-31": "", "2007-12-31": 0, "2007-09-30": 0, "2007-06-30": 0, "2007-03-31": "", "2006-12-31": 0, "2006-09-30": 0, "2006-06-30": 0, "2006-03-31": "", "2005-12-31": 0, "2005-09-30": 0, "2005-06-30": 0, "2005-03-31": ""}, "Net Change In Short-term Investments": {"2020-12-31": 131.307, "2020-09-30": -134.02, "2020-06-30": 4.083, "2020-03-31": "-1.37000", "2019-12-31": 138.743, "2019-09-30": -151.609, "2019-06-30": -1.465, "2019-03-31": "1.48000", "2018-12-31": -15.41, "2018-09-30": -111.949, "2018-06-30": -47.898, "2018-03-31": "-1.12100", "2017-12-31": -0.454, "2017-09-30": -0.823, "2017-06-30": -0.339, "2017-03-31": "-0.44400", "2016-12-31": -0.325, "2016-09-30": -1.252, "2016-06-30": -0.98, "2016-03-31": "-1.08300", "2015-12-31": -5.059, "2015-09-30": -1.224, "2015-06-30": -1.304, "2015-03-31": "-0.69700", "2014-12-31": 0, "2014-09-30": 0, "2014-06-30": 0, "2014-03-31": "", "2013-12-31": 0, "2013-09-30": 0, "2013-06-30": 0, "2013-03-31": "", "2012-12-31": 0, "2012-09-30": 0, "2012-06-30": 0, "2012-03-31": "", "2011-12-31": 0, "2011-09-30": 0, "2011-06-30": 0, "2011-03-31": "", "2010-12-31": 0, "2010-09-30": 30, "2010-06-30": -30, "2010-03-31": "30.00000", "2009-12-31": 0, "2009-09-30": -30, "2009-06-30": 95.25, "2009-03-31": "0.37500", "2008-12-31": 0.225, "2008-09-30": 4.125, "2008-06-30": 9.675, "2008-03-31": "-5.15000", "2007-12-31": -44.5, "2007-09-30": 42.25, "2007-06-30": -42.25, "2007-03-31": "", "2006-12-31": -11.926, "2006-09-30": -48.074, "2006-06-30": 0, "2006-03-31": "", "2005-12-31": 0, "2005-09-30": 0, "2005-06-30": 0, "2005-03-31": ""}, "Net Change In Long-Term Investments": {"2020-12-31": -132.469, "2020-09-30": 132.469, "2020-06-30": 0, "2020-03-31": "", "2019-12-31": -147.772, "2019-09-30": 147.772, "2019-06-30": 0, "2019-03-31": "", "2018-12-31": 0, "2018-09-30": 0, "2018-06-30": 0, "2018-03-31": "", "2017-12-31": 0, "2017-09-30": 0, "2017-06-30": 0, "2017-03-31": "", "2016-12-31": 0, "2016-09-30": 0, "2016-06-30": 0, "2016-03-31": "", "2015-12-31": 0, "2015-09-30": 0, "2015-06-30": 0, "2015-03-31": "", "2014-12-31": 0, "2014-09-30": 0, "2014-06-30": 0, "2014-03-31": "", "2013-12-31": 0, "2013-09-30": 0, "2013-06-30": 0, "2013-03-31": "", "2012-12-31": 0, "2012-09-30": 0, "2012-06-30": 0, "2012-03-31": "", "2011-12-31": 0, "2011-09-30": 0, "2011-06-30": 0, "2011-03-31": "", "2010-12-31": 0, "2010-09-30": -30, "2010-06-30": 30, "2010-03-31": "", "2009-12-31": 0, "2009-09-30": 0, "2009-06-30": 0, "2009-03-31": "", "2008-12-31": 0, "2008-09-30": 0, "2008-06-30": 0, "2008-03-31": "", "2007-12-31": 43.075, "2007-09-30": -43.075, "2007-06-30": 1.5, "2007-03-31": "-1.50000", "2006-12-31": 0, "2006-09-30": 0, "2006-06-30": 0, "2006-03-31": "", "2005-12-31": 0, "2005-09-30": 0, "2005-06-30": 0, "2005-03-31": ""}, "Net Change In Investments - Total": {"2020-12-31": -1.162, "2020-09-30": -1.551, "2020-06-30": 4.083, "2020-03-31": "-1.37000", "2019-12-31": -9.029, "2019-09-30": -3.837, "2019-06-30": -1.465, "2019-03-31": "1.48000", "2018-12-31": -15.41, "2018-09-30": -111.949, "2018-06-30": -47.898, "2018-03-31": "-1.12100", "2017-12-31": -0.454, "2017-09-30": -0.823, "2017-06-30": -0.339, "2017-03-31": "-0.44400", "2016-12-31": -0.325, "2016-09-30": -1.252, "2016-06-30": -0.98, "2016-03-31": "-1.08300", "2015-12-31": -5.059, "2015-09-30": -1.224, "2015-06-30": -1.304, "2015-03-31": "-0.69700", "2014-12-31": 0, "2014-09-30": 0, "2014-06-30": 0, "2014-03-31": "", "2013-12-31": 0, "2013-09-30": 0, "2013-06-30": 0, "2013-03-31": "", "2012-12-31": 0, "2012-09-30": 0, "2012-06-30": 0, "2012-03-31": "", "2011-12-31": 0, "2011-09-30": 0, "2011-06-30": 0, "2011-03-31": "", "2010-12-31": 0, "2010-09-30": 0, "2010-06-30": 0, "2010-03-31": "30.00000", "2009-12-31": 0, "2009-09-30": -30, "2009-06-30": 95.25, "2009-03-31": "0.37500", "2008-12-31": 0.225, "2008-09-30": 4.125, "2008-06-30": 9.675, "2008-03-31": "-5.15000", "2007-12-31": -1.425, "2007-09-30": -0.825, "2007-06-30": -40.75, "2007-03-31": "-1.50000", "2006-12-31": -11.926, "2006-09-30": -48.074, "2006-06-30": 0, "2006-03-31": "", "2005-12-31": 0, "2005-09-30": 0, "2005-06-30": 0, "2005-03-31": ""}, "Investing Activities - Other": {"2020-12-31": 0, "2020-09-30": 0, "2020-06-30": 0, "2020-03-31": "", "2019-12-31": 0, "2019-09-30": 0, "2019-06-30": 0, "2019-03-31": "", "2018-12-31": 0, "2018-09-30": 0, "2018-06-30": 0, "2018-03-31": "", "2017-12-31": 0, "2017-09-30": 0, "2017-06-30": 0, "2017-03-31": "", "2016-12-31": 0, "2016-09-30": 0, "2016-06-30": 0, "2016-03-31": "", "2015-12-31": 0, "2015-09-30": 0, "2015-06-30": 0, "2015-03-31": "", "2014-12-31": 0, "2014-09-30": 0, "2014-06-30": 0, "2014-03-31": "", "2013-12-31": 0, "2013-09-30": 0, "2013-06-30": 0, "2013-03-31": "", "2012-12-31": 0, "2012-09-30": 0, "2012-06-30": 0, "2012-03-31": "", "2011-12-31": 0, "2011-09-30": 0, "2011-06-30": 0, "2011-03-31": "", "2010-12-31": 0, "2010-09-30": 0, "2010-06-30": 0, "2010-03-31": "", "2009-12-31": 0, "2009-09-30": 0, "2009-06-30": 0, "2009-03-31": "", "2008-12-31": 0, "2008-09-30": 0, "2008-06-30": 0, "2008-03-31": "", "2007-12-31": 0, "2007-09-30": 0, "2007-06-30": 0, "2007-03-31": "", "2006-12-31": 0, "2006-09-30": 0, "2006-06-30": 0, "2006-03-31": "", "2005-12-31": 0, "2005-09-30": 0, "2005-06-30": 0, "2005-03-31": ""}, "Cash Flow From Investing Activities": {"2020-12-31": 212.054, "2020-09-30": -65.115, "2020-06-30": -70.682, "2020-03-31": "-76.25700", "2019-12-31": -70.477, "2019-09-30": -47.223, "2019-06-30": -189.709, "2019-03-31": "-36.66400", "2018-12-31": -61.137, "2018-09-30": -148.44, "2018-06-30": -74.252, "2018-03-31": "-35.58500", "2017-12-31": -34.347, "2017-09-30": -26.618, "2017-06-30": -47.959, "2017-03-31": "-29.32600", "2016-12-31": -61.579, "2016-09-30": -26.969, "2016-06-30": -20.817, "2016-03-31": "-36.28000", "2015-12-31": -65, "2015-09-30": -26.383, "2015-06-30": -19.78, "2015-03-31": "-15.32000", "2014-12-31": -14.929, "2014-09-30": -18.049, "2014-06-30": -12.558, "2014-03-31": "-11.36900", "2013-12-31": -11.839, "2013-09-30": -11.964, "2013-06-30": -9.804, "2013-03-31": "-7.77400", "2012-12-31": -24.278, "2012-09-30": -5.586, "2012-06-30": -11, "2012-03-31": "-11.58800", "2011-12-31": 9.151, "2011-09-30": -21.418, "2011-06-30": -49.502, "2011-03-31": "-43.37900", "2010-12-31": -16.653, "2010-09-30": -35.905, "2010-06-30": -23.103, "2010-03-31": "23.35100", "2009-12-31": -8.644, "2009-09-30": -34.337, "2009-06-30": 84.796, "2009-03-31": "-16.03100", "2008-12-31": -29.074, "2008-09-30": -5.839, "2008-06-30": -14.383, "2008-03-31": "-18.93000", "2007-12-31": -6.401, "2007-09-30": -9.723, "2007-06-30": -50.359, "2007-03-31": "-9.19200", "2006-12-31": -20.357, "2006-09-30": -57.211, "2006-06-30": -6.474, "2006-03-31": "-3.51800", "2005-12-31": -3.129, "2005-09-30": -3.079, "2005-06-30": -6.098, "2005-03-31": "-1.32100"}, "Net Long-Term Debt": {"2020-12-31": -675.288, "2020-09-30": 41.238, "2020-06-30": 63.39, "2020-03-31": "570.66000", "2019-12-31": 14.703, "2019-09-30": 2.409, "2019-06-30": 8.678, "2019-03-31": "3.39800", "2018-12-31": 18.324, "2018-09-30": -0.462, "2018-06-30": -0.461, "2018-03-31": "-0.45800", "2017-12-31": -0.282, "2017-09-30": 3.123, "2017-06-30": -0.5, "2017-03-31": "1.62100", "2016-12-31": -0.443, "2016-09-30": -0.442, "2016-06-30": -13.089, "2016-03-31": "-1.67900", "2015-12-31": -16.119, "2015-09-30": -10.176, "2015-06-30": -2.533, "2015-03-31": "-3.06600", "2014-12-31": -3.042, "2014-09-30": -3.019, "2014-06-30": -2.995, "2014-03-31": "-2.97200", "2013-12-31": -2.948, "2013-09-30": -2.971, "2013-06-30": -2.868, "2013-03-31": "-2.88000", "2012-12-31": 77.964, "2012-09-30": -1.034, "2012-06-30": -2.562, "2012-03-31": "-2.46800", "2011-12-31": -2.345, "2011-09-30": -1.977, "2011-06-30": 35.436, "2011-03-31": "-8.07500", "2010-12-31": 30.748, "2010-09-30": -0.295, "2010-06-30": -0.148, "2010-03-31": "-0.13300", "2009-12-31": -0.663, "2009-09-30": 0.416, "2009-06-30": -0.135, "2009-03-31": "-0.03100", "2008-12-31": 0.216, "2008-09-30": 0.092, "2008-06-30": -0.196, "2008-03-31": "-0.21100", "2007-12-31": -0.095, "2007-09-30": -0.063, "2007-06-30": -0.112, "2007-03-31": "-0.25000", "2006-12-31": -0.199, "2006-09-30": -0.279, "2006-06-30": -0.271, "2006-03-31": "-0.25900", "2005-12-31": -5.291, "2005-09-30": -0.491, "2005-06-30": -0.935, "2005-03-31": "-0.94300"}, "Net Current Debt": {"2020-12-31": -15.931, "2020-09-30": 7.85, "2020-06-30": 0.169, "2020-03-31": "7.91200", "2019-12-31": -10.481, "2019-09-30": 6.273, "2019-06-30": -4.968, "2019-03-31": "7.74300", "2018-12-31": -8.278, "2018-09-30": 4.324, "2018-06-30": -1.022, "2018-03-31": "4.18900", "2017-12-31": -2.618, "2017-09-30": 6.839, "2017-06-30": -2.077, "2017-03-31": "-0.21900", "2016-12-31": 1.065, "2016-09-30": 1.794, "2016-06-30": 3.232, "2016-03-31": "", "2015-12-31": 0.018, "2015-09-30": -1.264, "2015-06-30": 1.266, "2015-03-31": "-1.75300", "2014-12-31": 1.72, "2014-09-30": -0.094, "2014-06-30": 0.098, "2014-03-31": "-0.00100", "2013-12-31": -0.043, "2013-09-30": -1.223, "2013-06-30": -1.719, "2013-03-31": "0.60300", "2012-12-31": -55.234, "2012-09-30": -2.569, "2012-06-30": 5.686, "2012-03-31": "4.11900", "2011-12-31": 1.019, "2011-09-30": 3.234, "2011-06-30": 11.675, "2011-03-31": "16.03000", "2010-12-31": 15.99, "2010-09-30": 0.342, "2010-06-30": 0.623, "2010-03-31": "-0.68400", "2009-12-31": 2.006, "2009-09-30": -0.639, "2009-06-30": -0.506, "2009-03-31": "1.14500", "2008-12-31": 0, "2008-09-30": 0, "2008-06-30": 0, "2008-03-31": "", "2007-12-31": 0, "2007-09-30": 0, "2007-06-30": 0, "2007-03-31": "", "2006-12-31": 0, "2006-09-30": 0, "2006-06-30": 0, "2006-03-31": "", "2005-12-31": 0, "2005-09-30": 0, "2005-06-30": 0, "2005-03-31": ""}, "Debt Issuance/Retirement Net - Total": {"2020-12-31": -691.219, "2020-09-30": 49.088, "2020-06-30": 63.559, "2020-03-31": "578.57200", "2019-12-31": 4.222, "2019-09-30": 8.682, "2019-06-30": 3.71, "2019-03-31": "11.14100", "2018-12-31": 10.046, "2018-09-30": 3.862, "2018-06-30": -1.483, "2018-03-31": "3.73100", "2017-12-31": -2.9, "2017-09-30": 9.962, "2017-06-30": -2.577, "2017-03-31": "1.40200", "2016-12-31": 0.622, "2016-09-30": 1.352, "2016-06-30": -9.857, "2016-03-31": "-1.67900", "2015-12-31": -16.101, "2015-09-30": -11.44, "2015-06-30": -1.267, "2015-03-31": "-4.81900", "2014-12-31": -1.322, "2014-09-30": -3.113, "2014-06-30": -2.897, "2014-03-31": "-2.97300", "2013-12-31": -2.991, "2013-09-30": -4.194, "2013-06-30": -4.587, "2013-03-31": "-2.27700", "2012-12-31": 22.73, "2012-09-30": -3.603, "2012-06-30": 3.124, "2012-03-31": "1.65100", "2011-12-31": -1.326, "2011-09-30": 1.257, "2011-06-30": 47.111, "2011-03-31": "7.95500", "2010-12-31": 46.738, "2010-09-30": 0.047, "2010-06-30": 0.475, "2010-03-31": "-0.81700", "2009-12-31": 1.343, "2009-09-30": -0.223, "2009-06-30": -0.641, "2009-03-31": "1.11400", "2008-12-31": 0.216, "2008-09-30": 0.092, "2008-06-30": -0.196, "2008-03-31": "-0.21100", "2007-12-31": -0.095, "2007-09-30": -0.063, "2007-06-30": -0.112, "2007-03-31": "-0.25000", "2006-12-31": -0.199, "2006-09-30": -0.279, "2006-06-30": -0.271, "2006-03-31": "-0.25900", "2005-12-31": -5.291, "2005-09-30": -0.491, "2005-06-30": -0.935, "2005-03-31": "-0.94300"}, "Net Common Equity Issued/Repurchased": {"2020-12-31": -3.687, "2020-09-30": 0, "2020-06-30": 3.687, "2020-03-31": "", "2019-12-31": 2.996, "2019-09-30": 0, "2019-06-30": -11.833, "2019-03-31": "-97.90300", "2018-12-31": -39.542, "2018-09-30": -40.028, "2018-06-30": -12.11, "2018-03-31": "-3.00000", "2017-12-31": 2.468, "2017-09-30": 0, "2017-06-30": 3.011, "2017-03-31": "", "2016-12-31": 2.192, "2016-09-30": 0, "2016-06-30": 2.928, "2016-03-31": "", "2015-12-31": 2.08, "2015-09-30": 0, "2015-06-30": 2.238, "2015-03-31": "", "2014-12-31": 1.642, "2014-09-30": 0, "2014-06-30": 1.721, "2014-03-31": "", "2013-12-31": 1.455, "2013-09-30": 0.075, "2013-06-30": 1.417, "2013-03-31": "", "2012-12-31": 1.427, "2012-09-30": 0.649, "2012-06-30": 1.342, "2012-03-31": "0.00700", "2011-12-31": 1.22, "2011-09-30": 0.059, "2011-06-30": 1.202, "2011-03-31": "0.84000", "2010-12-31": -3.091, "2010-09-30": 0.755, "2010-06-30": 2.477, "2010-03-31": "8.29500", "2009-12-31": 1.463, "2009-09-30": 0.386, "2009-06-30": 0.958, "2009-03-31": "", "2008-12-31": 0.753, "2008-09-30": 0.091, "2008-06-30": 2.131, "2008-03-31": "0.68100", "2007-12-31": 1.419, "2007-09-30": 0.112, "2007-06-30": 3.036, "2007-03-31": "3.62600", "2006-12-31": 5.295, "2006-09-30": 0.492, "2006-06-30": 5.601, "2006-03-31": "7.57500", "2005-12-31": 1.014, "2005-09-30": 2.151, "2005-06-30": 1.476, "2005-03-31": "2.27500"}, "Net Total Equity Issued/Repurchased": {"2020-12-31": -3.687, "2020-09-30": 0, "2020-06-30": 3.687, "2020-03-31": "", "2019-12-31": 2.996, "2019-09-30": 0, "2019-06-30": -11.833, "2019-03-31": "-97.90300", "2018-12-31": -39.542, "2018-09-30": -40.028, "2018-06-30": -12.11, "2018-03-31": "-3.00000", "2017-12-31": 2.468, "2017-09-30": 0, "2017-06-30": 3.011, "2017-03-31": "", "2016-12-31": 2.192, "2016-09-30": 0, "2016-06-30": 2.928, "2016-03-31": "", "2015-12-31": 2.08, "2015-09-30": 0, "2015-06-30": 2.238, "2015-03-31": "", "2014-12-31": 1.642, "2014-09-30": 0, "2014-06-30": 1.721, "2014-03-31": "", "2013-12-31": 1.455, "2013-09-30": 0.075, "2013-06-30": 1.417, "2013-03-31": "", "2012-12-31": 1.427, "2012-09-30": 0.649, "2012-06-30": 1.342, "2012-03-31": "0.00700", "2011-12-31": 1.22, "2011-09-30": 0.059, "2011-06-30": 1.202, "2011-03-31": "0.84000", "2010-12-31": -3.091, "2010-09-30": 0.755, "2010-06-30": 2.477, "2010-03-31": "8.29500", "2009-12-31": 1.463, "2009-09-30": 0.386, "2009-06-30": 0.958, "2009-03-31": "", "2008-12-31": 0.753, "2008-09-30": 0.091, "2008-06-30": 2.131, "2008-03-31": "0.68100", "2007-12-31": 1.419, "2007-09-30": 0.112, "2007-06-30": 3.036, "2007-03-31": "3.62600", "2006-12-31": 5.295, "2006-09-30": 0.492, "2006-06-30": 5.601, "2006-03-31": "7.57500", "2005-12-31": 1.014, "2005-09-30": 2.151, "2005-06-30": 1.476, "2005-03-31": "2.27500"}, "Total Common And Preferred Stock Dividends Paid": {"2020-12-31": 0, "2020-09-30": 0, "2020-06-30": 0, "2020-03-31": "", "2019-12-31": 0, "2019-09-30": 0, "2019-06-30": 0, "2019-03-31": "", "2018-12-31": 0, "2018-09-30": 0, "2018-06-30": 0, "2018-03-31": "", "2017-12-31": 0, "2017-09-30": 0, "2017-06-30": 0, "2017-03-31": "", "2016-12-31": 0, "2016-09-30": 0, "2016-06-30": 0, "2016-03-31": "", "2015-12-31": 0, "2015-09-30": 0, "2015-06-30": 0, "2015-03-31": "", "2014-12-31": 0, "2014-09-30": 0, "2014-06-30": 0, "2014-03-31": "", "2013-12-31": 0, "2013-09-30": 0, "2013-06-30": 0, "2013-03-31": "", "2012-12-31": 0, "2012-09-30": 0, "2012-06-30": 0, "2012-03-31": "", "2011-12-31": 0, "2011-09-30": 0, "2011-06-30": 0, "2011-03-31": "", "2010-12-31": 0, "2010-09-30": 0, "2010-06-30": 0, "2010-03-31": "", "2009-12-31": 0, "2009-09-30": 0, "2009-06-30": 0, "2009-03-31": "", "2008-12-31": 0, "2008-09-30": 0, "2008-06-30": 0, "2008-03-31": "", "2007-12-31": 0, "2007-09-30": 0, "2007-06-30": 0, "2007-03-31": "", "2006-12-31": 0, "2006-09-30": 0, "2006-06-30": 0, "2006-03-31": "", "2005-12-31": 0, "2005-09-30": 0, "2005-06-30": 0, "2005-03-31": ""}, "Financial Activities - Other": {"2020-12-31": 57.501, "2020-09-30": -20.787, "2020-06-30": -16.19, "2020-03-31": "-20.52400", "2019-12-31": -1.635, "2019-09-30": -16.277, "2019-06-30": -28.246, "2019-03-31": "-6.83000", "2018-12-31": -11.127, "2018-09-30": -11.217, "2018-06-30": -5.692, "2018-03-31": "-13.15500", "2017-12-31": -16.606, "2017-09-30": -2.594, "2017-06-30": -5.861, "2017-03-31": "-0.84600", "2016-12-31": -1.464, "2016-09-30": 0.207, "2016-06-30": -0.621, "2016-03-31": "2.79600", "2015-12-31": 4.318, "2015-09-30": -33.976, "2015-06-30": -0.197, "2015-03-31": "0.98800", "2014-12-31": 0.857, "2014-09-30": -1.066, "2014-06-30": -0.567, "2014-03-31": "-1.32500", "2013-12-31": -0.133, "2013-09-30": -0.353, "2013-06-30": -0.5, "2013-03-31": "1.97700", "2012-12-31": 0.427, "2012-09-30": 2, "2012-06-30": 0, "2012-03-31": "", "2011-12-31": 1.766, "2011-09-30": 0.015, "2011-06-30": -0.08, "2011-03-31": "0.41400", "2010-12-31": 4.153, "2010-09-30": 1.631, "2010-06-30": 1.063, "2010-03-31": "5.69500", "2009-12-31": 0, "2009-09-30": 1, "2009-06-30": 1, "2009-03-31": "2.00000", "2008-12-31": 1.441, "2008-09-30": 0.031, "2008-06-30": 3.339, "2008-03-31": "0.18900", "2007-12-31": 1.918, "2007-09-30": 0.033, "2007-06-30": -0.67, "2007-03-31": "0.95700", "2006-12-31": 1.912, "2006-09-30": 0.125, "2006-06-30": 1.42, "2006-03-31": "1.50900", "2005-12-31": 0, "2005-09-30": 0, "2005-06-30": 0, "2005-03-31": ""}, "Cash Flow From Financial Activities": {"2020-12-31": -637.405, "2020-09-30": 28.301, "2020-06-30": 51.056, "2020-03-31": "558.04800", "2019-12-31": 5.584, "2019-09-30": -7.596, "2019-06-30": -36.369, "2019-03-31": "-93.59200", "2018-12-31": -40.623, "2018-09-30": -47.383, "2018-06-30": -19.285, "2018-03-31": "-12.42400", "2017-12-31": -17.038, "2017-09-30": 7.368, "2017-06-30": -5.427, "2017-03-31": "0.55600", "2016-12-31": 1.35, "2016-09-30": 1.559, "2016-06-30": -7.55, "2016-03-31": "1.11700", "2015-12-31": -9.703, "2015-09-30": -45.416, "2015-06-30": 0.774, "2015-03-31": "-3.83100", "2014-12-31": 1.177, "2014-09-30": -4.179, "2014-06-30": -1.743, "2014-03-31": "-4.29800", "2013-12-31": -1.669, "2013-09-30": -4.472, "2013-06-30": -3.67, "2013-03-31": "-0.30000", "2012-12-31": 24.584, "2012-09-30": -0.954, "2012-06-30": 4.466, "2012-03-31": "1.65800", "2011-12-31": 1.66, "2011-09-30": 1.331, "2011-06-30": 48.233, "2011-03-31": "9.20900", "2010-12-31": 47.8, "2010-09-30": 2.433, "2010-06-30": 4.015, "2010-03-31": "13.17300", "2009-12-31": 2.806, "2009-09-30": 1.163, "2009-06-30": 1.317, "2009-03-31": "3.11400", "2008-12-31": 2.41, "2008-09-30": 0.214, "2008-06-30": 5.274, "2008-03-31": "0.65900", "2007-12-31": 3.242, "2007-09-30": 0.082, "2007-06-30": 2.254, "2007-03-31": "4.33300", "2006-12-31": 7.008, "2006-09-30": 0.338, "2006-06-30": 6.75, "2006-03-31": "8.82500", "2005-12-31": -4.277, "2005-09-30": 1.66, "2005-06-30": 0.541, "2005-03-31": "1.33200"}, "Net Cash Flow": {"2020-12-31": -469.346, "2020-09-30": -57.898, "2020-06-30": 193.354, "2020-03-31": "333.89000", "2019-12-31": 0.871, "2019-09-30": 44.724, "2019-06-30": 91.783, "2019-03-31": "-184.73900", "2018-12-31": 69.466, "2018-09-30": -42.076, "2018-06-30": 144.776, "2018-03-31": "-36.36000", "2017-12-31": -66.501, "2017-09-30": 51.351, "2017-06-30": 143.768, "2017-03-31": "-110.72300", "2016-12-31": 53.245, "2016-09-30": 36.464, "2016-06-30": 184.999, "2016-03-31": "-64.16300", "2015-12-31": -2.688, "2015-09-30": -3.223, "2015-06-30": 117.192, "2015-03-31": "-69.97500", "2014-12-31": 25.895, "2014-09-30": 25.982, "2014-06-30": 85.36, "2014-03-31": "-42.56300", "2013-12-31": 39.198, "2013-09-30": -0.193, "2013-06-30": 68.345, "2013-03-31": "-61.16500", "2012-12-31": 17.88, "2012-09-30": -66.243, "2012-06-30": -17.427, "2012-03-31": "40.47200", "2011-12-31": 103.17, "2011-09-30": -2.808, "2011-06-30": 52.884, "2011-03-31": "-35.66000", "2010-12-31": -15.27, "2010-09-30": -24.438, "2010-06-30": -52.613, "2010-03-31": "60.20400", "2009-12-31": 19.295, "2009-09-30": -10.644, "2009-06-30": 183.819, "2009-03-31": "-41.73600", "2008-12-31": -36.039, "2008-09-30": 5.358, "2008-06-30": -6.814, "2008-03-31": "-47.08000", "2007-12-31": 78.358, "2007-09-30": 4.849, "2007-06-30": 0.994, "2007-03-31": "-45.17000", "2006-12-31": 3.687, "2006-09-30": -47.704, "2006-06-30": 23.28, "2006-03-31": "-15.78500", "2005-12-31": 14.406, "2005-09-30": 31.676, "2005-06-30": 11.906, "2005-03-31": "1.36600"}, "Stock-Based Compensation": {"2020-12-31": -54.983, "2020-09-30": 29.72, "2020-06-30": 12.822, "2020-03-31": "12.44100", "2019-12-31": 10.842, "2019-09-30": 10.739, "2019-06-30": 10.555, "2019-03-31": "8.94000", "2018-12-31": 6.88, "2018-09-30": 7.622, "2018-06-30": 7.288, "2018-03-31": "8.67800", "2017-12-31": 7.165, "2017-09-30": 7.489, "2017-06-30": 7.62, "2017-03-31": "6.62800", "2016-12-31": 5.963, "2016-09-30": 6.248, "2016-06-30": 6.214, "2016-03-31": "4.65600", "2015-12-31": 4.749, "2015-09-30": 4.673, "2015-06-30": 4.474, "2015-03-31": "4.40000", "2014-12-31": 3.75, "2014-09-30": 2.014, "2014-06-30": 1.599, "2014-03-31": "1.32100", "2013-12-31": 0.627, "2013-09-30": 0.602, "2013-06-30": 0.58, "2013-03-31": "0.57900", "2012-12-31": 1.546, "2012-09-30": 3.331, "2012-06-30": 3.165, "2012-03-31": "3.48500", "2011-12-31": 3.516, "2011-09-30": 3.562, "2011-06-30": 3.536, "2011-03-31": "3.70600", "2010-12-31": 3.603, "2010-09-30": 3.471, "2010-06-30": 3.356, "2010-03-31": "3.30900", "2009-12-31": 3.272, "2009-09-30": 1.254, "2009-06-30": 0.621, "2009-03-31": "0.58900", "2008-12-31": 0.639, "2008-09-30": 0.571, "2008-06-30": 0.591, "2008-03-31": "0.53600", "2007-12-31": 0.207, "2007-09-30": 0.223, "2007-06-30": 0.327, "2007-03-31": "0.32400", "2006-12-31": 0.422, "2006-09-30": 0.431, "2006-06-30": 0.554, "2006-03-31": "0.62300", "2005-12-31": 0, "2005-09-30": 0, "2005-06-30": 0, "2005-03-31": ""}, "Common Stock Dividends Paid": {"2020-12-31": 0, "2020-09-30": 0, "2020-06-30": 0, "2020-03-31": "", "2019-12-31": 0, "2019-09-30": 0, "2019-06-30": 0, "2019-03-31": "", "2018-12-31": 0, "2018-09-30": 0, "2018-06-30": 0, "2018-03-31": "", "2017-12-31": 0, "2017-09-30": 0, "2017-06-30": 0, "2017-03-31": "", "2016-12-31": 0, "2016-09-30": 0, "2016-06-30": 0, "2016-03-31": "", "2015-12-31": 0, "2015-09-30": 0, "2015-06-30": 0, "2015-03-31": "", "2014-12-31": 0, "2014-09-30": 0, "2014-06-30": 0, "2014-03-31": "", "2013-12-31": 0, "2013-09-30": 0, "2013-06-30": 0, "2013-03-31": "", "2012-12-31": 0, "2012-09-30": 0, "2012-06-30": 0, "2012-03-31": "", "2011-12-31": 0, "2011-09-30": 0, "2011-06-30": 0, "2011-03-31": "", "2010-12-31": 0, "2010-09-30": 0, "2010-06-30": 0, "2010-03-31": "", "2009-12-31": 0, "2009-09-30": 0, "2009-06-30": 0, "2009-03-31": "", "2008-12-31": 0, "2008-09-30": 0, "2008-06-30": 0, "2008-03-31": "", "2007-12-31": 0, "2007-09-30": 0, "2007-06-30": 0, "2007-03-31": "", "2006-12-31": 0, "2006-09-30": 0, "2006-06-30": 0, "2006-03-31": "", "2005-12-31": 0, "2005-09-30": 0, "2005-06-30": 0, "2005-03-31": ""}}, "financial ratios": {"Current Ratio": {"2019-12-31": "2.27710", "2018-12-31": "2.90760", "2017-12-31": "3.52390", "2016-12-31": "2.93980", "2015-12-31": "2.68310", "2014-12-31": "2.54090", "2013-12-31": "3.26950", "2012-12-31": "3.21430", "2011-12-31": "2.87670", "2010-12-31": "3.16740", "2009-12-31": "3.42240", "2008-12-31": "3.19820", "2007-12-31": "3.83410", "2006-12-31": "3.48830", "2005-12-31": "3.76070"}, "Long-term Debt / Capital": {"2019-12-31": "0.01900", "2018-12-31": "0.03870", "2017-12-31": "0.03520", "2016-12-31": "0.03830", "2015-12-31": "0.04770", "2014-12-31": "0.01310", "2013-12-31": "0.10620", "2012-12-31": "0.12270", "2011-12-31": "0.07900", "2010-12-31": "0.05180", "2009-12-31": "0.02040", "2008-12-31": "0.02350", "2007-12-31": "0.02560", "2006-12-31": "0.19210", "2005-12-31": "0.23780"}, "Debt/Equity Ratio": {"2019-12-31": "0.04780", "2018-12-31": "0.04430", "2017-12-31": "0.04150", "2016-12-31": "0.04450", "2015-12-31": "0.06150", "2014-12-31": "0.10430", "2013-12-31": "0.13120", "2012-12-31": "0.15520", "2011-12-31": "0.15350", "2010-12-31": "0.08670", "2009-12-31": "0.02430", "2008-12-31": "0.02490", "2007-12-31": "0.02700", "2006-12-31": "0.23910", "2005-12-31": "0.31510"}, "Gross Margin": {"2019-12-31": "47.72290", "2018-12-31": "47.90120", "2017-12-31": "46.56130", "2016-12-31": "45.87300", "2015-12-31": "45.24510", "2014-12-31": "45.08420", "2013-12-31": "44.34630", "2012-12-31": "43.79390", "2011-12-31": "38.83820", "2010-12-31": "45.43930", "2009-12-31": "43.23260", "2008-12-31": "41.36210", "2007-12-31": "43.03520", "2006-12-31": "43.41800", "2005-12-31": "41.77760"}, "Operating Margin": {"2019-12-31": "9.93180", "2018-12-31": "9.43040", "2017-12-31": "9.19470", "2016-12-31": "10.39810", "2015-12-31": "11.14670", "2014-12-31": "8.79350", "2013-12-31": "5.06990", "2012-12-31": "1.43040", "2011-12-31": "-8.33070", "2010-12-31": "9.74490", "2009-12-31": "4.89090", "2008-12-31": "4.01820", "2007-12-31": "8.10010", "2006-12-31": "9.33690", "2005-12-31": "7.58050"}, "EBIT Margin": {"2019-12-31": "9.93180", "2018-12-31": "9.43040", "2017-12-31": "9.19470", "2016-12-31": "10.39810", "2015-12-31": "11.14670", "2014-12-31": "8.79350", "2013-12-31": "5.06990", "2012-12-31": "1.43040", "2011-12-31": "-8.33070", "2010-12-31": "9.74490", "2009-12-31": "4.89090", "2008-12-31": "4.01820", "2007-12-31": "8.10010", "2006-12-31": "9.33690", "2005-12-31": "7.58050"}, "EBITDA Margin": {"2019-12-31": "12.06800", "2018-12-31": "11.79310", "2017-12-31": "11.51230", "2016-12-31": "12.62030", "2015-12-31": "12.85130", "2014-12-31": "10.87570", "2013-12-31": "7.48060", "2012-12-31": "4.22750", "2011-12-31": "-6.06680", "2010-12-31": "11.13380", "2009-12-31": "6.37860", "2008-12-31": "5.24970", "2007-12-31": "9.37340", "2006-12-31": "10.78630", "2005-12-31": "9.90130"}, "Pre-Tax Profit Margin": {"2019-12-31": "9.88510", "2018-12-31": "9.30370", "2017-12-31": "9.22780", "2016-12-31": "10.08850", "2015-12-31": "10.59620", "2014-12-31": "8.04940", "2013-12-31": "4.45280", "2012-12-31": "0.67120", "2011-12-31": "-8.15980", "2010-12-31": "9.79650", "2009-12-31": "4.95040", "2008-12-31": "4.21610", "2007-12-31": "8.48560", "2006-12-31": "9.34550", "2005-12-31": "7.23290"}, "Net Profit Margin": {"2019-12-31": "6.63900", "2018-12-31": "6.48510", "2017-12-31": "4.30310", "2016-12-31": "6.83330", "2015-12-31": "7.36850", "2014-12-31": "5.83840", "2013-12-31": "2.96740", "2012-12-31": "0.60960", "2011-12-31": "-4.20200", "2010-12-31": "6.78410", "2009-12-31": "3.80800", "2008-12-31": "3.84500", "2007-12-31": "5.42870", "2006-12-31": "5.88980", "2005-12-31": "4.44290"}, "Asset Turnover": {"2019-12-31": "1.06690", "2018-12-31": "1.43800", "2017-12-31": "1.52250", "2016-12-31": "1.48860", "2015-12-31": "1.54290", "2014-12-31": "1.41950", "2013-12-31": "1.31080", "2012-12-31": "1.16420", "2011-12-31": "1.25290", "2010-12-31": "1.53810", "2009-12-31": "1.44290", "2008-12-31": "1.64410", "2007-12-31": "1.68380", "2006-12-31": "1.63540", "2005-12-31": "1.72950"}, "Inventory Turnover Ratio": {"2019-12-31": "2.55070", "2018-12-31": "2.80150", "2017-12-31": "2.54890", "2016-12-31": "2.75330", "2015-12-31": "2.77840", "2014-12-31": "2.87690", "2013-12-31": "2.86900", "2012-12-31": "2.58690", "2011-12-31": "4.33850", "2010-12-31": "2.74710", "2009-12-31": "3.63950", "2008-12-31": "3.23430", "2007-12-31": "3.88910", "2006-12-31": "3.39520", "2005-12-31": "4.30340"}, "Receiveable Turnover": {"2019-12-31": "7.46540", "2018-12-31": "8.32510", "2017-12-31": "9.61690", "2016-12-31": "10.29760", "2015-12-31": "8.68010", "2014-12-31": "8.23790", "2013-12-31": "7.80570", "2012-12-31": "7.05430", "2011-12-31": "8.79270", "2010-12-31": "7.27900", "2009-12-31": "6.18890", "2008-12-31": "7.87810", "2007-12-31": "7.83570", "2006-12-31": "6.48830", "2005-12-31": "7.11350"}, "Days Sales In Receivables": {"2019-12-31": "48.89240", "2018-12-31": "43.84310", "2017-12-31": "37.95400", "2016-12-31": "35.44530", "2015-12-31": "42.05030", "2014-12-31": "44.30750", "2013-12-31": "46.76070", "2012-12-31": "51.74170", "2011-12-31": "41.51190", "2010-12-31": "50.14430", "2009-12-31": "58.97700", "2008-12-31": "46.33110", "2007-12-31": "46.58150", "2006-12-31": "56.25490", "2005-12-31": "51.31080"}, "ROE - Return On Equity": {"2019-12-31": "16.84680", "2018-12-31": "16.95870", "2017-12-31": "12.06770", "2016-12-31": "16.93010", "2015-12-31": "18.97510", "2014-12-31": "13.41990", "2013-12-31": "6.21150", "2012-12-31": "1.14370", "2011-12-31": "-7.57180", "2010-12-31": "14.42170", "2009-12-31": "6.79000", "2008-12-31": "7.96040", "2007-12-31": "12.07760", "2006-12-31": "15.80850", "2005-12-31": "13.00560"}, "Return On Tangible Equity": {"2019-12-31": "16.84680", "2018-12-31": "16.95870", "2017-12-31": "12.06770", "2016-12-31": "16.93010", "2015-12-31": "18.97510", "2014-12-31": "13.41990", "2013-12-31": "6.22660", "2012-12-31": "1.14780", "2011-12-31": "-7.60710", "2010-12-31": "14.53490", "2009-12-31": "6.87260", "2008-12-31": "8.02490", "2007-12-31": "12.07910", "2006-12-31": "15.83080", "2005-12-31": "13.04850"}, "ROA - Return On Assets": {"2019-12-31": "8.73200", "2018-12-31": "11.50070", "2017-12-31": "8.59590", "2016-12-31": "11.92140", "2015-12-31": "12.79720", "2014-12-31": "9.08680", "2013-12-31": "4.32130", "2012-12-31": "0.78430", "2011-12-31": "-5.27190", "2010-12-31": "10.45410", "2009-12-31": "5.11090", "2008-12-31": "6.10340", "2007-12-31": "9.14110", "2006-12-31": "9.63210", "2005-12-31": "7.68390"}, "ROI - Return On Investment": {"2019-12-31": "16.52630", "2018-12-31": "16.30250", "2017-12-31": "11.64280", "2016-12-31": "16.28140", "2015-12-31": "18.06960", "2014-12-31": "13.24380", "2013-12-31": "5.55160", "2012-12-31": "1.00340", "2011-12-31": "-6.97380", "2010-12-31": "13.67490", "2009-12-31": "6.65110", "2008-12-31": "7.77310", "2007-12-31": "11.76850", "2006-12-31": "12.77120", "2005-12-31": "9.91250"}, "Book Value Per Share": {"2019-12-31": "16.52410", "2018-12-31": "14.26160", "2017-12-31": "12.46230", "2016-12-31": "10.87910", "2015-12-31": "8.95650", "2014-12-31": "7.44790", "2013-12-31": "6.46070", "2012-12-31": "6.09130", "2011-12-31": "6.04010", "2010-12-31": "6.54040", "2009-12-31": "5.36160", "2008-12-31": "4.84850", "2007-12-31": "4.55650", "2006-12-31": "3.57520", "2005-12-31": "2.86290"}, "Operating Cash Flow Per Share": {"2019-12-31": -0.867, "2018-12-31": 2.6161, "2017-12-31": -1.3138, "2016-12-31": 0.8259, "2015-12-31": 0.4353, "2014-12-31": 0.4168, "2013-12-31": 0.6768, "2012-12-31": -1.1567, "2011-12-31": 1.4557, "2010-12-31": -1.1366, "2009-12-31": 0.9704, "2008-12-31": -0.8786, "2007-12-31": 0.5347, "2006-12-31": -0.3772, "2005-12-31": 0.5653}, "Free Cash Flow Per Share": {"2019-12-31": -1.4484, "2018-12-31": 2.5719, "2017-12-31": -1.4135, "2016-12-31": 0.8216, "2015-12-31": 0.041, "2014-12-31": 0.3172, "2013-12-31": 0.7547, "2012-12-31": -0.784, "2011-12-31": 1.292, "2010-12-31": -1.4456, "2009-12-31": 1.2374, "2008-12-31": -1.1734, "2007-12-31": 0.5115, "2006-12-31": -0.4743, "2005-12-31": 0.4633}}, "financial ratios, quarterly": {"Current Ratio": {"2020-09-30": "2.68610", "2020-06-30": "2.91310", "2020-03-31": "3.09730", "2019-12-31": "2.27710", "2019-09-30": "2.37380", "2019-06-30": "2.50610", "2019-03-31": "2.90760", "2018-12-31": "2.90760", "2018-09-30": "3.43050", "2018-06-30": "3.28240", "2018-03-31": "3.40220", "2017-12-31": "3.52390", "2017-09-30": "3.46310", "2017-06-30": "3.13870", "2017-03-31": "3.55600", "2016-12-31": "2.93980", "2016-09-30": "3.66140", "2016-06-30": "2.89080", "2016-03-31": "3.22420", "2015-12-31": "2.68310", "2015-09-30": "2.91960", "2015-06-30": "2.53000", "2015-03-31": "2.72680", "2014-12-31": "2.54090", "2014-09-30": "3.24320", "2014-06-30": "3.13750", "2014-03-31": "3.75580", "2013-12-31": "3.26950", "2013-09-30": "3.55120", "2013-06-30": "3.50940", "2013-03-31": "4.15900", "2012-12-31": "3.21430", "2012-09-30": "2.82610", "2012-06-30": "2.51780", "2012-03-31": "2.71640", "2011-12-31": "2.87670", "2011-09-30": "3.66470", "2011-06-30": "2.94830", "2011-03-31": "3.07170", "2010-12-31": "3.16740", "2010-09-30": "3.39180", "2010-06-30": "3.64390", "2010-03-31": "3.51080", "2009-12-31": "3.42240", "2009-09-30": "3.71190", "2009-06-30": "3.55260", "2009-03-31": "4.42880", "2008-12-31": "3.19820", "2008-09-30": "3.28090", "2008-06-30": "3.00950", "2008-03-31": "3.34110", "2007-12-31": "3.83410", "2007-09-30": "4.61120", "2007-06-30": "3.48670", "2007-03-31": "4.65180", "2006-12-31": "3.48830", "2006-09-30": "2.40190", "2006-06-30": "2.27460", "2006-03-31": "4.57580", "2005-12-31": "3.76070", "2005-09-30": "4.26010", "2005-06-30": "3.04650", "2005-03-31": "3.91410"}, "Long-term Debt / Capital": {"2020-09-30": "0.20560", "2020-06-30": "0.21820", "2020-03-31": "0.20540", "2019-12-31": "0.01900", "2019-09-30": "0.01670", "2019-06-30": "0.04130", "2019-03-31": "0.04030", "2018-12-31": "0.03870", "2018-09-30": "0.03120", "2018-06-30": "0.03210", "2018-03-31": "0.03280", "2017-12-31": "0.03520", "2017-09-30": "0.03450", "2017-06-30": "0.03500", "2017-03-31": "0.03680", "2016-12-31": "0.03830", "2016-09-30": "0.03880", "2016-06-30": "0.04100", "2016-03-31": "0.04370", "2015-12-31": "0.04770", "2015-09-30": "0.05030", "2015-06-30": "0.00120", "2015-03-31": "0.01130", "2014-12-31": "0.01310", "2014-09-30": "0.08830", "2014-06-30": "0.09470", "2014-03-31": "0.10070", "2013-12-31": "0.10620", "2013-09-30": "0.11020", "2013-06-30": "0.11590", "2013-03-31": "0.11900", "2012-12-31": "0.12270", "2012-09-30": "0.07120", "2012-06-30": "0.07380", "2012-03-31": "0.07610", "2011-12-31": "0.07900", "2011-09-30": "0.07730", "2011-06-30": "0.07890", "2011-03-31": "0.04950", "2010-12-31": "0.05180", "2010-09-30": "0.01650", "2010-06-30": "0.01610", "2010-03-31": "", "2009-12-31": "0.02040", "2009-09-30": "0.02150", "2009-06-30": "0.02250", "2009-03-31": "0.02320", "2008-12-31": "0.02350", "2008-09-30": "0.02270", "2008-06-30": "0.02350", "2008-03-31": "0.02420", "2007-12-31": "0.02560", "2007-09-30": "0.02640", "2007-06-30": "0.02780", "2007-03-31": "0.02890", "2006-12-31": "0.19210", "2006-09-30": "0.03820", "2006-06-30": "0.04050", "2006-03-31": "0.22320", "2005-12-31": "0.23780", "2005-09-30": "0.24150", "2005-06-30": "0.25080", "2005-03-31": "0.26060"}, "Debt/Equity Ratio": {"2020-09-30": "0.30750", "2020-06-30": "0.31320", "2020-03-31": "0.27030", "2019-12-31": "0.04780", "2019-09-30": "0.05240", "2019-06-30": "0.04910", "2019-03-31": "0.04930", "2018-12-31": "0.04430", "2018-09-30": "0.04020", "2018-06-30": "0.03940", "2018-03-31": "0.04060", "2017-12-31": "0.04150", "2017-09-30": "0.04190", "2017-06-30": "0.03940", "2017-03-31": "0.04260", "2016-12-31": "0.04450", "2016-09-30": "0.04450", "2016-06-30": "0.04590", "2016-03-31": "0.05540", "2015-12-31": "0.06150", "2015-09-30": "0.07600", "2015-06-30": "0.08690", "2015-03-31": "0.09490", "2014-12-31": "0.10430", "2014-09-30": "0.10810", "2014-06-30": "0.11630", "2014-03-31": "0.12400", "2013-12-31": "0.13120", "2013-09-30": "0.13630", "2013-06-30": "0.14520", "2013-03-31": "0.15100", "2012-12-31": "0.15520", "2012-09-30": "0.15080", "2012-06-30": "0.15850", "2012-03-31": "0.15450", "2011-12-31": "0.15350", "2011-09-30": "0.14660", "2011-06-30": "0.14480", "2011-03-31": "0.09290", "2010-12-31": "0.08670", "2010-09-30": "0.03600", "2010-06-30": "0.03640", "2010-03-31": "0.02120", "2009-12-31": "0.02430", "2009-09-30": "0.02350", "2009-06-30": "0.02490", "2009-03-31": "0.02640", "2008-12-31": "0.02490", "2008-09-30": "0.02390", "2008-06-30": "0.02440", "2008-03-31": "0.02530", "2007-12-31": "0.02700", "2007-09-30": "0.02780", "2007-06-30": "0.02920", "2007-03-31": "0.03050", "2006-12-31": "0.23910", "2006-09-30": "0.25340", "2006-06-30": "0.26880", "2006-03-31": "0.29020", "2005-12-31": "0.31510", "2005-09-30": "0.33640", "2005-06-30": "0.35520", "2005-03-31": "0.37580"}, "Gross Margin": {"2020-09-30": "48.05350", "2020-06-30": "50.52500", "2020-03-31": "44.08340", "2019-12-31": "47.92470", "2019-09-30": "48.23230", "2019-06-30": "48.45480", "2019-03-31": "46.25070", "2018-12-31": "47.71270", "2018-09-30": "47.93170", "2018-06-30": "49.43240", "2018-03-31": "46.64540", "2017-12-31": "46.78430", "2017-09-30": "47.49480", "2017-06-30": "47.59770", "2017-03-31": "44.41600", "2016-12-31": "46.60690", "2016-09-30": "45.62500", "2016-06-30": "47.41960", "2016-03-31": "44.15150", "2015-12-31": "45.64300", "2015-09-30": "45.20150", "2015-06-30": "46.79890", "2015-03-31": "43.29970", "2014-12-31": "45.22010", "2014-09-30": "45.15970", "2014-06-30": "45.88610", "2014-03-31": "43.98810", "2013-12-31": "44.51490", "2013-09-30": "44.69580", "2013-06-30": "45.50970", "2013-03-31": "42.67560", "2012-12-31": "42.58260", "2012-09-30": "43.73810", "2012-06-30": "44.62020", "2012-03-31": "44.32320", "2011-12-31": "39.75770", "2011-09-30": "42.50420", "2011-06-30": "32.99870", "2011-03-31": "40.44440", "2010-12-31": "40.51570", "2010-09-30": "45.55340", "2010-06-30": "47.07160", "2010-03-31": "48.18090", "2009-12-31": "48.69850", "2009-09-30": "45.32260", "2009-06-30": "41.00760", "2009-03-31": "36.51820", "2008-12-31": "31.87850", "2008-09-30": "42.54670", "2008-06-30": "44.33290", "2008-03-31": "44.72910", "2007-12-31": "42.13070", "2007-09-30": "43.45710", "2007-06-30": "43.16390", "2007-03-31": "43.21270", "2006-12-31": "42.01500", "2006-09-30": "44.18350", "2006-06-30": "44.74420", "2006-03-31": "42.64770", "2005-12-31": "41.62840", "2005-09-30": "42.32320", "2005-06-30": "42.26000", "2005-03-31": "40.79130"}, "Operating Margin": {"2020-09-30": "7.08180", "2020-06-30": "-8.35820", "2020-03-31": "3.60690", "2019-12-31": "7.06990", "2019-09-30": "10.88750", "2019-06-30": "8.82600", "2019-03-31": "12.99110", "2018-12-31": "7.74390", "2018-09-30": "10.53320", "2018-06-30": "7.16940", "2018-03-31": "11.90320", "2017-12-31": "5.73410", "2017-09-30": "10.64030", "2017-06-30": "8.41270", "2017-03-31": "11.59790", "2016-12-31": "3.69780", "2016-09-30": "10.96660", "2016-06-30": "11.43240", "2016-03-31": "14.15520", "2015-12-31": "7.57010", "2015-09-30": "11.16410", "2015-06-30": "14.03460", "2015-03-31": "11.48300", "2014-12-31": "5.79440", "2014-09-30": "10.99600", "2014-06-30": "9.15700", "2014-03-31": "8.81220", "2013-12-31": "3.78580", "2013-09-30": "8.53950", "2013-06-30": "4.00800", "2013-03-31": "3.39620", "2012-12-31": "2.01210", "2012-09-30": "4.72350", "2012-06-30": "-0.39870", "2012-03-31": "-1.25090", "2011-12-31": "-36.39530", "2011-09-30": "0.53350", "2011-06-30": "-11.09100", "2011-03-31": "3.20660", "2010-12-31": "0.04600", "2010-09-30": "10.01900", "2010-06-30": "11.64370", "2010-03-31": "16.43930", "2009-12-31": "10.13410", "2009-09-30": "8.00370", "2009-06-30": "-2.58410", "2009-03-31": "1.79140", "2008-12-31": "-11.77100", "2008-09-30": "6.13880", "2008-06-30": "5.63320", "2008-03-31": "12.53680", "2007-12-31": "5.67370", "2007-09-30": "9.26000", "2007-06-30": "6.18890", "2007-03-31": "10.84820", "2006-12-31": "7.67900", "2006-09-30": "10.41390", "2006-06-30": "9.38790", "2006-03-31": "9.81720", "2005-12-31": "4.72810", "2005-09-30": "7.85860", "2005-06-30": "10.33280", "2005-03-31": "6.91130"}, "EBIT Margin": {"2020-09-30": "7.08180", "2020-06-30": "-8.35820", "2020-03-31": "3.60690", "2019-12-31": "7.06990", "2019-09-30": "10.88750", "2019-06-30": "8.82600", "2019-03-31": "12.99110", "2018-12-31": "7.74390", "2018-09-30": "10.53320", "2018-06-30": "7.16940", "2018-03-31": "11.90320", "2017-12-31": "5.73420", "2017-09-30": "10.64030", "2017-06-30": "8.41270", "2017-03-31": "11.59790", "2016-12-31": "3.69780", "2016-09-30": "10.96660", "2016-06-30": "11.43240", "2016-03-31": "14.15520", "2015-12-31": "7.57010", "2015-09-30": "11.16410", "2015-06-30": "14.03460", "2015-03-31": "11.48300", "2014-12-31": "5.79440", "2014-09-30": "10.99600", "2014-06-30": "9.15700", "2014-03-31": "8.81220", "2013-12-31": "3.78580", "2013-09-30": "8.53950", "2013-06-30": "4.00800", "2013-03-31": "3.39620", "2012-12-31": "2.01210", "2012-09-30": "4.72350", "2012-06-30": "-0.39870", "2012-03-31": "-1.25090", "2011-12-31": "-36.39540", "2011-09-30": "0.53350", "2011-06-30": "-11.09100", "2011-03-31": "3.20660", "2010-12-31": "0.04600", "2010-09-30": "10.01900", "2010-06-30": "11.64370", "2010-03-31": "16.43930", "2009-12-31": "10.13410", "2009-09-30": "8.00370", "2009-06-30": "-2.58410", "2009-03-31": "1.79140", "2008-12-31": "-11.77100", "2008-09-30": "6.13880", "2008-06-30": "5.63320", "2008-03-31": "12.53680", "2007-12-31": "5.67370", "2007-09-30": "9.26000", "2007-06-30": "6.18890", "2007-03-31": "10.84820", "2006-12-31": "7.67900", "2006-09-30": "10.41390", "2006-06-30": "9.38790", "2006-03-31": "9.81720", "2005-12-31": "4.72810", "2005-09-30": "7.85860", "2005-06-30": "10.33280", "2005-03-31": "6.91130"}, "EBITDA Margin": {"2020-09-30": "", "2020-06-30": "", "2020-03-31": "", "2019-12-31": "", "2019-09-30": "", "2019-06-30": "", "2019-03-31": "", "2018-12-31": "", "2018-09-30": "", "2018-06-30": "", "2018-03-31": "", "2017-12-31": "", "2017-09-30": "", "2017-06-30": "", "2017-03-31": "", "2016-12-31": "", "2016-09-30": "", "2016-06-30": "", "2016-03-31": "", "2015-12-31": "", "2015-09-30": "", "2015-06-30": "", "2015-03-31": "", "2014-12-31": "", "2014-09-30": "", "2014-06-30": "", "2014-03-31": "", "2013-12-31": "", "2013-09-30": "", "2013-06-30": "", "2013-03-31": "", "2012-12-31": "", "2012-09-30": "", "2012-06-30": "", "2012-03-31": "", "2011-12-31": "", "2011-09-30": "", "2011-06-30": "", "2011-03-31": "", "2010-12-31": "", "2010-09-30": "", "2010-06-30": "", "2010-03-31": "", "2009-12-31": "", "2009-09-30": "", "2009-06-30": "", "2009-03-31": "", "2008-12-31": "", "2008-09-30": "", "2008-06-30": "", "2008-03-31": "", "2007-12-31": "", "2007-09-30": "", "2007-06-30": "", "2007-03-31": "", "2006-12-31": "", "2006-09-30": "", "2006-06-30": "", "2006-03-31": "", "2005-12-31": "", "2005-09-30": "", "2005-06-30": "", "2005-03-31": ""}, "Pre-Tax Profit Margin": {"2020-09-30": "7.46360", "2020-06-30": "-8.15990", "2020-03-31": "3.91110", "2019-12-31": "7.21150", "2019-09-30": "10.67210", "2019-06-30": "8.96230", "2019-03-31": "12.74660", "2018-12-31": "7.60490", "2018-09-30": "10.44480", "2018-06-30": "6.60370", "2018-03-31": "12.14960", "2017-12-31": "5.65110", "2017-09-30": "10.76520", "2017-06-30": "8.52970", "2017-03-31": "11.56240", "2016-12-31": "2.89810", "2016-09-30": "10.70840", "2016-06-30": "10.96010", "2016-03-31": "14.32450", "2015-12-31": "7.00140", "2015-09-30": "10.47360", "2015-06-30": "14.04790", "2015-03-31": "10.51800", "2014-12-31": "5.03560", "2014-09-30": "10.04950", "2014-06-30": "8.59300", "2014-03-31": "8.13970", "2013-12-31": "3.65600", "2013-09-30": "8.21940", "2013-06-30": "3.14720", "2013-03-31": "2.18460", "2012-12-31": "1.67690", "2012-09-30": "3.56870", "2012-06-30": "-1.10180", "2012-03-31": "-2.06530", "2011-12-31": "-33.72950", "2011-09-30": "0.41320", "2011-06-30": "-11.71820", "2011-03-31": "2.87380", "2010-12-31": "0.23140", "2010-09-30": "9.53960", "2010-06-30": "12.02570", "2010-03-31": "16.62640", "2009-12-31": "9.87260", "2009-09-30": "8.37650", "2009-06-30": "-2.61290", "2009-03-31": "1.92130", "2008-12-31": "-11.55730", "2008-09-30": "6.02120", "2008-06-30": "6.00890", "2008-03-31": "12.88910", "2007-12-31": "6.13820", "2007-09-30": "9.76830", "2007-06-30": "6.51230", "2007-03-31": "11.08740", "2006-12-31": "7.86680", "2006-09-30": "10.35860", "2006-06-30": "9.37700", "2006-03-31": "9.72600", "2005-12-31": "4.28600", "2005-09-30": "7.61630", "2005-06-30": "9.63900", "2005-03-31": "6.90360"}, "Net Profit Margin": {"2020-09-30": "4.94110", "2020-06-30": "-9.33510", "2020-03-31": "3.95230", "2019-12-31": "4.47360", "2019-09-30": "7.61370", "2019-06-30": "5.97350", "2019-03-31": "8.51830", "2018-12-31": "4.38350", "2018-09-30": "7.71240", "2018-06-30": "3.99050", "2018-03-31": "9.41160", "2017-12-31": "-6.86700", "2017-09-30": "8.43150", "2017-06-30": "5.80300", "2017-03-31": "8.76160", "2016-12-31": "0.87190", "2016-09-30": "6.90880", "2016-06-30": "8.44230", "2016-03-31": "9.97270", "2015-12-31": "4.07480", "2015-09-30": "7.77900", "2015-06-30": "9.96700", "2015-03-31": "7.30210", "2014-12-31": "3.84770", "2014-09-30": "7.58200", "2014-06-30": "5.92830", "2014-03-31": "5.66590", "2013-12-31": "3.14260", "2013-09-30": "5.20580", "2013-06-30": "1.65650", "2013-03-31": "1.47910", "2012-12-31": "1.00000", "2012-09-30": "2.56250", "2012-06-30": "-0.46410", "2012-03-31": "-1.04360", "2011-12-31": "-20.35710", "2011-09-30": "2.01000", "2011-06-30": "-6.88750", "2011-03-31": "2.47950", "2010-12-31": "0.71200", "2010-09-30": "6.55900", "2010-06-30": "7.96990", "2010-03-31": "11.42450", "2009-12-31": "7.19110", "2009-09-30": "6.03390", "2009-06-30": "-1.98240", "2009-03-31": "2.39320", "2008-12-31": "-6.83620", "2008-09-30": "7.01680", "2008-06-30": "4.12920", "2008-03-31": "8.53260", "2007-12-31": "4.00410", "2007-09-30": "6.26380", "2007-06-30": "4.24400", "2007-03-31": "6.92960", "2006-12-31": "4.78860", "2006-09-30": "6.70410", "2006-06-30": "6.02910", "2006-03-31": "5.97990", "2005-12-31": "2.64030", "2005-09-30": "4.62990", "2005-06-30": "6.03080", "2005-03-31": "4.16990"}, "Asset Turnover": {"2020-09-30": "0.22780", "2020-06-30": "0.13490", "2020-03-31": "0.23030", "2019-12-31": "0.27200", "2019-09-30": "0.29650", "2019-06-30": "0.28470", "2019-03-31": "0.30930", "2018-12-31": "0.33480", "2018-09-30": "0.39150", "2018-06-30": "0.37760", "2018-03-31": "0.42580", "2017-12-31": "0.35490", "2017-09-30": "0.40650", "2017-06-30": "0.39320", "2017-03-31": "0.44590", "2016-12-31": "0.31930", "2016-09-30": "0.42310", "2016-06-30": "0.38310", "2016-03-31": "0.47320", "2015-12-31": "0.35430", "2015-09-30": "0.44120", "2015-06-30": "0.41850", "2015-03-31": "0.44820", "2014-12-31": "0.34010", "2014-09-30": "0.41900", "2014-06-30": "0.37840", "2014-03-31": "0.39070", "2013-12-31": "0.32000", "2013-09-30": "0.37980", "2013-06-30": "0.32400", "2013-03-31": "0.35780", "2012-12-31": "0.29520", "2012-09-30": "0.32630", "2012-06-30": "0.28640", "2012-03-31": "0.26760", "2011-12-31": "0.22100", "2011-09-30": "0.33020", "2011-06-30": "0.32210", "2011-03-31": "0.35750", "2010-12-31": "0.34840", "2010-09-30": "0.45080", "2010-06-30": "0.44450", "2010-03-31": "0.46440", "2009-12-31": "0.39040", "2009-09-30": "0.43690", "2009-06-30": "0.33180", "2009-03-31": "0.42300", "2008-12-31": "0.34020", "2008-09-30": "0.44100", "2008-06-30": "0.38900", "2008-03-31": "0.44810", "2007-12-31": "0.36480", "2007-09-30": "0.51310", "2007-06-30": "0.44240", "2007-03-31": "0.48630", "2006-12-31": "0.41310", "2006-09-30": "0.48240", "2006-06-30": "0.43440", "2006-03-31": "0.47160", "2005-12-31": "0.38400", "2005-09-30": "0.49190", "2005-06-30": "0.44240", "2005-03-31": "0.46810"}, "Inventory Turnover Ratio": {"2020-09-30": "0.64150", "2020-06-30": "0.35120", "2020-03-31": "0.70480", "2019-12-31": "0.64770", "2019-09-30": "0.78720", "2019-06-30": "0.75820", "2019-03-31": "0.92630", "2018-12-31": "0.65460", "2018-09-30": "0.81120", "2018-06-30": "0.69770", "2018-03-31": "0.83340", "2017-12-31": "0.59160", "2017-09-30": "0.82400", "2017-06-30": "0.80270", "2017-03-31": "1.01790", "2016-12-31": "0.58250", "2016-09-30": "0.97920", "2016-06-30": "0.78140", "2016-03-31": "1.08920", "2015-12-31": "0.63330", "2015-09-30": "0.93800", "2015-06-30": "0.90480", "2015-03-31": "1.11030", "2014-12-31": "0.68770", "2014-09-30": "1.01860", "2014-06-30": "0.88120", "2014-03-31": "0.98050", "2013-12-31": "0.69830", "2013-09-30": "0.92030", "2013-06-30": "0.81740", "2013-03-31": "1.02060", "2012-12-31": "0.67000", "2012-09-30": "0.79960", "2012-06-30": "0.82390", "2012-03-31": "0.91150", "2011-12-31": "0.75370", "2011-09-30": "0.99420", "2011-06-30": "0.89320", "2011-03-31": "0.75390", "2010-12-31": "0.67850", "2010-09-30": "0.92450", "2010-06-30": "1.21820", "2010-03-31": "1.35100", "2009-12-31": "0.88980", "2009-09-30": "1.15550", "2009-06-30": "0.92210", "2009-03-31": "1.26120", "2008-12-31": "0.77740", "2008-09-30": "0.92630", "2008-06-30": "0.84300", "2008-03-31": "1.19280", "2007-12-31": "0.85590", "2007-09-30": "1.19560", "2007-06-30": "0.97790", "2007-03-31": "1.15860", "2006-12-31": "0.87900", "2006-09-30": "1.04270", "2006-06-30": "1.03240", "2006-03-31": "1.33930", "2005-12-31": "0.95800", "2005-09-30": "1.18960", "2005-06-30": "0.92890", "2005-03-31": "1.11530"}, "Receiveable Turnover": {"2020-09-30": "1.66000", "2020-06-30": "1.33570", "2020-03-31": "1.44480", "2019-12-31": "1.90310", "2019-09-30": "1.91090", "2019-06-30": "1.83410", "2019-03-31": "1.65400", "2018-12-31": "1.93830", "2018-09-30": "2.12810", "2018-06-30": "1.97550", "2018-03-31": "1.72700", "2017-12-31": "2.24150", "2017-09-30": "2.15320", "2017-06-30": "1.97460", "2017-03-31": "1.87520", "2016-12-31": "2.20870", "2016-09-30": "2.11630", "2016-06-30": "1.79470", "2016-03-31": "1.73550", "2015-12-31": "1.99310", "2015-09-30": "2.07780", "2015-06-30": "1.78080", "2015-03-31": "1.68370", "2014-12-31": "1.97400", "2014-09-30": "1.94650", "2014-06-30": "1.78370", "2014-03-31": "1.69790", "2013-12-31": "1.90550", "2013-09-30": "1.87050", "2013-06-30": "1.65900", "2013-03-31": "1.55430", "2012-12-31": "1.78860", "2012-09-30": "1.73090", "2012-06-30": "1.58750", "2012-03-31": "1.50250", "2011-12-31": "1.55070", "2011-09-30": "1.63490", "2011-06-30": "1.51690", "2011-03-31": "1.44050", "2010-12-31": "1.64890", "2010-09-30": "1.90870", "2010-06-30": "1.61550", "2010-03-31": "1.66150", "2009-12-31": "1.67440", "2009-09-30": "1.87640", "2009-06-30": "1.46240", "2009-03-31": "1.43540", "2008-12-31": "1.63000", "2008-09-30": "1.82940", "2008-06-30": "1.46570", "2008-03-31": "1.56330", "2007-12-31": "1.69760", "2007-09-30": "1.83420", "2007-06-30": "1.50260", "2007-03-31": "1.49200", "2006-12-31": "1.63900", "2006-09-30": "1.85790", "2006-06-30": "1.50010", "2006-03-31": "1.54180", "2005-12-31": "1.57960", "2005-09-30": "1.99460", "2005-06-30": "1.46270", "2005-03-31": "1.59750"}, "Days Sales In Receivables": {"2020-09-30": "54.21740", "2020-06-30": "67.37800", "2020-03-31": "62.29280", "2019-12-31": "47.29060", "2019-09-30": "47.09910", "2019-06-30": "49.07010", "2019-03-31": "54.41280", "2018-12-31": "46.43200", "2018-09-30": "42.29170", "2018-06-30": "45.55810", "2018-03-31": "52.11320", "2017-12-31": "40.15120", "2017-09-30": "41.79780", "2017-06-30": "45.57900", "2017-03-31": "47.99480", "2016-12-31": "40.74780", "2016-09-30": "42.52650", "2016-06-30": "50.14810", "2016-03-31": "51.85940", "2015-12-31": "45.15560", "2015-09-30": "43.31610", "2015-06-30": "50.54000", "2015-03-31": "53.45270", "2014-12-31": "45.59270", "2014-09-30": "46.23570", "2014-06-30": "50.45800", "2014-03-31": "53.00740", "2013-12-31": "47.23070", "2013-09-30": "48.11590", "2013-06-30": "54.25110", "2013-03-31": "57.90360", "2012-12-31": "50.31870", "2012-09-30": "51.99720", "2012-06-30": "56.69450", "2012-03-31": "59.89970", "2011-12-31": "58.03700", "2011-09-30": "55.04880", "2011-06-30": "59.32980", "2011-03-31": "62.47840", "2010-12-31": "54.58120", "2010-09-30": "47.15320", "2010-06-30": "55.71180", "2010-03-31": "54.16870", "2009-12-31": "53.75200", "2009-09-30": "47.96330", "2009-06-30": "61.54270", "2009-03-31": "62.70180", "2008-12-31": "55.21590", "2008-09-30": "49.19740", "2008-06-30": "61.40450", "2008-03-31": "57.56890", "2007-12-31": "53.01710", "2007-09-30": "49.06870", "2007-06-30": "59.89670", "2007-03-31": "60.32260", "2006-12-31": "54.90990", "2006-09-30": "48.44100", "2006-06-30": "59.99610", "2006-03-31": "58.37220", "2005-12-31": "56.97660", "2005-09-30": "45.12170", "2005-06-30": "61.53080", "2005-03-31": "56.33780"}, "ROE - Return On Equity": {"2020-09-30": "3.10890", "2020-06-30": "-2.26560", "2020-03-31": "1.59010", "2019-12-31": "3.25310", "2019-09-30": "5.19910", "2019-06-30": "3.95920", "2019-03-31": "5.86080", "2018-12-31": "3.06520", "2018-09-30": "4.89330", "2018-06-30": "2.87960", "2018-03-31": "6.58840", "2017-12-31": "-2.65680", "2017-09-30": "5.34230", "2017-06-30": "3.89750", "2017-03-31": "5.91590", "2016-12-31": "0.90000", "2016-09-30": "4.57020", "2016-06-30": "5.27800", "2016-03-31": "7.31500", "2015-12-31": "2.79780", "2015-09-30": "5.57030", "2015-06-30": "6.73950", "2015-03-31": "5.15310", "2014-12-31": "2.27990", "2014-09-30": "4.97800", "2014-06-30": "3.62190", "2014-03-31": "3.26150", "2013-12-31": "1.64310", "2013-09-30": "2.93580", "2013-06-30": "0.94610", "2013-03-31": "0.81670", "2012-12-31": "0.39890", "2012-09-30": "1.26600", "2012-06-30": "-0.15030", "2012-03-31": "-0.38010", "2011-12-31": "-6.50250", "2011-09-30": "0.88590", "2011-06-30": "-3.17380", "2011-03-31": "1.25610", "2010-12-31": "0.35800", "2010-09-30": "3.88050", "2010-06-30": "4.53170", "2010-03-31": "6.85630", "2009-12-31": "3.51960", "2009-09-30": "3.31790", "2009-06-30": "-0.96140", "2009-03-31": "1.08730", "2008-12-31": "-3.20500", "2008-09-30": "4.01620", "2008-06-30": "2.10920", "2008-03-31": "4.96990", "2007-12-31": "1.92990", "2007-09-30": "4.04650", "2007-06-30": "2.56350", "2007-03-31": "4.24680", "2006-12-31": "3.24680", "2006-09-30": "5.22910", "2006-06-30": "4.39120", "2006-03-31": "4.45600", "2005-12-31": "1.71630", "2005-09-30": "3.74000", "2005-06-30": "4.94220", "2005-03-31": "3.34700"}, "Return On Tangible Equity": {"2020-09-30": "3.22300", "2020-06-30": "-2.35600", "2020-03-31": "1.64970", "2019-12-31": "3.34730", "2019-09-30": "5.19910", "2019-06-30": "3.95920", "2019-03-31": "5.86080", "2018-12-31": "3.06520", "2018-09-30": "4.89330", "2018-06-30": "2.87960", "2018-03-31": "6.58840", "2017-12-31": "-2.65680", "2017-09-30": "5.34230", "2017-06-30": "3.89750", "2017-03-31": "5.91590", "2016-12-31": "0.90000", "2016-09-30": "4.57020", "2016-06-30": "5.27800", "2016-03-31": "7.31500", "2015-12-31": "2.79780", "2015-09-30": "5.57030", "2015-06-30": "6.73950", "2015-03-31": "5.15310", "2014-12-31": "2.27990", "2014-09-30": "4.98560", "2014-06-30": "3.62850", "2014-03-31": "3.26840", "2013-12-31": "1.64710", "2013-09-30": "2.94350", "2013-06-30": "0.94890", "2013-03-31": "0.81930", "2012-12-31": "0.40030", "2012-09-30": "1.27080", "2012-06-30": "-0.15090", "2012-03-31": "-0.38180", "2011-12-31": "-6.53290", "2011-09-30": "0.89170", "2011-06-30": "-3.19600", "2011-03-31": "1.26530", "2010-12-31": "0.36080", "2010-09-30": "3.91270", "2010-06-30": "4.57360", "2010-03-31": "6.92920", "2009-12-31": "3.56250", "2009-09-30": "3.34060", "2009-06-30": "-0.96840", "2009-03-31": "1.09570", "2008-12-31": "-3.23100", "2008-09-30": "4.01620", "2008-06-30": "2.10920", "2008-03-31": "4.97000", "2007-12-31": "1.93010", "2007-09-30": "4.04770", "2007-06-30": "2.56490", "2007-03-31": "4.24970", "2006-12-31": "3.25140", "2006-09-30": "5.23860", "2006-06-30": "4.40110", "2006-03-31": "4.46810", "2005-12-31": "1.72190", "2005-09-30": "3.75400", "2005-06-30": "4.96330", "2005-03-31": "3.36350"}, "ROA - Return On Assets": {"2020-09-30": "1.43770", "2020-06-30": "-1.02100", "2020-03-31": "0.76290", "2019-12-31": "1.68610", "2019-09-30": "2.66600", "2019-06-30": "2.08080", "2019-03-31": "3.17440", "2018-12-31": "2.07870", "2018-09-30": "3.52980", "2018-06-30": "2.02480", "2018-03-31": "4.67500", "2017-12-31": "-1.89250", "2017-09-30": "3.96660", "2017-06-30": "2.81300", "2017-03-31": "4.43260", "2016-12-31": "0.63370", "2016-09-30": "3.43650", "2016-06-30": "3.66620", "2016-03-31": "5.30060", "2015-12-31": "1.88690", "2015-09-30": "3.80460", "2015-06-30": "4.55240", "2015-03-31": "3.59820", "2014-12-31": "1.54370", "2014-09-30": "3.42250", "2014-06-30": "2.46320", "2014-03-31": "2.36260", "2013-12-31": "1.14310", "2013-09-30": "2.08660", "2013-06-30": "0.66920", "2013-03-31": "0.60120", "2012-12-31": "0.27350", "2012-09-30": "0.88140", "2012-06-30": "-0.10020", "2012-03-31": "-0.25980", "2011-12-31": "-4.52750", "2011-09-30": "0.66940", "2011-06-30": "-2.22860", "2011-03-31": "0.91230", "2010-12-31": "0.25950", "2010-09-30": "2.97320", "2010-06-30": "3.54950", "2010-03-31": "5.28900", "2009-12-31": "2.64930", "2009-09-30": "2.56310", "2009-06-30": "-0.73520", "2009-03-31": "0.90530", "2008-12-31": "-2.45730", "2008-09-30": "3.05320", "2008-06-30": "1.56470", "2008-03-31": "3.82340", "2007-12-31": "1.46070", "2007-09-30": "3.21360", "2007-06-30": "1.87760", "2007-03-31": "3.36980", "2006-12-31": "1.97830", "2006-09-30": "3.23410", "2006-06-30": "2.61910", "2006-03-31": "2.81980", "2005-12-31": "1.01400", "2005-09-30": "2.27750", "2005-06-30": "2.66780", "2005-03-31": "1.95190"}, "ROI - Return On Investment": {"2020-09-30": "2.46970", "2020-06-30": "-1.77130", "2020-03-31": "1.26350", "2019-12-31": "3.19120", "2019-09-30": "5.11220", "2019-06-30": "3.79580", "2019-03-31": "5.62490", "2018-12-31": "2.94660", "2018-09-30": "4.74070", "2018-06-30": "2.78700", "2018-03-31": "6.37230", "2017-12-31": "-2.56330", "2017-09-30": "5.15820", "2017-06-30": "3.76120", "2017-03-31": "5.69850", "2016-12-31": "0.86550", "2016-09-30": "4.39290", "2016-06-30": "5.06160", "2016-03-31": "6.99530", "2015-12-31": "2.66430", "2015-09-30": "5.29030", "2015-06-30": "6.73120", "2015-03-31": "5.09490", "2014-12-31": "2.24990", "2014-09-30": "4.53820", "2014-06-30": "3.27900", "2014-03-31": "2.93320", "2013-12-31": "1.46850", "2013-09-30": "2.61230", "2013-06-30": "0.83650", "2013-03-31": "0.71940", "2012-12-31": "0.34990", "2012-09-30": "1.17580", "2012-06-30": "-0.13920", "2012-03-31": "-0.35120", "2011-12-31": "-5.98900", "2011-09-30": "0.81750", "2011-06-30": "-2.92350", "2011-03-31": "1.19390", "2010-12-31": "0.33950", "2010-09-30": "3.81650", "2010-06-30": "4.45890", "2010-03-31": "6.85630", "2009-12-31": "3.44770", "2009-09-30": "3.24660", "2009-06-30": "-0.93970", "2009-03-31": "1.06210", "2008-12-31": "-3.12960", "2008-09-30": "3.92490", "2008-06-30": "2.05960", "2008-03-31": "4.84980", "2007-12-31": "1.88050", "2007-09-30": "3.93970", "2007-06-30": "2.49230", "2007-03-31": "4.12400", "2006-12-31": "2.62300", "2006-09-30": "5.02960", "2006-06-30": "4.21340", "2006-03-31": "3.46130", "2005-12-31": "1.30810", "2005-09-30": "2.83670", "2005-06-30": "3.70260", "2005-03-31": "2.47470"}, "Book Value Per Share": {"2020-09-30": "17.09660", "2020-06-30": "15.77930", "2020-03-31": "16.84280", "2019-12-31": "16.52410", "2019-09-30": "15.27220", "2019-06-30": "15.15860", "2019-03-31": "14.58660", "2018-12-31": "14.26160", "2018-09-30": "13.98550", "2018-06-30": "13.51700", "2018-03-31": "13.30540", "2017-12-31": "12.46230", "2017-09-30": "12.83140", "2017-06-30": "12.08740", "2017-03-31": "11.60070", "2016-12-31": "10.87910", "2016-09-30": "10.85800", "2016-06-30": "10.32320", "2016-03-31": "9.73260", "2015-12-31": "8.95650", "2015-09-30": "8.66740", "2015-06-30": "8.45050", "2015-03-31": "7.83780", "2014-12-31": "7.44790", "2014-09-30": "7.28380", "2014-06-30": "6.94660", "2014-03-31": "6.68060", "2013-12-31": "6.46070", "2013-09-30": "6.38240", "2013-06-30": "6.18540", "2013-03-31": "6.15790", "2012-12-31": "6.09130", "2012-09-30": "6.16870", "2012-06-30": "5.97650", "2012-03-31": "6.06810", "2011-12-31": "6.04010", "2011-09-30": "6.48910", "2011-06-30": "6.51540", "2011-03-31": "6.67380", "2010-12-31": "6.54040", "2010-09-30": "6.59820", "2010-06-30": "6.23670", "2010-03-31": "5.75720", "2009-12-31": "5.36160", "2009-09-30": "5.14650", "2009-06-30": "4.95300", "2009-03-31": "4.87140", "2008-12-31": "4.84850", "2008-09-30": "5.05360", "2008-06-30": "4.91620", "2008-03-31": "4.79650", "2007-12-31": "4.55650", "2007-09-30": "4.45760", "2007-06-30": "4.25170", "2007-03-31": "4.12190", "2006-12-31": "3.57520", "2006-09-30": "3.42230", "2006-06-30": "3.23790", "2006-03-31": "3.04200", "2005-12-31": "2.86290", "2005-09-30": "2.81910", "2005-06-30": "2.70450", "2005-03-31": "2.58570"}, "Operating Cash Flow Per Share": {"2020-09-30": -0.7759, "2020-06-30": 2.0165, "2020-03-31": "-0.87280", "2019-12-31": 0.4988, "2019-09-30": 0.6782, "2019-06-30": 2.0021, "2019-03-31": "-0.41200", "2018-12-31": 0.9929, "2018-09-30": 1.014, "2018-06-30": 1.6048, "2018-03-31": "0.02240", "2017-12-31": -0.1017, "2017-09-30": 0.4208, "2017-06-30": 1.2402, "2017-03-31": "-0.54130", "2016-12-31": 0.7665, "2016-09-30": 0.3895, "2016-06-30": 1.3784, "2016-03-31": "-0.20260", "2015-12-31": 0.4756, "2015-09-30": 0.4658, "2015-06-30": 0.8801, "2015-03-31": "-0.31560", "2014-12-31": 0.2885, "2014-09-30": 0.2959, "2014-06-30": 0.6605, "2014-03-31": "-0.17430", "2013-12-31": 0.3524, "2013-09-30": 0.1025, "2013-06-30": 0.5469, "2013-03-31": "-0.34800", "2012-12-31": 0.1154, "2012-09-30": -0.4079, "2012-06-30": -0.0659, "2012-03-31": "0.33540", "2011-12-31": 0.6495, "2011-09-30": 0.1252, "2011-06-30": 0.3728, "2011-03-31": "-0.01380", "2010-12-31": -0.3171, "2010-09-30": 0.0492, "2010-06-30": -0.2206, "2010-03-31": "0.16650", "2009-12-31": 0.1756, "2009-09-30": 0.1468, "2009-06-30": 0.6946, "2009-03-31": "-0.20240", "2008-12-31": -0.0517, "2008-09-30": 0.0848, "2008-06-30": 0.018, "2008-03-31": "-0.20690", "2007-12-31": 0.5757, "2007-09-30": 0.0927, "2007-06-30": 0.3424, "2007-03-31": "-0.28800", "2006-12-31": 0.1157, "2006-09-30": 0.0658, "2006-06-30": 0.1628, "2006-03-31": "-0.15620", "2005-12-31": 0.1661, "2005-09-30": 0.2483, "2005-06-30": 0.1405, "2005-03-31": "0.01040"}, "Free Cash Flow Per Share": {"2020-09-30": -1.1808, "2020-06-30": 1.5298, "2020-03-31": "-1.35700", "2019-12-31": 0.1015, "2019-09-30": 0.3967, "2019-06-30": 1.4327, "2019-03-31": "-0.65950", "2018-12-31": 0.7012, "2018-09-30": 0.7785, "2018-06-30": 1.4363, "2018-03-31": "-0.19620", "2017-12-31": -0.32, "2017-09-30": 0.2588, "2017-06-30": 0.9356, "2017-03-31": "-0.72650", "2016-12-31": 0.5164, "2016-09-30": 0.2242, "2016-06-30": 1.2508, "2016-03-31": "-0.43000", "2015-12-31": 0.0862, "2015-09-30": 0.3034, "2015-06-30": 0.7611, "2015-03-31": "-0.41090", "2014-12-31": 0.1911, "2014-09-30": 0.1781, "2014-06-30": 0.5784, "2014-03-31": "-0.24880", "2013-12-31": 0.2748, "2013-09-30": 0.024, "2013-06-30": 0.4821, "2013-03-31": "-0.39930", "2012-12-31": -0.0466, "2012-09-30": -0.4433, "2012-06-30": -0.1402, "2012-03-31": "0.25700", "2011-12-31": 0.698, "2011-09-30": -0.0057, "2011-06-30": 0.0259, "2011-03-31": "-0.30730", "2010-12-31": -0.4314, "2010-09-30": -0.194, "2010-06-30": -0.3767, "2010-03-31": "0.12100", "2009-12-31": 0.1463, "2009-09-30": 0.1195, "2009-06-30": 0.6188, "2009-03-31": "-0.32010", "2008-12-31": -0.2286, "2008-09-30": 0.0141, "2008-06-30": -0.153, "2008-03-31": "-0.30540", "2007-12-31": 0.5406, "2007-09-30": 0.0287, "2007-06-30": 0.274, "2007-03-31": "-0.34280", "2006-12-31": 0.0547, "2006-09-30": -0.0001, "2006-06-30": 0.1164, "2006-03-31": "-0.18200", "2005-12-31": 0.1422, "2005-09-30": 0.2262, "2005-06-30": 0.0945, "2005-03-31": "0.00040"}}, "revenue": {"Skechers U.S.A Annual Revenue (Millions of US $)": {"2020": "$4,597", "2019": "$5,220", "2018": "$4,642", "2017": "$4,164", "2016": "$3,563", "2015": "$3,147", "2014": "$2,378", "2013": "$1,846", "2012": "$1,560", "2011": "$1,606", "2010": "$2,007", "2009": "$1,436", "2008": "$1,441", "2007": "$1,394", "2006": "$1,205", "2005": "$1,006"}, "Skechers U.S.A Quarterly Revenue (Millions of US $)": {"2020-12-31": "$1,325", "2020-09-30": "$1,301", "2020-06-30": "$729", "2020-03-31": "$1,242", "2019-12-31": "$1,331", "2019-09-30": "$1,354", "2019-06-30": "$1,259", "2019-03-31": "$1,277", "2018-12-31": "$1,081", "2018-09-30": "$1,176", "2018-06-30": "$1,135", "2018-03-31": "$1,250", "2017-12-31": "$971", "2017-09-30": "$1,095", "2017-06-30": "$1,026", "2017-03-31": "$1,073", "2016-12-31": "$764", "2016-09-30": "$942", "2016-06-30": "$878", "2016-03-31": "$979", "2015-12-31": "$723", "2015-09-30": "$856", "2015-06-30": "$800", "2015-03-31": "$768", "2014-12-31": "$570", "2014-09-30": "$674", "2014-06-30": "$587", "2014-03-31": "$547", "2013-12-31": "$451", "2013-09-30": "$516", "2013-06-30": "$428", "2013-03-31": "$452", "2012-12-31": "$396", "2012-09-30": "$429", "2012-06-30": "$384", "2012-03-31": "$351", "2011-12-31": "$283", "2011-09-30": "$412", "2011-06-30": "$434", "2011-03-31": "$476", "2010-12-31": "$455", "2010-09-30": "$555", "2010-06-30": "$505", "2010-03-31": "$493", "2009-12-31": "$389", "2009-09-30": "$405", "2009-06-30": "$299", "2009-03-31": "$343", "2008-12-31": "$298", "2008-09-30": "$403", "2008-06-30": "$355", "2008-03-31": "$385", "2007-12-31": "$302", "2007-09-30": "$395", "2007-06-30": "$352", "2007-03-31": "$345", "2006-12-31": "$304", "2006-09-30": "$331", "2006-06-30": "$292", "2006-03-31": "$278", "2005-12-31": "$223", "2005-09-30": "$273", "2005-06-30": "$264", "2005-03-31": "$246"}}, "gross-profit": {"Skechers U.S.A Annual Gross Profit (Millions of US $)": {"2020": "$2,190", "2019": "$2,491", "2018": "$2,224", "2017": "$1,939", "2016": "$1,635", "2015": "$1,424", "2014": "$1,072", "2013": "$819", "2012": "$683", "2011": "$624", "2010": "$912", "2009": "$621", "2008": "$596", "2007": "$600", "2006": "$523", "2005": "$420"}, "Skechers U.S.A Quarterly Gross Profit (Millions of US $)": {"2020-12-31": "$648", "2020-09-30": "$625", "2020-06-30": "$369", "2020-03-31": "$548", "2019-12-31": "$638", "2019-09-30": "$653", "2019-06-30": "$610", "2019-03-31": "$591", "2018-12-31": "$516", "2018-09-30": "$564", "2018-06-30": "$561", "2018-03-31": "$583", "2017-12-31": "$454", "2017-09-30": "$520", "2017-06-30": "$488", "2017-03-31": "$476", "2016-12-31": "$356", "2016-09-30": "$430", "2016-06-30": "$416", "2016-03-31": "$432", "2015-12-31": "$330", "2015-09-30": "$387", "2015-06-30": "$375", "2015-03-31": "$333", "2014-12-31": "$258", "2014-09-30": "$304", "2014-06-30": "$269", "2014-03-31": "$240", "2013-12-31": "$201", "2013-09-30": "$231", "2013-06-30": "$195", "2013-03-31": "$193", "2012-12-31": "$168", "2012-09-30": "$188", "2012-06-30": "$171", "2012-03-31": "$156", "2011-12-31": "$113", "2011-09-30": "$175", "2011-06-30": "$143", "2011-03-31": "$193", "2010-12-31": "$184", "2010-09-30": "$253", "2010-06-30": "$238", "2010-03-31": "$237", "2009-12-31": "$189", "2009-09-30": "$184", "2009-06-30": "$123", "2009-03-31": "$125", "2008-12-31": "$95", "2008-09-30": "$172", "2008-06-30": "$157", "2008-03-31": "$172", "2007-12-31": "$127", "2007-09-30": "$172", "2007-06-30": "$152", "2007-03-31": "$149", "2006-12-31": "$128", "2006-09-30": "$146", "2006-06-30": "$131", "2006-03-31": "$118", "2005-12-31": "$93", "2005-09-30": "$115", "2005-06-30": "$112", "2005-03-31": "$100"}}, "operating-income": {"Skechers U.S.A Annual Operating Income (Millions of US $)": {"2020": "$134", "2019": "$518", "2018": "$438", "2017": "$383", "2016": "$371", "2015": "$351", "2014": "$209", "2013": "$94", "2012": "$22", "2011": "$-134", "2010": "$196", "2009": "$70", "2008": "$58", "2007": "$113", "2006": "$113", "2005": "$76"}, "Skechers U.S.A Quarterly Operating Income (Millions of US $)": {"2020-12-31": "$58", "2020-09-30": "$92", "2020-06-30": "$-61", "2020-03-31": "$45", "2019-12-31": "$94", "2019-09-30": "$147", "2019-06-30": "$111", "2019-03-31": "$166", "2018-12-31": "$84", "2018-09-30": "$124", "2018-06-30": "$81", "2018-03-31": "$149", "2017-12-31": "$56", "2017-09-30": "$116", "2017-06-30": "$86", "2017-03-31": "$124", "2016-12-31": "$28", "2016-09-30": "$103", "2016-06-30": "$100", "2016-03-31": "$139", "2015-12-31": "$55", "2015-09-30": "$96", "2015-06-30": "$112", "2015-03-31": "$88", "2014-12-31": "$33", "2014-09-30": "$74", "2014-06-30": "$54", "2014-03-31": "$48", "2013-12-31": "$17", "2013-09-30": "$44", "2013-06-30": "$17", "2013-03-31": "$15", "2012-12-31": "$8", "2012-09-30": "$20", "2012-06-30": "$-2", "2012-03-31": "$-4", "2011-12-31": "$-103", "2011-09-30": "$2", "2011-06-30": "$-48", "2011-03-31": "$15", "2010-12-31": "$0", "2010-09-30": "$56", "2010-06-30": "$59", "2010-03-31": "$81", "2009-12-31": "$39", "2009-09-30": "$32", "2009-06-30": "$-8", "2009-03-31": "$6", "2008-12-31": "$-35", "2008-09-30": "$25", "2008-06-30": "$20", "2008-03-31": "$48", "2007-12-31": "$17", "2007-09-30": "$37", "2007-06-30": "$22", "2007-03-31": "$37", "2006-12-31": "$23", "2006-09-30": "$34", "2006-06-30": "$27", "2006-03-31": "$27", "2005-12-31": "$11", "2005-09-30": "$21", "2005-06-30": "$27", "2005-03-31": "$17"}}, "ebitda": {"Skechers U.S.A Annual EBITDA (Millions of US $)": {"2019": "$630", "2018": "$547", "2017": "$479", "2016": "$450", "2015": "$404", "2014": "$259", "2013": "$138", "2012": "$66", "2011": "$-97", "2010": "$223", "2009": "$92", "2008": "$76", "2007": "$131", "2006": "$130", "2005": "$100"}, "Skechers U.S.A Quarterly EBITDA (Millions of US $)": {"2020-09-30": "$126", "2020-06-30": "$-29", "2020-03-31": "$84", "2019-12-31": "$125", "2019-09-30": "$176", "2019-06-30": "$136", "2019-03-31": "$193", "2018-12-31": "$112", "2018-09-30": "$151", "2018-06-30": "$109", "2018-03-31": "$176", "2017-12-31": "$82", "2017-09-30": "$141", "2017-06-30": "$110", "2017-03-31": "$147", "2016-12-31": "$50", "2016-09-30": "$124", "2016-06-30": "$119", "2016-03-31": "$156", "2015-12-31": "$65", "2015-09-30": "$111", "2015-06-30": "$127", "2015-03-31": "$102", "2014-12-31": "$46", "2014-09-30": "$87", "2014-06-30": "$66", "2014-03-31": "$60", "2013-12-31": "$29", "2013-09-30": "$55", "2013-06-30": "$28", "2013-03-31": "$26", "2012-12-31": "$19", "2012-09-30": "$31", "2012-06-30": "$10", "2012-03-31": "$6", "2011-12-31": "$-92", "2011-09-30": "$11", "2011-06-30": "$-40", "2011-03-31": "$23", "2010-12-31": "$8", "2010-09-30": "$63", "2010-06-30": "$65", "2010-03-31": "$87", "2009-12-31": "$45", "2009-09-30": "$38", "2009-06-30": "$-3", "2009-03-31": "$11", "2008-12-31": "$-30", "2008-09-30": "$29", "2008-06-30": "$24", "2008-03-31": "$53", "2007-12-31": "$22", "2007-09-30": "$41", "2007-06-30": "$26", "2007-03-31": "$42", "2006-12-31": "$28", "2006-09-30": "$39", "2006-06-30": "$32", "2006-03-31": "$32", "2005-12-31": "$17", "2005-09-30": "$27", "2005-06-30": "$33", "2005-03-31": "$23"}}, "net-income": {"Skechers U.S.A Annual Net Income (Millions of US $)": {"2020": "$99", "2019": "$347", "2018": "$301", "2017": "$179", "2016": "$243", "2015": "$232", "2014": "$139", "2013": "$55", "2012": "$10", "2011": "$-67", "2010": "$136", "2009": "$55", "2008": "$55", "2007": "$76", "2006": "$71", "2005": "$45"}, "Skechers U.S.A Quarterly Net Income (Millions of US $)": {"2020-12-31": "$53", "2020-09-30": "$64", "2020-06-30": "$-68", "2020-03-31": "$49", "2019-12-31": "$60", "2019-09-30": "$103", "2019-06-30": "$75", "2019-03-31": "$109", "2018-12-31": "$47", "2018-09-30": "$91", "2018-06-30": "$45", "2018-03-31": "$118", "2017-12-31": "$-67", "2017-09-30": "$92", "2017-06-30": "$60", "2017-03-31": "$94", "2016-12-31": "$7", "2016-09-30": "$65", "2016-06-30": "$74", "2016-03-31": "$98", "2015-12-31": "$29", "2015-09-30": "$67", "2015-06-30": "$80", "2015-03-31": "$56", "2014-12-31": "$22", "2014-09-30": "$51", "2014-06-30": "$35", "2014-03-31": "$31", "2013-12-31": "$14", "2013-09-30": "$27", "2013-06-30": "$7", "2013-03-31": "$7", "2012-12-31": "$4", "2012-09-30": "$11", "2012-06-30": "$-2", "2012-03-31": "$-4", "2011-12-31": "$-58", "2011-09-30": "$8", "2011-06-30": "$-30", "2011-03-31": "$12", "2010-12-31": "$3", "2010-09-30": "$36", "2010-06-30": "$40", "2010-03-31": "$56", "2009-12-31": "$28", "2009-09-30": "$24", "2009-06-30": "$-6", "2009-03-31": "$8", "2008-12-31": "$-20", "2008-09-30": "$28", "2008-06-30": "$15", "2008-03-31": "$33", "2007-12-31": "$12", "2007-09-30": "$25", "2007-06-30": "$15", "2007-03-31": "$24", "2006-12-31": "$15", "2006-09-30": "$22", "2006-06-30": "$18", "2006-03-31": "$17", "2005-12-31": "$6", "2005-09-30": "$13", "2005-06-30": "$16", "2005-03-31": "$10"}}, "eps-earnings-per-share-diluted": {"Skechers U.S.A Annual EPS": {"2020": "$0.64", "2019": "$2.25", "2018": "$1.92", "2017": "$1.14", "2016": "$1.57", "2015": "$1.50", "2014": "$0.91", "2013": "$0.36", "2012": "$0.06", "2011": "$-0.46", "2010": "$0.93", "2009": "$0.39", "2008": "$0.40", "2007": "$0.54", "2006": "$0.53", "2005": "$0.35"}, "Skechers U.S.A Quarterly EPS": {"2020-12-31": "$0.34", "2020-09-30": "$0.41", "2020-06-30": "$-0.44", "2020-03-31": "$0.32", "2019-12-31": "$0.38", "2019-09-30": "$0.67", "2019-06-30": "$0.49", "2019-03-31": "$0.71", "2018-12-31": "$0.30", "2018-09-30": "$0.58", "2018-06-30": "$0.29", "2018-03-31": "$0.75", "2017-12-31": "$-0.43", "2017-09-30": "$0.59", "2017-06-30": "$0.38", "2017-03-31": "$0.60", "2016-12-31": "$0.04", "2016-09-30": "$0.42", "2016-06-30": "$0.48", "2016-03-31": "$0.63", "2015-12-31": "$0.18", "2015-09-30": "$0.43", "2015-06-30": "$0.52", "2015-03-31": "$0.37", "2014-12-31": "$0.15", "2014-09-30": "$0.33", "2014-06-30": "$0.23", "2014-03-31": "$0.20", "2013-12-31": "$0.09", "2013-09-30": "$0.18", "2013-06-30": "$0.05", "2013-03-31": "$0.04", "2012-12-31": "$0.03", "2012-09-30": "$0.07", "2012-06-30": "$-0.01", "2012-03-31": "$-0.02", "2011-12-31": "$-0.39", "2011-09-30": "$0.06", "2011-06-30": "$-0.21", "2011-03-31": "$0.08", "2010-12-31": "$0.02", "2010-09-30": "$0.25", "2010-06-30": "$0.27", "2010-03-31": "$0.38", "2009-12-31": "$0.20", "2009-09-30": "$0.17", "2009-06-30": "$-0.04", "2009-03-31": "$0.06", "2008-12-31": "$-0.14", "2008-09-30": "$0.20", "2008-06-30": "$0.10", "2008-03-31": "$0.23", "2007-12-31": "$0.09", "2007-09-30": "$0.18", "2007-06-30": "$0.11", "2007-03-31": "$0.17", "2006-12-31": "$0.11", "2006-09-30": "$0.16", "2006-06-30": "$0.13", "2006-03-31": "$0.13", "2005-12-31": "$0.04", "2005-09-30": "$0.10", "2005-06-30": "$0.13", "2005-03-31": "$0.08"}}, "shares-outstanding": {"Skechers U.S.A Annual Shares Outstanding (Millions of Shares)": {"2020": "155", "2019": "154", "2018": "156", "2017": "157", "2016": "155", "2015": "154", "2014": "153", "2013": "152", "2012": "150", "2011": "145", "2010": "147", "2009": "141", "2008": "140", "2007": "140", "2006": "138", "2005": "134"}, "Skechers U.S.A Quarterly Shares Outstanding (Millions of Shares)": {"2020-12-31": "155", "2020-09-30": "155", "2020-06-30": "154", "2020-03-31": "155", "2019-12-31": "154", "2019-09-30": "154", "2019-06-30": "154", "2019-03-31": "154", "2018-12-31": "156", "2018-09-30": "156", "2018-06-30": "157", "2018-03-31": "158", "2017-12-31": "157", "2017-09-30": "157", "2017-06-30": "156", "2017-03-31": "156", "2016-12-31": "155", "2016-09-30": "155", "2016-06-30": "155", "2016-03-31": "155", "2015-12-31": "154", "2015-09-30": "154", "2015-06-30": "154", "2015-03-31": "153", "2014-12-31": "153", "2014-09-30": "153", "2014-06-30": "153", "2014-03-31": "153", "2013-12-31": "152", "2013-09-30": "152", "2013-06-30": "151", "2013-03-31": "151", "2012-12-31": "150", "2012-09-30": "150", "2012-06-30": "148", "2012-03-31": "148", "2011-12-31": "145", "2011-09-30": "148", "2011-06-30": "145", "2011-03-31": "148", "2010-12-31": "147", "2010-09-30": "148", "2010-06-30": "147", "2010-03-31": "146", "2009-12-31": "141", "2009-09-30": "141", "2009-06-30": "139", "2009-03-31": "139", "2008-12-31": "140", "2008-09-30": "141", "2008-06-30": "140", "2008-03-31": "140", "2007-12-31": "140", "2007-09-30": "140", "2007-06-30": "140", "2007-03-31": "140", "2006-12-31": "138", "2006-09-30": "139", "2006-06-30": "138", "2006-03-31": "136", "2005-12-31": "134", "2005-09-30": "135", "2005-06-30": "132", "2005-03-31": "133"}}, "total-assets": {"Skechers U.S.A Annual Total Assets (Millions of US $)": {"2019": "$4,893", "2018": "$3,228", "2017": "$2,735", "2016": "$2,394", "2015": "$2,040", "2014": "$1,675", "2013": "$1,409", "2012": "$1,340", "2011": "$1,282", "2010": "$1,305", "2009": "$996", "2008": "$876", "2007": "$828", "2006": "$737", "2005": "$582"}, "Skechers U.S.A Quarterly Total Assets (Millions of US $)": {"2020-09-30": "$5,711", "2020-06-30": "$5,408", "2020-03-31": "$5,395", "2019-12-31": "$4,893", "2019-09-30": "$4,566", "2019-06-30": "$4,421", "2019-03-31": "$4,127", "2018-12-31": "$3,228", "2018-09-30": "$3,004", "2018-06-30": "$3,006", "2018-03-31": "$2,936", "2017-12-31": "$2,735", "2017-09-30": "$2,693", "2017-06-30": "$2,609", "2017-03-31": "$2,406", "2016-12-31": "$2,394", "2016-09-30": "$2,227", "2016-06-30": "$2,291", "2016-03-31": "$2,068", "2015-12-31": "$2,040", "2015-09-30": "$1,941", "2015-06-30": "$1,913", "2015-03-31": "$1,714", "2014-12-31": "$1,675", "2014-09-30": "$1,609", "2014-06-30": "$1,551", "2014-03-31": "$1,399", "2013-12-31": "$1,409", "2013-09-30": "$1,358", "2013-06-30": "$1,322", "2013-03-31": "$1,262", "2012-12-31": "$1,340", "2012-09-30": "$1,316", "2012-06-30": "$1,341", "2012-03-31": "$1,313", "2011-12-31": "$1,282", "2011-09-30": "$1,248", "2011-06-30": "$1,348", "2011-03-31": "$1,332", "2010-12-31": "$1,305", "2010-09-30": "$1,230", "2010-06-30": "$1,136", "2010-03-31": "$1,061", "2009-12-31": "$996", "2009-09-30": "$928", "2009-06-30": "$901", "2009-03-31": "$812", "2008-12-31": "$876", "2008-09-30": "$914", "2008-06-30": "$911", "2008-03-31": "$859", "2007-12-31": "$828", "2007-09-30": "$770", "2007-06-30": "$796", "2007-03-31": "$709", "2006-12-31": "$737", "2006-09-30": "$686", "2006-06-30": "$673", "2006-03-31": "$589", "2005-12-31": "$582", "2005-09-30": "$555", "2005-06-30": "$597", "2005-03-31": "$526"}}, "cash-on-hand": {"Skechers U.S.A Annual Cash on Hand (Millions of US $)": {"2019": "$937", "2018": "$972", "2017": "$736", "2016": "$719", "2015": "$508", "2014": "$467", "2013": "$372", "2012": "$326", "2011": "$351", "2010": "$234", "2009": "$296", "2008": "$115", "2007": "$304", "2006": "$220", "2005": "$197"}, "Skechers U.S.A Quarterly Cash on Hand (Millions of US $)": {"2020-09-30": "$1,401", "2020-06-30": "$1,458", "2020-03-31": "$1,289", "2019-12-31": "$937", "2019-09-30": "$931", "2019-06-30": "$884", "2019-03-31": "$784", "2018-12-31": "$972", "2018-09-30": "$890", "2018-06-30": "$888", "2018-03-31": "$700", "2017-12-31": "$736", "2017-09-30": "$803", "2017-06-30": "$752", "2017-03-31": "$608", "2016-12-31": "$719", "2016-09-30": "$665", "2016-06-30": "$629", "2016-03-31": "$444", "2015-12-31": "$508", "2015-09-30": "$511", "2015-06-30": "$514", "2015-03-31": "$397", "2014-12-31": "$467", "2014-09-30": "$441", "2014-06-30": "$415", "2014-03-31": "$329", "2013-12-31": "$372", "2013-09-30": "$333", "2013-06-30": "$333", "2013-03-31": "$265", "2012-12-31": "$326", "2012-09-30": "$308", "2012-06-30": "$374", "2012-03-31": "$392", "2011-12-31": "$351", "2011-09-30": "$248", "2011-06-30": "$251", "2011-03-31": "$198", "2010-12-31": "$234", "2010-09-30": "$249", "2010-06-30": "$273", "2010-03-31": "$326", "2009-12-31": "$296", "2009-09-30": "$276", "2009-06-30": "$257", "2009-03-31": "$73", "2008-12-31": "$115", "2008-09-30": "$151", "2008-06-30": "$146", "2008-03-31": "$152", "2007-12-31": "$304", "2007-09-30": "$224", "2007-06-30": "$219", "2007-03-31": "$177", "2006-12-31": "$220", "2006-09-30": "$205", "2006-06-30": "$205", "2006-03-31": "$181", "2005-12-31": "$197", "2005-09-30": "$183", "2005-06-30": "$151", "2005-03-31": "$139"}}, "long-term-debt": {"Skechers U.S.A Annual Long Term Debt (Millions of US $)": {"2019": "$49", "2018": "$88", "2017": "$71", "2016": "$67", "2015": "$69", "2014": "$15", "2013": "$116", "2012": "$129", "2011": "$77", "2010": "$52", "2009": "$16", "2008": "$16", "2007": "$16", "2006": "$107", "2005": "$107"}, "Skechers U.S.A Quarterly Long Term Debt (Millions of US $)": {"2020-09-30": "$684", "2020-06-30": "$680", "2020-03-31": "$669", "2019-12-31": "$49", "2019-09-30": "$40", "2019-06-30": "$100", "2019-03-31": "$94", "2018-12-31": "$88", "2018-09-30": "$70", "2018-06-30": "$70", "2018-03-31": "$71", "2017-12-31": "$71", "2017-09-30": "$71", "2017-06-30": "$68", "2017-03-31": "$69", "2016-12-31": "$67", "2016-09-30": "$68", "2016-06-30": "$68", "2016-03-31": "$68", "2015-12-31": "$69", "2015-09-30": "$70", "2015-06-30": "$2", "2015-03-31": "$14", "2014-12-31": "$15", "2014-09-30": "$107", "2014-06-30": "$110", "2014-03-31": "$113", "2013-12-31": "$116", "2013-09-30": "$120", "2013-06-30": "$123", "2013-03-31": "$126", "2012-12-31": "$129", "2012-09-30": "$70", "2012-06-30": "$71", "2012-03-31": "$74", "2011-12-31": "$77", "2011-09-30": "$79", "2011-06-30": "$81", "2011-03-31": "$50", "2010-12-31": "$52", "2010-09-30": "$16", "2010-06-30": "$15", "2010-03-31": "", "2009-12-31": "$16", "2009-09-30": "$16", "2009-06-30": "$16", "2009-03-31": "$16", "2008-12-31": "$16", "2008-09-30": "$16", "2008-06-30": "$16", "2008-03-31": "$16", "2007-12-31": "$16", "2007-09-30": "$17", "2007-06-30": "$17", "2007-03-31": "$17", "2006-12-31": "$107", "2006-09-30": "$17", "2006-06-30": "$17", "2006-03-31": "$107", "2005-12-31": "$107", "2005-09-30": "$108", "2005-06-30": "$108", "2005-03-31": "$108"}}, "total-liabilities": {"Skechers U.S.A Annual Total Liabilities (Millions of US $)": {"2019": "$2,357", "2018": "$1,039", "2017": "$787", "2016": "$708", "2015": "$664", "2014": "$541", "2013": "$429", "2012": "$421", "2011": "$389", "2010": "$359", "2009": "$246", "2008": "$204", "2007": "$201", "2006": "$288", "2005": "$238"}, "Skechers U.S.A Quarterly Total Liabilities (Millions of US $)": {"2020-09-30": "$3,070", "2020-06-30": "$2,971", "2020-03-31": "$2,807", "2019-12-31": "$2,357", "2019-09-30": "$2,225", "2019-06-30": "$2,098", "2019-03-31": "$1,892", "2018-12-31": "$1,039", "2018-09-30": "$837", "2018-06-30": "$892", "2018-03-31": "$853", "2017-12-31": "$787", "2017-09-30": "$694", "2017-06-30": "$726", "2017-03-31": "$603", "2016-12-31": "$708", "2016-09-30": "$553", "2016-06-30": "$700", "2016-03-31": "$570", "2015-12-31": "$664", "2015-09-30": "$615", "2015-06-30": "$621", "2015-03-31": "$517", "2014-12-31": "$541", "2014-09-30": "$503", "2014-06-30": "$496", "2014-03-31": "$386", "2013-12-31": "$429", "2013-09-30": "$393", "2013-06-30": "$387", "2013-03-31": "$333", "2012-12-31": "$421", "2012-09-30": "$400", "2012-06-30": "$447", "2012-03-31": "$415", "2011-12-31": "$389", "2011-09-30": "$305", "2011-06-30": "$402", "2011-03-31": "$365", "2010-12-31": "$359", "2010-09-30": "$288", "2010-06-30": "$246", "2010-03-31": "$243", "2009-12-31": "$246", "2009-09-30": "$211", "2009-06-30": "$212", "2009-03-31": "$136", "2008-12-31": "$204", "2008-09-30": "$219", "2008-06-30": "$235", "2008-03-31": "$198", "2007-12-31": "$201", "2007-09-30": "$158", "2007-06-30": "$213", "2007-03-31": "$146", "2006-12-31": "$288", "2006-09-30": "$262", "2006-06-30": "$271", "2006-03-31": "$216", "2005-12-31": "$238", "2005-09-30": "$217", "2005-06-30": "$275", "2005-03-31": "$219"}}, "total-share-holder-equity": {"Skechers U.S.A Annual Share Holder Equity (Millions of US $)": {"2019": "$2,536", "2018": "$2,189", "2017": "$1,948", "2016": "$1,686", "2015": "$1,376", "2014": "$1,134", "2013": "$980", "2012": "$919", "2011": "$893", "2010": "$946", "2009": "$749", "2008": "$672", "2007": "$627", "2006": "$449", "2005": "$344"}, "Skechers U.S.A Quarterly Share Holder Equity (Millions of US $)": {"2020-09-30": "$2,641", "2020-06-30": "$2,437", "2020-03-31": "$2,588", "2019-12-31": "$2,536", "2019-09-30": "$2,341", "2019-06-30": "$2,324", "2019-03-31": "$2,236", "2018-12-31": "$2,189", "2018-09-30": "$2,167", "2018-06-30": "$2,113", "2018-03-31": "$2,083", "2017-12-31": "$1,948", "2017-09-30": "$2,000", "2017-06-30": "$1,883", "2017-03-31": "$1,803", "2016-12-31": "$1,686", "2016-09-30": "$1,675", "2016-06-30": "$1,592", "2016-03-31": "$1,499", "2015-12-31": "$1,376", "2015-09-30": "$1,325", "2015-06-30": "$1,292", "2015-03-31": "$1,197", "2014-12-31": "$1,134", "2014-09-30": "$1,106", "2014-06-30": "$1,055", "2014-03-31": "$1,013", "2013-12-31": "$980", "2013-09-30": "$965", "2013-06-30": "$935", "2013-03-31": "$929", "2012-12-31": "$919", "2012-09-30": "$916", "2012-06-30": "$894", "2012-03-31": "$897", "2011-12-31": "$893", "2011-09-30": "$943", "2011-06-30": "$947", "2011-03-31": "$967", "2010-12-31": "$946", "2010-09-30": "$943", "2010-06-30": "$890", "2010-03-31": "$819", "2009-12-31": "$749", "2009-09-30": "$717", "2009-06-30": "$689", "2009-03-31": "$676", "2008-12-31": "$672", "2008-09-30": "$695", "2008-06-30": "$676", "2008-03-31": "$661", "2007-12-31": "$627", "2007-09-30": "$611", "2007-06-30": "$583", "2007-03-31": "$563", "2006-12-31": "$449", "2006-09-30": "$425", "2006-06-30": "$401", "2006-03-31": "$372", "2005-12-31": "$344", "2005-09-30": "$338", "2005-06-30": "$322", "2005-03-31": "$307"}}, "profit-margins": {"current": "2.14%"}, "gross margin": {"2020-12-31": "47.64%", "2020-09-30": "47.36%", "2020-06-30": "47.42%", "2020-03-31": "47.22%", "2019-12-31": "47.73%", "2019-09-30": "47.68%", "2019-06-30": "47.59%", "2019-03-31": "47.80%", "2018-12-31": "47.91%", "2018-09-30": "47.71%", "2018-06-30": "47.58%", "2018-03-31": "47.10%", "2017-12-31": "46.53%", "2017-09-30": "46.49%", "2017-06-30": "45.99%", "2017-03-31": "45.88%", "2016-12-31": "45.86%", "2016-09-30": "45.66%", "2016-06-30": "45.55%", "2016-03-31": "45.38%", "2015-12-31": "45.28%", "2015-09-30": "45.19%", "2015-06-30": "45.16%", "2015-03-31": "44.79%", "2014-12-31": "45.04%", "2014-09-30": "44.89%", "2014-06-30": "44.79%", "2014-03-31": "44.64%", "2013-12-31": "44.40%", "2013-09-30": "43.92%", "2013-06-30": "43.64%", "2013-03-31": "43.35%", "2012-12-31": "43.78%", "2012-09-30": "43.40%", "2012-06-30": "43.01%", "2012-03-31": "39.66%", "2011-12-31": "38.88%", "2011-09-30": "39.11%", "2011-06-30": "40.26%", "2011-03-31": "43.60%", "2010-12-31": "45.42%", "2010-09-30": "47.22%", "2010-06-30": "47.32%", "2010-03-31": "46.22%", "2009-12-31": "43.25%", "2009-09-30": "39.18%", "2009-06-30": "38.35%", "2009-03-31": "39.24%", "2008-12-31": "41.36%", "2008-09-30": "43.46%", "2008-06-30": "43.70%", "2008-03-31": "43.44%", "2007-12-31": "43.04%", "2007-09-30": "43.05%", "2007-06-30": "43.17%", "2007-03-31": "43.55%", "2006-12-31": "43.40%", "2006-09-30": "43.42%", "2006-06-30": "42.87%", "2006-03-31": "42.20%", "2005-12-31": "41.75%"}, "operating margin": {"2020-12-31": "2.91%", "2020-09-30": "3.69%", "2020-06-30": "4.83%", "2020-03-31": "7.66%", "2019-12-31": "9.92%", "2019-09-30": "10.22%", "2019-06-30": "10.12%", "2019-03-31": "9.75%", "2018-12-31": "9.44%", "2018-09-30": "9.05%", "2018-06-30": "9.03%", "2018-03-31": "9.37%", "2017-12-31": "9.17%", "2017-09-30": "8.94%", "2017-06-30": "8.96%", "2017-03-31": "9.71%", "2016-12-31": "10.38%", "2016-09-30": "11.27%", "2016-06-30": "11.35%", "2016-03-31": "11.97%", "2015-12-31": "11.15%", "2015-09-30": "10.99%", "2015-06-30": "10.92%", "2015-03-31": "9.58%", "2014-12-31": "8.79%", "2014-09-30": "8.54%", "2014-06-30": "7.76%", "2014-03-31": "6.49%", "2013-12-31": "5.04%", "2013-09-30": "4.69%", "2013-06-30": "3.52%", "2013-03-31": "2.47%", "2012-12-31": "1.41%", "2012-09-30": "-6.15%", "2012-06-30": "-7.48%", "2012-03-31": "-10.34%", "2011-12-31": "-8.35%", "2011-09-30": "-1.74%", "2011-06-30": "1.20%", "2011-03-31": "6.53%", "2010-12-31": "9.76%", "2010-09-30": "12.10%", "2010-06-30": "11.77%", "2010-03-31": "9.08%", "2009-12-31": "4.81%", "2009-09-30": "-0.37%", "2009-06-30": "-0.89%", "2009-03-31": "1.14%", "2008-12-31": "4.02%", "2008-09-30": "7.61%", "2008-06-30": "8.49%", "2008-03-31": "8.65%", "2007-12-31": "8.11%", "2007-09-30": "8.52%", "2007-06-30": "8.71%", "2007-03-31": "9.51%", "2006-12-31": "9.21%", "2006-09-30": "8.81%", "2006-06-30": "8.07%", "2006-03-31": "8.29%", "2005-12-31": "7.55%"}, "ebitda margin": {"2020-09-30": "6.65%", "2020-06-30": "7.65%", "2020-03-31": "10.05%", "2019-12-31": "12.07%", "2019-09-30": "12.41%", "2019-06-30": "12.35%", "2019-03-31": "12.10%", "2018-12-31": "11.81%", "2018-09-30": "11.43%", "2018-06-30": "11.41%", "2018-03-31": "11.72%", "2017-12-31": "11.52%", "2017-09-30": "11.32%", "2017-06-30": "11.33%", "2017-03-31": "12.03%", "2016-12-31": "12.60%", "2016-09-30": "13.17%", "2016-06-30": "13.13%", "2016-03-31": "13.67%", "2015-12-31": "12.87%", "2015-09-30": "12.89%", "2015-06-30": "12.87%", "2015-03-31": "11.58%", "2014-12-31": "10.89%", "2014-09-30": "10.71%", "2014-06-30": "10.00%", "2014-03-31": "8.86%", "2013-12-31": "7.47%", "2013-09-30": "7.14%", "2013-06-30": "6.10%", "2013-03-31": "5.18%", "2012-12-31": "4.23%", "2012-09-30": "-3.11%", "2012-06-30": "-4.55%", "2012-03-31": "-7.77%", "2011-12-31": "-6.11%", "2011-09-30": "0.11%", "2011-06-30": "2.81%", "2011-03-31": "7.99%", "2010-12-31": "11.11%", "2010-09-30": "13.39%", "2010-06-30": "13.11%", "2010-03-31": "10.53%", "2009-12-31": "6.34%", "2009-09-30": "1.19%", "2009-06-30": "0.52%", "2009-03-31": "2.43%", "2008-12-31": "5.27%", "2008-09-30": "8.86%", "2008-06-30": "9.74%", "2008-03-31": "9.90%", "2007-12-31": "9.40%", "2007-09-30": "9.81%", "2007-06-30": "10.14%", "2007-03-31": "11.08%", "2006-12-31": "10.87%", "2006-09-30": "10.68%", "2006-06-30": "10.13%", "2006-03-31": "10.50%", "2005-12-31": "9.94%"}, "pre tax profit margin": {"2020-12-31": "3.37%", "2020-09-30": "3.95%", "2020-06-30": "4.94%", "2020-03-31": "7.77%", "2019-12-31": "9.90%", "2019-09-30": "10.12%", "2019-06-30": "10.04%", "2019-03-31": "9.49%", "2018-12-31": "9.31%", "2018-09-30": "8.94%", "2018-06-30": "8.99%", "2018-03-31": "9.51%", "2017-12-31": "9.24%", "2017-09-30": "8.89%", "2017-06-30": "8.80%", "2017-03-31": "9.38%", "2016-12-31": "10.08%", "2016-09-30": "11.02%", "2016-06-30": "10.97%", "2016-03-31": "11.70%", "2015-12-31": "10.61%", "2015-09-30": "10.42%", "2015-06-30": "10.31%", "2015-03-31": "8.77%", "2014-12-31": "8.03%", "2014-09-30": "7.88%", "2014-06-30": "7.23%", "2014-03-31": "5.92%", "2013-12-31": "4.39%", "2013-09-30": "4.02%", "2013-06-30": "2.64%", "2013-03-31": "1.69%", "2012-12-31": "0.71%", "2012-09-30": "-6.36%", "2012-06-30": "-7.34%", "2012-03-31": "-10.27%", "2011-12-31": "-8.16%", "2011-09-30": "-1.91%", "2011-06-30": "0.89%", "2011-03-31": "6.48%", "2010-12-31": "9.81%", "2010-09-30": "12.05%", "2010-06-30": "12.00%", "2010-03-31": "9.21%", "2009-12-31": "4.94%", "2009-09-30": "-0.07%", "2009-06-30": "-0.82%", "2009-03-31": "1.29%", "2008-12-31": "4.23%", "2008-09-30": "7.89%", "2008-06-30": "8.98%", "2008-03-31": "9.14%", "2007-12-31": "8.54%", "2007-09-30": "8.88%", "2007-06-30": "8.93%", "2007-03-31": "9.67%", "2006-12-31": "9.29%", "2006-09-30": "8.72%", "2006-06-30": "7.97%", "2006-03-31": "8.00%", "2005-12-31": "7.26%"}, "net profit margin": {"2020-12-31": "2.13%", "2020-09-30": "2.28%", "2020-06-30": "3.09%", "2020-03-31": "5.53%", "2019-12-31": "6.65%", "2019-09-30": "6.72%", "2019-06-30": "6.72%", "2019-03-31": "6.25%", "2018-12-31": "6.48%", "2018-09-30": "4.13%", "2018-06-30": "4.22%", "2018-03-31": "4.68%", "2017-12-31": "4.30%", "2017-09-30": "6.39%", "2017-06-30": "5.94%", "2017-03-31": "6.56%", "2016-12-31": "6.85%", "2016-09-30": "7.55%", "2016-06-30": "7.80%", "2016-03-31": "8.16%", "2015-12-31": "7.37%", "2015-09-30": "7.52%", "2015-06-30": "7.43%", "2015-03-31": "6.31%", "2014-12-31": "5.85%", "2014-09-30": "5.80%", "2014-06-30": "5.09%", "2014-03-31": "4.07%", "2013-12-31": "2.98%", "2013-09-30": "2.51%", "2013-06-30": "1.70%", "2013-03-31": "1.20%", "2012-12-31": "0.58%", "2012-09-30": "-3.66%", "2012-06-30": "-3.92%", "2012-03-31": "-5.68%", "2011-12-31": "-4.24%", "2011-09-30": "-0.39%", "2011-06-30": "1.09%", "2011-03-31": "4.57%", "2010-12-31": "6.72%", "2010-09-30": "8.24%", "2010-06-30": "8.26%", "2010-03-31": "6.43%", "2009-12-31": "3.76%", "2009-09-30": "0.45%", "2009-06-30": "0.74%", "2009-03-31": "2.22%", "2008-12-31": "3.89%", "2008-09-30": "6.09%", "2008-06-30": "5.92%", "2008-03-31": "5.93%", "2007-12-31": "5.45%", "2007-09-30": "5.66%", "2007-06-30": "5.71%", "2007-03-31": "6.21%", "2006-12-31": "5.98%", "2006-09-30": "5.60%", "2006-06-30": "5.07%", "2006-03-31": "5.01%", "2005-12-31": "4.47%"}, "pe ratio": {"current": "51.74", "2021-02-05": "128.45", "2020-12-31": "123.93", "2020-09-30": "44.44", "2020-06-30": "33.38", "2020-03-31": "12.70", "2019-12-31": "19.11", "2019-09-30": "17.13", "2019-06-30": "15.07", "2019-03-31": "17.78", "2018-12-31": "11.86", "2018-09-30": "23.47", "2018-06-30": "25.01", "2018-03-31": "30.15", "2017-12-31": "33.19", "2017-09-30": "15.58", "2017-06-30": "20.49", "2017-03-31": "17.82", "2016-12-31": "15.66", "2016-09-30": "13.31", "2016-06-30": "17.18", "2016-03-31": "17.24", "2015-12-31": "20.09", "2015-09-30": "30.68", "2015-06-30": "26.91", "2015-03-31": "22.40", "2014-12-31": "20.31", "2014-09-30": "20.74", "2014-06-30": "21.76", "2014-03-31": "23.42", "2013-12-31": "30.68", "2013-09-30": "35.34", "2013-06-30": "42.12", "2013-03-31": "54.23", "2012-12-31": "97.27", "2012-09-30": "0.00", "2012-06-30": "0.00", "2012-03-31": "0.00", "2011-12-31": "0.00", "2011-09-30": "0.00", "2011-06-30": "33.68", "2011-03-31": "10.98", "2010-12-31": "7.17", "2010-09-30": "7.12", "2010-06-30": "11.86", "2010-03-31": "17.05", "2009-12-31": "25.58", "2009-09-30": "131.95", "2009-06-30": "46.52", "2009-03-31": "10.26", "2008-12-31": "10.96", "2008-09-30": "9.00", "2008-06-30": "10.98", "2008-03-31": "11.16", "2007-12-31": "11.97", "2007-09-30": "13.00", "2007-06-30": "17.59", "2007-03-31": "19.30", "2006-12-31": "20.82"}, "price sales": {"2021-02-05": "1.25", "2020-12-31": "1.21", "2020-09-30": "1.01", "2020-06-30": "1.04", "2020-03-31": "0.71", "2019-12-31": "1.27", "2019-09-30": "1.16", "2019-06-30": "1.02", "2019-03-31": "1.12", "2018-12-31": "0.77", "2018-09-30": "0.97", "2018-06-30": "1.06", "2018-03-31": "1.40", "2017-12-31": "1.42", "2017-09-30": "0.99", "2017-06-30": "1.21", "2017-03-31": "1.17", "2016-12-31": "1.07", "2016-09-30": "1.01", "2016-06-30": "1.34", "2016-03-31": "1.40", "2015-12-31": "1.48", "2015-09-30": "2.30", "2015-06-30": "2.00", "2015-03-31": "1.41", "2014-12-31": "1.18", "2014-09-30": "1.20", "2014-06-30": "1.10", "2014-03-31": "0.95", "2013-12-31": "0.91", "2013-09-30": "0.88", "2013-06-30": "0.71", "2013-03-31": "0.64", "2012-12-31": "0.59", "2012-09-30": "0.69", "2012-06-30": "0.70", "2012-03-31": "0.42", "2011-12-31": "0.37", "2011-09-30": "0.39", "2011-06-30": "0.37", "2011-03-31": "0.51", "2010-12-31": "0.49", "2010-09-30": "0.59", "2010-06-30": "0.98", "2010-03-31": "1.09", "2009-12-31": "0.96", "2009-09-30": "0.59", "2009-06-30": "0.34", "2009-03-31": "0.22", "2008-12-31": "0.42", "2008-09-30": "0.54", "2008-06-30": "0.64", "2008-03-31": "0.66", "2007-12-31": "0.65", "2007-09-30": "0.74", "2007-06-30": "1.02", "2007-03-31": "1.22", "2006-12-31": "1.27"}, "price book": {"current": "2.22", "2021-02-05": "2.18", "2020-09-30": "1.77", "2020-06-30": "1.99", "2020-03-31": "1.41", "2019-12-31": "2.61", "2019-09-30": "2.45", "2019-06-30": "2.08", "2019-03-31": "2.30", "2018-12-31": "1.61", "2018-09-30": "2.00", "2018-06-30": "2.22", "2018-03-31": "2.92", "2017-12-31": "3.04", "2017-09-30": "1.96", "2017-06-30": "2.44", "2017-03-31": "2.37", "2016-12-31": "2.26", "2016-09-30": "2.11", "2016-06-30": "2.88", "2016-03-31": "3.13", "2015-12-31": "3.37", "2015-09-30": "5.16", "2015-06-30": "4.33", "2015-03-31": "3.06", "2014-12-31": "2.47", "2014-09-30": "2.44", "2014-06-30": "2.19", "2014-03-31": "1.82", "2013-12-31": "1.71", "2013-09-30": "1.62", "2013-06-30": "1.29", "2013-03-31": "1.14", "2012-12-31": "1.01", "2012-09-30": "1.10", "2012-06-30": "1.14", "2012-03-31": "0.70", "2011-12-31": "0.67", "2011-09-30": "0.72", "2011-06-30": "0.74", "2011-03-31": "1.03", "2010-12-31": "1.02", "2010-09-30": "1.19", "2010-06-30": "1.95", "2010-03-31": "2.10", "2009-12-31": "1.83", "2009-09-30": "1.11", "2009-06-30": "0.66", "2009-03-31": "0.46", "2008-12-31": "0.88", "2008-09-30": "1.11", "2008-06-30": "1.34", "2008-03-31": "1.40", "2007-12-31": "1.43", "2007-09-30": "1.65", "2007-06-30": "2.29", "2007-03-31": "2.71", "2006-12-31": "3.11", "2006-09-30": "2.29", "2006-06-30": "2.48", "2006-03-31": "2.73"}, "price fcf": {"2021-02-05": "", "2020-09-30": "$-0.91", "2020-06-30": "$0.67", "2020-03-31": "$0.57", "2019-12-31": "$1.27", "2019-09-30": "$1.87", "2019-06-30": "$2.25", "2019-03-31": "$2.26", "2018-12-31": "$2.72", "2018-09-30": "$1.70", "2018-06-30": "$1.18", "2018-03-31": "$0.68", "2017-12-31": "$0.15", "2017-09-30": "$0.98", "2017-06-30": "$0.95", "2017-03-31": "$1.26", "2016-12-31": "$1.56", "2016-09-30": "$1.13", "2016-06-30": "$1.21", "2016-03-31": "$0.72", "2015-12-31": "$0.74", "2015-09-30": "$0.84", "2015-06-30": "$0.72", "2015-03-31": "$0.54", "2014-12-31": "$0.70", "2014-09-30": "$0.78", "2014-06-30": "$0.63", "2014-03-31": "$0.53", "2013-12-31": "$0.38", "2013-09-30": "$0.06", "2013-06-30": "$-0.41", "2013-03-31": "$-1.03", "2012-12-31": "$-0.37", "2012-09-30": "$0.37", "2012-06-30": "$0.81", "2012-03-31": "$0.98", "2011-12-31": "$0.41", "2011-09-30": "$-0.72", "2011-06-30": "$-0.91", "2011-03-31": "$-1.31", "2010-12-31": "$-0.88", "2010-09-30": "$-0.30", "2010-06-30": "$0.01", "2010-03-31": "$1.01", "2009-12-31": "$0.56", "2009-09-30": "$0.19", "2009-06-30": "$0.08", "2009-03-31": "$-0.69", "2008-12-31": "$-0.67", "2008-09-30": "$0.10", "2008-06-30": "$0.11", "2008-03-31": "$0.54", "2007-12-31": "$0.50", "2007-09-30": "$0.01", "2007-06-30": "$-0.01", "2007-03-31": "$-0.17", "2006-12-31": "$-0.01"}, "net worth": {"value": "$5.85B"}, "current ratio": {"2020-12-31": "2.76", "2020-09-30": "2.69", "2020-06-30": "2.91", "2020-03-31": "3.10", "2019-12-31": "2.28", "2019-09-30": "2.37", "2019-06-30": "2.51", "2019-03-31": "2.91", "2018-12-31": "2.91", "2018-09-30": "3.43", "2018-06-30": "3.28", "2018-03-31": "3.40", "2017-12-31": "3.52", "2017-09-30": "3.46", "2017-06-30": "3.14", "2017-03-31": "3.56", "2016-12-31": "2.94", "2016-09-30": "3.66", "2016-06-30": "2.89", "2016-03-31": "3.22", "2015-12-31": "2.68", "2015-09-30": "2.92", "2015-06-30": "2.53", "2015-03-31": "2.73", "2014-12-31": "2.54", "2014-09-30": "3.24", "2014-06-30": "3.14", "2014-03-31": "3.76", "2013-12-31": "3.27", "2013-09-30": "3.55", "2013-06-30": "3.51", "2013-03-31": "4.16", "2012-12-31": "3.21", "2012-09-30": "2.83", "2012-06-30": "2.52", "2012-03-31": "2.72", "2011-12-31": "2.88", "2011-09-30": "3.67", "2011-06-30": "2.95", "2011-03-31": "3.07", "2010-12-31": "3.17", "2010-09-30": "3.39", "2010-06-30": "3.64", "2010-03-31": "3.51", "2009-12-31": "3.42", "2009-09-30": "3.71", "2009-06-30": "3.55", "2009-03-31": "4.43", "2008-12-31": "3.20", "2008-09-30": "3.28", "2008-06-30": "3.01", "2008-03-31": "3.34", "2007-12-31": "3.83", "2007-09-30": "4.61", "2007-06-30": "3.49", "2007-03-31": "4.65", "2006-12-31": "3.49", "2006-09-30": "2.40", "2006-06-30": "2.28", "2006-03-31": "4.58", "2005-12-31": "3.76", "2005-09-30": "4.26", "2005-06-30": "3.05", "2005-03-31": "3.91"}, "quick ratio": {"2020-12-31": "1.92", "2020-09-30": "1.85", "2020-06-30": "1.96", "2020-03-31": "2.15", "2019-12-31": "1.41", "2019-09-30": "1.57", "2019-06-30": "1.65", "2019-03-31": "2.00", "2018-12-31": "1.89", "2018-09-30": "2.30", "2018-06-30": "2.14", "2018-03-31": "2.22", "2017-12-31": "2.06", "2017-09-30": "2.30", "2017-06-30": "2.09", "2017-03-31": "2.42", "2016-12-31": "1.81", "2016-09-30": "2.53", "2016-06-30": "1.92", "2016-03-31": "2.18", "2015-12-31": "1.61", "2015-09-30": "1.95", "2015-06-30": "1.74", "2015-03-31": "1.91", "2014-12-31": "1.64", "2014-09-30": "2.28", "2014-06-30": "2.17", "2014-03-31": "2.60", "2013-12-31": "2.12", "2013-09-30": "2.42", "2013-06-30": "2.43", "2013-03-31": "2.94", "2012-12-31": "2.06", "2012-09-30": "1.91", "2012-06-30": "1.83", "2012-03-31": "2.08", "2011-12-31": "2.14", "2011-09-30": "2.61", "2011-06-30": "1.93", "2011-03-31": "1.87", "2010-12-31": "1.87", "2010-09-30": "2.19", "2010-06-30": "2.70", "2010-03-31": "2.73", "2009-12-31": "2.45", "2009-09-30": "2.73", "2009-06-30": "2.58", "2009-03-31": "2.99", "2008-12-31": "1.81", "2008-09-30": "2.03", "2008-06-30": "1.93", "2008-03-31": "2.36", "2007-12-31": "2.73", "2007-09-30": "3.30", "2007-06-30": "2.44", "2007-03-31": "3.35", "2006-12-31": "2.38", "2006-09-30": "1.68", "2006-06-30": "1.66", "2006-03-31": "3.49", "2005-12-31": "2.72", "2005-09-30": "3.05", "2005-06-30": "2.06", "2005-03-31": "2.74"}, "debt equity ratio": {"current": "0.26", "2020-12-31": "1.13", "2020-09-30": "1.16", "2020-06-30": "1.22", "2020-03-31": "1.08", "2019-12-31": "0.93", "2019-09-30": "0.95", "2019-06-30": "0.90", "2019-03-31": "0.85", "2018-12-31": "0.48", "2018-09-30": "0.39", "2018-06-30": "0.42", "2018-03-31": "0.41", "2017-12-31": "0.40", "2017-09-30": "0.35", "2017-06-30": "0.39", "2017-03-31": "0.34", "2016-12-31": "0.42", "2016-09-30": "0.33", "2016-06-30": "0.44", "2016-03-31": "0.38", "2015-12-31": "0.48", "2015-09-30": "0.46", "2015-06-30": "0.48", "2015-03-31": "0.43", "2014-12-31": "0.48", "2014-09-30": "0.46", "2014-06-30": "0.47", "2014-03-31": "0.38", "2013-12-31": "0.44", "2013-09-30": "0.41", "2013-06-30": "0.41", "2013-03-31": "0.36", "2012-12-31": "0.46", "2012-09-30": "0.44", "2012-06-30": "0.50", "2012-03-31": "0.46", "2011-12-31": "0.44", "2011-09-30": "0.32", "2011-06-30": "0.42", "2011-03-31": "0.38", "2010-12-31": "0.38", "2010-09-30": "0.31", "2010-06-30": "0.28", "2010-03-31": "0.30", "2009-12-31": "0.33", "2009-09-30": "0.30", "2009-06-30": "0.31", "2009-03-31": "0.20", "2008-12-31": "0.30", "2008-09-30": "0.32", "2008-06-30": "0.35", "2008-03-31": "0.30", "2007-12-31": "0.32", "2007-09-30": "0.26", "2007-06-30": "0.37", "2007-03-31": "0.26", "2006-12-31": "0.64", "2006-09-30": "0.62", "2006-06-30": "0.68", "2006-03-31": "0.58", "2005-12-31": "0.69", "2005-09-30": "0.64", "2005-06-30": "0.85", "2005-03-31": "0.72"}, "return on equity": {"2020-12-31": "3.77%", "2020-09-30": "4.12%", "2020-06-30": "5.82%", "2020-03-31": "11.73%", "2019-12-31": "14.71%", "2019-09-30": "14.70%", "2019-06-30": "14.45%", "2019-03-31": "13.42%", "2018-12-31": "14.08%", "2018-09-30": "9.00%", "2018-06-30": "9.23%", "2018-03-31": "10.26%", "2017-12-31": "9.38%", "2017-09-30": "13.73%", "2017-06-30": "12.83%", "2017-03-31": "14.21%", "2016-12-31": "15.13%", "2016-09-30": "17.32%", "2016-06-30": "18.51%", "2016-03-31": "19.96%", "2015-12-31": "17.88%", "2015-09-30": "18.19%", "2015-06-30": "17.68%", "2015-03-31": "14.60%", "2014-12-31": "12.91%", "2014-09-30": "12.61%", "2014-06-30": "10.67%", "2014-03-31": "8.12%", "2013-12-31": "5.78%", "2013-09-30": "4.80%", "2013-06-30": "3.14%", "2013-03-31": "2.19%", "2012-12-31": "0.99%", "2012-09-30": "-5.89%", "2012-06-30": "-6.18%", "2012-03-31": "-9.13%", "2011-12-31": "-7.25%", "2011-09-30": "-0.74%", "2011-06-30": "2.21%", "2011-03-31": "9.72%", "2010-12-31": "15.01%", "2010-09-30": "18.82%", "2010-06-30": "18.65%", "2010-03-31": "13.72%", "2009-12-31": "7.63%", "2009-09-30": "0.87%", "2009-06-30": "1.46%", "2009-03-31": "4.56%", "2008-12-31": "8.28%", "2008-09-30": "13.24%", "2008-06-30": "13.20%", "2008-03-31": "13.70%", "2007-12-31": "12.75%", "2007-09-30": "14.32%", "2007-06-30": "15.05%", "2007-03-31": "17.19%", "2006-12-31": "17.49%", "2006-09-30": "16.34%", "2006-06-30": "14.85%", "2006-03-31": "15.12%", "2005-12-31": "13.73%"}, "return on assets": {"2020-12-31": "1.76%", "2020-09-30": "1.96%", "2020-06-30": "2.84%", "2020-03-31": "5.96%", "2019-12-31": "7.71%", "2019-09-30": "8.18%", "2019-06-30": "8.71%", "2019-03-31": "8.74%", "2018-12-31": "9.89%", "2018-09-30": "6.40%", "2018-06-30": "6.61%", "2018-03-31": "7.40%", "2017-12-31": "6.86%", "2017-09-30": "10.02%", "2017-06-30": "9.38%", "2017-03-31": "10.30%", "2016-12-31": "10.87%", "2016-09-30": "12.33%", "2016-06-30": "12.85%", "2016-03-31": "13.77%", "2015-12-31": "12.20%", "2015-09-30": "12.43%", "2015-06-30": "12.10%", "2015-03-31": "10.02%", "2014-12-31": "8.92%", "2014-09-30": "8.78%", "2014-06-30": "7.49%", "2014-03-31": "5.76%", "2013-12-31": "4.11%", "2013-09-30": "3.41%", "2013-06-30": "2.21%", "2013-03-31": "1.52%", "2012-12-31": "0.68%", "2012-09-30": "-4.04%", "2012-06-30": "-4.32%", "2012-03-31": "-6.47%", "2011-12-31": "-5.22%", "2011-09-30": "-0.54%", "2011-06-30": "1.61%", "2011-03-31": "7.28%", "2010-12-31": "11.41%", "2010-09-30": "14.47%", "2010-06-30": "14.37%", "2010-03-31": "10.50%", "2009-12-31": "5.94%", "2009-09-30": "0.68%", "2009-06-30": "1.14%", "2009-03-31": "3.53%", "2008-12-31": "6.29%", "2008-09-30": "10.02%", "2008-06-30": "10.10%", "2008-03-31": "10.45%", "2007-12-31": "9.80%", "2007-09-30": "10.49%", "2007-06-30": "10.38%", "2007-03-31": "11.27%", "2006-12-31": "10.73%", "2006-09-30": "9.96%", "2006-06-30": "9.00%", "2006-03-31": "8.95%", "2005-12-31": "7.96%"}, "return on investments": {"2020-12-31": "4.09%", "2020-09-30": "5.54%", "2020-06-30": "7.94%", "2020-03-31": "14.91%", "2019-12-31": "21.32%", "2019-09-30": "21.59%", "2019-06-30": "20.93%", "2019-03-31": "20.16%", "2018-12-31": "19.79%", "2018-09-30": "19.08%", "2018-06-30": "19.08%", "2018-03-31": "19.86%", "2017-12-31": "19.31%", "2017-09-30": "18.52%", "2017-06-30": "18.64%", "2017-03-31": "20.21%", "2016-12-31": "22.02%", "2016-09-30": "24.76%", "2016-06-30": "25.71%", "2016-03-31": "28.21%", "2015-12-31": "26.27%", "2015-09-30": "26.07%", "2015-06-30": "25.24%", "2015-03-31": "21.02%", "2014-12-31": "17.96%", "2014-09-30": "16.78%", "2014-06-30": "14.58%", "2014-03-31": "11.54%", "2013-12-31": "8.66%", "2013-09-30": "7.91%", "2013-06-30": "5.79%", "2013-03-31": "4.04%", "2012-12-31": "2.22%", "2012-09-30": "-9.15%", "2012-06-30": "-10.90%", "2012-03-31": "-15.34%", "2011-12-31": "-13.28%", "2011-09-30": "-3.05%", "2011-06-30": "2.30%", "2011-03-31": "13.41%", "2010-12-31": "27.42%", "2010-09-30": "35.78%", "2010-06-30": "35.15%", "2010-03-31": "26.16%", "2009-12-31": "9.54%", "2009-09-30": "-0.71%", "2009-06-30": "-1.72%", "2009-03-31": "2.30%", "2008-12-31": "8.38%", "2008-09-30": "16.16%", "2008-06-30": "18.48%", "2008-03-31": "19.47%", "2007-12-31": "18.44%", "2007-09-30": "20.14%", "2007-06-30": "21.31%", "2007-03-31": "24.26%", "2006-12-31": "23.43%", "2006-09-30": "22.12%", "2006-06-30": "19.18%", "2006-03-31": "19.05%", "2005-12-31": "17.46%"}, "return on tangible equity": {"2020-09-30": "4.26%", "2020-06-30": "5.97%", "2020-03-31": "11.93%", "2019-12-31": "14.82%", "2019-09-30": "14.70%", "2019-06-30": "14.45%", "2019-03-31": "13.42%", "2018-12-31": "14.08%", "2018-09-30": "9.00%", "2018-06-30": "9.23%", "2018-03-31": "10.26%", "2017-12-31": "9.38%", "2017-09-30": "13.73%", "2017-06-30": "12.83%", "2017-03-31": "14.21%", "2016-12-31": "15.13%", "2016-09-30": "17.32%", "2016-06-30": "18.51%", "2016-03-31": "19.96%", "2015-12-31": "17.88%", "2015-09-30": "18.19%", "2015-06-30": "17.68%", "2015-03-31": "14.61%", "2014-12-31": "12.92%", "2014-09-30": "12.64%", "2014-06-30": "10.69%", "2014-03-31": "8.14%", "2013-12-31": "5.79%", "2013-09-30": "4.82%", "2013-06-30": "3.15%", "2013-03-31": "2.19%", "2012-12-31": "1.00%", "2012-09-30": "-5.92%", "2012-06-30": "-6.21%", "2012-03-31": "-9.19%", "2011-12-31": "-7.30%", "2011-09-30": "-0.74%", "2011-06-30": "2.23%", "2011-03-31": "9.80%", "2010-12-31": "15.15%", "2010-09-30": "19.01%", "2010-06-30": "18.83%", "2010-03-31": "13.85%", "2009-12-31": "7.70%", "2009-09-30": "0.88%", "2009-06-30": "1.47%", "2009-03-31": "4.58%", "2008-12-31": "8.30%", "2008-09-30": "13.24%", "2008-06-30": "13.20%", "2008-03-31": "13.70%", "2007-12-31": "12.76%", "2007-09-30": "14.34%", "2007-06-30": "15.07%", "2007-03-31": "17.23%", "2006-12-31": "17.53%", "2006-09-30": "16.38%", "2006-06-30": "14.90%", "2006-03-31": "15.17%", "2005-12-31": "13.79%"}, "dividend yield history": {"last payout": "$0.00", "last yield": "0.00%"}}