{"ticker": "SWKS", "price": {"title": "Skyworks Solutions Historical Annual Stock Price Data", "value": 178.95, "historical": {"2021": {"Average Stock Price": "164.6408", "Year Open": "150.7200", "Year High": "185.7900", "Year Low": "150.7200", "Year Close": "178.9500", "Annual % Change": "17.05%"}, "2020": {"Average Stock Price": "125.9515", "Year Open": "121.6700", "Year High": "157.0900", "Year Low": "67.9000", "Year Close": "152.8800", "Annual % Change": "26.47%"}, "2019": {"Average Stock Price": "83.6975", "Year Open": "67.9600", "Year High": "122.2900", "Year Low": "60.7200", "Year Close": "120.8800", "Annual % Change": "80.36%"}, "2018": {"Average Stock Price": "92.9260", "Year Open": "98.4300", "Year High": "115.1600", "Year Low": "62.7800", "Year Close": "67.0200", "Annual % Change": "-29.42%"}, "2017": {"Average Stock Price": "100.5100", "Year Open": "75.1500", "Year High": "116.3300", "Year Low": "74.5700", "Year Close": "94.9500", "Annual % Change": "27.18%"}, "2016": {"Average Stock Price": "70.6335", "Year Open": "77.9300", "Year High": "80.1500", "Year Low": "55.8500", "Year Close": "74.6600", "Annual % Change": "-2.82%"}, "2015": {"Average Stock Price": "89.5403", "Year Open": "73.3200", "Year High": "110.9200", "Year Low": "69.8300", "Year Close": "76.8300", "Annual % Change": "5.67%"}, "2014": {"Average Stock Price": "47.7846", "Year Open": "27.4000", "Year High": "74.4900", "Year Low": "27.4000", "Year Close": "72.7100", "Annual % Change": "154.59%"}, "2013": {"Average Stock Price": "23.6791", "Year Open": "21.6500", "Year High": "28.5600", "Year Low": "20.1500", "Year Close": "28.5600", "Annual % Change": "40.69%"}, "2012": {"Average Stock Price": "25.0214", "Year Open": "16.8200", "Year High": "31.1800", "Year Low": "16.7800", "Year Close": "20.3000", "Annual % Change": "25.15%"}, "2011": {"Average Stock Price": "24.7618", "Year Open": "29.5600", "Year High": "36.9800", "Year Low": "14.0400", "Year Close": "16.2200", "Annual % Change": "-43.35%"}, "2010": {"Average Stock Price": "18.4598", "Year Open": "14.8200", "Year High": "29.1800", "Year Low": "12.6900", "Year Close": "28.6300", "Annual % Change": "101.76%"}, "2009": {"Average Stock Price": "9.9869", "Year Open": "5.5900", "Year High": "14.3000", "Year Low": "4.0700", "Year Close": "14.1900", "Annual % Change": "156.14%"}, "2008": {"Average Stock Price": "7.9908", "Year Open": "8.3500", "Year High": "11.2000", "Year Low": "3.8100", "Year Close": "5.5400", "Annual % Change": "-34.82%"}, "2007": {"Average Stock Price": "7.6351", "Year Open": "7.2600", "Year High": "9.4401", "Year Low": "5.6700", "Year Close": "8.5000", "Annual % Change": "20.06%"}, "2006": {"Average Stock Price": "5.9292", "Year Open": "5.2100", "Year High": "7.8700", "Year Low": "4.0700", "Year Close": "7.0800", "Annual % Change": "39.10%"}, "2005": {"Average Stock Price": "6.5868", "Year Open": "8.9900", "Year High": "8.9900", "Year Low": "4.7700", "Year Close": "5.0900", "Annual % Change": "-46.02%"}, "2004": {"Average Stock Price": "9.6149", "Year Open": "9.0000", "Year High": "12.4600", "Year Low": "6.9800", "Year Close": "9.4300", "Annual % Change": "8.39%"}, "2003": {"Average Stock Price": "8.0940", "Year Open": "9.2500", "Year High": "12.1200", "Year Low": "5.1500", "Year Close": "8.7000", "Annual % Change": "0.93%"}, "2002": {"Average Stock Price": "10.3173", "Year Open": "22.0900", "Year High": "22.9200", "Year Low": "2.9000", "Year Close": "8.6200", "Annual % Change": "-60.46%"}, "2001": {"Average Stock Price": "25.5196", "Year Open": "32.1900", "Year High": "40.3600", "Year Low": "13.5600", "Year Close": "21.8000", "Annual % Change": "-41.08%"}, "2000": {"Average Stock Price": "45.4133", "Year Open": "31.4050", "Year High": "74.7350", "Year Low": "24.7500", "Year Close": "37.0000", "Annual % Change": "29.12%"}, "1999": {"Average Stock Price": "21.0538", "Year Open": "11.5000", "Year High": "33.1250", "Year Low": "7.1250", "Year Close": "28.6550", "Annual % Change": "138.79%"}, "1998": {"Average Stock Price": "5.4989", "Year Open": "5.2500", "Year High": "12.1267", "Year Low": "3.1667", "Year Close": "12.0000", "Annual % Change": "123.33%"}, "1997": {"Average Stock Price": "3.7559", "Year Open": "2.6667", "Year High": "6.6233", "Year Low": "1.8767", "Year Close": "5.3733", "Annual % Change": "104.56%"}, "1996": {"Average Stock Price": "2.9484", "Year Open": "4.5433", "Year High": "4.5433", "Year Low": "1.9800", "Year Close": "2.6267", "Annual % Change": "-44.23%"}, "1995": {"Average Stock Price": "4.6017", "Year Open": "2.2500", "Year High": "6.3733", "Year Low": "2.2100", "Year Close": "4.7100", "Annual % Change": "126.08%"}, "1994": {"Average Stock Price": "1.6208", "Year Open": "1.3767", "Year High": "2.4167", "Year Low": "1.0200", "Year Close": "2.0833", "Annual % Change": "51.33%"}, "1993": {"Average Stock Price": "1.3000", "Year Open": "1.1667", "Year High": "2.0000", "Year Low": "0.9167", "Year Close": "1.3767", "Annual % Change": "22.19%"}, "1992": {"Average Stock Price": "0.9375", "Year Open": "0.8333", "Year High": "1.2100", "Year Low": "0.6667", "Year Close": "1.1267", "Annual % Change": "35.21%"}, "1991": {"Average Stock Price": "1.0469", "Year Open": "0.8333", "Year High": "1.3767", "Year Low": "0.5833", "Year Close": "0.8333", "Annual % Change": "0.00%"}, "1990": {"Average Stock Price": "0.9243", "Year Open": "1.1667", "Year High": "1.2100", "Year Low": "0.7500", "Year Close": "0.8333", "Annual % Change": "-26.04%"}, "1989": {"Average Stock Price": "1.4824", "Year Open": "1.3333", "Year High": "1.7933", "Year Low": "1.1267", "Year Close": "1.1267", "Annual % Change": "-12.88%"}, "1988": {"Average Stock Price": "1.5866", "Year Open": "1.3333", "Year High": "2.3333", "Year Low": "1.1667", "Year Close": "1.2933", "Annual % Change": "6.88%"}, "1987": {"Average Stock Price": "2.4851", "Year Open": "2.2500", "Year High": "3.6667", "Year Low": "1.0433", "Year Close": "1.2100", "Annual % Change": "-45.25%"}, "1986": {"Average Stock Price": "3.1981", "Year Open": "3.5000", "Year High": "3.9600", "Year Low": "2.2100", "Year Close": "2.2100", "Annual % Change": "-38.33%"}, "1985": {"Average Stock Price": "3.8400", "Year Open": "3.8767", "Year High": "4.7100", "Year Low": "2.7100", "Year Close": "3.5833", "Annual % Change": "-5.54%"}}}, "market cap": {"value": "$29.51B"}, "income statement": {"Revenue": {"2020-09-30": "3355.70000", "2019-09-30": "3376.80000", "2018-09-30": "3868.00000", "2017-09-30": "3651.40000", "2016-09-30": "3289.00000", "2015-09-30": "3258.40000", "2014-09-30": "2291.50000", "2013-09-30": "1792.00000", "2012-09-30": "1568.60000", "2011-09-30": "1418.90000", "2010-09-30": "1071.84900", "2009-09-30": "802.57700", "2008-09-30": "860.01700", "2007-09-30": "741.74400", "2006-09-30": "773.75000", "2005-09-30": "792.37100"}, "Cost Of Goods Sold": {"2020-09-30": "1742.80000", "2019-09-30": "1773.00000", "2018-09-30": "1917.30000", "2017-09-30": "1809.60000", "2016-09-30": "1623.80000", "2015-09-30": "1703.90000", "2014-09-30": "1268.80000", "2013-09-30": "1025.40000", "2012-09-30": "901.50000", "2011-09-30": "798.60000", "2010-09-30": "615.01600", "2009-09-30": "484.35700", "2008-09-30": "517.05400", "2007-09-30": "454.35900", "2006-09-30": "511.07100", "2005-09-30": "484.59900"}, "Gross Profit": {"2020-09-30": "1612.90000", "2019-09-30": "1603.80000", "2018-09-30": "1950.70000", "2017-09-30": "1841.80000", "2016-09-30": "1665.20000", "2015-09-30": "1554.50000", "2014-09-30": "1022.70000", "2013-09-30": "766.60000", "2012-09-30": "667.10000", "2011-09-30": "620.30000", "2010-09-30": "456.83300", "2009-09-30": "318.22000", "2008-09-30": "342.96300", "2007-09-30": "287.38500", "2006-09-30": "262.67900", "2005-09-30": "307.77200"}, "Research And Development Expenses": {"2020-09-30": "464.10000", "2019-09-30": "424.10000", "2018-09-30": "404.50000", "2017-09-30": "355.20000", "2016-09-30": "312.40000", "2015-09-30": "303.20000", "2014-09-30": "252.20000", "2013-09-30": "226.30000", "2012-09-30": "212.50000", "2011-09-30": "168.60000", "2010-09-30": "134.14000", "2009-09-30": "123.99600", "2008-09-30": "146.01300", "2007-09-30": "126.07500", "2006-09-30": "164.10600", "2005-09-30": "152.21500"}, "SG&A Expenses": {"2020-09-30": "231.40000", "2019-09-30": "198.30000", "2018-09-30": "207.80000", "2017-09-30": "204.60000", "2016-09-30": "195.90000", "2015-09-30": "191.30000", "2014-09-30": "179.10000", "2013-09-30": "159.70000", "2012-09-30": "158.40000", "2011-09-30": "137.30000", "2010-09-30": "117.85300", "2009-09-30": "100.42100", "2008-09-30": "100.00700", "2007-09-30": "94.95000", "2006-09-30": "135.80100", "2005-09-30": "103.07000"}, "Other Operating Income Or Expenses": {"2020-09-30": "", "2019-09-30": "", "2018-09-30": "", "2017-09-30": "", "2016-09-30": "", "2015-09-30": "", "2014-09-30": "", "2013-09-30": "", "2012-09-30": "", "2011-09-30": "", "2010-09-30": "", "2009-09-30": "", "2008-09-30": "", "2007-09-30": "", "2006-09-30": "", "2005-09-30": ""}, "Operating Expenses": {"2020-09-30": "2463.90000", "2019-09-30": "2424.80000", "2018-09-30": "2548.70000", "2017-09-30": "2397.60000", "2016-09-30": "2170.30000", "2015-09-30": "2235.30000", "2014-09-30": "1726.30000", "2013-09-30": "1446.90000", "2012-09-30": "1313.00000", "2011-09-30": "1123.60000", "2010-09-30": "872.10500", "2009-09-30": "730.87400", "2008-09-30": "769.64610", "2007-09-30": "683.25800", "2006-09-30": "840.07710", "2005-09-30": "742.23800"}, "Operating Income": {"2020-09-30": "891.79980", "2019-09-30": "952.00000", "2018-09-30": "1319.30000", "2017-09-30": "1253.80000", "2016-09-30": "1118.70000", "2015-09-30": "1023.10000", "2014-09-30": "565.20000", "2013-09-30": "345.10000", "2012-09-30": "255.59990", "2011-09-30": "295.29990", "2010-09-30": "199.74400", "2009-09-30": "71.70300", "2008-09-30": "90.37100", "2007-09-30": "58.48600", "2006-09-30": "-66.32710", "2005-09-30": "50.13300"}, "Total Non-Operating Income/Expense": {"2020-09-30": "-0.10000", "2019-09-30": "9.00000", "2018-09-30": "12.80000", "2017-09-30": "3.20000", "2016-09-30": "81.90000", "2015-09-30": "0.50000", "2014-09-30": "", "2013-09-30": "-0.60000", "2012-09-30": "-0.70000", "2011-09-30": "-1.40000", "2010-09-30": "-4.67000", "2009-09-30": "-1.94700", "2008-09-30": "-8.18300", "2007-09-30": "-1.71600", "2006-09-30": "-6.44700", "2005-09-30": "-9.14400"}, "Pre-Tax Income": {"2020-09-30": "891.70000", "2019-09-30": "961.00000", "2018-09-30": "1332.10000", "2017-09-30": "1257.00000", "2016-09-30": "1200.60000", "2015-09-30": "1023.60000", "2014-09-30": "565.20000", "2013-09-30": "344.50000", "2012-09-30": "254.90000", "2011-09-30": "293.90000", "2010-09-30": "195.07400", "2009-09-30": "69.75600", "2008-09-30": "82.18800", "2007-09-30": "56.77000", "2006-09-30": "-72.77400", "2005-09-30": "40.98900"}, "Income Taxes": {"2020-09-30": "76.90000", "2019-09-30": "107.40000", "2018-09-30": "413.70000", "2017-09-30": "246.80000", "2016-09-30": "205.40000", "2015-09-30": "225.30000", "2014-09-30": "107.50000", "2013-09-30": "66.40000", "2012-09-30": "52.90000", "2011-09-30": "67.30000", "2010-09-30": "57.78000", "2009-09-30": "-25.22700", "2008-09-30": "-28.81800", "2007-09-30": "-0.88000", "2006-09-30": "15.37800", "2005-09-30": "15.37800"}, "Income After Taxes": {"2020-09-30": "814.80000", "2019-09-30": "853.60000", "2018-09-30": "918.40000", "2017-09-30": "1010.20000", "2016-09-30": "995.20000", "2015-09-30": "798.30000", "2014-09-30": "457.70000", "2013-09-30": "278.10000", "2012-09-30": "202.00000", "2011-09-30": "226.60000", "2010-09-30": "137.29400", "2009-09-30": "94.98300", "2008-09-30": "111.00600", "2007-09-30": "57.65000", "2006-09-30": "-88.15200", "2005-09-30": "25.61100"}, "Other Income": {"2020-09-30": "", "2019-09-30": "", "2018-09-30": "", "2017-09-30": "", "2016-09-30": "", "2015-09-30": "", "2014-09-30": "", "2013-09-30": "", "2012-09-30": "", "2011-09-30": "", "2010-09-30": "", "2009-09-30": "", "2008-09-30": "", "2007-09-30": "", "2006-09-30": "", "2005-09-30": ""}, "Income From Continuous Operations": {"2020-09-30": "814.80000", "2019-09-30": "853.60000", "2018-09-30": "918.40000", "2017-09-30": "1010.20000", "2016-09-30": "995.20000", "2015-09-30": "798.30000", "2014-09-30": "457.70000", "2013-09-30": "278.10000", "2012-09-30": "202.00000", "2011-09-30": "226.60000", "2010-09-30": "137.29400", "2009-09-30": "94.98300", "2008-09-30": "111.00600", "2007-09-30": "57.65000", "2006-09-30": "-88.15200", "2005-09-30": "25.61100"}, "Income From Discontinued Operations": {"2020-09-30": "", "2019-09-30": "", "2018-09-30": "", "2017-09-30": "", "2016-09-30": "", "2015-09-30": "", "2014-09-30": "", "2013-09-30": "", "2012-09-30": "", "2011-09-30": "", "2010-09-30": "", "2009-09-30": "", "2008-09-30": "", "2007-09-30": "", "2006-09-30": "", "2005-09-30": ""}, "Net Income": {"2020-09-30": "814.80000", "2019-09-30": "853.60000", "2018-09-30": "918.40000", "2017-09-30": "1010.20000", "2016-09-30": "995.20000", "2015-09-30": "798.30000", "2014-09-30": "457.70000", "2013-09-30": "278.10000", "2012-09-30": "202.00000", "2011-09-30": "226.60000", "2010-09-30": "137.29400", "2009-09-30": "94.98300", "2008-09-30": "111.00600", "2007-09-30": "57.65000", "2006-09-30": "-88.15200", "2005-09-30": "25.61100"}, "EBITDA": {"2020-09-30": "1256.10000", "2019-09-30": "1323.60000", "2018-09-30": "1618.50000", "2017-09-30": "1508.60000", "2016-09-30": "1366.50000", "2015-09-30": "1218.90000", "2014-09-30": "687.90000", "2013-09-30": "448.50000", "2012-09-30": "358.29990", "2011-09-30": "373.29990", "2010-09-30": "255.14600", "2009-09-30": "127.82300", "2008-09-30": "152.76400", "2007-09-30": "102.17800", "2006-09-30": "-23.97410", "2005-09-30": "91.36000"}, "EBIT": {"2020-09-30": "891.79980", "2019-09-30": "952.00000", "2018-09-30": "1319.30000", "2017-09-30": "1253.80000", "2016-09-30": "1118.70000", "2015-09-30": "1023.10000", "2014-09-30": "565.20000", "2013-09-30": "345.10000", "2012-09-30": "255.59990", "2011-09-30": "295.29990", "2010-09-30": "199.74400", "2009-09-30": "71.70300", "2008-09-30": "90.37100", "2007-09-30": "58.48600", "2006-09-30": "-66.32710", "2005-09-30": "50.13300"}, "Basic Shares Outstanding": {"2020-09-30": "168.50000", "2019-09-30": "173.50000", "2018-09-30": "181.30000", "2017-09-30": "184.30000", "2016-09-30": "188.70000", "2015-09-30": "189.50000", "2014-09-30": "187.20000", "2013-09-30": "187.50000", "2012-09-30": "185.80000", "2011-09-30": "182.90000", "2010-09-30": "175.02000", "2009-09-30": "167.04700", "2008-09-30": "161.87800", "2007-09-30": "159.99300", "2006-09-30": "159.40800", "2005-09-30": "157.45300"}, "Shares Outstanding": {"2020-09-30": "169.90000", "2019-09-30": "174.50000", "2018-09-30": "183.20000", "2017-09-30": "186.70000", "2016-09-30": "192.10000", "2015-09-30": "194.90000", "2014-09-30": "192.60000", "2013-09-30": "192.20000", "2012-09-30": "191.80000", "2011-09-30": "190.70000", "2010-09-30": "182.73800", "2009-09-30": "169.66300", "2008-09-30": "164.75500", "2007-09-30": "161.06400", "2006-09-30": "159.40800", "2005-09-30": "158.85700"}, "Basic EPS": {"2020-09-30": "4.84000", "2019-09-30": "4.92000", "2018-09-30": "5.06000", "2017-09-30": "5.48000", "2016-09-30": "5.27000", "2015-09-30": "4.21000", "2014-09-30": "2.44000", "2013-09-30": "1.48000", "2012-09-30": "1.09000", "2011-09-30": "1.24000", "2010-09-30": "0.78000", "2009-09-30": "0.57000", "2008-09-30": "0.69000", "2007-09-30": "0.36000", "2006-09-30": "-0.55000", "2005-09-30": "0.16000"}, "EPS - Earnings Per Share": {"2020-09-30": "4.80000", "2019-09-30": "4.89000", "2018-09-30": "5.01000", "2017-09-30": "5.41000", "2016-09-30": "5.18000", "2015-09-30": "4.10000", "2014-09-30": "2.38000", "2013-09-30": "1.45000", "2012-09-30": "1.05000", "2011-09-30": "1.19000", "2010-09-30": "0.75000", "2009-09-30": "0.56000", "2008-09-30": "0.67000", "2007-09-30": "0.36000", "2006-09-30": "-0.55000", "2005-09-30": "0.16000"}}, "income statement, quarterly": {"Revenue": {"2020-12-31": "1510.00000", "2020-09-30": "956.70000", "2020-06-30": "736.80000", "2020-03-31": "766.10000", "2019-12-31": "896.10000", "2019-09-30": "827.40000", "2019-06-30": "767.00000", "2019-03-31": "810.40000", "2018-12-31": "972.00000", "2018-09-30": "1008.40000", "2018-06-30": "894.30000", "2018-03-31": "913.40000", "2017-12-31": "1051.90000", "2017-09-30": "984.59990", "2017-06-30": "900.80000", "2017-03-31": "851.70000", "2016-12-31": "914.30000", "2016-09-30": "835.40010", "2016-06-30": "751.70000", "2016-03-31": "775.10000", "2015-12-31": "926.80000", "2015-09-30": "880.79990", "2015-06-30": "810.00000", "2015-03-31": "762.10000", "2014-12-31": "805.50000", "2014-09-30": "718.30000", "2014-06-30": "587.00000", "2014-03-31": "481.00000", "2013-12-31": "505.20000", "2013-09-30": "477.00000", "2013-06-30": "436.10000", "2013-03-31": "425.20000", "2012-12-31": "453.70000", "2012-09-30": "421.16000", "2012-06-30": "389.00000", "2012-03-31": "364.70000", "2011-12-31": "393.74000", "2011-09-30": "402.29390", "2011-06-30": "356.07500", "2011-03-31": "325.41100", "2010-12-31": "335.12000", "2010-09-30": "313.28300", "2010-06-30": "275.37000", "2010-03-31": "238.05800", "2009-12-31": "245.13800", "2009-09-30": "228.14600", "2009-06-30": "191.21300", "2009-03-31": "172.99000", "2008-12-31": "210.22800", "2008-09-30": "232.56600", "2008-06-30": "215.21000", "2008-03-31": "201.70800", "2007-12-31": "210.53300", "2007-09-30": "190.45400", "2007-06-30": "175.05000", "2007-03-31": "180.21000", "2006-12-31": "196.03000", "2006-09-30": "193.13300", "2006-06-30": "197.05800", "2006-03-31": "185.23400", "2005-12-31": "198.32500", "2005-09-30": "190.17400", "2005-06-30": "191.53200", "2005-03-31": "190.50500"}, "Cost Of Goods Sold": {"2020-12-31": "748.30000", "2020-09-30": "497.80010", "2020-06-30": "402.70000", "2020-03-31": "390.50000", "2019-12-31": "451.80000", "2019-09-30": "421.40000", "2019-06-30": "454.50000", "2019-03-31": "410.20000", "2018-12-31": "486.90000", "2018-09-30": "504.80010", "2018-06-30": "442.70000", "2018-03-31": "454.70000", "2017-12-31": "515.10000", "2017-09-30": "485.69990", "2017-06-30": "447.20000", "2017-03-31": "426.30000", "2016-12-31": "450.40000", "2016-09-30": "411.00000", "2016-06-30": "373.40000", "2016-03-31": "384.70000", "2015-12-31": "454.70000", "2015-09-30": "444.60000", "2015-06-30": "416.90000", "2015-03-31": "409.90000", "2014-12-31": "432.50000", "2014-09-30": "394.20000", "2014-06-30": "322.80000", "2014-03-31": "268.60000", "2013-12-31": "283.20000", "2013-09-30": "267.90000", "2013-06-30": "247.90000", "2013-03-31": "248.50000", "2012-12-31": "261.10000", "2012-09-30": "243.51000", "2012-06-30": "223.70000", "2012-03-31": "212.40000", "2011-12-31": "221.89000", "2011-09-30": "227.73800", "2011-06-30": "199.85000", "2011-03-31": "184.43000", "2010-12-31": "186.58200", "2010-09-30": "177.12400", "2010-06-30": "157.10400", "2010-03-31": "138.20400", "2009-12-31": "142.58400", "2009-09-30": "135.61800", "2009-06-30": "114.26300", "2009-03-31": "108.11500", "2008-12-31": "126.36100", "2008-09-30": "138.74200", "2008-06-30": "128.77600", "2008-03-31": "121.34100", "2007-12-31": "128.19500", "2007-09-30": "115.71900", "2007-06-30": "106.41800", "2007-03-31": "111.50800", "2006-12-31": "120.71400", "2006-09-30": "147.87400", "2006-06-30": "123.71100", "2006-03-31": "115.88400", "2005-12-31": "123.60200", "2005-09-30": "120.89400", "2005-06-30": "113.65800", "2005-03-31": "117.90600"}, "Gross Profit": {"2020-12-31": "761.70000", "2020-09-30": "458.89980", "2020-06-30": "334.10000", "2020-03-31": "375.60000", "2019-12-31": "444.30000", "2019-09-30": "406.00000", "2019-06-30": "312.50000", "2019-03-31": "400.20000", "2018-12-31": "485.10000", "2018-09-30": "503.59970", "2018-06-30": "451.60000", "2018-03-31": "458.70000", "2017-12-31": "536.80000", "2017-09-30": "498.90000", "2017-06-30": "453.60000", "2017-03-31": "425.40000", "2016-12-31": "463.90000", "2016-09-30": "424.40010", "2016-06-30": "378.30000", "2016-03-31": "390.40000", "2015-12-31": "472.10000", "2015-09-30": "436.20000", "2015-06-30": "393.10000", "2015-03-31": "352.20000", "2014-12-31": "373.00000", "2014-09-30": "324.10000", "2014-06-30": "264.20000", "2014-03-31": "212.40000", "2013-12-31": "222.00000", "2013-09-30": "209.10000", "2013-06-30": "188.20000", "2013-03-31": "176.70000", "2012-12-31": "192.60000", "2012-09-30": "177.65000", "2012-06-30": "165.30000", "2012-03-31": "152.30000", "2011-12-31": "171.85000", "2011-09-30": "174.55590", "2011-06-30": "156.22500", "2011-03-31": "140.98100", "2010-12-31": "148.53800", "2010-09-30": "136.15900", "2010-06-30": "118.26600", "2010-03-31": "99.85400", "2009-12-31": "102.55400", "2009-09-30": "92.52800", "2009-06-30": "76.95000", "2009-03-31": "64.87500", "2008-12-31": "83.86700", "2008-09-30": "93.82400", "2008-06-30": "86.43400", "2008-03-31": "80.36700", "2007-12-31": "82.33800", "2007-09-30": "74.73500", "2007-06-30": "68.63200", "2007-03-31": "68.70200", "2006-12-31": "75.31600", "2006-09-30": "45.25900", "2006-06-30": "73.34700", "2006-03-31": "69.35000", "2005-12-31": "74.72300", "2005-09-30": "69.28000", "2005-06-30": "77.87400", "2005-03-31": "72.59900"}, "Research And Development Expenses": {"2020-12-31": "121.60000", "2020-09-30": "126.20000", "2020-06-30": "117.00000", "2020-03-31": "113.20000", "2019-12-31": "107.70000", "2019-09-30": "106.80000", "2019-06-30": "100.60000", "2019-03-31": "107.50000", "2018-12-31": "109.20000", "2018-09-30": "103.00000", "2018-06-30": "96.80000", "2018-03-31": "106.70000", "2017-12-31": "98.00000", "2017-09-30": "91.80000", "2017-06-30": "92.00000", "2017-03-31": "89.40000", "2016-12-31": "82.00000", "2016-09-30": "73.20000", "2016-06-30": "77.90000", "2016-03-31": "79.80000", "2015-12-31": "81.50000", "2015-09-30": "82.40000", "2015-06-30": "76.80000", "2015-03-31": "75.50000", "2014-12-31": "68.50000", "2014-09-30": "68.00000", "2014-06-30": "64.20000", "2014-03-31": "61.60000", "2013-12-31": "58.40000", "2013-09-30": "55.30000", "2013-06-30": "56.60000", "2013-03-31": "56.30000", "2012-12-31": "58.10000", "2012-09-30": "56.45900", "2012-06-30": "56.10000", "2012-03-31": "53.00000", "2011-12-31": "46.94100", "2011-09-30": "47.37200", "2011-06-30": "43.06700", "2011-03-31": "39.61800", "2010-12-31": "38.54300", "2010-09-30": "35.40900", "2010-06-30": "34.88200", "2010-03-31": "32.06000", "2009-12-31": "31.78900", "2009-09-30": "31.09000", "2009-06-30": "29.66600", "2009-03-31": "28.59600", "2008-12-31": "34.64400", "2008-09-30": "38.77700", "2008-06-30": "36.56100", "2008-03-31": "36.58100", "2007-12-31": "34.09400", "2007-09-30": "33.73100", "2007-06-30": "30.54900", "2007-03-31": "31.38300", "2006-12-31": "30.41200", "2006-09-30": "40.50000", "2006-06-30": "40.61900", "2006-03-31": "40.55700", "2005-12-31": "42.43000", "2005-09-30": "36.60300", "2005-06-30": "39.82300", "2005-03-31": "38.67600"}, "SG&A Expenses": {"2020-12-31": "66.60000", "2020-09-30": "62.40000", "2020-06-30": "55.00000", "2020-03-31": "58.60000", "2019-12-31": "55.40000", "2019-09-30": "55.80000", "2019-06-30": "46.80000", "2019-03-31": "47.90000", "2018-12-31": "47.80000", "2018-09-30": "54.40000", "2018-06-30": "44.60000", "2018-03-31": "57.50000", "2017-12-31": "51.30000", "2017-09-30": "56.40000", "2017-06-30": "49.50000", "2017-03-31": "47.80000", "2016-12-31": "50.90000", "2016-09-30": "53.30000", "2016-06-30": "46.90000", "2016-03-31": "44.00000", "2015-12-31": "51.70000", "2015-09-30": "47.40000", "2015-06-30": "48.60000", "2015-03-31": "47.40000", "2014-12-31": "47.90000", "2014-09-30": "50.30000", "2014-06-30": "45.80000", "2014-03-31": "41.90000", "2013-12-31": "41.10000", "2013-09-30": "41.60000", "2013-06-30": "40.30000", "2013-03-31": "39.70000", "2012-12-31": "38.10000", "2012-09-30": "37.79100", "2012-06-30": "37.50000", "2012-03-31": "40.20000", "2011-12-31": "42.90900", "2011-09-30": "39.78100", "2011-06-30": "35.45100", "2011-03-31": "31.46200", "2010-12-31": "30.60600", "2010-09-30": "33.68900", "2010-06-30": "29.45100", "2010-03-31": "27.98200", "2009-12-31": "26.73100", "2009-09-30": "26.31100", "2009-06-30": "24.21500", "2009-03-31": "22.79400", "2008-12-31": "27.10100", "2008-09-30": "25.39900", "2008-06-30": "25.97500", "2008-03-31": "23.34600", "2007-12-31": "25.28700", "2007-09-30": "22.29800", "2007-06-30": "24.87400", "2007-03-31": "23.75000", "2006-12-31": "24.02800", "2006-09-30": "60.50500", "2006-06-30": "26.33300", "2006-03-31": "25.71000", "2005-12-31": "23.25300", "2005-09-30": "25.04300", "2005-06-30": "25.74500", "2005-03-31": "25.05800"}, "Other Operating Income Or Expenses": {"2020-12-31": "", "2020-09-30": "", "2020-06-30": "", "2020-03-31": "", "2019-12-31": "", "2019-09-30": "", "2019-06-30": "", "2019-03-31": "", "2018-12-31": "", "2018-09-30": "", "2018-06-30": "", "2018-03-31": "", "2017-12-31": "", "2017-09-30": "", "2017-06-30": "", "2017-03-31": "", "2016-12-31": "", "2016-09-30": "", "2016-06-30": "", "2016-03-31": "", "2015-12-31": "", "2015-09-30": "", "2015-06-30": "", "2015-03-31": "", "2014-12-31": "", "2014-09-30": "", "2014-06-30": "", "2014-03-31": "", "2013-12-31": "", "2013-09-30": "", "2013-06-30": "", "2013-03-31": "", "2012-12-31": "", "2012-09-30": "", "2012-06-30": "", "2012-03-31": "", "2011-12-31": "", "2011-09-30": "", "2011-06-30": "", "2011-03-31": "", "2010-12-31": "", "2010-09-30": "", "2010-06-30": "", "2010-03-31": "", "2009-12-31": "", "2009-09-30": "", "2009-06-30": "", "2009-03-31": "", "2008-12-31": "", "2008-09-30": "", "2008-06-30": "", "2008-03-31": "", "2007-12-31": "", "2007-09-30": "", "2007-06-30": "", "2007-03-31": "", "2006-12-31": "", "2006-09-30": "", "2006-06-30": "", "2006-03-31": "", "2005-12-31": "", "2005-09-30": "", "2005-06-30": "", "2005-03-31": ""}, "Operating Expenses": {"2020-12-31": "939.29990", "2020-09-30": "689.20010", "2020-06-30": "589.30000", "2020-03-31": "566.60000", "2019-12-31": "618.80000", "2019-09-30": "593.50010", "2019-06-30": "607.40000", "2019-03-31": "572.80000", "2018-12-31": "651.10000", "2018-09-30": "668.30020", "2018-06-30": "588.00000", "2018-03-31": "624.00000", "2017-12-31": "668.40000", "2017-09-30": "638.70010", "2017-06-30": "596.00010", "2017-03-31": "570.50000", "2016-12-31": "592.40000", "2016-09-30": "543.50010", "2016-06-30": "513.10000", "2016-03-31": "517.40000", "2015-12-31": "596.30000", "2015-09-30": "583.20010", "2015-06-30": "551.20000", "2015-03-31": "542.20000", "2014-12-31": "558.70000", "2014-09-30": "520.20000", "2014-06-30": "438.50000", "2014-03-31": "378.40000", "2013-12-31": "389.20000", "2013-09-30": "371.50010", "2013-06-30": "351.80000", "2013-03-31": "356.50000", "2012-12-31": "367.10000", "2012-09-30": "346.32810", "2012-06-30": "327.00000", "2012-03-31": "320.90000", "2011-12-31": "318.77200", "2011-09-30": "324.62210", "2011-06-30": "283.84900", "2011-03-31": "257.35100", "2010-12-31": "257.77800", "2010-09-30": "247.85600", "2010-06-30": "221.89800", "2010-03-31": "199.74600", "2009-12-31": "202.60500", "2009-09-30": "195.19400", "2009-06-30": "169.69200", "2009-03-31": "176.73300", "2008-12-31": "189.25500", "2008-09-30": "204.58600", "2008-06-30": "192.41300", "2008-03-31": "183.13900", "2007-12-31": "189.50800", "2007-09-30": "172.28400", "2007-06-30": "162.63400", "2007-03-31": "167.17700", "2006-12-31": "181.16300", "2006-09-30": "276.37010", "2006-06-30": "191.19900", "2006-03-31": "182.68700", "2005-12-31": "189.82100", "2005-09-30": "183.07600", "2005-06-30": "179.76200", "2005-03-31": "182.18500"}, "Operating Income": {"2020-12-31": "570.70010", "2020-09-30": "267.49980", "2020-06-30": "147.50000", "2020-03-31": "199.50000", "2019-12-31": "277.30000", "2019-09-30": "233.89990", "2019-06-30": "159.60000", "2019-03-31": "237.60000", "2018-12-31": "320.90000", "2018-09-30": "340.09950", "2018-06-30": "306.30000", "2018-03-31": "289.40000", "2017-12-31": "383.50010", "2017-09-30": "345.89980", "2017-06-30": "304.79990", "2017-03-31": "281.20000", "2016-12-31": "321.90000", "2016-09-30": "291.90000", "2016-06-30": "238.60000", "2016-03-31": "257.70000", "2015-12-31": "330.50000", "2015-09-30": "297.59980", "2015-06-30": "258.80000", "2015-03-31": "219.90000", "2014-12-31": "246.80000", "2014-09-30": "198.10000", "2014-06-30": "148.50000", "2014-03-31": "102.60000", "2013-12-31": "116.00000", "2013-09-30": "105.49990", "2013-06-30": "84.30000", "2013-03-31": "68.70000", "2012-12-31": "86.60000", "2012-09-30": "74.83190", "2012-06-30": "62.00000", "2012-03-31": "43.80000", "2011-12-31": "74.96800", "2011-09-30": "77.67180", "2011-06-30": "72.22600", "2011-03-31": "68.06000", "2010-12-31": "77.34200", "2010-09-30": "65.42700", "2010-06-30": "53.47200", "2010-03-31": "38.31200", "2009-12-31": "42.53300", "2009-09-30": "32.95200", "2009-06-30": "21.52100", "2009-03-31": "-3.74300", "2008-12-31": "20.97300", "2008-09-30": "27.98000", "2008-06-30": "22.79700", "2008-03-31": "18.56900", "2007-12-31": "21.02500", "2007-09-30": "18.17010", "2007-06-30": "12.41600", "2007-03-31": "13.03300", "2006-12-31": "14.86700", "2006-09-30": "-83.23710", "2006-06-30": "5.85900", "2006-03-31": "2.54700", "2005-12-31": "8.50400", "2005-09-30": "7.09800", "2005-06-30": "11.77000", "2005-03-31": "8.32000"}, "Total Non-Operating Income/Expense": {"2020-12-31": "0.20000", "2020-09-30": "-1.50000", "2020-06-30": "-3.50000", "2020-03-31": "3.50000", "2019-12-31": "1.40000", "2019-09-30": "0.10000", "2019-06-30": "2.30000", "2019-03-31": "3.70000", "2018-12-31": "2.90000", "2018-09-30": "3.30000", "2018-06-30": "4.50000", "2018-03-31": "2.90000", "2017-12-31": "2.10000", "2017-09-30": "1.80000", "2017-06-30": "2.00000", "2017-03-31": "0.20000", "2016-12-31": "-0.80000", "2016-09-30": "-0.80000", "2016-06-30": "-2.40000", "2016-03-31": "-2.60000", "2015-12-31": "87.70000", "2015-09-30": "-1.40000", "2015-06-30": "0.60000", "2015-03-31": "0.60000", "2014-12-31": "0.70000", "2014-09-30": "", "2014-06-30": "", "2014-03-31": "-0.10000", "2013-12-31": "", "2013-09-30": "0.40000", "2013-06-30": "0.20000", "2013-03-31": "-1.40000", "2012-12-31": "0.20000", "2012-09-30": "-0.09400", "2012-06-30": "0.10000", "2012-03-31": "-0.40000", "2011-12-31": "-0.30600", "2011-09-30": "0.24800", "2011-06-30": "-0.46700", "2011-03-31": "-0.57500", "2010-12-31": "-0.60600", "2010-09-30": "-0.67200", "2010-06-30": "-0.80300", "2010-03-31": "-1.46400", "2009-12-31": "-1.73100", "2009-09-30": "-1.86500", "2009-06-30": "-2.03100", "2009-03-31": "-1.91000", "2008-12-31": "3.85900", "2008-09-30": "-7.54500", "2008-06-30": "-0.59400", "2008-03-31": "0.11400", "2007-12-31": "-0.15800", "2007-09-30": "0.38800", "2007-06-30": "0.20100", "2007-03-31": "-1.21100", "2006-12-31": "-1.09400", "2006-09-30": "-1.52900", "2006-06-30": "-1.40900", "2006-03-31": "-2.01600", "2005-12-31": "-1.49300", "2005-09-30": "-2.01700", "2005-06-30": "-2.14700", "2005-03-31": "-2.56800"}, "Pre-Tax Income": {"2020-12-31": "570.90000", "2020-09-30": "266.00000", "2020-06-30": "144.00000", "2020-03-31": "203.00000", "2019-12-31": "278.70000", "2019-09-30": "234.00000", "2019-06-30": "161.90000", "2019-03-31": "241.30000", "2018-12-31": "323.80000", "2018-09-30": "343.40000", "2018-06-30": "310.80000", "2018-03-31": "292.30000", "2017-12-31": "385.60000", "2017-09-30": "347.70000", "2017-06-30": "306.80000", "2017-03-31": "281.40000", "2016-12-31": "321.10000", "2016-09-30": "291.09990", "2016-06-30": "236.20000", "2016-03-31": "255.10000", "2015-12-31": "418.20000", "2015-09-30": "296.20000", "2015-06-30": "259.40000", "2015-03-31": "220.50000", "2014-12-31": "247.50000", "2014-09-30": "198.20000", "2014-06-30": "148.50000", "2014-03-31": "102.50000", "2013-12-31": "116.00000", "2013-09-30": "105.90000", "2013-06-30": "84.50000", "2013-03-31": "67.30000", "2012-12-31": "86.80000", "2012-09-30": "74.73800", "2012-06-30": "62.10000", "2012-03-31": "43.40000", "2011-12-31": "74.66200", "2011-09-30": "77.92000", "2011-06-30": "71.75900", "2011-03-31": "67.48500", "2010-12-31": "76.73600", "2010-09-30": "64.75500", "2010-06-30": "52.66900", "2010-03-31": "36.84800", "2009-12-31": "40.80200", "2009-09-30": "31.08700", "2009-06-30": "19.49000", "2009-03-31": "-5.65300", "2008-12-31": "24.83200", "2008-09-30": "20.43500", "2008-06-30": "22.20300", "2008-03-31": "18.68300", "2007-12-31": "20.86700", "2007-09-30": "18.55800", "2007-06-30": "12.61700", "2007-03-31": "11.82200", "2006-12-31": "13.77300", "2006-09-30": "-84.76600", "2006-06-30": "4.45000", "2006-03-31": "0.53100", "2005-12-31": "7.01100", "2005-09-30": "5.08100", "2005-06-30": "9.62300", "2005-03-31": "5.75200"}, "Income Taxes": {"2020-12-31": "61.60000", "2020-09-30": "19.10000", "2020-06-30": "14.30000", "2020-03-31": "21.90000", "2019-12-31": "21.60000", "2019-09-30": "23.40000", "2019-06-30": "17.80000", "2019-03-31": "27.30000", "2018-12-31": "38.90000", "2018-09-30": "57.90000", "2018-06-30": "24.30000", "2018-03-31": "16.30000", "2017-12-31": "315.20000", "2017-09-30": "66.40000", "2017-06-30": "60.60000", "2017-03-31": "56.50000", "2016-12-31": "63.30000", "2016-09-30": "44.30000", "2016-06-30": "51.20000", "2016-03-31": "47.00000", "2015-12-31": "62.90000", "2015-09-30": "67.00000", "2015-06-30": "52.00000", "2015-03-31": "54.00000", "2014-12-31": "52.30000", "2014-09-30": "23.30000", "2014-06-30": "37.10000", "2014-03-31": "25.60000", "2013-12-31": "21.50000", "2013-09-30": "21.70000", "2013-06-30": "18.80000", "2013-03-31": "5.60000", "2012-12-31": "20.30000", "2012-09-30": "13.16400", "2012-06-30": "12.80000", "2012-03-31": "9.40000", "2011-12-31": "17.53600", "2011-09-30": "13.69600", "2011-06-30": "20.21100", "2011-03-31": "17.52500", "2010-12-31": "15.86800", "2010-09-30": "17.95100", "2010-06-30": "17.93300", "2010-03-31": "9.10400", "2009-12-31": "12.79200", "2009-09-30": "-27.24900", "2009-06-30": "0.75000", "2009-03-31": "0.02500", "2008-12-31": "1.24700", "2008-09-30": "-34.35400", "2008-06-30": "1.73700", "2008-03-31": "2.01000", "2007-12-31": "1.78900", "2007-09-30": "-3.43500", "2007-06-30": "1.19400", "2007-03-31": "-0.37500", "2006-12-31": "1.73600", "2006-09-30": "11.60400", "2006-06-30": "1.44500", "2006-03-31": "-0.39500", "2005-12-31": "2.72400", "2005-09-30": "2.02000", "2005-06-30": "2.23400", "2005-03-31": "4.50800"}, "Income After Taxes": {"2020-12-31": "509.30000", "2020-09-30": "246.90000", "2020-06-30": "129.70000", "2020-03-31": "181.10000", "2019-12-31": "257.10000", "2019-09-30": "210.60000", "2019-06-30": "144.10000", "2019-03-31": "214.00000", "2018-12-31": "284.90000", "2018-09-30": "285.50000", "2018-06-30": "286.50000", "2018-03-31": "276.00000", "2017-12-31": "70.40000", "2017-09-30": "281.30000", "2017-06-30": "246.20000", "2017-03-31": "224.90000", "2016-12-31": "257.80000", "2016-09-30": "246.80000", "2016-06-30": "185.00000", "2016-03-31": "208.10000", "2015-12-31": "355.30000", "2015-09-30": "229.20000", "2015-06-30": "207.40000", "2015-03-31": "166.50000", "2014-12-31": "195.20000", "2014-09-30": "174.90000", "2014-06-30": "111.40000", "2014-03-31": "76.90000", "2013-12-31": "94.50000", "2013-09-30": "84.20000", "2013-06-30": "65.70000", "2013-03-31": "61.70000", "2012-12-31": "66.50000", "2012-09-30": "61.57400", "2012-06-30": "49.30000", "2012-03-31": "34.00000", "2011-12-31": "57.12600", "2011-09-30": "64.22400", "2011-06-30": "51.54800", "2011-03-31": "49.96000", "2010-12-31": "60.86800", "2010-09-30": "46.80400", "2010-06-30": "34.73600", "2010-03-31": "27.74400", "2009-12-31": "28.01000", "2009-09-30": "58.33600", "2009-06-30": "18.74000", "2009-03-31": "-5.67800", "2008-12-31": "23.58500", "2008-09-30": "54.78900", "2008-06-30": "20.46600", "2008-03-31": "16.67300", "2007-12-31": "19.07800", "2007-09-30": "21.99300", "2007-06-30": "11.42300", "2007-03-31": "12.19700", "2006-12-31": "12.03700", "2006-09-30": "-96.37000", "2006-06-30": "3.00500", "2006-03-31": "0.92600", "2005-12-31": "4.28700", "2005-09-30": "3.06100", "2005-06-30": "7.38900", "2005-03-31": "1.24400"}, "Other Income": {"2020-12-31": "", "2020-09-30": "", "2020-06-30": "", "2020-03-31": "", "2019-12-31": "", "2019-09-30": "", "2019-06-30": "", "2019-03-31": "", "2018-12-31": "", "2018-09-30": "", "2018-06-30": "", "2018-03-31": "", "2017-12-31": "", "2017-09-30": "", "2017-06-30": "", "2017-03-31": "", "2016-12-31": "", "2016-09-30": "", "2016-06-30": "", "2016-03-31": "", "2015-12-31": "", "2015-09-30": "", "2015-06-30": "", "2015-03-31": "", "2014-12-31": "", "2014-09-30": "", "2014-06-30": "", "2014-03-31": "", "2013-12-31": "", "2013-09-30": "", "2013-06-30": "", "2013-03-31": "", "2012-12-31": "", "2012-09-30": "", "2012-06-30": "", "2012-03-31": "", "2011-12-31": "", "2011-09-30": "", "2011-06-30": "", "2011-03-31": "", "2010-12-31": "", "2010-09-30": "", "2010-06-30": "", "2010-03-31": "", "2009-12-31": "", "2009-09-30": "", "2009-06-30": "", "2009-03-31": "", "2008-12-31": "", "2008-09-30": "", "2008-06-30": "", "2008-03-31": "", "2007-12-31": "", "2007-09-30": "", "2007-06-30": "", "2007-03-31": "", "2006-12-31": "", "2006-09-30": "", "2006-06-30": "", "2006-03-31": "", "2005-12-31": "", "2005-09-30": "", "2005-06-30": "", "2005-03-31": ""}, "Income From Continuous Operations": {"2020-12-31": "509.30000", "2020-09-30": "246.90000", "2020-06-30": "129.70000", "2020-03-31": "181.10000", "2019-12-31": "257.10000", "2019-09-30": "210.60000", "2019-06-30": "144.10000", "2019-03-31": "214.00000", "2018-12-31": "284.90000", "2018-09-30": "285.50000", "2018-06-30": "286.50000", "2018-03-31": "276.00000", "2017-12-31": "70.40000", "2017-09-30": "281.30000", "2017-06-30": "246.20000", "2017-03-31": "224.90000", "2016-12-31": "257.80000", "2016-09-30": "246.80000", "2016-06-30": "185.00000", "2016-03-31": "208.10000", "2015-12-31": "355.30000", "2015-09-30": "229.20000", "2015-06-30": "207.40000", "2015-03-31": "166.50000", "2014-12-31": "195.20000", "2014-09-30": "174.90000", "2014-06-30": "111.40000", "2014-03-31": "76.90000", "2013-12-31": "94.50000", "2013-09-30": "84.20000", "2013-06-30": "65.70000", "2013-03-31": "61.70000", "2012-12-31": "66.50000", "2012-09-30": "61.57400", "2012-06-30": "49.30000", "2012-03-31": "34.00000", "2011-12-31": "57.12600", "2011-09-30": "64.22400", "2011-06-30": "51.54800", "2011-03-31": "49.96000", "2010-12-31": "60.86800", "2010-09-30": "46.80400", "2010-06-30": "34.73600", "2010-03-31": "27.74400", "2009-12-31": "28.01000", "2009-09-30": "58.33600", "2009-06-30": "18.74000", "2009-03-31": "-5.67800", "2008-12-31": "23.58500", "2008-09-30": "54.78900", "2008-06-30": "20.46600", "2008-03-31": "16.67300", "2007-12-31": "19.07800", "2007-09-30": "21.99300", "2007-06-30": "11.42300", "2007-03-31": "12.19700", "2006-12-31": "12.03700", "2006-09-30": "-96.37000", "2006-06-30": "3.00500", "2006-03-31": "0.92600", "2005-12-31": "4.28700", "2005-09-30": "3.06100", "2005-06-30": "7.38900", "2005-03-31": "1.24400"}, "Income From Discontinued Operations": {"2020-12-31": "", "2020-09-30": "", "2020-06-30": "", "2020-03-31": "", "2019-12-31": "", "2019-09-30": "", "2019-06-30": "", "2019-03-31": "", "2018-12-31": "", "2018-09-30": "", "2018-06-30": "", "2018-03-31": "", "2017-12-31": "", "2017-09-30": "", "2017-06-30": "", "2017-03-31": "", "2016-12-31": "", "2016-09-30": "", "2016-06-30": "", "2016-03-31": "", "2015-12-31": "", "2015-09-30": "", "2015-06-30": "", "2015-03-31": "", "2014-12-31": "", "2014-09-30": "", "2014-06-30": "", "2014-03-31": "", "2013-12-31": "", "2013-09-30": "", "2013-06-30": "", "2013-03-31": "", "2012-12-31": "", "2012-09-30": "", "2012-06-30": "", "2012-03-31": "", "2011-12-31": "", "2011-09-30": "", "2011-06-30": "", "2011-03-31": "", "2010-12-31": "", "2010-09-30": "", "2010-06-30": "", "2010-03-31": "", "2009-12-31": "", "2009-09-30": "", "2009-06-30": "", "2009-03-31": "", "2008-12-31": "", "2008-09-30": "", "2008-06-30": "", "2008-03-31": "", "2007-12-31": "", "2007-09-30": "", "2007-06-30": "", "2007-03-31": "", "2006-12-31": "", "2006-09-30": "", "2006-06-30": "", "2006-03-31": "", "2005-12-31": "", "2005-09-30": "", "2005-06-30": "", "2005-03-31": ""}, "Net Income": {"2020-12-31": "509.30000", "2020-09-30": "246.90000", "2020-06-30": "129.70000", "2020-03-31": "181.10000", "2019-12-31": "257.10000", "2019-09-30": "210.60000", "2019-06-30": "144.10000", "2019-03-31": "214.00000", "2018-12-31": "284.90000", "2018-09-30": "285.50000", "2018-06-30": "286.50000", "2018-03-31": "276.00000", "2017-12-31": "70.40000", "2017-09-30": "281.30000", "2017-06-30": "246.20000", "2017-03-31": "224.90000", "2016-12-31": "257.80000", "2016-09-30": "246.80000", "2016-06-30": "185.00000", "2016-03-31": "208.10000", "2015-12-31": "355.30000", "2015-09-30": "229.20000", "2015-06-30": "207.40000", "2015-03-31": "166.50000", "2014-12-31": "195.20000", "2014-09-30": "174.90000", "2014-06-30": "111.40000", "2014-03-31": "76.90000", "2013-12-31": "94.50000", "2013-09-30": "84.20000", "2013-06-30": "65.70000", "2013-03-31": "61.70000", "2012-12-31": "66.50000", "2012-09-30": "61.57400", "2012-06-30": "49.30000", "2012-03-31": "34.00000", "2011-12-31": "57.12600", "2011-09-30": "64.22400", "2011-06-30": "51.54800", "2011-03-31": "49.96000", "2010-12-31": "60.86800", "2010-09-30": "46.80400", "2010-06-30": "34.73600", "2010-03-31": "27.74400", "2009-12-31": "28.01000", "2009-09-30": "58.33600", "2009-06-30": "18.74000", "2009-03-31": "-5.67800", "2008-12-31": "23.58500", "2008-09-30": "54.78900", "2008-06-30": "20.46600", "2008-03-31": "16.67300", "2007-12-31": "19.07800", "2007-09-30": "21.99300", "2007-06-30": "11.42300", "2007-03-31": "12.19700", "2006-12-31": "12.03700", "2006-09-30": "-96.37000", "2006-06-30": "3.00500", "2006-03-31": "0.92600", "2005-12-31": "4.28700", "2005-09-30": "3.06100", "2005-06-30": "7.38900", "2005-03-31": "1.24400"}, "EBITDA": {"2020-12-31": "657.10010", "2020-09-30": "358.19980", "2020-06-30": "238.10000", "2020-03-31": "291.30000", "2019-12-31": "368.50000", "2019-09-30": "326.79990", "2019-06-30": "253.30000", "2019-03-31": "329.60000", "2018-12-31": "413.90000", "2018-09-30": "423.89960", "2018-06-30": "381.00000", "2018-03-31": "361.00000", "2017-12-31": "452.60010", "2017-09-30": "411.29980", "2017-06-30": "367.49990", "2017-03-31": "344.10000", "2016-12-31": "385.70000", "2016-09-30": "353.10000", "2016-06-30": "303.20000", "2016-03-31": "319.80000", "2015-12-31": "390.40000", "2015-09-30": "351.79980", "2015-06-30": "309.10000", "2015-03-31": "267.00000", "2014-12-31": "291.00000", "2014-09-30": "235.80000", "2014-06-30": "178.30000", "2014-03-31": "130.50000", "2013-12-31": "143.30000", "2013-09-30": "131.09990", "2013-06-30": "109.70000", "2013-03-31": "94.40000", "2012-12-31": "113.30000", "2012-09-30": "100.73190", "2012-06-30": "87.70000", "2012-03-31": "70.94100", "2011-12-31": "98.92700", "2011-09-30": "104.23980", "2011-06-30": "91.83100", "2011-03-31": "84.34600", "2010-12-31": "92.88300", "2010-09-30": "79.82400", "2010-06-30": "67.39000", "2010-03-31": "51.95000", "2009-12-31": "55.98200", "2009-09-30": "46.96900", "2009-06-30": "35.56200", "2009-03-31": "10.40500", "2008-12-31": "34.88700", "2008-09-30": "50.08500", "2008-06-30": "36.08800", "2008-03-31": "32.23700", "2007-12-31": "34.35400", "2007-09-30": "29.62510", "2007-06-30": "23.46100", "2007-03-31": "23.87600", "2006-12-31": "25.21600", "2006-09-30": "-72.31000", "2006-06-30": "16.41400", "2006-03-31": "13.33900", "2005-12-31": "18.58300", "2005-09-30": "17.36100", "2005-06-30": "21.74500", "2005-03-31": "18.73100"}, "EBIT": {"2020-12-31": "570.70010", "2020-09-30": "267.49980", "2020-06-30": "147.50000", "2020-03-31": "199.50000", "2019-12-31": "277.30000", "2019-09-30": "233.90000", "2019-06-30": "159.60000", "2019-03-31": "237.60000", "2018-12-31": "320.90000", "2018-09-30": "340.09970", "2018-06-30": "306.30000", "2018-03-31": "289.40000", "2017-12-31": "383.50010", "2017-09-30": "345.89990", "2017-06-30": "304.79990", "2017-03-31": "281.20000", "2016-12-31": "321.90000", "2016-09-30": "291.90000", "2016-06-30": "238.60000", "2016-03-31": "257.70000", "2015-12-31": "330.50000", "2015-09-30": "297.59980", "2015-06-30": "258.80000", "2015-03-31": "219.90000", "2014-12-31": "246.80000", "2014-09-30": "198.09990", "2014-06-30": "148.50000", "2014-03-31": "102.60000", "2013-12-31": "116.00000", "2013-09-30": "105.50000", "2013-06-30": "84.30000", "2013-03-31": "68.70000", "2012-12-31": "86.60000", "2012-09-30": "74.83190", "2012-06-30": "62.00000", "2012-03-31": "43.80000", "2011-12-31": "74.96800", "2011-09-30": "77.67190", "2011-06-30": "72.22600", "2011-03-31": "68.06000", "2010-12-31": "77.34200", "2010-09-30": "65.42700", "2010-06-30": "53.47200", "2010-03-31": "38.31200", "2009-12-31": "42.53300", "2009-09-30": "32.95200", "2009-06-30": "21.52100", "2009-03-31": "-3.74300", "2008-12-31": "20.97300", "2008-09-30": "27.98000", "2008-06-30": "22.79700", "2008-03-31": "18.56900", "2007-12-31": "21.02500", "2007-09-30": "18.17000", "2007-06-30": "12.41600", "2007-03-31": "13.03300", "2006-12-31": "14.86700", "2006-09-30": "-83.23710", "2006-06-30": "5.85900", "2006-03-31": "2.54700", "2005-12-31": "8.50400", "2005-09-30": "7.09800", "2005-06-30": "11.77000", "2005-03-31": "8.32000"}, "Basic Shares Outstanding": {"2020-12-31": "165.40000", "2020-09-30": "168.50000", "2020-06-30": "167.00000", "2020-03-31": "170.00000", "2019-12-31": "170.20000", "2019-09-30": "173.50000", "2019-06-30": "172.60000", "2019-03-31": "173.80000", "2018-12-31": "176.60000", "2018-09-30": "181.30000", "2018-06-30": "181.20000", "2018-03-31": "182.50000", "2017-12-31": "183.10000", "2017-09-30": "184.30000", "2017-06-30": "184.20000", "2017-03-31": "184.80000", "2016-12-31": "184.80000", "2016-09-30": "188.70000", "2016-06-30": "188.70000", "2016-03-31": "190.20000", "2015-12-31": "190.40000", "2015-09-30": "189.50000", "2015-06-30": "190.00000", "2015-03-31": "189.90000", "2014-12-31": "188.70000", "2014-09-30": "187.20000", "2014-06-30": "187.50000", "2014-03-31": "187.40000", "2013-12-31": "186.20000", "2013-09-30": "187.50000", "2013-06-30": "186.60000", "2013-03-31": "188.70000", "2012-12-31": "189.40000", "2012-09-30": "185.80000", "2012-06-30": "186.30000", "2012-03-31": "185.20000", "2011-12-31": "183.95600", "2011-09-30": "182.90000", "2011-06-30": "183.75000", "2011-03-31": "183.47100", "2010-12-31": "180.70600", "2010-09-30": "175.02000", "2010-06-30": "175.49500", "2010-03-31": "174.44900", "2009-12-31": "172.71700", "2009-09-30": "167.04700", "2009-06-30": "167.06200", "2009-03-31": "165.99700", "2008-12-31": "164.85500", "2008-09-30": "161.87800", "2008-06-30": "162.09500", "2008-03-31": "161.16500", "2007-12-31": "160.31900", "2007-09-30": "159.99300", "2007-06-30": "158.60600", "2007-03-31": "160.68700", "2006-12-31": "161.18300", "2006-09-30": "159.40800", "2006-06-30": "159.69900", "2006-03-31": "159.08400", "2005-12-31": "158.57300", "2005-09-30": "157.45300", "2005-06-30": "157.80900", "2005-03-31": "157.23500"}, "Shares Outstanding": {"2020-12-31": "167.00000", "2020-09-30": "169.90000", "2020-06-30": "168.30000", "2020-03-31": "171.10000", "2019-12-31": "171.60000", "2019-09-30": "174.50000", "2019-06-30": "173.40000", "2019-03-31": "174.60000", "2018-12-31": "177.70000", "2018-09-30": "183.20000", "2018-06-30": "182.80000", "2018-03-31": "184.30000", "2017-12-31": "185.50000", "2017-09-30": "186.70000", "2017-06-30": "186.60000", "2017-03-31": "187.10000", "2016-12-31": "187.30000", "2016-09-30": "192.10000", "2016-06-30": "191.70000", "2016-03-31": "193.30000", "2015-12-31": "194.70000", "2015-09-30": "194.90000", "2015-06-30": "195.40000", "2015-03-31": "195.20000", "2014-12-31": "194.20000", "2014-09-30": "192.60000", "2014-06-30": "193.20000", "2014-03-31": "192.20000", "2013-12-31": "191.20000", "2013-09-30": "192.20000", "2013-06-30": "191.20000", "2013-03-31": "193.10000", "2012-12-31": "194.00000", "2012-09-30": "191.80000", "2012-06-30": "192.50000", "2012-03-31": "191.00000", "2011-12-31": "189.68200", "2011-09-30": "190.70000", "2011-06-30": "191.38000", "2011-03-31": "191.96100", "2010-12-31": "188.54100", "2010-09-30": "182.73800", "2010-06-30": "183.88900", "2010-03-31": "182.92400", "2009-12-31": "179.40400", "2009-09-30": "169.66300", "2009-06-30": "169.52500", "2009-03-31": "165.99700", "2008-12-31": "165.18800", "2008-09-30": "164.75500", "2008-06-30": "164.64900", "2008-03-31": "162.98200", "2007-12-31": "162.83600", "2007-09-30": "161.06400", "2007-06-30": "160.03200", "2007-03-31": "161.97200", "2006-12-31": "162.88000", "2006-09-30": "159.40800", "2006-06-30": "160.87600", "2006-03-31": "159.62900", "2005-12-31": "158.82700", "2005-09-30": "158.85700", "2005-06-30": "158.68200", "2005-03-31": "158.43500"}, "Basic EPS": {"2020-12-31": "3.08000", "2020-09-30": "1.48000", "2020-06-30": "0.78000", "2020-03-31": "1.07000", "2019-12-31": "1.51000", "2019-09-30": "1.25000", "2019-06-30": "0.83000", "2019-03-31": "1.23000", "2018-12-31": "1.61000", "2018-09-30": "1.59000", "2018-06-30": "1.58000", "2018-03-31": "1.51000", "2017-12-31": "0.38000", "2017-09-30": "1.53000", "2017-06-30": "1.34000", "2017-03-31": "1.22000", "2016-12-31": "1.39000", "2016-09-30": "1.33000", "2016-06-30": "0.98000", "2016-03-31": "1.09000", "2015-12-31": "1.87000", "2015-09-30": "1.21000", "2015-06-30": "1.09000", "2015-03-31": "0.88000", "2014-12-31": "1.03000", "2014-09-30": "0.93000", "2014-06-30": "0.59000", "2014-03-31": "0.41000", "2013-12-31": "0.51000", "2013-09-30": "0.45000", "2013-06-30": "0.35000", "2013-03-31": "0.33000", "2012-12-31": "0.35000", "2012-09-30": "0.34000", "2012-06-30": "0.26000", "2012-03-31": "0.18000", "2011-12-31": "0.31000", "2011-09-30": "0.35000", "2011-06-30": "0.28000", "2011-03-31": "0.27000", "2010-12-31": "0.34000", "2010-09-30": "0.26000", "2010-06-30": "0.20000", "2010-03-31": "0.16000", "2009-12-31": "0.16000", "2009-09-30": "0.35000", "2009-06-30": "0.11000", "2009-03-31": "-0.03000", "2008-12-31": "0.14000", "2008-09-30": "0.34000", "2008-06-30": "0.13000", "2008-03-31": "0.10000", "2007-12-31": "0.12000", "2007-09-30": "0.14000", "2007-06-30": "0.07000", "2007-03-31": "0.08000", "2006-12-31": "0.07000", "2006-09-30": "-0.61000", "2006-06-30": "0.02000", "2006-03-31": "0.01000", "2005-12-31": "0.03000", "2005-09-30": "0.01000", "2005-06-30": "0.05000", "2005-03-31": "0.01000"}, "EPS - Earnings Per Share": {"2020-12-31": "3.05000", "2020-09-30": "1.47000", "2020-06-30": "0.77000", "2020-03-31": "1.06000", "2019-12-31": "1.50000", "2019-09-30": "1.23000", "2019-06-30": "0.83000", "2019-03-31": "1.23000", "2018-12-31": "1.60000", "2018-09-30": "1.56000", "2018-06-30": "1.57000", "2018-03-31": "1.50000", "2017-12-31": "0.38000", "2017-09-30": "1.51000", "2017-06-30": "1.32000", "2017-03-31": "1.20000", "2016-12-31": "1.38000", "2016-09-30": "1.31000", "2016-06-30": "0.97000", "2016-03-31": "1.08000", "2015-12-31": "1.82000", "2015-09-30": "1.18000", "2015-06-30": "1.06000", "2015-03-31": "0.85000", "2014-12-31": "1.01000", "2014-09-30": "0.91000", "2014-06-30": "0.58000", "2014-03-31": "0.40000", "2013-12-31": "0.49000", "2013-09-30": "0.45000", "2013-06-30": "0.34000", "2013-03-31": "0.32000", "2012-12-31": "0.34000", "2012-09-30": "0.31000", "2012-06-30": "0.26000", "2012-03-31": "0.18000", "2011-12-31": "0.30000", "2011-09-30": "0.34000", "2011-06-30": "0.27000", "2011-03-31": "0.26000", "2010-12-31": "0.32000", "2010-09-30": "0.25000", "2010-06-30": "0.19000", "2010-03-31": "0.15000", "2009-12-31": "0.16000", "2009-09-30": "0.34000", "2009-06-30": "0.11000", "2009-03-31": "-0.03000", "2008-12-31": "0.14000", "2008-09-30": "0.33000", "2008-06-30": "0.12000", "2008-03-31": "0.10000", "2007-12-31": "0.12000", "2007-09-30": "0.14000", "2007-06-30": "0.07000", "2007-03-31": "0.08000", "2006-12-31": "0.07000", "2006-09-30": "-0.61000", "2006-06-30": "0.02000", "2006-03-31": "0.01000", "2005-12-31": "0.03000", "2005-09-30": "0.01000", "2005-06-30": "0.05000", "2005-03-31": "0.01000"}}, "balance sheet": {"Cash On Hand": {"2020-09-30": "974.80000", "2019-09-30": "1054.60000", "2018-09-30": "1027.40000", "2017-09-30": "1616.80000", "2016-09-30": "1083.80000", "2015-09-30": "1043.60000", "2014-09-30": "805.80000", "2013-09-30": "511.10000", "2012-09-30": "307.10000", "2011-09-30": "410.79900", "2010-09-30": "459.38500", "2009-09-30": "370.08400", "2008-09-30": "231.06600", "2007-09-30": "253.77900", "2006-09-30": "171.20100", "2005-09-30": "235.86000"}, "Receivables": {"2020-09-30": "393.60000", "2019-09-30": "465.30000", "2018-09-30": "655.80000", "2017-09-30": "454.70000", "2016-09-30": "416.60000", "2015-09-30": "538.00000", "2014-09-30": "317.60000", "2013-09-30": "292.70000", "2012-09-30": "297.60000", "2011-09-30": "177.94000", "2010-09-30": "175.23200", "2009-09-30": "115.03400", "2008-09-30": "146.71000", "2007-09-30": "167.31900", "2006-09-30": "158.79800", "2005-09-30": "171.45400"}, "Inventory": {"2020-09-30": "806.00000", "2019-09-30": "609.70000", "2018-09-30": "490.20000", "2017-09-30": "493.50000", "2016-09-30": "424.00000", "2015-09-30": "267.90000", "2014-09-30": "270.80000", "2013-09-30": "229.50000", "2012-09-30": "232.90000", "2011-09-30": "198.18300", "2010-09-30": "125.05900", "2009-09-30": "86.09700", "2008-09-30": "103.79100", "2007-09-30": "82.10900", "2006-09-30": "81.52900", "2005-09-30": "77.40000"}, "Pre-Paid Expenses": {"2020-09-30": "", "2019-09-30": "", "2018-09-30": "", "2017-09-30": "", "2016-09-30": "", "2015-09-30": "", "2014-09-30": "", "2013-09-30": "", "2012-09-30": "", "2011-09-30": "", "2010-09-30": "", "2009-09-30": "", "2008-09-30": "", "2007-09-30": "", "2006-09-30": "", "2005-09-30": ""}, "Other Current Assets": {"2020-09-30": "143.20000", "2019-09-30": "105.00000", "2018-09-30": "88.80000", "2017-09-30": "68.70000", "2016-09-30": "77.70000", "2015-09-30": "65.20000", "2014-09-30": "35.00000", "2013-09-30": "40.00000", "2012-09-30": "45.70000", "2011-09-30": "29.41200", "2010-09-30": "30.18900", "2009-09-30": "18.91200", "2008-09-30": "13.08900", "2007-09-30": "10.51100", "2006-09-30": "9.31500", "2005-09-30": "11.26800"}, "Total Current Assets": {"2020-09-30": "2317.60000", "2019-09-30": "2234.60000", "2018-09-30": "2262.20000", "2017-09-30": "2633.70000", "2016-09-30": "2002.10000", "2015-09-30": "1914.70000", "2014-09-30": "1429.20000", "2013-09-30": "1073.30000", "2012-09-30": "883.30000", "2011-09-30": "816.33400", "2010-09-30": "789.86500", "2009-09-30": "590.12700", "2008-09-30": "494.65600", "2007-09-30": "513.71800", "2006-09-30": "420.84300", "2005-09-30": "495.98200"}, "Property, Plant, And Equipment": {"2020-09-30": "1249.50000", "2019-09-30": "1205.60000", "2018-09-30": "1140.90000", "2017-09-30": "882.30000", "2016-09-30": "806.30000", "2015-09-30": "826.40000", "2014-09-30": "555.90000", "2013-09-30": "328.60000", "2012-09-30": "279.40000", "2011-09-30": "251.36500", "2010-09-30": "204.36300", "2009-09-30": "162.29900", "2008-09-30": "173.36000", "2007-09-30": "153.51600", "2006-09-30": "150.38300", "2005-09-30": "144.20800"}, "Long-Term Investments": {"2020-09-30": "5.20000", "2019-09-30": "27.60000", "2018-09-30": "22.80000", "2017-09-30": "", "2016-09-30": "", "2015-09-30": "", "2014-09-30": "", "2013-09-30": "", "2012-09-30": "", "2011-09-30": "", "2010-09-30": "", "2009-09-30": "", "2008-09-30": "", "2007-09-30": "", "2006-09-30": "", "2005-09-30": ""}, "Goodwill And Intangible Assets": {"2020-09-30": "1243.30000", "2019-09-30": "1297.70000", "2018-09-30": "1333.50000", "2017-09-30": "950.80000", "2016-09-30": "940.30000", "2015-09-30": "901.70000", "2014-09-30": "926.00000", "2013-09-30": "865.30000", "2012-09-30": "894.50000", "2011-09-30": "749.84900", "2010-09-30": "498.09600", "2009-09-30": "501.13800", "2008-09-30": "503.41700", "2007-09-30": "494.33200", "2006-09-30": "508.97500", "2005-09-30": "511.11900"}, "Other Long-Term Assets": {"2020-09-30": "67.90000", "2019-09-30": "33.30000", "2018-09-30": "33.00000", "2017-09-30": "40.30000", "2016-09-30": "52.60000", "2015-09-30": "20.30000", "2014-09-30": "11.90000", "2013-09-30": "11.80000", "2012-09-30": "14.20000", "2011-09-30": "11.97800", "2010-09-30": "11.15900", "2009-09-30": "9.86400", "2008-09-30": "11.47400", "2007-09-30": "13.88300", "2006-09-30": "10.04400", "2005-09-30": "20.48200"}, "Total Long-Term Assets": {"2020-09-30": "2789.10000", "2019-09-30": "2605.00000", "2018-09-30": "2566.70000", "2017-09-30": "1939.90000", "2016-09-30": "1853.30000", "2015-09-30": "1804.70000", "2014-09-30": "1544.60000", "2013-09-30": "1259.80000", "2012-09-30": "1253.30000", "2011-09-30": "1074.05500", "2010-09-30": "774.18700", "2009-09-30": "762.46410", "2008-09-30": "741.44300", "2007-09-30": "676.19000", "2006-09-30": "669.65300", "2005-09-30": "691.86100"}, "Total Assets": {"2020-09-30": "5106.70000", "2019-09-30": "4839.60000", "2018-09-30": "4828.90000", "2017-09-30": "4573.60000", "2016-09-30": "3855.40000", "2015-09-30": "3719.40000", "2014-09-30": "2973.80000", "2013-09-30": "2333.10000", "2012-09-30": "2136.60000", "2011-09-30": "1890.38900", "2010-09-30": "1564.05200", "2009-09-30": "1352.59100", "2008-09-30": "1236.09900", "2007-09-30": "1189.90800", "2006-09-30": "1090.49600", "2005-09-30": "1187.84300"}, "Total Current Liabilities": {"2020-09-30": "448.40000", "2019-09-30": "374.00000", "2018-09-30": "389.70000", "2017-09-30": "387.90000", "2016-09-30": "210.20000", "2015-09-30": "463.90000", "2014-09-30": "297.60000", "2013-09-30": "179.70000", "2012-09-30": "182.70000", "2011-09-30": "247.09600", "2010-09-30": "204.32400", "2009-09-30": "196.24300", "2008-09-30": "148.74000", "2007-09-30": "197.22300", "2006-09-30": "175.62000", "2005-09-30": "158.23500"}, "Long Term Debt": {"2020-09-30": "", "2019-09-30": "", "2018-09-30": "", "2017-09-30": "", "2016-09-30": "", "2015-09-30": "", "2014-09-30": "41.60000", "2013-09-30": "", "2012-09-30": "", "2011-09-30": "", "2010-09-30": "24.74300", "2009-09-30": "41.48300", "2008-09-30": "137.61600", "2007-09-30": "200.00000", "2006-09-30": "179.33500", "2005-09-30": "230.00000"}, "Other Non-Current Liabilities": {"2020-09-30": "343.40000", "2019-09-30": "343.30000", "2018-09-30": "342.20000", "2017-09-30": "120.00000", "2016-09-30": "103.80000", "2015-09-30": "96.30000", "2014-09-30": "102.20000", "2013-09-30": "6.40000", "2012-09-30": "48.40000", "2011-09-30": "34.19800", "2010-09-30": "18.38900", "2009-09-30": "6.08600", "2008-09-30": "5.52700", "2007-09-30": "6.33800", "2006-09-30": "6.44800", "2005-09-30": "7.04400"}, "Total Long Term Liabilities": {"2020-09-30": "494.10000", "2019-09-30": "343.30000", "2018-09-30": "342.20000", "2017-09-30": "120.00000", "2016-09-30": "103.80000", "2015-09-30": "96.30000", "2014-09-30": "143.80000", "2013-09-30": "52.30000", "2012-09-30": "48.40000", "2011-09-30": "34.19800", "2010-09-30": "43.13200", "2009-09-30": "47.56900", "2008-09-30": "143.14300", "2007-09-30": "206.33800", "2006-09-30": "185.78300", "2005-09-30": "237.04400"}, "Total Liabilities": {"2020-09-30": "942.50000", "2019-09-30": "717.30000", "2018-09-30": "731.90000", "2017-09-30": "507.90000", "2016-09-30": "314.00000", "2015-09-30": "560.20000", "2014-09-30": "441.40000", "2013-09-30": "232.00000", "2012-09-30": "231.10000", "2011-09-30": "281.29400", "2010-09-30": "247.45600", "2009-09-30": "243.81200", "2008-09-30": "291.88300", "2007-09-30": "403.56100", "2006-09-30": "361.40300", "2005-09-30": "395.27900"}, "Common Stock Net": {"2020-09-30": "41.40000", "2019-09-30": "42.50000", "2018-09-30": "44.40000", "2017-09-30": "45.80000", "2016-09-30": "46.20000", "2015-09-30": "47.60000", "2014-09-30": "47.30000", "2013-09-30": "47.00000", "2012-09-30": "48.10000", "2011-09-30": "46.59700", "2010-09-30": "45.06600", "2009-09-30": "43.20400", "2008-09-30": "41.39800", "2007-09-30": "40.27500", "2006-09-30": "40.41400", "2005-09-30": "39.65600"}, "Retained Earnings (Accumulated Deficit)": {"2020-09-30": "4820.40000", "2019-09-30": "4312.60000", "2018-09-30": "3732.90000", "2017-09-30": "3059.60000", "2016-09-30": "2263.60000", "2015-09-30": "1469.20000", "2014-09-30": "794.90000", "2013-09-30": "378.90000", "2012-09-30": "100.80000", "2011-09-30": "-101.27500", "2010-09-30": "-327.86000", "2009-09-30": "-465.15400", "2008-09-30": "-493.08300", "2007-09-30": "-604.08900", "2006-09-30": "-661.73900", "2005-09-30": "-573.58600"}, "Comprehensive Income": {"2020-09-30": "-7.80000", "2019-09-30": "-7.90000", "2018-09-30": "-8.80000", "2017-09-30": "-8.50000", "2016-09-30": "-10.90000", "2015-09-30": "-8.20000", "2014-09-30": "-4.90000", "2013-09-30": "-0.90000", "2012-09-30": "-1.60000", "2011-09-30": "-1.33100", "2010-09-30": "-1.29700", "2009-09-30": "-1.38000", "2008-09-30": "-1.18000", "2007-09-30": "-0.21400", "2006-09-30": "-0.59900", "2005-09-30": "-1.13700"}, "Other Share Holders Equity": {"2020-09-30": "", "2019-09-30": "", "2018-09-30": "", "2017-09-30": "", "2016-09-30": "", "2015-09-30": "", "2014-09-30": "", "2013-09-30": "", "2012-09-30": "", "2011-09-30": "", "2010-09-30": "", "2009-09-30": "", "2008-09-30": "", "2007-09-30": "", "2006-09-30": "", "2005-09-30": ""}, "Share Holder Equity": {"2020-09-30": "4164.20000", "2019-09-30": "4122.30000", "2018-09-30": "4097.00000", "2017-09-30": "4065.70000", "2016-09-30": "3541.40000", "2015-09-30": "3159.20000", "2014-09-30": "2532.40000", "2013-09-30": "2101.10000", "2012-09-30": "1905.50000", "2011-09-30": "1609.09500", "2010-09-30": "1316.59600", "2009-09-30": "1108.77900", "2008-09-30": "944.21600", "2007-09-30": "786.34700", "2006-09-30": "729.09300", "2005-09-30": "792.56400"}, "Total Liabilities And Share Holders Equity": {"2020-09-30": "5106.70000", "2019-09-30": "4839.60000", "2018-09-30": "4828.90000", "2017-09-30": "4573.60000", "2016-09-30": "3855.40000", "2015-09-30": "3719.40000", "2014-09-30": "2973.80000", "2013-09-30": "2333.10000", "2012-09-30": "2136.60000", "2011-09-30": "1890.38900", "2010-09-30": "1564.05200", "2009-09-30": "1352.59100", "2008-09-30": "1236.09900", "2007-09-30": "1189.90800", "2006-09-30": "1090.49600", "2005-09-30": "1187.84300"}}, "balance sheet, quarterly": {"Cash On Hand": {"2020-12-31": "1018.60000", "2020-09-30": "974.80000", "2020-06-30": "1138.30000", "2020-03-31": "1073.90000", "2019-12-31": "1190.40000", "2019-09-30": "1054.60000", "2019-06-30": "935.00000", "2019-03-31": "957.40000", "2018-12-31": "1099.10000", "2018-09-30": "1027.40000", "2018-06-30": "1542.50000", "2018-03-31": "1881.30000", "2017-12-31": "1681.50000", "2017-09-30": "1616.80000", "2017-06-30": "1444.00000", "2017-03-31": "1406.90000", "2016-12-31": "1350.50000", "2016-09-30": "1083.80000", "2016-06-30": "973.70000", "2016-03-31": "1177.50000", "2015-12-31": "1233.20000", "2015-09-30": "1043.60000", "2015-06-30": "1106.00000", "2015-03-31": "1054.20000", "2014-12-31": "1049.90000", "2014-09-30": "805.80000", "2014-06-30": "893.30000", "2014-03-31": "797.80000", "2013-12-31": "648.60000", "2013-09-30": "511.10000", "2013-06-30": "400.30000", "2013-03-31": "458.80000", "2012-12-31": "378.35500", "2012-09-30": "307.10000", "2012-06-30": "327.91500", "2012-03-31": "307.33600", "2011-12-31": "446.49800", "2011-09-30": "410.79900", "2011-06-30": "310.35700", "2011-03-31": "504.46300", "2010-12-31": "450.71600", "2010-09-30": "459.38500", "2010-06-30": "389.95100", "2010-03-31": "411.53700", "2009-12-31": "402.45400", "2009-09-30": "370.08400", "2009-06-30": "308.36600", "2009-03-31": "267.91300", "2008-12-31": "249.65700", "2008-09-30": "231.06600", "2008-06-30": "253.97700", "2008-03-31": "228.45900", "2007-12-31": "207.48000", "2007-09-30": "253.77900", "2007-06-30": "234.59700", "2007-03-31": "222.79900", "2006-12-31": "183.33400", "2006-09-30": "171.20100", "2006-06-30": "154.51000", "2006-03-31": "183.02200", "2005-12-31": "244.47500", "2005-09-30": "235.86000", "2005-06-30": "235.47900", "2005-03-31": "219.35300"}, "Receivables": {"2020-12-31": "689.90000", "2020-09-30": "393.60000", "2020-06-30": "346.10000", "2020-03-31": "367.60000", "2019-12-31": "426.80000", "2019-09-30": "465.30000", "2019-06-30": "557.80000", "2019-03-31": "543.80000", "2018-12-31": "524.40000", "2018-09-30": "655.80000", "2018-06-30": "468.40000", "2018-03-31": "367.20000", "2017-12-31": "458.80000", "2017-09-30": "454.70000", "2017-06-30": "397.40000", "2017-03-31": "368.80000", "2016-12-31": "368.40000", "2016-09-30": "416.60000", "2016-06-30": "570.00000", "2016-03-31": "538.50000", "2015-12-31": "527.60000", "2015-09-30": "538.00000", "2015-06-30": "381.70000", "2015-03-31": "277.10000", "2014-12-31": "242.30000", "2014-09-30": "317.60000", "2014-06-30": "251.40000", "2014-03-31": "216.30000", "2013-12-31": "267.10000", "2013-09-30": "292.70000", "2013-06-30": "283.90000", "2013-03-31": "234.60000", "2012-12-31": "252.14900", "2012-09-30": "297.60000", "2012-06-30": "246.89400", "2012-03-31": "211.48800", "2011-12-31": "199.01000", "2011-09-30": "177.94000", "2011-06-30": "186.12900", "2011-03-31": "183.35200", "2010-12-31": "200.90500", "2010-09-30": "175.23200", "2010-06-30": "154.78300", "2010-03-31": "107.66900", "2009-12-31": "119.22000", "2009-09-30": "115.03400", "2009-06-30": "112.46200", "2009-03-31": "112.13000", "2008-12-31": "108.87100", "2008-09-30": "146.71000", "2008-06-30": "169.28900", "2008-03-31": "164.60400", "2007-12-31": "166.64700", "2007-09-30": "167.31900", "2007-06-30": "164.34300", "2007-03-31": "161.19200", "2006-12-31": "163.26200", "2006-09-30": "158.79800", "2006-06-30": "204.25700", "2006-03-31": "172.79200", "2005-12-31": "171.06500", "2005-09-30": "171.45400", "2005-06-30": "162.00600", "2005-03-31": "166.35800"}, "Inventory": {"2020-12-31": "718.50000", "2020-09-30": "806.00000", "2020-06-30": "698.20000", "2020-03-31": "648.90000", "2019-12-31": "604.40000", "2019-09-30": "609.70000", "2019-06-30": "580.80000", "2019-03-31": "555.00000", "2018-12-31": "493.10000", "2018-09-30": "490.20000", "2018-06-30": "502.80000", "2018-03-31": "466.40000", "2017-12-31": "458.60000", "2017-09-30": "493.50000", "2017-06-30": "482.50000", "2017-03-31": "444.50000", "2016-12-31": "422.80000", "2016-09-30": "424.00000", "2016-06-30": "437.60000", "2016-03-31": "333.70000", "2015-12-31": "276.40000", "2015-09-30": "267.90000", "2015-06-30": "272.70000", "2015-03-31": "276.20000", "2014-12-31": "273.80000", "2014-09-30": "270.80000", "2014-06-30": "198.70000", "2014-03-31": "216.60000", "2013-12-31": "224.70000", "2013-09-30": "229.50000", "2013-06-30": "232.30000", "2013-03-31": "226.80000", "2012-12-31": "229.53400", "2012-09-30": "232.90000", "2012-06-30": "209.94700", "2012-03-31": "196.55800", "2011-12-31": "177.52000", "2011-09-30": "198.18300", "2011-06-30": "188.79500", "2011-03-31": "151.17900", "2010-12-31": "142.46300", "2010-09-30": "125.05900", "2010-06-30": "118.11900", "2010-03-31": "104.42100", "2009-12-31": "97.94000", "2009-09-30": "86.09700", "2009-06-30": "89.24100", "2009-03-31": "91.75300", "2008-12-31": "98.55100", "2008-09-30": "103.79100", "2008-06-30": "96.11900", "2008-03-31": "94.27200", "2007-12-31": "85.91200", "2007-09-30": "82.10900", "2007-06-30": "83.78300", "2007-03-31": "76.18600", "2006-12-31": "71.37900", "2006-09-30": "81.52900", "2006-06-30": "101.96200", "2006-03-31": "92.84000", "2005-12-31": "79.03100", "2005-09-30": "77.40000", "2005-06-30": "81.18800", "2005-03-31": "80.59500"}, "Pre-Paid Expenses": {"2020-12-31": "", "2020-09-30": "", "2020-06-30": "", "2020-03-31": "", "2019-12-31": "", "2019-09-30": "", "2019-06-30": "", "2019-03-31": "", "2018-12-31": "", "2018-09-30": "", "2018-06-30": "", "2018-03-31": "", "2017-12-31": "", "2017-09-30": "", "2017-06-30": "", "2017-03-31": "", "2016-12-31": "", "2016-09-30": "", "2016-06-30": "", "2016-03-31": "", "2015-12-31": "", "2015-09-30": "", "2015-06-30": "", "2015-03-31": "", "2014-12-31": "", "2014-09-30": "", "2014-06-30": "", "2014-03-31": "", "2013-12-31": "", "2013-09-30": "", "2013-06-30": "", "2013-03-31": "", "2012-12-31": "", "2012-09-30": "", "2012-06-30": "", "2012-03-31": "", "2011-12-31": "", "2011-09-30": "", "2011-06-30": "", "2011-03-31": "", "2010-12-31": "", "2010-09-30": "", "2010-06-30": "", "2010-03-31": "", "2009-12-31": "", "2009-09-30": "", "2009-06-30": "", "2009-03-31": "", "2008-12-31": "", "2008-09-30": "", "2008-06-30": "", "2008-03-31": "", "2007-12-31": "", "2007-09-30": "", "2007-06-30": "", "2007-03-31": "", "2006-12-31": "", "2006-09-30": "", "2006-06-30": "", "2006-03-31": "", "2005-12-31": "", "2005-09-30": "", "2005-06-30": "", "2005-03-31": ""}, "Other Current Assets": {"2020-12-31": "148.20000", "2020-09-30": "143.20000", "2020-06-30": "154.80000", "2020-03-31": "130.40000", "2019-12-31": "124.90000", "2019-09-30": "105.00000", "2019-06-30": "132.70000", "2019-03-31": "103.90000", "2018-12-31": "91.90000", "2018-09-30": "88.80000", "2018-06-30": "117.70000", "2018-03-31": "96.00000", "2017-12-31": "87.70000", "2017-09-30": "68.70000", "2017-06-30": "88.10000", "2017-03-31": "87.90000", "2016-12-31": "56.80000", "2016-09-30": "77.70000", "2016-06-30": "96.80000", "2016-03-31": "77.30000", "2015-12-31": "77.50000", "2015-09-30": "65.20000", "2015-06-30": "57.70000", "2015-03-31": "71.40000", "2014-12-31": "24.40000", "2014-09-30": "35.00000", "2014-06-30": "43.90000", "2014-03-31": "38.20000", "2013-12-31": "39.70000", "2013-09-30": "40.00000", "2013-06-30": "43.10000", "2013-03-31": "43.50000", "2012-12-31": "39.51500", "2012-09-30": "45.70000", "2012-06-30": "44.73400", "2012-03-31": "36.95000", "2011-12-31": "33.31400", "2011-09-30": "29.41200", "2011-06-30": "26.85200", "2011-03-31": "33.45000", "2010-12-31": "26.51900", "2010-09-30": "30.18900", "2010-06-30": "20.80500", "2010-03-31": "20.39100", "2009-12-31": "16.23900", "2009-09-30": "18.91200", "2009-06-30": "16.25300", "2009-03-31": "14.83800", "2008-12-31": "12.36600", "2008-09-30": "13.08900", "2008-06-30": "10.28200", "2008-03-31": "8.92600", "2007-12-31": "9.29900", "2007-09-30": "10.51100", "2007-06-30": "8.50000", "2007-03-31": "8.00400", "2006-12-31": "8.11000", "2006-09-30": "9.31500", "2006-06-30": "9.96400", "2006-03-31": "12.46900", "2005-12-31": "10.48200", "2005-09-30": "11.26800", "2005-06-30": "8.80400", "2005-03-31": "11.34100"}, "Total Current Assets": {"2020-12-31": "2575.20000", "2020-09-30": "2317.60000", "2020-06-30": "2337.40000", "2020-03-31": "2220.80000", "2019-12-31": "2346.50000", "2019-09-30": "2234.60000", "2019-06-30": "2206.30000", "2019-03-31": "2160.10000", "2018-12-31": "2208.50000", "2018-09-30": "2262.20000", "2018-06-30": "2631.40000", "2018-03-31": "2810.90000", "2017-12-31": "2686.60000", "2017-09-30": "2633.70000", "2017-06-30": "2412.00000", "2017-03-31": "2308.10000", "2016-12-31": "2198.50000", "2016-09-30": "2002.10000", "2016-06-30": "2078.10000", "2016-03-31": "2127.00000", "2015-12-31": "2114.70000", "2015-09-30": "1914.70000", "2015-06-30": "1818.10000", "2015-03-31": "1678.90000", "2014-12-31": "1590.40000", "2014-09-30": "1429.20000", "2014-06-30": "1387.30000", "2014-03-31": "1268.90000", "2013-12-31": "1180.10000", "2013-09-30": "1073.30000", "2013-06-30": "959.60000", "2013-03-31": "963.70000", "2012-12-31": "899.55300", "2012-09-30": "883.30000", "2012-06-30": "829.49000", "2012-03-31": "752.33200", "2011-12-31": "856.34200", "2011-09-30": "816.33400", "2011-06-30": "712.13300", "2011-03-31": "872.44400", "2010-12-31": "820.60300", "2010-09-30": "789.86500", "2010-06-30": "683.65800", "2010-03-31": "644.01800", "2009-12-31": "635.85300", "2009-09-30": "590.12700", "2009-06-30": "526.32200", "2009-03-31": "486.63400", "2008-12-31": "469.44500", "2008-09-30": "494.65600", "2008-06-30": "529.66700", "2008-03-31": "496.26100", "2007-12-31": "469.33800", "2007-09-30": "513.71800", "2007-06-30": "491.22300", "2007-03-31": "468.18100", "2006-12-31": "426.08500", "2006-09-30": "420.84300", "2006-06-30": "470.69300", "2006-03-31": "461.12300", "2005-12-31": "505.05300", "2005-09-30": "495.98200", "2005-06-30": "487.47700", "2005-03-31": "477.64700"}, "Property, Plant, And Equipment": {"2020-12-31": "1305.40000", "2020-09-30": "1249.50000", "2020-06-30": "1206.90000", "2020-03-31": "1207.90000", "2019-12-31": "1190.80000", "2019-09-30": "1205.60000", "2019-06-30": "1230.10000", "2019-03-31": "1169.80000", "2018-12-31": "1140.60000", "2018-09-30": "1140.90000", "2018-06-30": "1034.60000", "2018-03-31": "907.10000", "2017-12-31": "869.10000", "2017-09-30": "882.30000", "2017-06-30": "857.70000", "2017-03-31": "800.40000", "2016-12-31": "801.50000", "2016-09-30": "806.30000", "2016-06-30": "844.50000", "2016-03-31": "837.70000", "2015-12-31": "847.90000", "2015-09-30": "826.40000", "2015-06-30": "721.60000", "2015-03-31": "655.80000", "2014-12-31": "610.40000", "2014-09-30": "555.90000", "2014-06-30": "387.30000", "2014-03-31": "343.90000", "2013-12-31": "323.70000", "2013-09-30": "328.60000", "2013-06-30": "309.20000", "2013-03-31": "294.30000", "2012-12-31": "287.25300", "2012-09-30": "279.40000", "2012-06-30": "266.03900", "2012-03-31": "252.31200", "2011-12-31": "240.40100", "2011-09-30": "251.36500", "2011-06-30": "252.75500", "2011-03-31": "241.73300", "2010-12-31": "223.81300", "2010-09-30": "204.36300", "2010-06-30": "187.49100", "2010-03-31": "174.21300", "2009-12-31": "166.03500", "2009-09-30": "162.29900", "2009-06-30": "157.99400", "2009-03-31": "163.57600", "2008-12-31": "175.12700", "2008-09-30": "173.36000", "2008-06-30": "171.63600", "2008-03-31": "168.88100", "2007-12-31": "162.49700", "2007-09-30": "153.51600", "2007-06-30": "151.89300", "2007-03-31": "148.92100", "2006-12-31": "147.15400", "2006-09-30": "150.38300", "2006-06-30": "152.25700", "2006-03-31": "151.84000", "2005-12-31": "148.69800", "2005-09-30": "144.20800", "2005-06-30": "143.17700", "2005-03-31": "141.64500"}, "Long-Term Investments": {"2020-12-31": "0.70000", "2020-09-30": "5.20000", "2020-06-30": "24.10000", "2020-03-31": "34.10000", "2019-12-31": "38.20000", "2019-09-30": "27.60000", "2019-06-30": "35.10000", "2019-03-31": "33.90000", "2018-12-31": "2.70000", "2018-09-30": "22.80000", "2018-06-30": "106.30000", "2018-03-31": "", "2017-12-31": "", "2017-09-30": "", "2017-06-30": "", "2017-03-31": "", "2016-12-31": "", "2016-09-30": "", "2016-06-30": "", "2016-03-31": "", "2015-12-31": "", "2015-09-30": "", "2015-06-30": "", "2015-03-31": "", "2014-12-31": "", "2014-09-30": "", "2014-06-30": "", "2014-03-31": "", "2013-12-31": "", "2013-09-30": "", "2013-06-30": "", "2013-03-31": "", "2012-12-31": "", "2012-09-30": "", "2012-06-30": "", "2012-03-31": "", "2011-12-31": "", "2011-09-30": "", "2011-06-30": "", "2011-03-31": "", "2010-12-31": "", "2010-09-30": "", "2010-06-30": "", "2010-03-31": "", "2009-12-31": "", "2009-09-30": "", "2009-06-30": "", "2009-03-31": "", "2008-12-31": "", "2008-09-30": "", "2008-06-30": "", "2008-03-31": "", "2007-12-31": "", "2007-09-30": "", "2007-06-30": "", "2007-03-31": "", "2006-12-31": "", "2006-09-30": "", "2006-06-30": "", "2006-03-31": "", "2005-12-31": "", "2005-09-30": "", "2005-06-30": "", "2005-03-31": ""}, "Goodwill And Intangible Assets": {"2020-12-31": "1236.20000", "2020-09-30": "1243.30000", "2020-06-30": "1252.70000", "2020-03-31": "1275.20000", "2019-12-31": "1286.30000", "2019-09-30": "1297.70000", "2019-06-30": "1303.90000", "2019-03-31": "1319.70000", "2018-12-31": "1319.90000", "2018-09-30": "1333.50000", "2018-06-30": "942.90000", "2018-03-31": "945.70000", "2017-12-31": "951.20000", "2017-09-30": "950.80000", "2017-06-30": "942.60000", "2017-03-31": "949.70000", "2016-12-31": "955.30000", "2016-09-30": "940.30000", "2016-06-30": "934.00000", "2016-03-31": "893.70000", "2015-12-31": "893.30000", "2015-09-30": "901.70000", "2015-06-30": "908.00000", "2015-03-31": "909.20000", "2014-12-31": "917.50000", "2014-09-30": "926.00000", "2014-06-30": "846.80000", "2014-03-31": "852.50000", "2013-12-31": "858.80000", "2013-09-30": "865.30000", "2013-06-30": "872.00000", "2013-03-31": "879.00000", "2012-12-31": "886.36700", "2012-09-30": "894.50000", "2012-06-30": "907.90700", "2012-03-31": "913.92000", "2011-12-31": "744.22300", "2011-09-30": "749.84900", "2011-06-30": "768.99600", "2011-03-31": "499.06200", "2010-12-31": "500.80100", "2010-09-30": "498.09600", "2010-06-30": "499.36700", "2010-03-31": "500.13700", "2009-12-31": "499.63700", "2009-09-30": "501.13800", "2009-06-30": "510.95500", "2009-03-31": "502.24200", "2008-12-31": "503.48800", "2008-09-30": "503.41700", "2008-06-30": "511.11800", "2008-03-31": "514.49700", "2007-12-31": "517.94900", "2007-09-30": "494.33200", "2007-06-30": "505.85200", "2007-03-31": "507.23000", "2006-12-31": "507.09500", "2006-09-30": "508.97500", "2006-06-30": "508.09400", "2006-03-31": "508.63000", "2005-12-31": "509.16600", "2005-09-30": "511.11900", "2005-06-30": "513.26400", "2005-03-31": "516.08200"}, "Other Long-Term Assets": {"2020-12-31": "73.50000", "2020-09-30": "67.90000", "2020-06-30": "36.00000", "2020-03-31": "33.00000", "2019-12-31": "31.00000", "2019-09-30": "33.30000", "2019-06-30": "33.20000", "2019-03-31": "32.80000", "2018-12-31": "32.50000", "2018-09-30": "33.00000", "2018-06-30": "37.20000", "2018-03-31": "40.20000", "2017-12-31": "42.10000", "2017-09-30": "40.30000", "2017-06-30": "46.50000", "2017-03-31": "55.40000", "2016-12-31": "56.00000", "2016-09-30": "52.60000", "2016-06-30": "44.40000", "2016-03-31": "43.20000", "2015-12-31": "20.30000", "2015-09-30": "20.30000", "2015-06-30": "15.10000", "2015-03-31": "14.70000", "2014-12-31": "14.50000", "2014-09-30": "11.90000", "2014-06-30": "12.20000", "2014-03-31": "12.20000", "2013-12-31": "12.80000", "2013-09-30": "11.80000", "2013-06-30": "12.90000", "2013-03-31": "13.40000", "2012-12-31": "14.38800", "2012-09-30": "14.20000", "2012-06-30": "13.93300", "2012-03-31": "13.16700", "2011-12-31": "13.05900", "2011-09-30": "11.97800", "2011-06-30": "9.62700", "2011-03-31": "10.22800", "2010-12-31": "10.77100", "2010-09-30": "11.15900", "2010-06-30": "11.57900", "2010-03-31": "8.38900", "2009-12-31": "10.02300", "2009-09-30": "9.86400", "2009-06-30": "10.47900", "2009-03-31": "9.83900", "2008-12-31": "10.44400", "2008-09-30": "11.47400", "2008-06-30": "14.05100", "2008-03-31": "14.12400", "2007-12-31": "13.47500", "2007-09-30": "13.88300", "2007-06-30": "15.02400", "2007-03-31": "15.74000", "2006-12-31": "11.18500", "2006-09-30": "10.04400", "2006-06-30": "22.38700", "2006-03-31": "22.54100", "2005-12-31": "21.80400", "2005-09-30": "20.48200", "2005-06-30": "20.00000", "2005-03-31": "18.78500"}, "Total Long-Term Assets": {"2020-12-31": "2844.60000", "2020-09-30": "2789.10000", "2020-06-30": "2735.00000", "2020-03-31": "2761.10000", "2019-12-31": "2745.30000", "2019-09-30": "2605.00000", "2019-06-30": "2636.00000", "2019-03-31": "2605.40000", "2018-12-31": "2530.40000", "2018-09-30": "2566.70000", "2018-06-30": "2151.90000", "2018-03-31": "1934.20000", "2017-12-31": "1907.70000", "2017-09-30": "1939.90000", "2017-06-30": "1898.20000", "2017-03-31": "1858.70000", "2016-12-31": "1867.20000", "2016-09-30": "1853.30000", "2016-06-30": "1877.60000", "2016-03-31": "1831.20000", "2015-12-31": "1815.80000", "2015-09-30": "1804.70000", "2015-06-30": "1700.20000", "2015-03-31": "1634.30000", "2014-12-31": "1600.60000", "2014-09-30": "1544.60000", "2014-06-30": "1301.60000", "2014-03-31": "1265.70000", "2013-12-31": "1255.30000", "2013-09-30": "1259.80000", "2013-06-30": "1258.30000", "2013-03-31": "1253.20000", "2012-12-31": "1251.55400", "2012-09-30": "1253.30000", "2012-06-30": "1260.40300", "2012-03-31": "1254.99400", "2011-12-31": "1058.29100", "2011-09-30": "1074.05500", "2011-06-30": "1093.46600", "2011-03-31": "806.35310", "2010-12-31": "793.47300", "2010-09-30": "774.18700", "2010-06-30": "764.57400", "2010-03-31": "759.45090", "2009-12-31": "756.55100", "2009-09-30": "762.46410", "2009-06-30": "732.93700", "2009-03-31": "727.67000", "2008-12-31": "742.24400", "2008-09-30": "741.44300", "2008-06-30": "711.34110", "2008-03-31": "712.03000", "2007-12-31": "708.44490", "2007-09-30": "676.19000", "2007-06-30": "673.32400", "2007-03-31": "672.63400", "2006-12-31": "666.32800", "2006-09-30": "669.65300", "2006-06-30": "696.06900", "2006-03-31": "697.27300", "2005-12-31": "694.88700", "2005-09-30": "691.86100", "2005-06-30": "693.56600", "2005-03-31": "693.34700"}, "Total Assets": {"2020-12-31": "5419.80000", "2020-09-30": "5106.70000", "2020-06-30": "5072.40000", "2020-03-31": "4981.90000", "2019-12-31": "5091.80000", "2019-09-30": "4839.60000", "2019-06-30": "4842.30000", "2019-03-31": "4765.50000", "2018-12-31": "4738.90000", "2018-09-30": "4828.90000", "2018-06-30": "4783.30000", "2018-03-31": "4745.10000", "2017-12-31": "4594.30000", "2017-09-30": "4573.60000", "2017-06-30": "4310.20000", "2017-03-31": "4166.80000", "2016-12-31": "4065.70000", "2016-09-30": "3855.40000", "2016-06-30": "3955.70000", "2016-03-31": "3958.20000", "2015-12-31": "3930.50000", "2015-09-30": "3719.40000", "2015-06-30": "3518.30000", "2015-03-31": "3313.20000", "2014-12-31": "3191.00000", "2014-09-30": "2973.80000", "2014-06-30": "2688.90000", "2014-03-31": "2534.60000", "2013-12-31": "2435.40000", "2013-09-30": "2333.10000", "2013-06-30": "2217.90000", "2013-03-31": "2216.90000", "2012-12-31": "2151.10700", "2012-09-30": "2136.60000", "2012-06-30": "2089.89300", "2012-03-31": "2007.32600", "2011-12-31": "1914.63300", "2011-09-30": "1890.38900", "2011-06-30": "1805.59900", "2011-03-31": "1678.79700", "2010-12-31": "1614.07600", "2010-09-30": "1564.05200", "2010-06-30": "1448.23200", "2010-03-31": "1403.46900", "2009-12-31": "1392.40400", "2009-09-30": "1352.59100", "2009-06-30": "1259.25900", "2009-03-31": "1214.30400", "2008-12-31": "1211.68900", "2008-09-30": "1236.09900", "2008-06-30": "1241.00800", "2008-03-31": "1208.29100", "2007-12-31": "1177.78300", "2007-09-30": "1189.90800", "2007-06-30": "1164.54700", "2007-03-31": "1140.81500", "2006-12-31": "1092.41300", "2006-09-30": "1090.49600", "2006-06-30": "1166.76200", "2006-03-31": "1158.39600", "2005-12-31": "1199.94000", "2005-09-30": "1187.84300", "2005-06-30": "1181.04300", "2005-03-31": "1170.99400"}, "Total Current Liabilities": {"2020-12-31": "507.60000", "2020-09-30": "448.40000", "2020-06-30": "401.10000", "2020-03-31": "362.20000", "2019-12-31": "333.20000", "2019-09-30": "374.00000", "2019-06-30": "396.50000", "2019-03-31": "338.30000", "2018-12-31": "357.30000", "2018-09-30": "389.70000", "2018-06-30": "358.30000", "2018-03-31": "318.50000", "2017-12-31": "321.50000", "2017-09-30": "387.90000", "2017-06-30": "300.80000", "2017-03-31": "266.90000", "2016-12-31": "303.40000", "2016-09-30": "210.20000", "2016-06-30": "347.00000", "2016-03-31": "324.70000", "2015-12-31": "367.90000", "2015-09-30": "463.90000", "2015-06-30": "319.00000", "2015-03-31": "298.60000", "2014-12-31": "332.90000", "2014-09-30": "297.60000", "2014-06-30": "234.80000", "2014-03-31": "182.80000", "2013-12-31": "165.80000", "2013-09-30": "179.70000", "2013-06-30": "159.00000", "2013-03-31": "162.60000", "2012-12-31": "155.68800", "2012-09-30": "182.70000", "2012-06-30": "239.57100", "2012-03-31": "242.64200", "2011-12-31": "212.50200", "2011-09-30": "247.09600", "2011-06-30": "244.34900", "2011-03-31": "176.44400", "2010-12-31": "157.06600", "2010-09-30": "204.32400", "2010-06-30": "191.11900", "2010-03-31": "170.21300", "2009-12-31": "196.79600", "2009-09-30": "196.24300", "2009-06-30": "191.93400", "2009-03-31": "183.29300", "2008-12-31": "135.30900", "2008-09-30": "148.74000", "2008-06-30": "156.85100", "2008-03-31": "163.96400", "2007-12-31": "159.37600", "2007-09-30": "197.22300", "2007-06-30": "202.21100", "2007-03-31": "197.17100", "2006-12-31": "338.88500", "2006-09-30": "175.62000", "2006-06-30": "161.68100", "2006-03-31": "161.41600", "2005-12-31": "161.71200", "2005-09-30": "158.23500", "2005-06-30": "156.63200", "2005-03-31": "158.58400"}, "Long Term Debt": {"2020-12-31": "", "2020-09-30": "", "2020-06-30": "", "2020-03-31": "", "2019-12-31": "", "2019-09-30": "", "2019-06-30": "", "2019-03-31": "", "2018-12-31": "", "2018-09-30": "", "2018-06-30": "", "2018-03-31": "", "2017-12-31": "", "2017-09-30": "", "2017-06-30": "", "2017-03-31": "", "2016-12-31": "", "2016-09-30": "", "2016-06-30": "", "2016-03-31": "", "2015-12-31": "", "2015-09-30": "", "2015-06-30": "", "2015-03-31": "", "2014-12-31": "", "2014-09-30": "41.60000", "2014-06-30": "", "2014-03-31": "", "2013-12-31": "50.60000", "2013-09-30": "", "2013-06-30": "", "2013-03-31": "", "2012-12-31": "", "2012-09-30": "", "2012-06-30": "", "2012-03-31": "", "2011-12-31": "", "2011-09-30": "", "2011-06-30": "", "2011-03-31": "", "2010-12-31": "25.07100", "2010-09-30": "24.74300", "2010-06-30": "24.42100", "2010-03-31": "42.57300", "2009-12-31": "42.02300", "2009-09-30": "41.48300", "2009-06-30": "47.11600", "2009-03-31": "47.11600", "2008-12-31": "97.11600", "2008-09-30": "137.61600", "2008-06-30": "200.00000", "2008-03-31": "200.00000", "2007-12-31": "200.00000", "2007-09-30": "200.00000", "2007-06-30": "200.00000", "2007-03-31": "200.00000", "2006-12-31": "", "2006-09-30": "179.33500", "2006-06-30": "179.33500", "2006-03-31": "179.33500", "2005-12-31": "230.00000", "2005-09-30": "230.00000", "2005-06-30": "230.00000", "2005-03-31": "230.00000"}, "Other Non-Current Liabilities": {"2020-12-31": "342.40000", "2020-09-30": "343.40000", "2020-06-30": "333.10000", "2020-03-31": "325.00000", "2019-12-31": "340.40000", "2019-09-30": "343.30000", "2019-06-30": "345.90000", "2019-03-31": "346.30000", "2018-12-31": "343.30000", "2018-09-30": "342.20000", "2018-06-30": "342.10000", "2018-03-31": "356.40000", "2017-12-31": "372.30000", "2017-09-30": "120.00000", "2017-06-30": "111.60000", "2017-03-31": "108.10000", "2016-12-31": "102.00000", "2016-09-30": "103.80000", "2016-06-30": "94.40000", "2016-03-31": "90.20000", "2015-12-31": "80.00000", "2015-09-30": "96.30000", "2015-06-30": "157.30000", "2015-03-31": "151.10000", "2014-12-31": "148.00000", "2014-09-30": "102.20000", "2014-06-30": "65.10000", "2014-03-31": "60.40000", "2013-12-31": "6.80000", "2013-09-30": "6.40000", "2013-06-30": "58.80000", "2013-03-31": "54.30000", "2012-12-31": "51.45000", "2012-09-30": "48.40000", "2012-06-30": "48.65700", "2012-03-31": "44.44000", "2011-12-31": "38.46600", "2011-09-30": "34.19800", "2011-06-30": "29.07600", "2011-03-31": "25.96100", "2010-12-31": "20.53200", "2010-09-30": "18.38900", "2010-06-30": "11.98600", "2010-03-31": "7.63700", "2009-12-31": "6.68900", "2009-09-30": "6.08600", "2009-06-30": "5.40200", "2009-03-31": "4.96500", "2008-12-31": "4.99400", "2008-09-30": "5.52700", "2008-06-30": "5.77300", "2008-03-31": "6.87900", "2007-12-31": "7.30500", "2007-09-30": "6.33800", "2007-06-30": "6.95900", "2007-03-31": "6.65800", "2006-12-31": "6.59900", "2006-09-30": "6.44800", "2006-06-30": "7.21400", "2006-03-31": "7.27900", "2005-12-31": "7.11500", "2005-09-30": "7.04400", "2005-06-30": "6.67900", "2005-03-31": "6.54200"}, "Total Long Term Liabilities": {"2020-12-31": "497.30000", "2020-09-30": "494.10000", "2020-06-30": "488.90000", "2020-03-31": "476.90000", "2019-12-31": "491.30000", "2019-09-30": "343.30000", "2019-06-30": "345.90000", "2019-03-31": "346.30000", "2018-12-31": "343.30000", "2018-09-30": "342.20000", "2018-06-30": "342.10000", "2018-03-31": "356.40000", "2017-12-31": "372.30000", "2017-09-30": "120.00000", "2017-06-30": "111.60000", "2017-03-31": "108.10000", "2016-12-31": "102.00000", "2016-09-30": "103.80000", "2016-06-30": "94.40000", "2016-03-31": "90.20000", "2015-12-31": "80.00000", "2015-09-30": "96.30000", "2015-06-30": "157.30000", "2015-03-31": "151.10000", "2014-12-31": "148.00000", "2014-09-30": "143.80000", "2014-06-30": "65.10000", "2014-03-31": "60.40000", "2013-12-31": "57.40000", "2013-09-30": "52.30000", "2013-06-30": "58.80000", "2013-03-31": "54.30000", "2012-12-31": "51.45000", "2012-09-30": "48.40000", "2012-06-30": "48.65700", "2012-03-31": "44.44000", "2011-12-31": "38.46600", "2011-09-30": "34.19800", "2011-06-30": "29.07600", "2011-03-31": "25.96100", "2010-12-31": "45.60300", "2010-09-30": "43.13200", "2010-06-30": "36.40700", "2010-03-31": "50.21000", "2009-12-31": "48.71200", "2009-09-30": "47.56900", "2009-06-30": "52.51800", "2009-03-31": "52.08100", "2008-12-31": "102.11000", "2008-09-30": "143.14300", "2008-06-30": "205.77300", "2008-03-31": "206.87900", "2007-12-31": "207.30500", "2007-09-30": "206.33800", "2007-06-30": "206.95900", "2007-03-31": "206.65800", "2006-12-31": "6.59900", "2006-09-30": "185.78300", "2006-06-30": "186.54900", "2006-03-31": "186.61400", "2005-12-31": "237.11500", "2005-09-30": "237.04400", "2005-06-30": "236.67900", "2005-03-31": "236.54200"}, "Total Liabilities": {"2020-12-31": "1004.90000", "2020-09-30": "942.50000", "2020-06-30": "890.00000", "2020-03-31": "839.10000", "2019-12-31": "824.50000", "2019-09-30": "717.30000", "2019-06-30": "742.40000", "2019-03-31": "684.60000", "2018-12-31": "700.60000", "2018-09-30": "731.90000", "2018-06-30": "700.40000", "2018-03-31": "674.90000", "2017-12-31": "693.80000", "2017-09-30": "507.90000", "2017-06-30": "412.40000", "2017-03-31": "375.00000", "2016-12-31": "405.40000", "2016-09-30": "314.00000", "2016-06-30": "441.40000", "2016-03-31": "414.90000", "2015-12-31": "447.90000", "2015-09-30": "560.20000", "2015-06-30": "476.30000", "2015-03-31": "449.70000", "2014-12-31": "480.90000", "2014-09-30": "441.40000", "2014-06-30": "299.90000", "2014-03-31": "243.20000", "2013-12-31": "223.20000", "2013-09-30": "232.00000", "2013-06-30": "217.80000", "2013-03-31": "216.90000", "2012-12-31": "207.13800", "2012-09-30": "231.10000", "2012-06-30": "288.22800", "2012-03-31": "287.08200", "2011-12-31": "250.96800", "2011-09-30": "281.29400", "2011-06-30": "273.42500", "2011-03-31": "202.40500", "2010-12-31": "202.66900", "2010-09-30": "247.45600", "2010-06-30": "227.52600", "2010-03-31": "220.42300", "2009-12-31": "245.50800", "2009-09-30": "243.81200", "2009-06-30": "244.45200", "2009-03-31": "235.37400", "2008-12-31": "237.41900", "2008-09-30": "291.88300", "2008-06-30": "362.62400", "2008-03-31": "370.84300", "2007-12-31": "366.68100", "2007-09-30": "403.56100", "2007-06-30": "409.17000", "2007-03-31": "403.82900", "2006-12-31": "345.48400", "2006-09-30": "361.40300", "2006-06-30": "348.23000", "2006-03-31": "348.03000", "2005-12-31": "398.82700", "2005-09-30": "395.27900", "2005-06-30": "393.31100", "2005-03-31": "395.12600"}, "Common Stock Net": {"2020-12-31": "41.20000", "2020-09-30": "41.40000", "2020-06-30": "41.80000", "2020-03-31": "41.90000", "2019-12-31": "42.60000", "2019-09-30": "42.50000", "2019-06-30": "42.90000", "2019-03-31": "43.20000", "2018-12-31": "43.50000", "2018-09-30": "44.40000", "2018-06-30": "44.90000", "2018-03-31": "45.50000", "2017-12-31": "45.60000", "2017-09-30": "45.80000", "2017-06-30": "45.90000", "2017-03-31": "46.10000", "2016-12-31": "46.20000", "2016-09-30": "46.20000", "2016-06-30": "46.90000", "2016-03-31": "47.50000", "2015-12-31": "47.90000", "2015-09-30": "47.60000", "2015-06-30": "47.80000", "2015-03-31": "47.80000", "2014-12-31": "47.70000", "2014-09-30": "47.30000", "2014-06-30": "47.30000", "2014-03-31": "47.30000", "2013-12-31": "47.20000", "2013-09-30": "47.00000", "2013-06-30": "46.90000", "2013-03-31": "47.80000", "2012-12-31": "47.98100", "2012-09-30": "48.10000", "2012-06-30": "47.59800", "2012-03-31": "47.38200", "2011-12-31": "46.97900", "2011-09-30": "46.59700", "2011-06-30": "46.53800", "2011-03-31": "46.48600", "2010-12-31": "46.24100", "2010-09-30": "45.06600", "2010-06-30": "44.41900", "2010-03-31": "44.15300", "2009-12-31": "43.77200", "2009-09-30": "43.20400", "2009-06-30": "42.22500", "2009-03-31": "41.73000", "2008-12-31": "41.45600", "2008-09-30": "41.39800", "2008-06-30": "41.22000", "2008-03-31": "40.72000", "2007-12-31": "40.50500", "2007-09-30": "40.27500", "2007-06-30": "40.03900", "2007-03-31": "39.89000", "2006-12-31": "40.75500", "2006-09-30": "40.41400", "2006-06-30": "40.13300", "2006-03-31": "40.06200", "2005-12-31": "39.82200", "2005-09-30": "39.65600", "2005-06-30": "39.57300", "2005-03-31": "39.34800"}, "Retained Earnings (Accumulated Deficit)": {"2020-12-31": "5246.70000", "2020-09-30": "4820.40000", "2020-06-30": "4657.00000", "2020-03-31": "4600.80000", "2019-12-31": "4494.60000", "2019-09-30": "4312.60000", "2019-06-30": "4177.10000", "2019-03-31": "4098.70000", "2018-12-31": "3950.70000", "2018-09-30": "3732.90000", "2018-06-30": "3515.40000", "2018-03-31": "3286.80000", "2017-12-31": "3069.30000", "2017-09-30": "3059.60000", "2017-06-30": "2837.20000", "2017-03-31": "2642.60000", "2016-12-31": "2469.50000", "2016-09-30": "2263.60000", "2016-06-30": "2068.90000", "2016-03-31": "1933.50000", "2015-12-31": "1774.70000", "2015-09-30": "1469.20000", "2015-06-30": "1289.60000", "2015-03-31": "1106.90000", "2014-12-31": "965.30000", "2014-09-30": "794.90000", "2014-06-30": "640.80000", "2014-03-31": "550.30000", "2013-12-31": "473.40000", "2013-09-30": "378.90000", "2013-06-30": "294.70000", "2013-03-31": "229.00000", "2012-12-31": "167.29500", "2012-09-30": "100.80000", "2012-06-30": "39.20100", "2012-03-31": "-10.11600", "2011-12-31": "-44.14900", "2011-09-30": "-101.27500", "2011-06-30": "-165.48400", "2011-03-31": "-217.03200", "2010-12-31": "-266.99200", "2010-09-30": "-327.86000", "2010-06-30": "-374.66400", "2010-03-31": "-409.40000", "2009-12-31": "-437.14300", "2009-09-30": "-465.15400", "2009-06-30": "-455.79900", "2009-03-31": "-475.64900", "2008-12-31": "-471.05900", "2008-09-30": "-493.08300", "2008-06-30": "-547.87200", "2008-03-31": "-568.33800", "2007-12-31": "-585.01100", "2007-09-30": "-604.08900", "2007-06-30": "-626.08200", "2007-03-31": "-637.50500", "2006-12-31": "-649.70200", "2006-09-30": "-661.73900", "2006-06-30": "-565.36800", "2006-03-31": "-568.37300", "2005-12-31": "-569.29900", "2005-09-30": "-573.58600", "2005-06-30": "-576.64700", "2005-03-31": "-584.03600"}, "Comprehensive Income": {"2020-12-31": "-7.70000", "2020-09-30": "-7.80000", "2020-06-30": "-7.60000", "2020-03-31": "-7.50000", "2019-12-31": "-8.00000", "2019-09-30": "-7.90000", "2019-06-30": "-7.80000", "2019-03-31": "-8.10000", "2018-12-31": "-8.20000", "2018-09-30": "-8.80000", "2018-06-30": "-8.80000", "2018-03-31": "-8.80000", "2017-12-31": "-8.50000", "2017-09-30": "-8.50000", "2017-06-30": "-9.20000", "2017-03-31": "-9.30000", "2016-12-31": "-9.00000", "2016-09-30": "-10.90000", "2016-06-30": "-9.00000", "2016-03-31": "-8.50000", "2015-12-31": "-8.20000", "2015-09-30": "-8.20000", "2015-06-30": "-7.90000", "2015-03-31": "-7.90000", "2014-12-31": "-8.70000", "2014-09-30": "-4.90000", "2014-06-30": "-0.90000", "2014-03-31": "-0.90000", "2013-12-31": "-0.90000", "2013-09-30": "-0.90000", "2013-06-30": "-1.60000", "2013-03-31": "-1.60000", "2012-12-31": "-1.58700", "2012-09-30": "-1.60000", "2012-06-30": "-1.33700", "2012-03-31": "-1.33600", "2011-12-31": "-1.33100", "2011-09-30": "-1.33100", "2011-06-30": "-1.29700", "2011-03-31": "-1.29700", "2010-12-31": "-1.29700", "2010-09-30": "-1.29700", "2010-06-30": "-1.38000", "2010-03-31": "-1.38000", "2009-12-31": "-1.38000", "2009-09-30": "-1.38000", "2009-06-30": "-1.18000", "2009-03-31": "-1.18000", "2008-12-31": "-1.18000", "2008-09-30": "-1.18000", "2008-06-30": "-1.71900", "2008-03-31": "-1.71800", "2007-12-31": "-0.95100", "2007-09-30": "-0.21400", "2007-06-30": "-0.59900", "2007-03-31": "-0.59900", "2006-12-31": "", "2006-09-30": "-0.59900", "2006-06-30": "-1.13700", "2006-03-31": "-1.13700", "2005-12-31": "-1.13700", "2005-09-30": "-1.13700", "2005-06-30": "-0.78600", "2005-03-31": "-0.78600"}, "Other Share Holders Equity": {"2020-12-31": "", "2020-09-30": "", "2020-06-30": "", "2020-03-31": "", "2019-12-31": "", "2019-09-30": "", "2019-06-30": "", "2019-03-31": "", "2018-12-31": "", "2018-09-30": "", "2018-06-30": "", "2018-03-31": "", "2017-12-31": "", "2017-09-30": "", "2017-06-30": "", "2017-03-31": "", "2016-12-31": "", "2016-09-30": "", "2016-06-30": "", "2016-03-31": "", "2015-12-31": "", "2015-09-30": "", "2015-06-30": "", "2015-03-31": "", "2014-12-31": "", "2014-09-30": "", "2014-06-30": "", "2014-03-31": "", "2013-12-31": "", "2013-09-30": "", "2013-06-30": "", "2013-03-31": "", "2012-12-31": "", "2012-09-30": "", "2012-06-30": "", "2012-03-31": "", "2011-12-31": "", "2011-09-30": "", "2011-06-30": "", "2011-03-31": "", "2010-12-31": "", "2010-09-30": "", "2010-06-30": "", "2010-03-31": "", "2009-12-31": "", "2009-09-30": "", "2009-06-30": "", "2009-03-31": "", "2008-12-31": "", "2008-09-30": "", "2008-06-30": "", "2008-03-31": "", "2007-12-31": "", "2007-09-30": "", "2007-06-30": "", "2007-03-31": "", "2006-12-31": "", "2006-09-30": "", "2006-06-30": "", "2006-03-31": "", "2005-12-31": "", "2005-09-30": "", "2005-06-30": "", "2005-03-31": ""}, "Share Holder Equity": {"2020-12-31": "4414.90000", "2020-09-30": "4164.20000", "2020-06-30": "4182.40000", "2020-03-31": "4142.80000", "2019-12-31": "4267.30000", "2019-09-30": "4122.30000", "2019-06-30": "4099.90000", "2019-03-31": "4080.90000", "2018-12-31": "4038.30000", "2018-09-30": "4097.00000", "2018-06-30": "4082.90000", "2018-03-31": "4070.20000", "2017-12-31": "3900.50000", "2017-09-30": "4065.70000", "2017-06-30": "3897.80000", "2017-03-31": "3791.80000", "2016-12-31": "3660.30000", "2016-09-30": "3541.40000", "2016-06-30": "3514.30000", "2016-03-31": "3543.30000", "2015-12-31": "3482.60000", "2015-09-30": "3159.20000", "2015-06-30": "3042.00000", "2015-03-31": "2863.50000", "2014-12-31": "2710.10000", "2014-09-30": "2532.40000", "2014-06-30": "2389.00000", "2014-03-31": "2291.40000", "2013-12-31": "2212.20000", "2013-09-30": "2101.10000", "2013-06-30": "2000.10000", "2013-03-31": "2000.00000", "2012-12-31": "1943.96900", "2012-09-30": "1905.50000", "2012-06-30": "1801.66500", "2012-03-31": "1720.24400", "2011-12-31": "1663.66500", "2011-09-30": "1609.09500", "2011-06-30": "1532.17400", "2011-03-31": "1476.39200", "2010-12-31": "1411.40700", "2010-09-30": "1316.59600", "2010-06-30": "1220.70600", "2010-03-31": "1183.04600", "2009-12-31": "1146.89600", "2009-09-30": "1108.77900", "2009-06-30": "1014.80700", "2009-03-31": "978.93000", "2008-12-31": "974.27000", "2008-09-30": "944.21600", "2008-06-30": "878.38400", "2008-03-31": "837.44800", "2007-12-31": "811.10200", "2007-09-30": "786.34700", "2007-06-30": "755.37700", "2007-03-31": "736.98600", "2006-12-31": "746.92900", "2006-09-30": "729.09300", "2006-06-30": "818.53200", "2006-03-31": "810.36600", "2005-12-31": "801.11300", "2005-09-30": "792.56400", "2005-06-30": "787.73200", "2005-03-31": "775.86800"}, "Total Liabilities And Share Holders Equity": {"2020-12-31": "5419.80000", "2020-09-30": "5106.70000", "2020-06-30": "5072.40000", "2020-03-31": "4981.90000", "2019-12-31": "5091.80000", "2019-09-30": "4839.60000", "2019-06-30": "4842.30000", "2019-03-31": "4765.50000", "2018-12-31": "4738.90000", "2018-09-30": "4828.90000", "2018-06-30": "4783.30000", "2018-03-31": "4745.10000", "2017-12-31": "4594.30000", "2017-09-30": "4573.60000", "2017-06-30": "4310.20000", "2017-03-31": "4166.80000", "2016-12-31": "4065.70000", "2016-09-30": "3855.40000", "2016-06-30": "3955.70000", "2016-03-31": "3958.20000", "2015-12-31": "3930.50000", "2015-09-30": "3719.40000", "2015-06-30": "3518.30000", "2015-03-31": "3313.20000", "2014-12-31": "3191.00000", "2014-09-30": "2973.80000", "2014-06-30": "2688.90000", "2014-03-31": "2534.60000", "2013-12-31": "2435.40000", "2013-09-30": "2333.10000", "2013-06-30": "2217.90000", "2013-03-31": "2216.90000", "2012-12-31": "2151.10700", "2012-09-30": "2136.60000", "2012-06-30": "2089.89300", "2012-03-31": "2007.32600", "2011-12-31": "1914.63300", "2011-09-30": "1890.38900", "2011-06-30": "1805.59900", "2011-03-31": "1678.79700", "2010-12-31": "1614.07600", "2010-09-30": "1564.05200", "2010-06-30": "1448.23200", "2010-03-31": "1403.46900", "2009-12-31": "1392.40400", "2009-09-30": "1352.59100", "2009-06-30": "1259.25900", "2009-03-31": "1214.30400", "2008-12-31": "1211.68900", "2008-09-30": "1236.09900", "2008-06-30": "1241.00800", "2008-03-31": "1208.29100", "2007-12-31": "1177.78300", "2007-09-30": "1189.90800", "2007-06-30": "1164.54700", "2007-03-31": "1140.81500", "2006-12-31": "1092.41300", "2006-09-30": "1090.49600", "2006-06-30": "1166.76200", "2006-03-31": "1158.39600", "2005-12-31": "1199.94000", "2005-09-30": "1187.84300", "2005-06-30": "1181.04300", "2005-03-31": "1170.99400"}}, "cash flow statement": {"Net Income/Loss": {"2020-09-30": "814.80000", "2019-09-30": "853.60000", "2018-09-30": "918.40000", "2017-09-30": "1010.20000", "2016-09-30": "995.20000", "2015-09-30": "798.30000", "2014-09-30": "457.70000", "2013-09-30": "278.10000", "2012-09-30": "202.00000", "2011-09-30": "226.60000", "2010-09-30": "137.29400", "2009-09-30": "94.98300", "2008-09-30": "111.00600", "2007-09-30": "57.65000", "2006-09-30": "-88.15200", "2005-09-30": "25.61100"}, "Total Depreciation And Amortization - Cash Flow": {"2020-09-30": "364.30000", "2019-09-30": "371.60000", "2018-09-30": "299.20000", "2017-09-30": "254.80000", "2016-09-30": "247.80000", "2015-09-30": "195.80000", "2014-09-30": "122.70000", "2013-09-30": "103.40000", "2012-09-30": "102.70000", "2011-09-30": "78.00000", "2010-09-30": "55.40200", "2009-09-30": "56.12000", "2008-09-30": "62.39300", "2007-09-30": "43.69200", "2006-09-30": "42.35300", "2005-09-30": "41.22700"}, "Other Non-Cash Items": {"2020-09-30": "158.80000", "2019-09-30": "87.70000", "2018-09-30": "122.50000", "2017-09-30": "48.90000", "2016-09-30": "34.60000", "2015-09-30": "60.00000", "2014-09-30": "66.60000", "2013-09-30": "92.00000", "2012-09-30": "89.50000", "2011-09-30": "72.10000", "2010-09-30": "84.99500", "2009-09-30": "19.33900", "2008-09-30": "4.21400", "2007-09-30": "23.41000", "2006-09-30": "80.73200", "2005-09-30": "29.94900"}, "Total Non-Cash Items": {"2020-09-30": "523.10000", "2019-09-30": "459.30000", "2018-09-30": "421.70000", "2017-09-30": "303.70000", "2016-09-30": "282.40000", "2015-09-30": "255.80000", "2014-09-30": "189.30000", "2013-09-30": "195.40000", "2012-09-30": "192.20000", "2011-09-30": "150.10000", "2010-09-30": "140.39700", "2009-09-30": "75.45900", "2008-09-30": "66.60700", "2007-09-30": "67.10200", "2006-09-30": "123.08500", "2005-09-30": "71.17600"}, "Change In Accounts Receivable": {"2020-09-30": "71.70000", "2019-09-30": "190.50000", "2018-09-30": "-193.80000", "2017-09-30": "-37.10000", "2016-09-30": "121.40000", "2015-09-30": "-222.20000", "2014-09-30": "-12.40000", "2013-09-30": "4.90000", "2012-09-30": "-109.20000", "2011-09-30": "12.90000", "2010-09-30": "-60.19800", "2009-09-30": "29.94700", "2008-09-30": "21.22300", "2007-09-30": "-10.72400", "2006-09-30": "-18.17700", "2005-09-30": "-18.80900"}, "Change In Inventories": {"2020-09-30": "-190.40000", "2019-09-30": "-119.60000", "2018-09-30": "11.90000", "2017-09-30": "-69.20000", "2016-09-30": "-147.30000", "2015-09-30": "3.60000", "2014-09-30": "-6.10000", "2013-09-30": "3.40000", "2012-09-30": "-19.30000", "2011-09-30": "-49.70000", "2010-09-30": "-38.81800", "2009-09-30": "15.67800", "2008-09-30": "-16.08200", "2007-09-30": "-0.24700", "2006-09-30": "-3.45400", "2005-09-30": "2.17200"}, "Change In Accounts Payable": {"2020-09-30": "61.10000", "2019-09-30": "-33.00000", "2018-09-30": "-126.00000", "2017-09-30": "147.80000", "2016-09-30": "-181.50000", "2015-09-30": "90.50000", "2014-09-30": "74.20000", "2013-09-30": "-14.10000", "2012-09-30": "15.20000", "2011-09-30": "-14.30000", "2010-09-30": "42.86900", "2009-09-30": "9.21900", "2008-09-30": "2.11000", "2007-09-30": "-16.65400", "2006-09-30": "0.79500", "2005-09-30": "-1.12900"}, "Change In Assets/Liabilities": {"2020-09-30": "-75.80000", "2019-09-30": "16.60000", "2018-09-30": "228.40000", "2017-09-30": "100.90000", "2016-09-30": "7.50000", "2015-09-30": "66.80000", "2014-09-30": "69.70000", "2013-09-30": "32.00000", "2012-09-30": "4.30000", "2011-09-30": "40.20000", "2010-09-30": "1.41800", "2009-09-30": "-6.48100", "2008-09-30": "-2.19100", "2007-09-30": "-12.34900", "2006-09-30": "13.12900", "2005-09-30": "-24.82400"}, "Total Change In Assets/Liabilities": {"2020-09-30": "-133.40000", "2019-09-30": "54.50000", "2018-09-30": "-79.50000", "2017-09-30": "142.40000", "2016-09-30": "-199.90000", "2015-09-30": "-61.30000", "2014-09-30": "125.40000", "2013-09-30": "26.20000", "2012-09-30": "-109.00000", "2011-09-30": "-10.90000", "2010-09-30": "-54.72900", "2009-09-30": "48.36300", "2008-09-30": "5.06000", "2007-09-30": "-39.97400", "2006-09-30": "-7.70700", "2005-09-30": "-42.59000"}, "Cash Flow From Operating Activities": {"2020-09-30": "1204.50000", "2019-09-30": "1367.40000", "2018-09-30": "1260.60000", "2017-09-30": "1456.30000", "2016-09-30": "1077.70000", "2015-09-30": "992.80000", "2014-09-30": "772.40000", "2013-09-30": "499.70000", "2012-09-30": "285.20000", "2011-09-30": "365.80000", "2010-09-30": "222.96200", "2009-09-30": "218.80500", "2008-09-30": "182.67300", "2007-09-30": "84.77800", "2006-09-30": "27.22600", "2005-09-30": "54.19700"}, "Net Change In Property, Plant, And Equipment": {"2020-09-30": "-389.40000", "2019-09-30": "-398.40000", "2018-09-30": "-422.30000", "2017-09-30": "-303.30000", "2016-09-30": "-189.30000", "2015-09-30": "-430.10000", "2014-09-30": "-208.60000", "2013-09-30": "-123.80000", "2012-09-30": "-94.10000", "2011-09-30": "-100.60000", "2010-09-30": "-88.92900", "2009-09-30": "-39.17200", "2008-09-30": "-64.83200", "2007-09-30": "-42.59600", "2006-09-30": "-42.79200", "2005-09-30": "-38.13500"}, "Net Change In Intangible Assets": {"2020-09-30": "-9.10000", "2019-09-30": "-25.00000", "2018-09-30": "-8.60000", "2017-09-30": "-12.10000", "2016-09-30": "-6.00000", "2015-09-30": "", "2014-09-30": "", "2013-09-30": "", "2012-09-30": "", "2011-09-30": "", "2010-09-30": "", "2009-09-30": "", "2008-09-30": "", "2007-09-30": "", "2006-09-30": "", "2005-09-30": ""}, "Net Acquisitions/Divestitures": {"2020-09-30": "", "2019-09-30": "", "2018-09-30": "-404.00000", "2017-09-30": "-13.70000", "2016-09-30": "-55.60000", "2015-09-30": "-24.60000", "2014-09-30": "-148.50000", "2013-09-30": "", "2012-09-30": "-229.60000", "2011-09-30": "-249.30000", "2010-09-30": "-6.40000", "2009-09-30": "-10.35600", "2008-09-30": "-32.62700", "2007-09-30": "", "2006-09-30": "", "2005-09-30": ""}, "Net Change In Short-term Investments": {"2020-09-30": "", "2019-09-30": "", "2018-09-30": "", "2017-09-30": "3.20000", "2016-09-30": "", "2015-09-30": "", "2014-09-30": "", "2013-09-30": "0.80000", "2012-09-30": "20.90000", "2011-09-30": "", "2010-09-30": "", "2009-09-30": "", "2008-09-30": "2.50000", "2007-09-30": "22.45000", "2006-09-30": "85.17500", "2005-09-30": "-28.28900"}, "Net Change In Long-Term Investments": {"2020-09-30": "-182.90000", "2019-09-30": "86.50000", "2018-09-30": "-315.50000", "2017-09-30": "", "2016-09-30": "", "2015-09-30": "", "2014-09-30": "", "2013-09-30": "", "2012-09-30": "", "2011-09-30": "", "2010-09-30": "", "2009-09-30": "", "2008-09-30": "", "2007-09-30": "", "2006-09-30": "", "2005-09-30": ""}, "Net Change In Investments - Total": {"2020-09-30": "-182.90000", "2019-09-30": "86.50000", "2018-09-30": "-315.50000", "2017-09-30": "3.20000", "2016-09-30": "", "2015-09-30": "", "2014-09-30": "", "2013-09-30": "0.80000", "2012-09-30": "20.90000", "2011-09-30": "", "2010-09-30": "", "2009-09-30": "", "2008-09-30": "2.50000", "2007-09-30": "22.45000", "2006-09-30": "85.17500", "2005-09-30": "-28.28900"}, "Investing Activities - Other": {"2020-09-30": "", "2019-09-30": "", "2018-09-30": "", "2017-09-30": "", "2016-09-30": "", "2015-09-30": "", "2014-09-30": "", "2013-09-30": "", "2012-09-30": "", "2011-09-30": "", "2010-09-30": "", "2009-09-30": "", "2008-09-30": "", "2007-09-30": "", "2006-09-30": "", "2005-09-30": ""}, "Cash Flow From Investing Activities": {"2020-09-30": "-581.40000", "2019-09-30": "-336.90000", "2018-09-30": "-1150.40000", "2017-09-30": "-325.90000", "2016-09-30": "-250.90000", "2015-09-30": "-454.70000", "2014-09-30": "-357.10000", "2013-09-30": "-123.00000", "2012-09-30": "-302.80000", "2011-09-30": "-349.90000", "2010-09-30": "-95.32900", "2009-09-30": "-49.52800", "2008-09-30": "-94.95900", "2007-09-30": "-20.14600", "2006-09-30": "42.38300", "2005-09-30": "-66.42400"}, "Net Long-Term Debt": {"2020-09-30": "", "2019-09-30": "", "2018-09-30": "", "2017-09-30": "", "2016-09-30": "-76.50000", "2015-09-30": "", "2014-09-30": "", "2013-09-30": "", "2012-09-30": "-48.10000", "2011-09-30": "", "2010-09-30": "", "2009-09-30": "-51.10700", "2008-09-30": "-105.90500", "2007-09-30": "70.00000", "2006-09-30": "-50.66500", "2005-09-30": ""}, "Net Current Debt": {"2020-09-30": "", "2019-09-30": "", "2018-09-30": "", "2017-09-30": "", "2016-09-30": "", "2015-09-30": "", "2014-09-30": "", "2013-09-30": "", "2012-09-30": "", "2011-09-30": "-50.00000", "2010-09-30": "-80.70900", "2009-09-30": "", "2008-09-30": "", "2007-09-30": "", "2006-09-30": "", "2005-09-30": ""}, "Debt Issuance/Retirement Net - Total": {"2020-09-30": "", "2019-09-30": "", "2018-09-30": "", "2017-09-30": "", "2016-09-30": "-76.50000", "2015-09-30": "", "2014-09-30": "", "2013-09-30": "", "2012-09-30": "-48.10000", "2011-09-30": "-50.00000", "2010-09-30": "-80.70900", "2009-09-30": "-51.10700", "2008-09-30": "-105.90500", "2007-09-30": "70.00000", "2006-09-30": "-50.66500", "2005-09-30": ""}, "Net Common Equity Issued/Repurchased": {"2020-09-30": "-600.70000", "2019-09-30": "-638.60000", "2018-09-30": "-750.50000", "2017-09-30": "-412.70000", "2016-09-30": "-552.80000", "2015-09-30": "-234.50000", "2014-09-30": "-120.00000", "2013-09-30": "-182.40000", "2012-09-30": "8.10000", "2011-09-30": "-27.00000", "2010-09-30": "36.09000", "2009-09-30": "36.27900", "2008-09-30": "15.98600", "2007-09-30": "-23.41500", "2006-09-30": "1.57300", "2005-09-30": "5.24400"}, "Net Total Equity Issued/Repurchased": {"2020-09-30": "-600.70000", "2019-09-30": "-638.60000", "2018-09-30": "-750.50000", "2017-09-30": "-412.70000", "2016-09-30": "-552.80000", "2015-09-30": "-234.50000", "2014-09-30": "-120.00000", "2013-09-30": "-182.40000", "2012-09-30": "8.10000", "2011-09-30": "-27.00000", "2010-09-30": "36.09000", "2009-09-30": "36.27900", "2008-09-30": "15.98600", "2007-09-30": "-23.41500", "2006-09-30": "1.57300", "2005-09-30": "5.24400"}, "Total Common And Preferred Stock Dividends Paid": {"2020-09-30": "-307.00000", "2019-09-30": "-273.90000", "2018-09-30": "-243.20000", "2017-09-30": "-214.60000", "2016-09-30": "-201.00000", "2015-09-30": "-123.10000", "2014-09-30": "-41.40000", "2013-09-30": "", "2012-09-30": "", "2011-09-30": "", "2010-09-30": "", "2009-09-30": "", "2008-09-30": "", "2007-09-30": "", "2006-09-30": "", "2005-09-30": ""}, "Financial Activities - Other": {"2020-09-30": "", "2019-09-30": "", "2018-09-30": "", "2017-09-30": "29.90000", "2016-09-30": "43.70000", "2015-09-30": "57.30000", "2014-09-30": "40.80000", "2013-09-30": "9.70000", "2012-09-30": "-46.10000", "2011-09-30": "12.50000", "2010-09-30": "6.02200", "2009-09-30": "-15.33200", "2008-09-30": "-14.26800", "2007-09-30": "-6.38900", "2006-09-30": "-0.29000", "2005-09-30": ""}, "Cash Flow From Financial Activities": {"2020-09-30": "-907.70000", "2019-09-30": "-912.50000", "2018-09-30": "-993.70000", "2017-09-30": "-597.40000", "2016-09-30": "-786.60000", "2015-09-30": "-300.30000", "2014-09-30": "-120.60000", "2013-09-30": "-172.70000", "2012-09-30": "-86.10000", "2011-09-30": "-64.50000", "2010-09-30": "-38.59700", "2009-09-30": "-30.16000", "2008-09-30": "-104.18700", "2007-09-30": "40.19600", "2006-09-30": "-49.38200", "2005-09-30": "5.24400"}, "Net Cash Flow": {"2020-09-30": "-284.60000", "2019-09-30": "118.00000", "2018-09-30": "-883.50000", "2017-09-30": "533.00000", "2016-09-30": "40.20000", "2015-09-30": "237.80000", "2014-09-30": "294.70000", "2013-09-30": "204.00000", "2012-09-30": "-103.70000", "2011-09-30": "-48.60000", "2010-09-30": "89.03600", "2009-09-30": "139.11700", "2008-09-30": "-16.47300", "2007-09-30": "104.82800", "2006-09-30": "20.22700", "2005-09-30": "-6.98300"}, "Stock-Based Compensation": {"2020-09-30": "156.60000", "2019-09-30": "80.10000", "2018-09-30": "107.80000", "2017-09-30": "88.50000", "2016-09-30": "78.00000", "2015-09-30": "99.80000", "2014-09-30": "86.00000", "2013-09-30": "71.70000", "2012-09-30": "72.20000", "2011-09-30": "58.30000", "2010-09-30": "40.74100", "2009-09-30": "23.46600", "2008-09-30": "23.21200", "2007-09-30": "13.73700", "2006-09-30": "14.21900", "2005-09-30": ""}, "Common Stock Dividends Paid": {"2020-09-30": "-307.00000", "2019-09-30": "-273.90000", "2018-09-30": "-243.20000", "2017-09-30": "-214.60000", "2016-09-30": "-201.00000", "2015-09-30": "-123.10000", "2014-09-30": "-41.40000", "2013-09-30": "", "2012-09-30": "", "2011-09-30": "", "2010-09-30": "", "2009-09-30": "", "2008-09-30": "", "2007-09-30": "", "2006-09-30": "", "2005-09-30": ""}}, "cash flow statement, quarterly": {"Net Income/Loss": {"2020-12-31": "509.30000", "2020-09-30": 246.9, "2020-06-30": 129.8, "2020-03-31": 181, "2019-12-31": "257.10000", "2019-09-30": 210.6, "2019-06-30": 144.2, "2019-03-31": 213.9, "2018-12-31": "284.90000", "2018-09-30": 285.5, "2018-06-30": 286.5, "2018-03-31": 276, "2017-12-31": "70.40000", "2017-09-30": 281.3, "2017-06-30": 246.2, "2017-03-31": 224.9, "2016-12-31": "257.80000", "2016-09-30": 246.8, "2016-06-30": 185, "2016-03-31": 208.1, "2015-12-31": "355.30000", "2015-09-30": 229.2, "2015-06-30": 207.4, "2015-03-31": 166.5, "2014-12-31": "195.20000", "2014-09-30": 174.9, "2014-06-30": 111.4, "2014-03-31": 76.9, "2013-12-31": "94.50000", "2013-09-30": 84.2, "2013-06-30": 65.7, "2013-03-31": 61.7, "2012-12-31": "66.50000", "2012-09-30": 61.5, "2012-06-30": 49.3, "2012-03-31": 34.074, "2011-12-31": "57.12600", "2011-09-30": 64.224, "2011-06-30": 51.548, "2011-03-31": 49.96, "2010-12-31": "60.86800", "2010-09-30": 46.804, "2010-06-30": 34.736, "2010-03-31": 27.744, "2009-12-31": "28.01000", "2009-09-30": 58.336, "2009-06-30": 18.74, "2009-03-31": -5.678, "2008-12-31": "23.58500", "2008-09-30": 54.789, "2008-06-30": 20.466, "2008-03-31": 16.673, "2007-12-31": "19.07800", "2007-09-30": 21.993, "2007-06-30": 11.423, "2007-03-31": 12.197, "2006-12-31": "12.03700", "2006-09-30": -96.37, "2006-06-30": 3.005, "2006-03-31": 0.926, "2005-12-31": "4.28700", "2005-09-30": 3.061, "2005-06-30": 7.389, "2005-03-31": 15.161}, "Total Depreciation And Amortization - Cash Flow": {"2020-12-31": "86.40000", "2020-09-30": 90.7, "2020-06-30": 90.6, "2020-03-31": 91.8, "2019-12-31": "91.20000", "2019-09-30": 92.9, "2019-06-30": 93.7, "2019-03-31": 92, "2018-12-31": "93.00000", "2018-09-30": 83.8, "2018-06-30": 74.7, "2018-03-31": 71.6, "2017-12-31": "69.10000", "2017-09-30": 65.4, "2017-06-30": 62.7, "2017-03-31": 62.9, "2016-12-31": "63.80000", "2016-09-30": 61.2, "2016-06-30": 64.6, "2016-03-31": 62.1, "2015-12-31": "59.90000", "2015-09-30": 54.2, "2015-06-30": 50.3, "2015-03-31": 47.1, "2014-12-31": "44.20000", "2014-09-30": 37.7, "2014-06-30": 29.8, "2014-03-31": 27.9, "2013-12-31": "27.30000", "2013-09-30": 25.6, "2013-06-30": 25.4, "2013-03-31": 25.7, "2012-12-31": "26.70000", "2012-09-30": 25.9, "2012-06-30": 25.7, "2012-03-31": 27.141, "2011-12-31": "23.95900", "2011-09-30": 26.568, "2011-06-30": 19.605, "2011-03-31": 16.286, "2010-12-31": "15.54100", "2010-09-30": 14.397, "2010-06-30": 13.918, "2010-03-31": 13.638, "2009-12-31": "13.44900", "2009-09-30": 14.017, "2009-06-30": 14.041, "2009-03-31": 14.148, "2008-12-31": "13.91400", "2008-09-30": 22.105, "2008-06-30": 13.291, "2008-03-31": 13.668, "2007-12-31": "13.32900", "2007-09-30": 11.455, "2007-06-30": 11.045, "2007-03-31": 10.843, "2006-12-31": "10.34900", "2006-09-30": 10.927, "2006-06-30": 10.555, "2006-03-31": 10.792, "2005-12-31": "10.07900", "2005-09-30": 10.263, "2005-06-30": 9.975, "2005-03-31": 20.989}, "Other Non-Cash Items": {"2020-12-31": "43.80000", "2020-09-30": 34.4, "2020-06-30": 47.4, "2020-03-31": 42.5, "2019-12-31": "34.50000", "2019-09-30": 44.2, "2019-06-30": 27.7, "2019-03-31": -7.8, "2018-12-31": "23.60000", "2018-09-30": 8.1, "2018-06-30": 22, "2018-03-31": 45.2, "2017-12-31": "47.20000", "2017-09-30": 17.2, "2017-06-30": 15.3, "2017-03-31": 15.1, "2016-12-31": "1.30000", "2016-09-30": 8.6, "2016-06-30": 16.1, "2016-03-31": 19.2, "2015-12-31": "-9.30000", "2015-09-30": 26.6, "2015-06-30": 17.5, "2015-03-31": 28.8, "2014-12-31": "-12.90000", "2014-09-30": 30.4, "2014-06-30": 12.2, "2014-03-31": 18.6, "2013-12-31": "5.40000", "2013-09-30": 31.6, "2013-06-30": 22.5, "2013-03-31": 20.5, "2012-12-31": "17.40000", "2012-09-30": 38.1, "2012-06-30": 11.1, "2012-03-31": 27.706, "2011-12-31": "12.59400", "2011-09-30": 26.085, "2011-06-30": 16.886, "2011-03-31": 8.69, "2010-12-31": "20.43900", "2010-09-30": 27.274, "2010-06-30": 22.531, "2010-03-31": 17.745, "2009-12-31": "17.44500", "2009-09-30": -14.671, "2009-06-30": 6.828, "2009-03-31": 19.292, "2008-12-31": "7.89000", "2008-09-30": -23.566, "2008-06-30": 9.395, "2008-03-31": 11.394, "2007-12-31": "6.99100", "2007-09-30": 4.873, "2007-06-30": 8.24, "2007-03-31": 6.319, "2006-12-31": "3.97800", "2006-09-30": 62.208, "2006-06-30": 6.7, "2006-03-31": 6.583, "2005-12-31": "5.24100", "2005-09-30": 11.015, "2005-06-30": 3.761, "2005-03-31": 15.173}, "Total Non-Cash Items": {"2020-12-31": "130.20000", "2020-09-30": 125.1, "2020-06-30": 138, "2020-03-31": 134.3, "2019-12-31": "125.70000", "2019-09-30": 137.1, "2019-06-30": 121.4, "2019-03-31": 84.2, "2018-12-31": "116.60000", "2018-09-30": 91.9, "2018-06-30": 96.7, "2018-03-31": 116.8, "2017-12-31": "116.30000", "2017-09-30": 82.6, "2017-06-30": 78, "2017-03-31": 78, "2016-12-31": "65.10000", "2016-09-30": 69.8, "2016-06-30": 80.7, "2016-03-31": 81.3, "2015-12-31": "50.60000", "2015-09-30": 80.8, "2015-06-30": 67.8, "2015-03-31": 75.9, "2014-12-31": "31.30000", "2014-09-30": 68.1, "2014-06-30": 42, "2014-03-31": 46.5, "2013-12-31": "32.70000", "2013-09-30": 57.2, "2013-06-30": 47.9, "2013-03-31": 46.2, "2012-12-31": "44.10000", "2012-09-30": 64, "2012-06-30": 36.8, "2012-03-31": 54.847, "2011-12-31": "36.55300", "2011-09-30": 52.653, "2011-06-30": 36.491, "2011-03-31": 24.976, "2010-12-31": "35.98000", "2010-09-30": 41.671, "2010-06-30": 36.449, "2010-03-31": 31.383, "2009-12-31": "30.89400", "2009-09-30": -0.654, "2009-06-30": 20.869, "2009-03-31": 33.44, "2008-12-31": "21.80400", "2008-09-30": -1.461, "2008-06-30": 22.686, "2008-03-31": 25.062, "2007-12-31": "20.32000", "2007-09-30": 16.328, "2007-06-30": 19.285, "2007-03-31": 17.162, "2006-12-31": "14.32700", "2006-09-30": 73.135, "2006-06-30": 17.255, "2006-03-31": 17.375, "2005-12-31": "15.32000", "2005-09-30": 21.278, "2005-06-30": 13.736, "2005-03-31": 36.162}, "Change In Accounts Receivable": {"2020-12-31": "-296.30000", "2020-09-30": -47.5, "2020-06-30": 21.5, "2020-03-31": 59.2, "2019-12-31": "38.50000", "2019-09-30": 92.5, "2019-06-30": -14, "2019-03-31": -19.4, "2018-12-31": "131.40000", "2018-09-30": -180.1, "2018-06-30": -101.2, "2018-03-31": 91.6, "2017-12-31": "-4.10000", "2017-09-30": -57.3, "2017-06-30": -28.6, "2017-03-31": -0.5, "2016-12-31": "49.30000", "2016-09-30": 153.4, "2016-06-30": -31.5, "2016-03-31": -3.6, "2015-12-31": "3.10000", "2015-09-30": -158.1, "2015-06-30": -104.6, "2015-03-31": -34.8, "2014-12-31": "75.30000", "2014-09-30": -53.7, "2014-06-30": -35.1, "2014-03-31": 50.8, "2013-12-31": "25.60000", "2013-09-30": -8.8, "2013-06-30": -49.3, "2013-03-31": 17.6, "2012-12-31": "45.40000", "2012-09-30": -50.7, "2012-06-30": -34.7, "2012-03-31": -1.749, "2011-12-31": "-22.05100", "2011-09-30": 8.142, "2011-06-30": 12.878, "2011-03-31": 17.485, "2010-12-31": "-25.60500", "2010-09-30": -19.895, "2010-06-30": -47.408, "2010-03-31": 11.432, "2009-12-31": "-4.32700", "2009-09-30": -3.59, "2009-06-30": -0.459, "2009-03-31": -3.819, "2008-12-31": "37.81500", "2008-09-30": 23.145, "2008-06-30": -4.396, "2008-03-31": 1.744, "2007-12-31": "0.73000", "2007-09-30": -3.453, "2007-06-30": -5.074, "2007-03-31": 2.102, "2006-12-31": "-4.29900", "2006-09-30": 14.762, "2006-06-30": -31.814, "2006-03-31": -1.774, "2005-12-31": "0.64900", "2005-09-30": -15.087, "2005-06-30": 5.532, "2005-03-31": -9.254}, "Change In Inventories": {"2020-12-31": "88.90000", "2020-09-30": -106.9, "2020-06-30": -46.5, "2020-03-31": -44.9, "2019-12-31": "7.90000", "2019-09-30": -29.9, "2019-06-30": -22.8, "2019-03-31": -61.9, "2018-12-31": "-5.00000", "2018-09-30": 22.1, "2018-06-30": -36.5, "2018-03-31": -8.2, "2017-12-31": "34.50000", "2017-09-30": -10.5, "2017-06-30": -37.4, "2017-03-31": -21.9, "2016-12-31": "0.60000", "2016-09-30": 13.4, "2016-06-30": -94.3, "2016-03-31": -47.4, "2015-12-31": "-19.00000", "2015-09-30": 4.6, "2015-06-30": 3.9, "2015-03-31": -2.2, "2014-12-31": "-2.70000", "2014-09-30": -36.9, "2014-06-30": 18.2, "2014-03-31": 7.7, "2013-12-31": "4.90000", "2013-09-30": 2.5, "2013-06-30": -5.1, "2013-03-31": 2.5, "2012-12-31": "3.50000", "2012-09-30": -22.9, "2012-06-30": -13.1, "2012-03-31": -3.578, "2011-12-31": "20.27800", "2011-09-30": -9.14, "2011-06-30": -15.252, "2011-03-31": -8.313, "2010-12-31": "-16.99500", "2010-09-30": -6.921, "2010-06-30": -13.531, "2010-03-31": -6.403, "2009-12-31": "-11.96300", "2009-09-30": 3.143, "2009-06-30": 4.166, "2009-03-31": 3.006, "2008-12-31": "5.36300", "2008-09-30": -7.655, "2008-06-30": -1.697, "2008-03-31": -8.31, "2007-12-31": "1.58000", "2007-09-30": 1.742, "2007-06-30": -7.635, "2007-03-31": -4.619, "2006-12-31": "10.26500", "2006-09-30": 20.344, "2006-06-30": -9.154, "2006-03-31": -13.766, "2005-12-31": "-0.87800", "2005-09-30": 3.788, "2005-06-30": -0.593, "2005-03-31": -1.023}, "Change In Accounts Payable": {"2020-12-31": "22.40000", "2020-09-30": 48.4, "2020-06-30": 25.9, "2020-03-31": -6.5, "2019-12-31": "-6.70000", "2019-09-30": -8.5, "2019-06-30": -0.6, "2019-03-31": -1.7, "2018-12-31": "-22.20000", "2018-09-30": -69.7, "2018-06-30": 25.9, "2018-03-31": 23.2, "2017-12-31": "-105.40000", "2017-09-30": 79.7, "2017-06-30": 14.9, "2017-03-31": 2.3, "2016-12-31": "50.90000", "2016-09-30": -71.3, "2016-06-30": 0.3, "2016-03-31": -14.3, "2015-12-31": "-96.20000", "2015-09-30": 63.1, "2015-06-30": -3, "2015-03-31": 20, "2014-12-31": "10.40000", "2014-09-30": 36.7, "2014-06-30": 38.2, "2014-03-31": 18.5, "2013-12-31": "-19.20000", "2013-09-30": 11.3, "2013-06-30": 3.6, "2013-03-31": 0.2, "2012-12-31": "-29.20000", "2012-09-30": 5, "2012-06-30": -1.1, "2012-03-31": 30.56, "2011-12-31": "-19.26000", "2011-09-30": -1.308, "2011-06-30": -12.974, "2011-03-31": -8.586, "2010-12-31": "8.56800", "2010-09-30": 9.379, "2010-06-30": 25.991, "2010-03-31": -0.349, "2009-12-31": "7.84800", "2009-09-30": 19.533, "2009-06-30": 0.115, "2009-03-31": -4.48, "2008-12-31": "-5.94900", "2008-09-30": -10.712, "2008-06-30": -7.452, "2008-03-31": 7.464, "2007-12-31": "12.81000", "2007-09-30": -1.258, "2007-06-30": -3.023, "2007-03-31": 4.631, "2006-12-31": "-17.00400", "2006-09-30": -2.732, "2006-06-30": 1.07, "2006-03-31": 2.437, "2005-12-31": "0.02000", "2005-09-30": 10.154, "2005-06-30": -4.418, "2005-03-31": -6.865}, "Change In Assets/Liabilities": {"2020-12-31": "30.60000", "2020-09-30": 1, "2020-06-30": -10, "2020-03-31": -42.7, "2019-12-31": "-24.10000", "2019-09-30": 15.2, "2019-06-30": -18.9, "2019-03-31": -23, "2018-12-31": "43.30000", "2018-09-30": 57.9, "2018-06-30": -13.4, "2018-03-31": -65.2, "2017-12-31": "249.10000", "2017-09-30": 41.8, "2017-06-30": 41, "2017-03-31": -54.1, "2016-12-31": "72.20000", "2016-09-30": 24.9, "2016-06-30": 0.7, "2016-03-31": -69.6, "2015-12-31": "51.50000", "2015-09-30": 13.1, "2015-06-30": 50.4, "2015-03-31": -70.4, "2014-12-31": "73.70000", "2014-09-30": 11.3, "2014-06-30": 24.3, "2014-03-31": 13.8, "2013-12-31": "20.30000", "2013-09-30": 11.1, "2013-06-30": 1.5, "2013-03-31": 2.1, "2012-12-31": "17.30000", "2012-09-30": -6.6, "2012-06-30": 3.5, "2012-03-31": 2.814, "2011-12-31": "4.58600", "2011-09-30": 8.21, "2011-06-30": 13.283, "2011-03-31": 16.701, "2010-12-31": "2.00600", "2010-09-30": 2.247, "2010-06-30": 0.263, "2010-03-31": -3.642, "2009-12-31": "2.55000", "2009-09-30": -1.228, "2009-06-30": 0.16, "2009-03-31": -0.53, "2008-12-31": "-4.88300", "2008-09-30": 2.492, "2008-06-30": -3.405, "2008-03-31": -2.254, "2007-12-31": "0.97600", "2007-09-30": -5.336, "2007-06-30": -1.856, "2007-03-31": -5.591, "2006-12-31": "0.43400", "2006-09-30": 13.579, "2006-06-30": 1.297, "2006-03-31": -4.349, "2005-12-31": "2.60200", "2005-09-30": -12.771, "2005-06-30": 3.819, "2005-03-31": -15.872}, "Total Change In Assets/Liabilities": {"2020-12-31": "-154.40000", "2020-09-30": -105, "2020-06-30": -9.1, "2020-03-31": -34.9, "2019-12-31": "15.60000", "2019-09-30": 69.3, "2019-06-30": -56.3, "2019-03-31": -106, "2018-12-31": "147.50000", "2018-09-30": -169.8, "2018-06-30": -125.2, "2018-03-31": 41.4, "2017-12-31": "174.10000", "2017-09-30": 53.7, "2017-06-30": -10.1, "2017-03-31": -74.2, "2016-12-31": "173.00000", "2016-09-30": 120.4, "2016-06-30": -124.8, "2016-03-31": -134.9, "2015-12-31": "-60.60000", "2015-09-30": -77.3, "2015-06-30": -53.3, "2015-03-31": -87.4, "2014-12-31": "156.70000", "2014-09-30": -42.6, "2014-06-30": 45.6, "2014-03-31": 90.8, "2013-12-31": "31.60000", "2013-09-30": 16.1, "2013-06-30": -49.3, "2013-03-31": 22.4, "2012-12-31": "37.00000", "2012-09-30": -75.2, "2012-06-30": -45.4, "2012-03-31": 28.047, "2011-12-31": "-16.44700", "2011-09-30": 5.904, "2011-06-30": -2.065, "2011-03-31": 17.287, "2010-12-31": "-32.02600", "2010-09-30": -15.19, "2010-06-30": -34.685, "2010-03-31": 1.038, "2009-12-31": "-5.89200", "2009-09-30": 17.858, "2009-06-30": 3.982, "2009-03-31": -5.823, "2008-12-31": "32.34600", "2008-09-30": 7.27, "2008-06-30": -16.95, "2008-03-31": -1.356, "2007-12-31": "16.09600", "2007-09-30": -8.305, "2007-06-30": -17.588, "2007-03-31": -3.477, "2006-12-31": "-10.60400", "2006-09-30": 45.953, "2006-06-30": -38.601, "2006-03-31": -17.452, "2005-12-31": "2.39300", "2005-09-30": -13.916, "2005-06-30": 4.34, "2005-03-31": -33.014}, "Cash Flow From Operating Activities": {"2020-12-31": "485.10000", "2020-09-30": 267, "2020-06-30": 258.7, "2020-03-31": 280.4, "2019-12-31": "398.40000", "2019-09-30": 417, "2019-06-30": 209.3, "2019-03-31": 192.1, "2018-12-31": "549.00000", "2018-09-30": 207.6, "2018-06-30": 258, "2018-03-31": 434.2, "2017-12-31": "360.80000", "2017-09-30": 417.6, "2017-06-30": 314.1, "2017-03-31": 228.7, "2016-12-31": "495.90000", "2016-09-30": 437, "2016-06-30": 140.9, "2016-03-31": 154.5, "2015-12-31": "345.30000", "2015-09-30": 232.7, "2015-06-30": 221.9, "2015-03-31": 155, "2014-12-31": "383.20000", "2014-09-30": 200.4, "2014-06-30": 199, "2014-03-31": 214.2, "2013-12-31": "158.80000", "2013-09-30": 157.5, "2013-06-30": 64.3, "2013-03-31": 130.3, "2012-12-31": "147.60000", "2012-09-30": 50.3, "2012-06-30": 40.7, "2012-03-31": 116.968, "2011-12-31": "77.23200", "2011-09-30": 122.781, "2011-06-30": 85.974, "2011-03-31": 92.223, "2010-12-31": "64.82200", "2010-09-30": 73.285, "2010-06-30": 36.5, "2010-03-31": 60.165, "2009-12-31": "53.01200", "2009-09-30": 75.54, "2009-06-30": 43.591, "2009-03-31": 21.939, "2008-12-31": "77.73500", "2008-09-30": 60.598, "2008-06-30": 26.202, "2008-03-31": 40.379, "2007-12-31": "55.49400", "2007-09-30": 30.017, "2007-06-30": 13.119, "2007-03-31": 25.882, "2006-12-31": "15.76000", "2006-09-30": 22.718, "2006-06-30": -18.341, "2006-03-31": 0.849, "2005-12-31": "22.00000", "2005-09-30": 10.423, "2005-06-30": 25.465, "2005-03-31": 18.309}, "Net Change In Property, Plant, And Equipment": {"2020-12-31": "-118.90000", "2020-09-30": -145.9, "2020-06-30": -71.6, "2020-03-31": -60.7, "2019-12-31": "-111.20000", "2019-09-30": -84.4, "2019-06-30": -87.8, "2019-03-31": -96.7, "2018-12-31": "-129.50000", "2018-09-30": -112.3, "2018-06-30": -191.5, "2018-03-31": -90.3, "2017-12-31": "-28.20000", "2017-09-30": -85.3, "2017-06-30": -113, "2017-03-31": -54.9, "2016-12-31": "-50.10000", "2016-09-30": -15.2, "2016-06-30": -57.2, "2016-03-31": -37.4, "2015-12-31": "-79.50000", "2015-09-30": -150.8, "2015-06-30": -108.1, "2015-03-31": -84, "2014-12-31": "-87.20000", "2014-09-30": -82.9, "2014-06-30": -67.5, "2014-03-31": -41.9, "2013-12-31": "-16.30000", "2013-09-30": -38.4, "2013-06-30": -33.4, "2013-03-31": -25.6, "2012-12-31": "-26.40000", "2012-09-30": -30.7, "2012-06-30": -31.2, "2012-03-31": -25.776, "2011-12-31": "-6.42400", "2011-09-30": -15.229, "2011-06-30": -20.091, "2011-03-31": -32.241, "2010-12-31": "-33.03900", "2010-09-30": -29.32, "2010-06-30": -25.349, "2010-03-31": -19.581, "2009-12-31": "-14.67900", "2009-09-30": -14.91, "2009-06-30": -5.568, "2009-03-31": -5.714, "2008-12-31": "-12.98000", "2008-09-30": -12.986, "2008-06-30": -14.43, "2008-03-31": -17.513, "2007-12-31": "-19.90300", "2007-09-30": -12.031, "2007-06-30": -12.988, "2007-03-31": -11.293, "2006-12-31": "-6.28400", "2006-09-30": -6.09, "2006-06-30": -10.642, "2006-03-31": -12.427, "2005-12-31": "-13.63300", "2005-09-30": -10.496, "2005-06-30": -10.619, "2005-03-31": -17.02}, "Net Change In Intangible Assets": {"2020-12-31": "-4.30000", "2020-09-30": -1.5, "2020-06-30": -7.4, "2020-03-31": -0.2, "2019-12-31": "", "2019-09-30": -13.2, "2019-06-30": 1.1, "2019-03-31": -12.9, "2018-12-31": "", "2018-09-30": 0, "2018-06-30": -2.6, "2018-03-31": 0, "2017-12-31": "-6.00000", "2017-09-30": -12.1, "2017-06-30": 0, "2017-03-31": 0, "2016-12-31": "", "2016-09-30": -6, "2016-06-30": 0, "2016-03-31": 0, "2015-12-31": "", "2015-09-30": 0, "2015-06-30": 0, "2015-03-31": 0, "2014-12-31": "", "2014-09-30": 0, "2014-06-30": 0, "2014-03-31": 0, "2013-12-31": "", "2013-09-30": 0, "2013-06-30": 0, "2013-03-31": 0, "2012-12-31": "", "2012-09-30": 0, "2012-06-30": 0, "2012-03-31": 0, "2011-12-31": "", "2011-09-30": 0, "2011-06-30": 0, "2011-03-31": 0, "2010-12-31": "", "2010-09-30": 0, "2010-06-30": 0, "2010-03-31": 0, "2009-12-31": "", "2009-09-30": 0, "2009-06-30": 0, "2009-03-31": 0, "2008-12-31": "", "2008-09-30": 0, "2008-06-30": 0, "2008-03-31": 0, "2007-12-31": "", "2007-09-30": 0, "2007-06-30": 0, "2007-03-31": 0, "2006-12-31": "", "2006-09-30": 0, "2006-06-30": 0, "2006-03-31": 0, "2005-12-31": "", "2005-09-30": 0, "2005-06-30": 0, "2005-03-31": 0}, "Net Acquisitions/Divestitures": {"2020-12-31": "", "2020-09-30": 0, "2020-06-30": 0, "2020-03-31": 0, "2019-12-31": "", "2019-09-30": 0, "2019-06-30": 0, "2019-03-31": 0, "2018-12-31": "", "2018-09-30": -404, "2018-06-30": 0, "2018-03-31": 0, "2017-12-31": "", "2017-09-30": 0, "2017-06-30": 0, "2017-03-31": 0, "2016-12-31": "-13.70000", "2016-09-30": -0.6, "2016-06-30": -55, "2016-03-31": 0, "2015-12-31": "", "2015-09-30": -0.4, "2015-06-30": -6.1, "2015-03-31": -18.1, "2014-12-31": "", "2014-09-30": -148.5, "2014-06-30": 0, "2014-03-31": 0, "2013-12-31": "", "2013-09-30": 0, "2013-06-30": 0, "2013-03-31": 0, "2012-12-31": "", "2012-09-30": 0, "2012-06-30": 0, "2012-03-31": -229.6, "2011-12-31": "", "2011-09-30": 0.529, "2011-06-30": -245.373, "2011-03-31": -0.525, "2010-12-31": "-3.93100", "2010-09-30": -0.4, "2010-06-30": -5, "2010-03-31": 0, "2009-12-31": "-1.00000", "2009-09-30": -1.297, "2009-06-30": -7.839, "2009-03-31": 0, "2008-12-31": "-1.22000", "2008-09-30": 0, "2008-06-30": 0, "2008-03-31": -0.01, "2007-12-31": "-32.61700", "2007-09-30": 0, "2007-06-30": 0, "2007-03-31": 0, "2006-12-31": "", "2006-09-30": 0, "2006-06-30": 0, "2006-03-31": 0, "2005-12-31": "", "2005-09-30": 0, "2005-06-30": 0, "2005-03-31": 0}, "Net Change In Short-term Investments": {"2020-12-31": "", "2020-09-30": 0, "2020-06-30": 0, "2020-03-31": 0, "2019-12-31": "", "2019-09-30": 0, "2019-06-30": 0, "2019-03-31": 0, "2018-12-31": "", "2018-09-30": 0, "2018-06-30": 0, "2018-03-31": 0, "2017-12-31": "", "2017-09-30": 0, "2017-06-30": 0, "2017-03-31": 0, "2016-12-31": "3.20000", "2016-09-30": 0, "2016-06-30": 0, "2016-03-31": 0, "2015-12-31": "", "2015-09-30": 0, "2015-06-30": 0, "2015-03-31": 0, "2014-12-31": "", "2014-09-30": 0, "2014-06-30": 0, "2014-03-31": 0, "2013-12-31": "", "2013-09-30": 0, "2013-06-30": 0, "2013-03-31": 0, "2012-12-31": "0.80000", "2012-09-30": 0, "2012-06-30": 0, "2012-03-31": 20.9, "2011-12-31": "", "2011-09-30": 0, "2011-06-30": 0, "2011-03-31": 0, "2010-12-31": "", "2010-09-30": 0, "2010-06-30": 0, "2010-03-31": 0, "2009-12-31": "", "2009-09-30": 0, "2009-06-30": 0, "2009-03-31": 0, "2008-12-31": "", "2008-09-30": 0, "2008-06-30": 0, "2008-03-31": 0, "2007-12-31": "2.50000", "2007-09-30": 69.2, "2007-06-30": -10.85, "2007-03-31": -0.95, "2006-12-31": "-34.95000", "2006-09-30": 27.856, "2006-06-30": 4.25, "2006-03-31": 54.714, "2005-12-31": "-1.64500", "2005-09-30": -0.799, "2005-06-30": -4.769, "2005-03-31": -22.721}, "Net Change In Long-Term Investments": {"2020-12-31": "12.20000", "2020-09-30": -43, "2020-06-30": -175.5, "2020-03-31": 104.9, "2019-12-31": "-69.30000", "2019-09-30": -4.2, "2019-06-30": -51.8, "2019-03-31": -158.5, "2018-12-31": "301.00000", "2018-09-30": 175.1, "2018-06-30": -490.6, "2018-03-31": 0, "2017-12-31": "", "2017-09-30": 0, "2017-06-30": 0, "2017-03-31": 0, "2016-12-31": "", "2016-09-30": 0, "2016-06-30": 0, "2016-03-31": 0, "2015-12-31": "", "2015-09-30": 0, "2015-06-30": 0, "2015-03-31": 0, "2014-12-31": "", "2014-09-30": 0, "2014-06-30": 0, "2014-03-31": 0, "2013-12-31": "", "2013-09-30": 0, "2013-06-30": 0, "2013-03-31": 0, "2012-12-31": "", "2012-09-30": 0, "2012-06-30": 0, "2012-03-31": 0, "2011-12-31": "", "2011-09-30": 0, "2011-06-30": 0, "2011-03-31": 0, "2010-12-31": "", "2010-09-30": 0, "2010-06-30": 0, "2010-03-31": 0, "2009-12-31": "", "2009-09-30": 0, "2009-06-30": 0, "2009-03-31": 0, "2008-12-31": "", "2008-09-30": 0, "2008-06-30": 0, "2008-03-31": 0, "2007-12-31": "", "2007-09-30": 0, "2007-06-30": 0, "2007-03-31": 0, "2006-12-31": "", "2006-09-30": 0, "2006-06-30": 0, "2006-03-31": 0, "2005-12-31": "", "2005-09-30": 0, "2005-06-30": 0, "2005-03-31": 0}, "Net Change In Investments - Total": {"2020-12-31": "12.20000", "2020-09-30": -43, "2020-06-30": -175.5, "2020-03-31": 104.9, "2019-12-31": "-69.30000", "2019-09-30": -4.2, "2019-06-30": -51.8, "2019-03-31": -158.5, "2018-12-31": "301.00000", "2018-09-30": 175.1, "2018-06-30": -490.6, "2018-03-31": 0, "2017-12-31": "", "2017-09-30": 0, "2017-06-30": 0, "2017-03-31": 0, "2016-12-31": "3.20000", "2016-09-30": 0, "2016-06-30": 0, "2016-03-31": 0, "2015-12-31": "", "2015-09-30": 0, "2015-06-30": 0, "2015-03-31": 0, "2014-12-31": "", "2014-09-30": 0, "2014-06-30": 0, "2014-03-31": 0, "2013-12-31": "", "2013-09-30": 0, "2013-06-30": 0, "2013-03-31": 0, "2012-12-31": "0.80000", "2012-09-30": 0, "2012-06-30": 0, "2012-03-31": 20.9, "2011-12-31": "", "2011-09-30": 0, "2011-06-30": 0, "2011-03-31": 0, "2010-12-31": "", "2010-09-30": 0, "2010-06-30": 0, "2010-03-31": 0, "2009-12-31": "", "2009-09-30": 0, "2009-06-30": 0, "2009-03-31": 0, "2008-12-31": "", "2008-09-30": 0, "2008-06-30": 0, "2008-03-31": 0, "2007-12-31": "2.50000", "2007-09-30": 69.2, "2007-06-30": -10.85, "2007-03-31": -0.95, "2006-12-31": "-34.95000", "2006-09-30": 27.856, "2006-06-30": 4.25, "2006-03-31": 54.714, "2005-12-31": "-1.64500", "2005-09-30": -0.799, "2005-06-30": -4.769, "2005-03-31": -22.721}, "Investing Activities - Other": {"2020-12-31": "", "2020-09-30": 0, "2020-06-30": 0, "2020-03-31": 0, "2019-12-31": "", "2019-09-30": 0, "2019-06-30": 0, "2019-03-31": 0, "2018-12-31": "", "2018-09-30": 0, "2018-06-30": 0, "2018-03-31": 0, "2017-12-31": "", "2017-09-30": 0, "2017-06-30": 0, "2017-03-31": 0, "2016-12-31": "", "2016-09-30": 0, "2016-06-30": 0, "2016-03-31": 0, "2015-12-31": "", "2015-09-30": 0, "2015-06-30": 0, "2015-03-31": 0, "2014-12-31": "", "2014-09-30": 0, "2014-06-30": 0, "2014-03-31": 0, "2013-12-31": "", "2013-09-30": 0, "2013-06-30": 0, "2013-03-31": 0, "2012-12-31": "", "2012-09-30": 0, "2012-06-30": 0, "2012-03-31": 0, "2011-12-31": "", "2011-09-30": 0, "2011-06-30": 0, "2011-03-31": 0, "2010-12-31": "", "2010-09-30": 0, "2010-06-30": 0, "2010-03-31": 0, "2009-12-31": "", "2009-09-30": 0, "2009-06-30": 0, "2009-03-31": 0, "2008-12-31": "", "2008-09-30": 0, "2008-06-30": 0, "2008-03-31": 0, "2007-12-31": "", "2007-09-30": 0, "2007-06-30": 0, "2007-03-31": 0, "2006-12-31": "", "2006-09-30": 0, "2006-06-30": 0, "2006-03-31": 0, "2005-12-31": "", "2005-09-30": 0, "2005-06-30": 0, "2005-03-31": 0}, "Cash Flow From Investing Activities": {"2020-12-31": "-111.00000", "2020-09-30": -190.4, "2020-06-30": -254.5, "2020-03-31": 44, "2019-12-31": "-180.50000", "2019-09-30": -101.8, "2019-06-30": -138.5, "2019-03-31": -268.1, "2018-12-31": "171.50000", "2018-09-30": -341.2, "2018-06-30": -684.7, "2018-03-31": -90.3, "2017-12-31": "-34.20000", "2017-09-30": -97.4, "2017-06-30": -113, "2017-03-31": -54.9, "2016-12-31": "-60.60000", "2016-09-30": -21.8, "2016-06-30": -112.2, "2016-03-31": -37.4, "2015-12-31": "-79.50000", "2015-09-30": -151.2, "2015-06-30": -114.2, "2015-03-31": -102.1, "2014-12-31": "-87.20000", "2014-09-30": -231.4, "2014-06-30": -67.5, "2014-03-31": -41.9, "2013-12-31": "-16.30000", "2013-09-30": -38.4, "2013-06-30": -33.4, "2013-03-31": -25.6, "2012-12-31": "-25.60000", "2012-09-30": -30.7, "2012-06-30": -31.2, "2012-03-31": -234.476, "2011-12-31": "-6.42400", "2011-09-30": -14.7, "2011-06-30": -265.464, "2011-03-31": -32.766, "2010-12-31": "-36.97000", "2010-09-30": -29.72, "2010-06-30": -30.349, "2010-03-31": -19.581, "2009-12-31": "-15.67900", "2009-09-30": -16.207, "2009-06-30": -13.407, "2009-03-31": -5.714, "2008-12-31": "-14.20000", "2008-09-30": -12.986, "2008-06-30": -14.43, "2008-03-31": -17.523, "2007-12-31": "-50.02000", "2007-09-30": 57.169, "2007-06-30": -23.838, "2007-03-31": -12.243, "2006-12-31": "-41.23400", "2006-09-30": 21.766, "2006-06-30": -6.392, "2006-03-31": 42.287, "2005-12-31": "-15.27800", "2005-09-30": -11.295, "2005-06-30": -15.388, "2005-03-31": -39.741}, "Net Long-Term Debt": {"2020-12-31": "", "2020-09-30": 0, "2020-06-30": 0, "2020-03-31": 0, "2019-12-31": "", "2019-09-30": 0, "2019-06-30": 0, "2019-03-31": 0, "2018-12-31": "", "2018-09-30": 0, "2018-06-30": 0, "2018-03-31": 0, "2017-12-31": "", "2017-09-30": 0, "2017-06-30": 0, "2017-03-31": 0, "2016-12-31": "", "2016-09-30": -76.5, "2016-06-30": 0, "2016-03-31": 0, "2015-12-31": "", "2015-09-30": 0, "2015-06-30": 0, "2015-03-31": 0, "2014-12-31": "", "2014-09-30": 0, "2014-06-30": 0, "2014-03-31": 0, "2013-12-31": "", "2013-09-30": 0, "2013-06-30": 0, "2013-03-31": 0, "2012-12-31": "", "2012-09-30": -0.1, "2012-06-30": 0.1, "2012-03-31": -33.174, "2011-12-31": "-14.92600", "2011-09-30": 0, "2011-06-30": 0, "2011-03-31": 0, "2010-12-31": "", "2010-09-30": 51.107, "2010-06-30": -18.63, "2010-03-31": -27.524, "2009-12-31": "-4.95300", "2009-09-30": -16.982, "2009-06-30": 0, "2009-03-31": -0.077, "2008-12-31": "-34.04800", "2008-09-30": -105.905, "2008-06-30": 0, "2008-03-31": 0, "2007-12-31": "", "2007-09-30": 0, "2007-06-30": 0, "2007-03-31": 70, "2006-12-31": "", "2006-09-30": 0, "2006-06-30": 0, "2006-03-31": -50.665, "2005-12-31": "", "2005-09-30": 0, "2005-06-30": 0, "2005-03-31": 0}, "Net Current Debt": {"2020-12-31": "", "2020-09-30": 0, "2020-06-30": 0, "2020-03-31": 0, "2019-12-31": "", "2019-09-30": 0, "2019-06-30": 0, "2019-03-31": 0, "2018-12-31": "", "2018-09-30": 0, "2018-06-30": 0, "2018-03-31": 0, "2017-12-31": "", "2017-09-30": 0, "2017-06-30": 0, "2017-03-31": 0, "2016-12-31": "", "2016-09-30": 0, "2016-06-30": 0, "2016-03-31": 0, "2015-12-31": "", "2015-09-30": 0, "2015-06-30": 0, "2015-03-31": 0, "2014-12-31": "", "2014-09-30": 0, "2014-06-30": 0, "2014-03-31": 0, "2013-12-31": "", "2013-09-30": 0, "2013-06-30": 0, "2013-03-31": 0, "2012-12-31": "", "2012-09-30": 0, "2012-06-30": 0, "2012-03-31": 0, "2011-12-31": "", "2011-09-30": 0, "2011-06-30": 0, "2011-03-31": 0, "2010-12-31": "-50.00000", "2010-09-30": -80.709, "2010-06-30": 0, "2010-03-31": 0, "2009-12-31": "", "2009-09-30": 0, "2009-06-30": 0, "2009-03-31": 0, "2008-12-31": "", "2008-09-30": 49.335, "2008-06-30": 0, "2008-03-31": 0, "2007-12-31": "-49.33500", "2007-09-30": 0, "2007-06-30": 9.929, "2007-03-31": -9.929, "2006-12-31": "", "2006-09-30": 0, "2006-06-30": 0, "2006-03-31": 0, "2005-12-31": "", "2005-09-30": 0, "2005-06-30": 0.782, "2005-03-31": -0.782}, "Debt Issuance/Retirement Net - Total": {"2020-12-31": "", "2020-09-30": 0, "2020-06-30": 0, "2020-03-31": 0, "2019-12-31": "", "2019-09-30": 0, "2019-06-30": 0, "2019-03-31": 0, "2018-12-31": "", "2018-09-30": 0, "2018-06-30": 0, "2018-03-31": 0, "2017-12-31": "", "2017-09-30": 0, "2017-06-30": 0, "2017-03-31": 0, "2016-12-31": "", "2016-09-30": -76.5, "2016-06-30": 0, "2016-03-31": 0, "2015-12-31": "", "2015-09-30": 0, "2015-06-30": 0, "2015-03-31": 0, "2014-12-31": "", "2014-09-30": 0, "2014-06-30": 0, "2014-03-31": 0, "2013-12-31": "", "2013-09-30": 0, "2013-06-30": 0, "2013-03-31": 0, "2012-12-31": "", "2012-09-30": -0.1, "2012-06-30": 0.1, "2012-03-31": -33.174, "2011-12-31": "-14.92600", "2011-09-30": 0, "2011-06-30": 0, "2011-03-31": 0, "2010-12-31": "-50.00000", "2010-09-30": -29.602, "2010-06-30": -18.63, "2010-03-31": -27.524, "2009-12-31": "-4.95300", "2009-09-30": -16.982, "2009-06-30": 0, "2009-03-31": -0.077, "2008-12-31": "-34.04800", "2008-09-30": -56.57, "2008-06-30": 0, "2008-03-31": 0, "2007-12-31": "-49.33500", "2007-09-30": 0, "2007-06-30": 9.929, "2007-03-31": 60.071, "2006-12-31": "", "2006-09-30": 0, "2006-06-30": 0, "2006-03-31": -50.665, "2005-12-31": "", "2005-09-30": 0, "2005-06-30": 0.782, "2005-03-31": -0.782}, "Net Common Equity Issued/Repurchased": {"2020-12-31": "-240.60000", "2020-09-30": -217.7, "2020-06-30": -51.8, "2020-03-31": -265.3, "2019-12-31": "-65.90000", "2019-09-30": -131.6, "2019-06-30": -78.6, "2019-03-31": -127.4, "2018-12-31": "-301.00000", "2018-09-30": -223.2, "2018-06-30": -238.8, "2018-03-31": -85.7, "2017-12-31": "-202.80000", "2017-09-30": -87.2, "2017-06-30": -111.1, "2017-03-31": -78.2, "2016-12-31": "-136.20000", "2016-09-30": -175, "2016-06-30": -186.6, "2016-03-31": -127.9, "2015-12-31": "-63.30000", "2015-09-30": -101.7, "2015-06-30": -40.9, "2015-03-31": -35.2, "2014-12-31": "-56.70000", "2014-09-30": -38.5, "2014-06-30": -29.5, "2014-03-31": -35.3, "2013-12-31": "-16.70000", "2013-09-30": -13.8, "2013-06-30": -88.1, "2013-03-31": -26.6, "2012-12-31": "-53.90000", "2012-09-30": 14.7, "2012-06-30": 7.4, "2012-03-31": 11.509, "2011-12-31": "-25.50900", "2011-09-30": -8.079, "2011-06-30": -15.803, "2011-03-31": -9.562, "2010-12-31": "6.44400", "2010-09-30": 49.183, "2010-06-30": -9.107, "2010-03-31": -3.977, "2009-12-31": "-0.00900", "2009-09-30": 34.798, "2009-06-30": 10.269, "2009-03-31": 2.108, "2008-12-31": "-10.89600", "2008-09-30": 0.856, "2008-06-30": 13.745, "2008-03-31": 0.587, "2007-12-31": "0.79800", "2007-09-30": 1.196, "2007-06-30": 1.738, "2007-03-31": -29.006, "2006-12-31": "2.65700", "2006-09-30": 0.061, "2006-06-30": 0.473, "2006-03-31": 0.791, "2005-12-31": "0.24800", "2005-09-30": 0.454, "2005-06-30": 0.496, "2005-03-31": 4.294}, "Net Total Equity Issued/Repurchased": {"2020-12-31": "-240.60000", "2020-09-30": -217.7, "2020-06-30": -51.8, "2020-03-31": -265.3, "2019-12-31": "-65.90000", "2019-09-30": -131.6, "2019-06-30": -78.6, "2019-03-31": -127.4, "2018-12-31": "-301.00000", "2018-09-30": -223.2, "2018-06-30": -238.8, "2018-03-31": -85.7, "2017-12-31": "-202.80000", "2017-09-30": -87.2, "2017-06-30": -111.1, "2017-03-31": -78.2, "2016-12-31": "-136.20000", "2016-09-30": -175, "2016-06-30": -186.6, "2016-03-31": -127.9, "2015-12-31": "-63.30000", "2015-09-30": -101.7, "2015-06-30": -40.9, "2015-03-31": -35.2, "2014-12-31": "-56.70000", "2014-09-30": -38.5, "2014-06-30": -29.5, "2014-03-31": -35.3, "2013-12-31": "-16.70000", "2013-09-30": -13.8, "2013-06-30": -88.1, "2013-03-31": -26.6, "2012-12-31": "-53.90000", "2012-09-30": 14.7, "2012-06-30": 7.4, "2012-03-31": 11.509, "2011-12-31": "-25.50900", "2011-09-30": -8.079, "2011-06-30": -15.803, "2011-03-31": -9.562, "2010-12-31": "6.44400", "2010-09-30": 49.183, "2010-06-30": -9.107, "2010-03-31": -3.977, "2009-12-31": "-0.00900", "2009-09-30": 34.798, "2009-06-30": 10.269, "2009-03-31": 2.108, "2008-12-31": "-10.89600", "2008-09-30": 0.856, "2008-06-30": 13.745, "2008-03-31": 0.587, "2007-12-31": "0.79800", "2007-09-30": 1.196, "2007-06-30": 1.738, "2007-03-31": -29.006, "2006-12-31": "2.65700", "2006-09-30": 0.061, "2006-06-30": 0.473, "2006-03-31": 0.791, "2005-12-31": "0.24800", "2005-09-30": 0.454, "2005-06-30": 0.496, "2005-03-31": 4.294}, "Total Common And Preferred Stock Dividends Paid": {"2020-12-31": "-83.00000", "2020-09-30": -83.5, "2020-06-30": -73.5, "2020-03-31": -74.9, "2019-12-31": "-75.10000", "2019-09-30": -75.1, "2019-06-30": -65.7, "2019-03-31": -66, "2018-12-31": "-67.10000", "2018-09-30": -68, "2018-06-30": -57.7, "2018-03-31": -58.4, "2017-12-31": "-59.10000", "2017-09-30": -58.9, "2017-06-30": -51.6, "2017-03-31": -51.9, "2016-12-31": "-52.20000", "2016-09-30": -52.2, "2016-06-30": -49.4, "2016-03-31": -49.2, "2015-12-31": "-50.20000", "2015-09-30": -49.3, "2015-06-30": -24.5, "2015-03-31": -24.7, "2014-12-31": "-24.60000", "2014-09-30": -20.5, "2014-06-30": -20.9, "2014-03-31": 0, "2013-12-31": "", "2013-09-30": 0, "2013-06-30": 0, "2013-03-31": 0, "2012-12-31": "", "2012-09-30": 0, "2012-06-30": 0, "2012-03-31": 0, "2011-12-31": "", "2011-09-30": 0, "2011-06-30": 0, "2011-03-31": 0, "2010-12-31": "", "2010-09-30": 0, "2010-06-30": 0, "2010-03-31": 0, "2009-12-31": "", "2009-09-30": 0, "2009-06-30": 0, "2009-03-31": 0, "2008-12-31": "", "2008-09-30": 0, "2008-06-30": 0, "2008-03-31": 0, "2007-12-31": "", "2007-09-30": 0, "2007-06-30": 0, "2007-03-31": 0, "2006-12-31": "", "2006-09-30": 0, "2006-06-30": 0, "2006-03-31": 0, "2005-12-31": "", "2005-09-30": 0, "2005-06-30": 0, "2005-03-31": 0}, "Financial Activities - Other": {"2020-12-31": "", "2020-09-30": 0, "2020-06-30": 0, "2020-03-31": 0, "2019-12-31": "", "2019-09-30": 0, "2019-06-30": 0, "2019-03-31": 0, "2018-12-31": "", "2018-09-30": 0, "2018-06-30": 0, "2018-03-31": 0, "2017-12-31": "", "2017-09-30": -1.3, "2017-06-30": -1.3, "2017-03-31": 12.7, "2016-12-31": "19.80000", "2016-09-30": -1.4, "2016-06-30": 3.5, "2016-03-31": 4.3, "2015-12-31": "37.30000", "2015-09-30": 7.1, "2015-06-30": 9.5, "2015-03-31": 11.3, "2014-12-31": "29.40000", "2014-09-30": 2.5, "2014-06-30": 14.4, "2014-03-31": 12.2, "2013-12-31": "11.70000", "2013-09-30": 5.5, "2013-06-30": -1.3, "2013-03-31": 2.4, "2012-12-31": "3.10000", "2012-09-30": -55, "2012-06-30": 3.5, "2012-03-31": 0.224, "2011-12-31": "5.17600", "2011-09-30": -4.99, "2011-06-30": 1.137, "2011-03-31": 3.852, "2010-12-31": "12.50100", "2010-09-30": 6.287, "2010-06-30": 0, "2010-03-31": 0, "2009-12-31": "-0.26500", "2009-09-30": -15.432, "2009-06-30": 0.1, "2009-03-31": 0, "2008-12-31": "", "2008-09-30": -14.809, "2008-06-30": 0.341, "2008-03-31": 0, "2007-12-31": "0.20000", "2007-09-30": 0, "2007-06-30": -0.2, "2007-03-31": -6.189, "2006-12-31": "", "2006-09-30": -0.038, "2006-06-30": -0.252, "2006-03-31": 0, "2005-12-31": "", "2005-09-30": 0, "2005-06-30": 0, "2005-03-31": 0}, "Cash Flow From Financial Activities": {"2020-12-31": "-323.60000", "2020-09-30": -301.2, "2020-06-30": -125.3, "2020-03-31": -340.2, "2019-12-31": "-141.00000", "2019-09-30": -206.7, "2019-06-30": -144.3, "2019-03-31": -193.4, "2018-12-31": "-368.10000", "2018-09-30": -291.2, "2018-06-30": -296.5, "2018-03-31": -144.1, "2017-12-31": "-261.90000", "2017-09-30": -147.4, "2017-06-30": -164, "2017-03-31": -117.4, "2016-12-31": "-168.60000", "2016-09-30": -305.1, "2016-06-30": -232.5, "2016-03-31": -172.8, "2015-12-31": "-76.20000", "2015-09-30": -143.9, "2015-06-30": -55.9, "2015-03-31": -48.6, "2014-12-31": "-51.90000", "2014-09-30": -56.5, "2014-06-30": -36, "2014-03-31": -23.1, "2013-12-31": "-5.00000", "2013-09-30": -8.3, "2013-06-30": -89.4, "2013-03-31": -24.2, "2012-12-31": "-50.80000", "2012-09-30": -40.4, "2012-06-30": 11, "2012-03-31": -21.441, "2011-12-31": "-35.25900", "2011-09-30": -13.069, "2011-06-30": -14.666, "2011-03-31": -5.71, "2010-12-31": "-31.05500", "2010-09-30": 25.868, "2010-06-30": -27.737, "2010-03-31": -31.501, "2009-12-31": "-5.22700", "2009-09-30": 2.384, "2009-06-30": 10.369, "2009-03-31": 2.031, "2008-12-31": "-44.94400", "2008-09-30": -70.523, "2008-06-30": 14.086, "2008-03-31": 0.587, "2007-12-31": "-48.33700", "2007-09-30": 1.196, "2007-06-30": 11.467, "2007-03-31": 24.876, "2006-12-31": "2.65700", "2006-09-30": 0.023, "2006-06-30": 0.221, "2006-03-31": -49.874, "2005-12-31": "0.24800", "2005-09-30": 0.454, "2005-06-30": 1.278, "2005-03-31": 3.512}, "Net Cash Flow": {"2020-12-31": "50.50000", "2020-09-30": -224.6, "2020-06-30": -121.1, "2020-03-31": -15.8, "2019-12-31": "76.90000", "2019-09-30": 108.5, "2019-06-30": -73.5, "2019-03-31": -269.4, "2018-12-31": "352.40000", "2018-09-30": -424.8, "2018-06-30": -723.2, "2018-03-31": 199.8, "2017-12-31": "64.70000", "2017-09-30": 172.8, "2017-06-30": 37.1, "2017-03-31": 56.4, "2016-12-31": "266.70000", "2016-09-30": 110.1, "2016-06-30": -203.8, "2016-03-31": -55.7, "2015-12-31": "189.60000", "2015-09-30": -62.4, "2015-06-30": 51.8, "2015-03-31": 4.3, "2014-12-31": "244.10000", "2014-09-30": -87.5, "2014-06-30": 95.5, "2014-03-31": 149.2, "2013-12-31": "137.50000", "2013-09-30": 110.8, "2013-06-30": -58.5, "2013-03-31": 80.5, "2012-12-31": "71.20000", "2012-09-30": -20.8, "2012-06-30": 20.5, "2012-03-31": -138.949, "2011-12-31": "35.54900", "2011-09-30": 95.012, "2011-06-30": -194.156, "2011-03-31": 53.747, "2010-12-31": "-3.20300", "2010-09-30": 69.433, "2010-06-30": -21.586, "2010-03-31": 9.083, "2009-12-31": "32.10600", "2009-09-30": 61.717, "2009-06-30": 40.553, "2009-03-31": 18.256, "2008-12-31": "18.59100", "2008-09-30": -22.911, "2008-06-30": 25.858, "2008-03-31": 23.443, "2007-12-31": "-42.86300", "2007-09-30": 88.382, "2007-06-30": 0.748, "2007-03-31": 38.515, "2006-12-31": "-22.81700", "2006-09-30": 44.507, "2006-06-30": -24.512, "2006-03-31": -6.738, "2005-12-31": "6.97000", "2005-09-30": -0.418, "2005-06-30": 11.355, "2005-03-31": -17.92}, "Stock-Based Compensation": {"2020-12-31": "44.50000", "2020-09-30": 45, "2020-06-30": 37.8, "2020-03-31": 40.2, "2019-12-31": "33.60000", "2019-09-30": 21.5, "2019-06-30": 16, "2019-03-31": 21.8, "2018-12-31": "20.80000", "2018-09-30": 21.5, "2018-06-30": 19.5, "2018-03-31": 41, "2017-12-31": "25.80000", "2017-09-30": 24.2, "2017-06-30": 20.6, "2017-03-31": 22.1, "2016-12-31": "21.60000", "2016-09-30": 19.7, "2016-06-30": 17.9, "2016-03-31": 17.1, "2015-12-31": "23.30000", "2015-09-30": 25.4, "2015-06-30": 26, "2015-03-31": 26.7, "2014-12-31": "21.70000", "2014-09-30": 23.6, "2014-06-30": 22.8, "2014-03-31": 20.7, "2013-12-31": "18.90000", "2013-09-30": 17.6, "2013-06-30": 18.1, "2013-03-31": 18.3, "2012-12-31": "17.70000", "2012-09-30": 18.5, "2012-06-30": 18.6, "2012-03-31": 19.35, "2011-12-31": "15.75000", "2011-09-30": 15.612, "2011-06-30": 14.543, "2011-03-31": 14.864, "2010-12-31": "13.28100", "2010-09-30": 14.502, "2010-06-30": 9.435, "2010-03-31": 8.72, "2009-12-31": "8.08400", "2009-09-30": 7.145, "2009-06-30": 5.468, "2009-03-31": 4.264, "2008-12-31": "6.58900", "2008-09-30": 6.45, "2008-06-30": 6.112, "2008-03-31": 5.643, "2007-12-31": "5.00700", "2007-09-30": 4.021, "2007-06-30": 3.645, "2007-03-31": 4.045, "2006-12-31": "2.02600", "2006-09-30": 3.931, "2006-06-30": 3.67, "2006-03-31": 3.587, "2005-12-31": "3.03100", "2005-09-30": 0, "2005-06-30": 0, "2005-03-31": 0}, "Common Stock Dividends Paid": {"2020-12-31": "-83.00000", "2020-09-30": -83.5, "2020-06-30": -73.5, "2020-03-31": -74.9, "2019-12-31": "-75.10000", "2019-09-30": -75.1, "2019-06-30": -65.7, "2019-03-31": -66, "2018-12-31": "-67.10000", "2018-09-30": -68, "2018-06-30": -57.7, "2018-03-31": -58.4, "2017-12-31": "-59.10000", "2017-09-30": -58.9, "2017-06-30": -51.6, "2017-03-31": -51.9, "2016-12-31": "-52.20000", "2016-09-30": -52.2, "2016-06-30": -49.4, "2016-03-31": -49.2, "2015-12-31": "-50.20000", "2015-09-30": -49.3, "2015-06-30": -24.5, "2015-03-31": -24.7, "2014-12-31": "-24.60000", "2014-09-30": -20.5, "2014-06-30": -20.9, "2014-03-31": 0, "2013-12-31": "", "2013-09-30": 0, "2013-06-30": 0, "2013-03-31": 0, "2012-12-31": "", "2012-09-30": 0, "2012-06-30": 0, "2012-03-31": 0, "2011-12-31": "", "2011-09-30": 0, "2011-06-30": 0, "2011-03-31": 0, "2010-12-31": "", "2010-09-30": 0, "2010-06-30": 0, "2010-03-31": 0, "2009-12-31": "", "2009-09-30": 0, "2009-06-30": 0, "2009-03-31": 0, "2008-12-31": "", "2008-09-30": 0, "2008-06-30": 0, "2008-03-31": 0, "2007-12-31": "", "2007-09-30": 0, "2007-06-30": 0, "2007-03-31": 0, "2006-12-31": "", "2006-09-30": 0, "2006-06-30": 0, "2006-03-31": 0, "2005-12-31": "", "2005-09-30": 0, "2005-06-30": 0, "2005-03-31": 0}}, "financial ratios": {"Current Ratio": {"2020-09-30": "5.16860", "2019-09-30": "5.97490", "2018-09-30": "5.80500", "2017-09-30": "6.78960", "2016-09-30": "9.52470", "2015-09-30": "4.12740", "2014-09-30": "4.80240", "2013-09-30": "5.97270", "2012-09-30": "4.83470", "2011-09-30": "3.30370", "2010-09-30": "3.86570", "2009-09-30": "3.00710", "2008-09-30": "3.32560", "2007-09-30": "2.60480", "2006-09-30": "2.39630", "2005-09-30": "3.13450"}, "Long-term Debt / Capital": {"2020-09-30": "", "2019-09-30": "", "2018-09-30": "", "2017-09-30": "", "2016-09-30": "", "2015-09-30": "", "2014-09-30": "0.01620", "2013-09-30": "", "2012-09-30": "", "2011-09-30": "", "2010-09-30": "0.01840", "2009-09-30": "0.03610", "2008-09-30": "0.12720", "2007-09-30": "0.20280", "2006-09-30": "0.19740", "2005-09-30": "0.22490"}, "Debt/Equity Ratio": {"2020-09-30": "", "2019-09-30": "", "2018-09-30": "", "2017-09-30": "", "2016-09-30": "", "2015-09-30": "", "2014-09-30": "0.01640", "2013-09-30": "", "2012-09-30": "", "2011-09-30": "0.01620", "2010-09-30": "0.05680", "2009-09-30": "0.11120", "2008-09-30": "0.19870", "2007-09-30": "0.38070", "2006-09-30": "0.31450", "2005-09-30": "0.35330"}, "Gross Margin": {"2020-09-30": "48.06450", "2019-09-30": "47.49470", "2018-09-30": "50.43180", "2017-09-30": "50.44090", "2016-09-30": "50.62940", "2015-09-30": "47.70750", "2014-09-30": "44.63020", "2013-09-30": "42.77900", "2012-09-30": "42.52840", "2011-09-30": "43.71700", "2010-09-30": "42.62100", "2009-09-30": "39.64980", "2008-09-30": "39.87860", "2007-09-30": "38.74450", "2006-09-30": "33.94880", "2005-09-30": "38.84190"}, "Operating Margin": {"2020-09-30": "26.57570", "2019-09-30": "28.19240", "2018-09-30": "34.10810", "2017-09-30": "34.33750", "2016-09-30": "34.01340", "2015-09-30": "31.39880", "2014-09-30": "24.66510", "2013-09-30": "19.25780", "2012-09-30": "16.29480", "2011-09-30": "20.81190", "2010-09-30": "18.63550", "2009-09-30": "8.93410", "2008-09-30": "10.50810", "2007-09-30": "7.88490", "2006-09-30": "-8.57220", "2005-09-30": "6.32700"}, "EBIT Margin": {"2020-09-30": "26.57570", "2019-09-30": "28.19240", "2018-09-30": "34.10810", "2017-09-30": "34.33750", "2016-09-30": "34.01340", "2015-09-30": "31.39880", "2014-09-30": "24.66510", "2013-09-30": "19.25780", "2012-09-30": "16.29480", "2011-09-30": "20.81190", "2010-09-30": "18.63550", "2009-09-30": "8.93410", "2008-09-30": "10.50810", "2007-09-30": "7.88490", "2006-09-30": "-8.57220", "2005-09-30": "6.32700"}, "EBITDA Margin": {"2020-09-30": "37.43180", "2019-09-30": "39.19690", "2018-09-30": "41.84330", "2017-09-30": "41.31570", "2016-09-30": "41.54760", "2015-09-30": "37.40790", "2014-09-30": "30.01960", "2013-09-30": "25.02790", "2012-09-30": "22.84200", "2011-09-30": "26.30910", "2010-09-30": "23.80430", "2009-09-30": "15.92660", "2008-09-30": "17.76290", "2007-09-30": "13.77540", "2006-09-30": "-3.09840", "2005-09-30": "11.53000"}, "Pre-Tax Profit Margin": {"2020-09-30": "26.57270", "2019-09-30": "28.45890", "2018-09-30": "34.43900", "2017-09-30": "34.42520", "2016-09-30": "36.50350", "2015-09-30": "31.41420", "2014-09-30": "24.66510", "2013-09-30": "19.22430", "2012-09-30": "16.25020", "2011-09-30": "20.71320", "2010-09-30": "18.19980", "2009-09-30": "8.69150", "2008-09-30": "9.55660", "2007-09-30": "7.65360", "2006-09-30": "-9.40540", "2005-09-30": "5.17300"}, "Net Profit Margin": {"2020-09-30": "24.28110", "2019-09-30": "25.27840", "2018-09-30": "23.74350", "2017-09-30": "27.66610", "2016-09-30": "30.25840", "2015-09-30": "24.49980", "2014-09-30": "19.97380", "2013-09-30": "15.51900", "2012-09-30": "12.87770", "2011-09-30": "15.97010", "2010-09-30": "12.80910", "2009-09-30": "11.83480", "2008-09-30": "12.90740", "2007-09-30": "7.77220", "2006-09-30": "-11.39280", "2005-09-30": "3.23220"}, "Asset Turnover": {"2020-09-30": "0.65710", "2019-09-30": "0.69770", "2018-09-30": "0.80100", "2017-09-30": "0.79840", "2016-09-30": "0.85310", "2015-09-30": "0.87610", "2014-09-30": "0.77060", "2013-09-30": "0.76810", "2012-09-30": "0.73420", "2011-09-30": "0.75060", "2010-09-30": "0.68530", "2009-09-30": "0.59340", "2008-09-30": "0.69580", "2007-09-30": "0.62340", "2006-09-30": "0.70950", "2005-09-30": "0.66710"}, "Inventory Turnover Ratio": {"2020-09-30": "2.16230", "2019-09-30": "2.90800", "2018-09-30": "3.91130", "2017-09-30": "3.66690", "2016-09-30": "3.82970", "2015-09-30": "6.36020", "2014-09-30": "4.68540", "2013-09-30": "4.46800", "2012-09-30": "3.87080", "2011-09-30": "4.02960", "2010-09-30": "4.91780", "2009-09-30": "5.62570", "2008-09-30": "4.98170", "2007-09-30": "5.53360", "2006-09-30": "6.26860", "2005-09-30": "6.26100"}, "Receiveable Turnover": {"2020-09-30": "8.52570", "2019-09-30": "7.25730", "2018-09-30": "5.89810", "2017-09-30": "8.03030", "2016-09-30": "7.89490", "2015-09-30": "6.05650", "2014-09-30": "7.21510", "2013-09-30": "6.12230", "2012-09-30": "5.27080", "2011-09-30": "7.97400", "2010-09-30": "6.11670", "2009-09-30": "6.97690", "2008-09-30": "5.86200", "2007-09-30": "4.43310", "2006-09-30": "4.87250", "2005-09-30": "4.62150"}, "Days Sales In Receivables": {"2020-09-30": "42.81190", "2019-09-30": "50.29450", "2018-09-30": "61.88390", "2017-09-30": "45.45260", "2016-09-30": "46.23260", "2015-09-30": "60.26580", "2014-09-30": "50.58870", "2013-09-30": "59.61800", "2012-09-30": "69.24900", "2011-09-30": "45.77360", "2010-09-30": "59.67230", "2009-09-30": "52.31570", "2008-09-30": "62.26520", "2007-09-30": "82.33490", "2006-09-30": "74.90960", "2005-09-30": "78.97910"}, "ROE - Return On Equity": {"2020-09-30": "19.56680", "2019-09-30": "20.70690", "2018-09-30": "22.41640", "2017-09-30": "24.84690", "2016-09-30": "28.10190", "2015-09-30": "25.26910", "2014-09-30": "18.07380", "2013-09-30": "13.23590", "2012-09-30": "10.60090", "2011-09-30": "14.08250", "2010-09-30": "10.42800", "2009-09-30": "8.56640", "2008-09-30": "11.75640", "2007-09-30": "7.33140", "2006-09-30": "-12.09060", "2005-09-30": "3.23140"}, "Return On Tangible Equity": {"2020-09-30": "27.89550", "2019-09-30": "30.22020", "2018-09-30": "33.23320", "2017-09-30": "32.43120", "2016-09-30": "38.26070", "2015-09-30": "35.36210", "2014-09-30": "28.49230", "2013-09-30": "22.50360", "2012-09-30": "19.98020", "2011-09-30": "26.37200", "2010-09-30": "16.77390", "2009-09-30": "15.63140", "2008-09-30": "25.18290", "2007-09-30": "19.74210", "2006-09-30": "-40.04760", "2005-09-30": "9.09980"}, "ROA - Return On Assets": {"2020-09-30": "15.95550", "2019-09-30": "17.63780", "2018-09-30": "19.01880", "2017-09-30": "22.08760", "2016-09-30": "25.81310", "2015-09-30": "21.46310", "2014-09-30": "15.39110", "2013-09-30": "11.91980", "2012-09-30": "9.45430", "2011-09-30": "11.98700", "2010-09-30": "8.77810", "2009-09-30": "7.02230", "2008-09-30": "8.98030", "2007-09-30": "4.84490", "2006-09-30": "-8.08370", "2005-09-30": "2.15610"}, "ROI - Return On Investment": {"2020-09-30": "19.56680", "2019-09-30": "20.70690", "2018-09-30": "22.41640", "2017-09-30": "24.84690", "2016-09-30": "28.10190", "2015-09-30": "25.26910", "2014-09-30": "17.78170", "2013-09-30": "13.23590", "2012-09-30": "10.60090", "2011-09-30": "14.08250", "2010-09-30": "10.23560", "2009-09-30": "8.25750", "2008-09-30": "10.26090", "2007-09-30": "5.84480", "2006-09-30": "-9.70380", "2005-09-30": "2.50460"}, "Book Value Per Share": {"2020-09-30": "25.14610", "2019-09-30": "24.23460", "2018-09-30": "23.09470", "2017-09-30": "22.20480", "2016-09-30": "19.15310", "2015-09-30": "16.60120", "2014-09-30": "13.38480", "2013-09-30": "11.18200", "2012-09-30": "9.90900", "2011-09-30": "8.63310", "2010-09-30": "7.30380", "2009-09-30": "6.41600", "2008-09-30": "5.70210", "2007-09-30": "4.88110", "2006-09-30": "4.51010", "2005-09-30": "4.99650"}, "Operating Cash Flow Per Share": {"2020-09-30": -0.7466, "2019-09-30": 0.9551, "2018-09-30": -0.9192, "2017-09-30": 2.1901, "2016-09-30": 0.5162, "2015-09-30": 1.0835, "2014-09-30": 1.4105, "2013-09-30": 1.1129, "2012-09-30": -0.4312, "2011-09-30": 0.6981, "2010-09-30": -0.0695, "2009-09-30": 0.1808, "2008-09-30": 0.5824, "2007-09-30": 0.3556, "2006-09-30": -0.1704, "2005-09-30": 0.3412}, "Free Cash Flow Per Share": {"2020-09-30": -0.7555, "2019-09-30": 0.9771, "2018-09-30": -1.5998, "2017-09-30": 1.551, "2016-09-30": 1.7376, "2015-09-30": -0.0402, "2014-09-30": 0.9715, "2013-09-30": 0.9594, "2012-09-30": -0.3943, "2011-09-30": 0.6572, "2010-09-30": -0.3253, "2009-09-30": 0.3436, "2008-09-30": 0.4533, "2007-09-30": 0.3595, "2006-09-30": -0.1987, "2005-09-30": 0.1011}}, "financial ratios, quarterly": {"Current Ratio": {"2020-12-31": "5.07330", "2020-09-30": "5.16860", "2020-06-30": "5.82750", "2020-03-31": "6.13140", "2019-12-31": "7.04230", "2019-09-30": "5.97490", "2019-06-30": "5.56440", "2019-03-31": "6.38520", "2018-12-31": "6.18110", "2018-09-30": "5.80500", "2018-06-30": "7.34410", "2018-03-31": "8.82540", "2017-12-31": "8.35650", "2017-09-30": "6.78960", "2017-06-30": "8.01860", "2017-03-31": "8.64780", "2016-12-31": "7.24620", "2016-09-30": "9.52470", "2016-06-30": "5.98880", "2016-03-31": "6.55070", "2015-12-31": "5.74800", "2015-09-30": "4.12740", "2015-06-30": "5.69940", "2015-03-31": "5.62260", "2014-12-31": "4.77740", "2014-09-30": "4.80240", "2014-06-30": "5.90840", "2014-03-31": "6.94150", "2013-12-31": "7.11760", "2013-09-30": "5.97270", "2013-06-30": "6.03520", "2013-03-31": "5.92680", "2012-12-31": "5.77790", "2012-09-30": "4.83470", "2012-06-30": "3.46240", "2012-03-31": "3.10060", "2011-12-31": "4.02980", "2011-09-30": "3.30370", "2011-06-30": "2.91440", "2011-03-31": "4.94460", "2010-12-31": "5.22460", "2010-09-30": "3.86570", "2010-06-30": "3.57710", "2010-03-31": "3.78360", "2009-12-31": "3.23100", "2009-09-30": "3.00710", "2009-06-30": "2.74220", "2009-03-31": "2.65500", "2008-12-31": "3.46940", "2008-09-30": "3.32560", "2008-06-30": "3.37690", "2008-03-31": "3.02660", "2007-12-31": "2.94480", "2007-09-30": "2.60480", "2007-06-30": "2.42930", "2007-03-31": "2.37450", "2006-12-31": "1.25730", "2006-09-30": "2.39630", "2006-06-30": "2.91120", "2006-03-31": "2.85670", "2005-12-31": "3.12320", "2005-09-30": "3.13450", "2005-06-30": "3.11220", "2005-03-31": "3.01200"}, "Long-term Debt / Capital": {"2020-12-31": "", "2020-09-30": "", "2020-06-30": "", "2020-03-31": "", "2019-12-31": "", "2019-09-30": "", "2019-06-30": "", "2019-03-31": "", "2018-12-31": "", "2018-09-30": "", "2018-06-30": "", "2018-03-31": "", "2017-12-31": "", "2017-09-30": "", "2017-06-30": "", "2017-03-31": "", "2016-12-31": "", "2016-09-30": "", "2016-06-30": "", "2016-03-31": "", "2015-12-31": "", "2015-09-30": "", "2015-06-30": "", "2015-03-31": "", "2014-12-31": "", "2014-09-30": "0.01620", "2014-06-30": "", "2014-03-31": "", "2013-12-31": "0.02240", "2013-09-30": "", "2013-06-30": "", "2013-03-31": "", "2012-12-31": "", "2012-09-30": "", "2012-06-30": "", "2012-03-31": "", "2011-12-31": "", "2011-09-30": "", "2011-06-30": "", "2011-03-31": "", "2010-12-31": "0.01750", "2010-09-30": "0.01840", "2010-06-30": "0.01960", "2010-03-31": "0.03470", "2009-12-31": "0.03530", "2009-09-30": "0.03610", "2009-06-30": "0.04440", "2009-03-31": "0.04590", "2008-12-31": "0.09060", "2008-09-30": "0.12720", "2008-06-30": "0.18550", "2008-03-31": "0.19280", "2007-12-31": "0.19780", "2007-09-30": "0.20280", "2007-06-30": "0.20930", "2007-03-31": "0.21350", "2006-12-31": "", "2006-09-30": "0.19740", "2006-06-30": "0.17970", "2006-03-31": "0.18120", "2005-12-31": "0.22310", "2005-09-30": "0.22490", "2005-06-30": "0.22600", "2005-03-31": "0.22870"}, "Debt/Equity Ratio": {"2020-12-31": "", "2020-09-30": "", "2020-06-30": "", "2020-03-31": "", "2019-12-31": "", "2019-09-30": "", "2019-06-30": "", "2019-03-31": "", "2018-12-31": "", "2018-09-30": "", "2018-06-30": "", "2018-03-31": "", "2017-12-31": "", "2017-09-30": "", "2017-06-30": "", "2017-03-31": "", "2016-12-31": "", "2016-09-30": "", "2016-06-30": "", "2016-03-31": "", "2015-12-31": "", "2015-09-30": "", "2015-06-30": "", "2015-03-31": "", "2014-12-31": "", "2014-09-30": "0.01640", "2014-06-30": "", "2014-03-31": "", "2013-12-31": "0.02290", "2013-09-30": "", "2013-06-30": "", "2013-03-31": "", "2012-12-31": "", "2012-09-30": "", "2012-06-30": "", "2012-03-31": "", "2011-12-31": "0.01030", "2011-09-30": "0.01620", "2011-06-30": "0.01680", "2011-03-31": "0.01720", "2010-12-31": "0.01780", "2010-09-30": "0.05680", "2010-06-30": "0.06100", "2010-03-31": "0.07820", "2009-12-31": "0.10410", "2009-09-30": "0.11120", "2009-06-30": "0.14500", "2009-03-31": "0.15030", "2008-12-31": "0.15100", "2008-09-30": "0.19870", "2008-06-30": "0.28460", "2008-03-31": "0.29850", "2007-12-31": "0.30820", "2007-09-30": "0.38070", "2007-06-30": "0.39630", "2007-03-31": "0.39270", "2006-12-31": "0.30700", "2006-09-30": "0.31450", "2006-06-30": "0.28020", "2006-03-31": "0.28300", "2005-12-31": "0.34950", "2005-09-30": "0.35330", "2005-06-30": "0.35550", "2005-03-31": "0.35990"}, "Gross Margin": {"2020-12-31": "50.44370", "2020-09-30": "47.96700", "2020-06-30": "45.34470", "2020-03-31": "49.02760", "2019-12-31": "49.58150", "2019-09-30": "49.06940", "2019-06-30": "40.74320", "2019-03-31": "49.38300", "2018-12-31": "49.90740", "2018-09-30": "49.94050", "2018-06-30": "50.49760", "2018-03-31": "50.21900", "2017-12-31": "51.03150", "2017-09-30": "50.67030", "2017-06-30": "50.35520", "2017-03-31": "49.94720", "2016-12-31": "50.73830", "2016-09-30": "50.80200", "2016-06-30": "50.32590", "2016-03-31": "50.36770", "2015-12-31": "50.93870", "2015-09-30": "49.52320", "2015-06-30": "48.53090", "2015-03-31": "46.21440", "2014-12-31": "46.30660", "2014-09-30": "45.12040", "2014-06-30": "45.00850", "2014-03-31": "44.15800", "2013-12-31": "43.94300", "2013-09-30": "43.83650", "2013-06-30": "43.15520", "2013-03-31": "41.55690", "2012-12-31": "42.45100", "2012-09-30": "42.18110", "2012-06-30": "42.49360", "2012-03-31": "41.76040", "2011-12-31": "43.64560", "2011-09-30": "43.39020", "2011-06-30": "43.87420", "2011-03-31": "43.32400", "2010-12-31": "44.32380", "2010-09-30": "43.46200", "2010-06-30": "42.94800", "2010-03-31": "41.94520", "2009-12-31": "41.83520", "2009-09-30": "40.55650", "2009-06-30": "40.24310", "2009-03-31": "37.50220", "2008-12-31": "39.89340", "2008-09-30": "40.34300", "2008-06-30": "40.16260", "2008-03-31": "39.84320", "2007-12-31": "39.10930", "2007-09-30": "39.24040", "2007-06-30": "39.20710", "2007-03-31": "38.12330", "2006-12-31": "38.42070", "2006-09-30": "23.43410", "2006-06-30": "37.22100", "2006-03-31": "37.43910", "2005-12-31": "37.67710", "2005-09-30": "36.42980", "2005-06-30": "40.65850", "2005-03-31": "38.10870"}, "Operating Margin": {"2020-12-31": "37.79470", "2020-09-30": "27.96070", "2020-06-30": "20.01900", "2020-03-31": "26.04100", "2019-12-31": "30.94520", "2019-09-30": "28.26930", "2019-06-30": "20.80840", "2019-03-31": "29.31890", "2018-12-31": "33.01440", "2018-09-30": "33.72670", "2018-06-30": "34.25030", "2018-03-31": "31.68380", "2017-12-31": "36.45780", "2017-09-30": "35.13100", "2017-06-30": "33.83660", "2017-03-31": "33.01630", "2016-12-31": "35.20730", "2016-09-30": "34.94140", "2016-06-30": "31.74140", "2016-03-31": "33.24730", "2015-12-31": "35.66030", "2015-09-30": "33.78750", "2015-06-30": "31.95060", "2015-03-31": "28.85450", "2014-12-31": "30.63940", "2014-09-30": "27.57900", "2014-06-30": "25.29810", "2014-03-31": "21.33060", "2013-12-31": "22.96120", "2013-09-30": "22.11740", "2013-06-30": "19.33040", "2013-03-31": "16.15710", "2012-12-31": "19.08750", "2012-09-30": "17.76800", "2012-06-30": "15.93830", "2012-03-31": "12.00990", "2011-12-31": "19.04000", "2011-09-30": "19.30720", "2011-06-30": "20.28390", "2011-03-31": "20.91510", "2010-12-31": "23.07890", "2010-09-30": "20.88430", "2010-06-30": "19.41820", "2010-03-31": "16.09360", "2009-12-31": "17.35060", "2009-09-30": "14.44340", "2009-06-30": "11.25500", "2009-03-31": "-2.16370", "2008-12-31": "9.97630", "2008-09-30": "12.03100", "2008-06-30": "10.59290", "2008-03-31": "9.20590", "2007-12-31": "9.98660", "2007-09-30": "9.54040", "2007-06-30": "7.09280", "2007-03-31": "7.23210", "2006-12-31": "7.58400", "2006-09-30": "-43.09830", "2006-06-30": "2.97320", "2006-03-31": "1.37500", "2005-12-31": "4.28790", "2005-09-30": "3.73240", "2005-06-30": "6.14520", "2005-03-31": "4.36730"}, "EBIT Margin": {"2020-12-31": "37.79470", "2020-09-30": "27.96070", "2020-06-30": "20.01900", "2020-03-31": "26.04100", "2019-12-31": "30.94520", "2019-09-30": "28.26930", "2019-06-30": "20.80840", "2019-03-31": "29.31890", "2018-12-31": "33.01440", "2018-09-30": "33.72670", "2018-06-30": "34.25030", "2018-03-31": "31.68380", "2017-12-31": "36.45780", "2017-09-30": "35.13100", "2017-06-30": "33.83660", "2017-03-31": "33.01630", "2016-12-31": "35.20730", "2016-09-30": "34.94130", "2016-06-30": "31.74140", "2016-03-31": "33.24730", "2015-12-31": "35.66030", "2015-09-30": "33.78750", "2015-06-30": "31.95060", "2015-03-31": "28.85450", "2014-12-31": "30.63940", "2014-09-30": "27.57900", "2014-06-30": "25.29810", "2014-03-31": "21.33060", "2013-12-31": "22.96120", "2013-09-30": "22.11740", "2013-06-30": "19.33040", "2013-03-31": "16.15710", "2012-12-31": "19.08750", "2012-09-30": "17.76800", "2012-06-30": "15.93830", "2012-03-31": "12.00990", "2011-12-31": "19.04000", "2011-09-30": "19.30730", "2011-06-30": "20.28390", "2011-03-31": "20.91510", "2010-12-31": "23.07890", "2010-09-30": "20.88430", "2010-06-30": "19.41820", "2010-03-31": "16.09360", "2009-12-31": "17.35060", "2009-09-30": "14.44340", "2009-06-30": "11.25500", "2009-03-31": "-2.16370", "2008-12-31": "9.97630", "2008-09-30": "12.03100", "2008-06-30": "10.59290", "2008-03-31": "9.20590", "2007-12-31": "9.98660", "2007-09-30": "9.54040", "2007-06-30": "7.09280", "2007-03-31": "7.23210", "2006-12-31": "7.58400", "2006-09-30": "-43.09830", "2006-06-30": "2.97320", "2006-03-31": "1.37500", "2005-12-31": "4.28790", "2005-09-30": "3.73240", "2005-06-30": "6.14520", "2005-03-31": "4.36730"}, "EBITDA Margin": {"2020-12-31": "", "2020-09-30": "", "2020-06-30": "", "2020-03-31": "", "2019-12-31": "", "2019-09-30": "", "2019-06-30": "", "2019-03-31": "", "2018-12-31": "", "2018-09-30": "", "2018-06-30": "", "2018-03-31": "", "2017-12-31": "", "2017-09-30": "", "2017-06-30": "", "2017-03-31": "", "2016-12-31": "", "2016-09-30": "", "2016-06-30": "", "2016-03-31": "", "2015-12-31": "", "2015-09-30": "", "2015-06-30": "", "2015-03-31": "", "2014-12-31": "", "2014-09-30": "", "2014-06-30": "", "2014-03-31": "", "2013-12-31": "", "2013-09-30": "", "2013-06-30": "", "2013-03-31": "", "2012-12-31": "", "2012-09-30": "", "2012-06-30": "", "2012-03-31": "", "2011-12-31": "", "2011-09-30": "", "2011-06-30": "", "2011-03-31": "", "2010-12-31": "", "2010-09-30": "", "2010-06-30": "", "2010-03-31": "", "2009-12-31": "", "2009-09-30": "", "2009-06-30": "", "2009-03-31": "", "2008-12-31": "", "2008-09-30": "", "2008-06-30": "", "2008-03-31": "", "2007-12-31": "", "2007-09-30": "", "2007-06-30": "", "2007-03-31": "", "2006-12-31": "", "2006-09-30": "", "2006-06-30": "", "2006-03-31": "", "2005-12-31": "", "2005-09-30": "", "2005-06-30": "", "2005-03-31": ""}, "Pre-Tax Profit Margin": {"2020-12-31": "37.80800", "2020-09-30": "27.80390", "2020-06-30": "19.54400", "2020-03-31": "26.49790", "2019-12-31": "31.10140", "2019-09-30": "28.28140", "2019-06-30": "21.10820", "2019-03-31": "29.77540", "2018-12-31": "33.31280", "2018-09-30": "34.05400", "2018-06-30": "34.75340", "2018-03-31": "32.00130", "2017-12-31": "36.65750", "2017-09-30": "35.31380", "2017-06-30": "34.05860", "2017-03-31": "33.03980", "2016-12-31": "35.11980", "2016-09-30": "34.84560", "2016-06-30": "31.42210", "2016-03-31": "32.91190", "2015-12-31": "45.12300", "2015-09-30": "33.62850", "2015-06-30": "32.02470", "2015-03-31": "28.93320", "2014-12-31": "30.72630", "2014-09-30": "27.59290", "2014-06-30": "25.29810", "2014-03-31": "21.30980", "2013-12-31": "22.96120", "2013-09-30": "22.20130", "2013-06-30": "19.37630", "2013-03-31": "15.82790", "2012-12-31": "19.13160", "2012-09-30": "17.74580", "2012-06-30": "15.96400", "2012-03-31": "11.90020", "2011-12-31": "18.96230", "2011-09-30": "19.36890", "2011-06-30": "20.15280", "2011-03-31": "20.73840", "2010-12-31": "22.89810", "2010-09-30": "20.66980", "2010-06-30": "19.12660", "2010-03-31": "15.47860", "2009-12-31": "16.64450", "2009-09-30": "13.62590", "2009-06-30": "10.19280", "2009-03-31": "-3.26780", "2008-12-31": "11.81190", "2008-09-30": "8.78680", "2008-06-30": "10.31690", "2008-03-31": "9.26240", "2007-12-31": "9.91150", "2007-09-30": "9.74410", "2007-06-30": "7.20770", "2007-03-31": "6.56010", "2006-12-31": "7.02600", "2006-09-30": "-43.89000", "2006-06-30": "2.25820", "2006-03-31": "0.28670", "2005-12-31": "3.53510", "2005-09-30": "2.67180", "2005-06-30": "5.02420", "2005-03-31": "3.01930"}, "Net Profit Margin": {"2020-12-31": "33.72850", "2020-09-30": "25.80750", "2020-06-30": "17.60320", "2020-03-31": "23.63920", "2019-12-31": "28.69100", "2019-09-30": "25.45320", "2019-06-30": "18.78750", "2019-03-31": "26.40670", "2018-12-31": "29.31070", "2018-09-30": "28.31220", "2018-06-30": "32.03620", "2018-03-31": "30.21680", "2017-12-31": "6.69270", "2017-09-30": "28.57000", "2017-06-30": "27.33130", "2017-03-31": "26.40600", "2016-12-31": "28.19640", "2016-09-30": "29.54270", "2016-06-30": "24.61090", "2016-03-31": "26.84820", "2015-12-31": "38.33620", "2015-09-30": "26.02180", "2015-06-30": "25.60490", "2015-03-31": "21.84750", "2014-12-31": "24.23340", "2014-09-30": "24.34920", "2014-06-30": "18.97790", "2014-03-31": "15.98750", "2013-12-31": "18.70550", "2013-09-30": "17.65200", "2013-06-30": "15.06540", "2013-03-31": "14.51080", "2012-12-31": "14.65730", "2012-09-30": "14.62010", "2012-06-30": "12.67350", "2012-03-31": "9.32270", "2011-12-31": "14.50860", "2011-09-30": "15.96450", "2011-06-30": "14.47670", "2011-03-31": "15.35290", "2010-12-31": "18.16310", "2010-09-30": "14.93990", "2010-06-30": "12.61430", "2010-03-31": "11.65430", "2009-12-31": "11.42620", "2009-09-30": "25.56960", "2009-06-30": "9.80060", "2009-03-31": "-3.28230", "2008-12-31": "11.21880", "2008-09-30": "23.55850", "2008-06-30": "9.50980", "2008-03-31": "8.26590", "2007-12-31": "9.06180", "2007-09-30": "11.54770", "2007-06-30": "6.52560", "2007-03-31": "6.76820", "2006-12-31": "6.14040", "2006-09-30": "-49.89830", "2006-06-30": "1.52490", "2006-03-31": "0.49990", "2005-12-31": "2.16160", "2005-09-30": "1.60960", "2005-06-30": "3.85780", "2005-03-31": "0.65300"}, "Asset Turnover": {"2020-12-31": "0.27860", "2020-09-30": "0.18730", "2020-06-30": "0.14530", "2020-03-31": "0.15380", "2019-12-31": "0.17600", "2019-09-30": "0.17100", "2019-06-30": "0.15840", "2019-03-31": "0.17010", "2018-12-31": "0.20510", "2018-09-30": "0.20880", "2018-06-30": "0.18700", "2018-03-31": "0.19250", "2017-12-31": "0.22900", "2017-09-30": "0.21530", "2017-06-30": "0.20900", "2017-03-31": "0.20440", "2016-12-31": "0.22490", "2016-09-30": "0.21670", "2016-06-30": "0.19000", "2016-03-31": "0.19580", "2015-12-31": "0.23580", "2015-09-30": "0.23680", "2015-06-30": "0.23020", "2015-03-31": "0.23000", "2014-12-31": "0.25240", "2014-09-30": "0.24150", "2014-06-30": "0.21830", "2014-03-31": "0.18980", "2013-12-31": "0.20740", "2013-09-30": "0.20440", "2013-06-30": "0.19660", "2013-03-31": "0.19180", "2012-12-31": "0.21090", "2012-09-30": "0.19710", "2012-06-30": "0.18610", "2012-03-31": "0.18170", "2011-12-31": "0.20560", "2011-09-30": "0.21280", "2011-06-30": "0.19720", "2011-03-31": "0.19380", "2010-12-31": "0.20760", "2010-09-30": "0.20030", "2010-06-30": "0.19010", "2010-03-31": "0.16960", "2009-12-31": "0.17610", "2009-09-30": "0.16870", "2009-06-30": "0.15180", "2009-03-31": "0.14250", "2008-12-31": "0.17350", "2008-09-30": "0.18810", "2008-06-30": "0.17340", "2008-03-31": "0.16690", "2007-12-31": "0.17880", "2007-09-30": "0.16010", "2007-06-30": "0.15030", "2007-03-31": "0.15800", "2006-12-31": "0.17940", "2006-09-30": "0.17710", "2006-06-30": "0.16890", "2006-03-31": "0.15990", "2005-12-31": "0.16530", "2005-09-30": "0.16010", "2005-06-30": "0.16220", "2005-03-31": "0.16270"}, "Inventory Turnover Ratio": {"2020-12-31": "1.04150", "2020-09-30": "0.61760", "2020-06-30": "0.57680", "2020-03-31": "0.60180", "2019-12-31": "0.74750", "2019-09-30": "0.69120", "2019-06-30": "0.78250", "2019-03-31": "0.73910", "2018-12-31": "0.98740", "2018-09-30": "1.02980", "2018-06-30": "0.88050", "2018-03-31": "0.97490", "2017-12-31": "1.12320", "2017-09-30": "0.98420", "2017-06-30": "0.92680", "2017-03-31": "0.95910", "2016-12-31": "1.06530", "2016-09-30": "0.96930", "2016-06-30": "0.85330", "2016-03-31": "1.15280", "2015-12-31": "1.64510", "2015-09-30": "1.65960", "2015-06-30": "1.52880", "2015-03-31": "1.48410", "2014-12-31": "1.57960", "2014-09-30": "1.45570", "2014-06-30": "1.62460", "2014-03-31": "1.24010", "2013-12-31": "1.26030", "2013-09-30": "1.16730", "2013-06-30": "1.06720", "2013-03-31": "1.09570", "2012-12-31": "1.13750", "2012-09-30": "1.04560", "2012-06-30": "1.06550", "2012-03-31": "1.08060", "2011-12-31": "1.24990", "2011-09-30": "1.14910", "2011-06-30": "1.05860", "2011-03-31": "1.21990", "2010-12-31": "1.30970", "2010-09-30": "1.41630", "2010-06-30": "1.33000", "2010-03-31": "1.32350", "2009-12-31": "1.45580", "2009-09-30": "1.57520", "2009-06-30": "1.28040", "2009-03-31": "1.17830", "2008-12-31": "1.28220", "2008-09-30": "1.33670", "2008-06-30": "1.33980", "2008-03-31": "1.28710", "2007-12-31": "1.49220", "2007-09-30": "1.40930", "2007-06-30": "1.27020", "2007-03-31": "1.46360", "2006-12-31": "1.69120", "2006-09-30": "1.81380", "2006-06-30": "1.21330", "2006-03-31": "1.24820", "2005-12-31": "1.56400", "2005-09-30": "1.56190", "2005-06-30": "1.39990", "2005-03-31": "1.46290"}, "Receiveable Turnover": {"2020-12-31": "2.18870", "2020-09-30": "2.43060", "2020-06-30": "2.12890", "2020-03-31": "2.08410", "2019-12-31": "2.09960", "2019-09-30": "1.77820", "2019-06-30": "1.37500", "2019-03-31": "1.49030", "2018-12-31": "1.85350", "2018-09-30": "1.53770", "2018-06-30": "1.90930", "2018-03-31": "2.48750", "2017-12-31": "2.29270", "2017-09-30": "2.16540", "2017-06-30": "2.26670", "2017-03-31": "2.30940", "2016-12-31": "2.48180", "2016-09-30": "2.00530", "2016-06-30": "1.31880", "2016-03-31": "1.43940", "2015-12-31": "1.75660", "2015-09-30": "1.63720", "2015-06-30": "2.12210", "2015-03-31": "2.75030", "2014-12-31": "3.32440", "2014-09-30": "2.26170", "2014-06-30": "2.33490", "2014-03-31": "2.22380", "2013-12-31": "1.89140", "2013-09-30": "1.62970", "2013-06-30": "1.53610", "2013-03-31": "1.81240", "2012-12-31": "1.79930", "2012-09-30": "1.41520", "2012-06-30": "1.57560", "2012-03-31": "1.72440", "2011-12-31": "1.97850", "2011-09-30": "2.26080", "2011-06-30": "1.91310", "2011-03-31": "1.77480", "2010-12-31": "1.66810", "2010-09-30": "1.78780", "2010-06-30": "1.77910", "2010-03-31": "2.21100", "2009-12-31": "2.05620", "2009-09-30": "1.98330", "2009-06-30": "1.70020", "2009-03-31": "1.54280", "2008-12-31": "1.93100", "2008-09-30": "1.58520", "2008-06-30": "1.27130", "2008-03-31": "1.22540", "2007-12-31": "1.26330", "2007-09-30": "1.13830", "2007-06-30": "1.06520", "2007-03-31": "1.11800", "2006-12-31": "1.20070", "2006-09-30": "1.21620", "2006-06-30": "0.96480", "2006-03-31": "1.07200", "2005-12-31": "1.15940", "2005-09-30": "1.10920", "2005-06-30": "1.18230", "2005-03-31": "1.14520"}, "Days Sales In Receivables": {"2020-12-31": "41.11990", "2020-09-30": "37.02730", "2020-06-30": "42.27610", "2020-03-31": "43.18500", "2019-12-31": "42.86580", "2019-09-30": "50.61280", "2019-06-30": "65.45240", "2019-03-31": "60.39240", "2018-12-31": "48.55560", "2018-09-30": "58.53040", "2018-06-30": "47.13850", "2018-03-31": "36.18130", "2017-12-31": "39.25470", "2017-09-30": "41.56310", "2017-06-30": "39.70470", "2017-03-31": "38.97150", "2016-12-31": "36.26380", "2016-09-30": "44.88150", "2016-06-30": "68.24530", "2016-03-31": "62.52740", "2015-12-31": "51.23440", "2015-09-30": "54.97280", "2015-06-30": "42.41110", "2015-03-31": "32.72410", "2014-12-31": "27.07260", "2014-09-30": "39.79400", "2014-06-30": "38.54510", "2014-03-31": "40.47190", "2013-12-31": "47.58310", "2013-09-30": "55.22640", "2013-06-30": "58.58980", "2013-03-31": "49.65660", "2012-12-31": "50.01850", "2012-09-30": "63.59580", "2012-06-30": "57.12200", "2012-03-31": "52.19060", "2011-12-31": "45.48920", "2011-09-30": "39.80820", "2011-06-30": "47.04520", "2011-03-31": "50.71030", "2010-12-31": "53.95520", "2010-09-30": "50.34070", "2010-06-30": "50.58820", "2010-03-31": "40.70530", "2009-12-31": "43.77050", "2009-09-30": "45.37910", "2009-06-30": "52.93350", "2009-03-31": "58.33690", "2008-12-31": "46.60840", "2008-09-30": "56.77490", "2008-06-30": "70.79600", "2008-03-31": "73.44460", "2007-12-31": "71.23930", "2007-09-30": "79.06740", "2007-06-30": "84.49510", "2007-03-31": "80.50210", "2006-12-31": "74.95580", "2006-09-30": "73.99990", "2006-06-30": "93.28790", "2006-03-31": "83.95480", "2005-12-31": "77.62940", "2005-09-30": "81.14080", "2005-06-30": "76.12590", "2005-03-31": "78.59230"}, "ROE - Return On Equity": {"2020-12-31": "11.53590", "2020-09-30": "5.92910", "2020-06-30": "3.10110", "2020-03-31": "4.37140", "2019-12-31": "6.02490", "2019-09-30": "5.10880", "2019-06-30": "3.51470", "2019-03-31": "5.24390", "2018-12-31": "7.05500", "2018-09-30": "6.96850", "2018-06-30": "7.01710", "2018-03-31": "6.78100", "2017-12-31": "1.80490", "2017-09-30": "6.91890", "2017-06-30": "6.31640", "2017-03-31": "5.93120", "2016-12-31": "7.04310", "2016-09-30": "6.96900", "2016-06-30": "5.26420", "2016-03-31": "5.87310", "2015-12-31": "10.20220", "2015-09-30": "7.25500", "2015-06-30": "6.81790", "2015-03-31": "5.81460", "2014-12-31": "7.20270", "2014-09-30": "6.90650", "2014-06-30": "4.66300", "2014-03-31": "3.35600", "2013-12-31": "4.27180", "2013-09-30": "4.00740", "2013-06-30": "3.28480", "2013-03-31": "3.08500", "2012-12-31": "3.42080", "2012-09-30": "3.23140", "2012-06-30": "2.73640", "2012-03-31": "1.97650", "2011-12-31": "3.43370", "2011-09-30": "3.99130", "2011-06-30": "3.36440", "2011-03-31": "3.38390", "2010-12-31": "4.31260", "2010-09-30": "3.55490", "2010-06-30": "2.84560", "2010-03-31": "2.34510", "2009-12-31": "2.44220", "2009-09-30": "5.26130", "2009-06-30": "1.84670", "2009-03-31": "-0.58000", "2008-12-31": "2.42080", "2008-09-30": "5.80260", "2008-06-30": "2.33000", "2008-03-31": "1.99090", "2007-12-31": "2.35210", "2007-09-30": "2.79690", "2007-06-30": "1.51220", "2007-03-31": "1.65500", "2006-12-31": "1.61150", "2006-09-30": "-13.21780", "2006-06-30": "0.36710", "2006-03-31": "0.11430", "2005-12-31": "0.53510", "2005-09-30": "0.38620", "2005-06-30": "0.93800", "2005-03-31": "0.16030"}, "Return On Tangible Equity": {"2020-12-31": "16.02230", "2020-09-30": "8.45290", "2020-06-30": "4.42710", "2020-03-31": "6.31540", "2019-12-31": "8.62460", "2019-09-30": "7.45590", "2019-06-30": "5.15380", "2019-03-31": "7.75030", "2018-12-31": "10.48040", "2018-09-30": "10.33110", "2018-06-30": "9.12420", "2018-03-31": "8.83340", "2017-12-31": "2.38700", "2017-09-30": "9.03080", "2017-06-30": "8.33110", "2017-03-31": "7.91320", "2016-12-31": "9.53050", "2016-09-30": "9.48830", "2016-06-30": "7.16970", "2016-03-31": "7.85400", "2015-12-31": "13.72190", "2015-09-30": "10.15280", "2015-06-30": "9.71880", "2015-03-31": "8.51970", "2014-12-31": "10.88920", "2014-09-30": "10.88770", "2014-06-30": "7.22340", "2014-03-31": "5.34440", "2013-12-31": "6.98240", "2013-09-30": "6.81340", "2013-06-30": "5.82400", "2013-03-31": "5.50400", "2012-12-31": "6.28780", "2012-09-30": "6.09040", "2012-06-30": "5.51600", "2012-03-31": "4.21670", "2011-12-31": "6.21310", "2011-09-30": "7.47450", "2011-06-30": "6.75440", "2011-03-31": "5.11190", "2010-12-31": "6.68430", "2010-09-30": "5.71830", "2010-06-30": "4.81550", "2010-03-31": "4.06260", "2009-12-31": "4.32750", "2009-09-30": "9.60040", "2009-06-30": "3.71930", "2009-03-31": "-1.19110", "2008-12-31": "5.00980", "2008-09-30": "12.42950", "2008-06-30": "5.57250", "2008-03-31": "5.16270", "2007-12-31": "6.50790", "2007-09-30": "7.53150", "2007-06-30": "4.57790", "2007-03-31": "5.30870", "2006-12-31": "5.01890", "2006-09-30": "-43.78110", "2006-06-30": "0.96800", "2006-03-31": "0.30690", "2005-12-31": "1.46840", "2005-09-30": "1.08760", "2005-06-30": "2.69210", "2005-03-31": "0.47890"}, "ROA - Return On Assets": {"2020-12-31": "9.39700", "2020-09-30": "4.83480", "2020-06-30": "2.55700", "2020-03-31": "3.63520", "2019-12-31": "5.04930", "2019-09-30": "4.35160", "2019-06-30": "2.97590", "2019-03-31": "4.49060", "2018-12-31": "6.01190", "2018-09-30": "5.91230", "2018-06-30": "5.98960", "2018-03-31": "5.81650", "2017-12-31": "1.53230", "2017-09-30": "6.15050", "2017-06-30": "5.71200", "2017-03-31": "5.39740", "2016-12-31": "6.34090", "2016-09-30": "6.40140", "2016-06-30": "4.67680", "2016-03-31": "5.25740", "2015-12-31": "9.03960", "2015-09-30": "6.16230", "2015-06-30": "5.89490", "2015-03-31": "5.02540", "2014-12-31": "6.11720", "2014-09-30": "5.88140", "2014-06-30": "4.14300", "2014-03-31": "3.03400", "2013-12-31": "3.88030", "2013-09-30": "3.60890", "2013-06-30": "2.96230", "2013-03-31": "2.78320", "2012-12-31": "3.09140", "2012-09-30": "2.88190", "2012-06-30": "2.35900", "2012-03-31": "1.69380", "2011-12-31": "2.98370", "2011-09-30": "3.39740", "2011-06-30": "2.85490", "2011-03-31": "2.97590", "2010-12-31": "3.77110", "2010-09-30": "2.99250", "2010-06-30": "2.39850", "2010-03-31": "1.97680", "2009-12-31": "2.01160", "2009-09-30": "4.31290", "2009-06-30": "1.48820", "2009-03-31": "-0.46760", "2008-12-31": "1.94650", "2008-09-30": "4.43240", "2008-06-30": "1.64910", "2008-03-31": "1.37990", "2007-12-31": "1.61980", "2007-09-30": "1.84830", "2007-06-30": "0.98090", "2007-03-31": "1.06910", "2006-12-31": "1.10190", "2006-09-30": "-8.83730", "2006-06-30": "0.25760", "2006-03-31": "0.07990", "2005-12-31": "0.35730", "2005-09-30": "0.25770", "2005-06-30": "0.62560", "2005-03-31": "0.10620"}, "ROI - Return On Investment": {"2020-12-31": "11.53590", "2020-09-30": "5.92910", "2020-06-30": "3.10110", "2020-03-31": "4.37140", "2019-12-31": "6.02490", "2019-09-30": "5.10880", "2019-06-30": "3.51470", "2019-03-31": "5.24390", "2018-12-31": "7.05490", "2018-09-30": "6.96850", "2018-06-30": "7.01710", "2018-03-31": "6.78100", "2017-12-31": "1.80490", "2017-09-30": "6.91890", "2017-06-30": "6.31640", "2017-03-31": "5.93120", "2016-12-31": "7.04310", "2016-09-30": "6.96900", "2016-06-30": "5.26420", "2016-03-31": "5.87310", "2015-12-31": "10.20220", "2015-09-30": "7.25500", "2015-06-30": "6.81790", "2015-03-31": "5.81460", "2014-12-31": "7.20270", "2014-09-30": "6.79490", "2014-06-30": "4.66300", "2014-03-31": "3.35600", "2013-12-31": "4.17620", "2013-09-30": "4.00740", "2013-06-30": "3.28480", "2013-03-31": "3.08500", "2012-12-31": "3.42080", "2012-09-30": "3.23140", "2012-06-30": "2.73640", "2012-03-31": "1.97650", "2011-12-31": "3.43370", "2011-09-30": "3.99130", "2011-06-30": "3.36440", "2011-03-31": "3.38390", "2010-12-31": "4.23730", "2010-09-30": "3.48940", "2010-06-30": "2.78980", "2010-03-31": "2.26370", "2009-12-31": "2.35590", "2009-09-30": "5.07150", "2009-06-30": "1.76470", "2009-03-31": "-0.55340", "2008-12-31": "2.20140", "2008-09-30": "5.06450", "2008-06-30": "1.89780", "2008-03-31": "1.60710", "2007-12-31": "1.88690", "2007-09-30": "2.22970", "2007-06-30": "1.19570", "2007-03-31": "1.30170", "2006-12-31": "1.61150", "2006-09-30": "-10.60840", "2006-06-30": "0.30110", "2006-03-31": "0.09360", "2005-12-31": "0.41580", "2005-09-30": "0.29930", "2005-06-30": "0.72600", "2005-03-31": "0.12370"}, "Book Value Per Share": {"2020-12-31": "26.77320", "2020-09-30": "25.14610", "2020-06-30": "25.02930", "2020-03-31": "24.73310", "2019-12-31": "25.02820", "2019-09-30": "24.23460", "2019-06-30": "23.89220", "2019-03-31": "23.63000", "2018-12-31": "23.19530", "2018-09-30": "23.09470", "2018-06-30": "22.72070", "2018-03-31": "22.35150", "2017-12-31": "21.38430", "2017-09-30": "22.20480", "2017-06-30": "21.21830", "2017-03-31": "20.55180", "2016-12-31": "19.80680", "2016-09-30": "19.15310", "2016-06-30": "18.74290", "2016-03-31": "18.62930", "2015-12-31": "18.17640", "2015-09-30": "16.60120", "2015-06-30": "15.92670", "2015-03-31": "14.99220", "2014-12-31": "14.20390", "2014-09-30": "13.38480", "2014-06-30": "12.62690", "2014-03-31": "12.09820", "2013-12-31": "11.72340", "2013-09-30": "11.18200", "2013-06-30": "10.65580", "2013-03-31": "10.46570", "2012-12-31": "10.12890", "2012-09-30": "9.90900", "2012-06-30": "9.46300", "2012-03-31": "9.07650", "2011-12-31": "8.85320", "2011-09-30": "8.63310", "2011-06-30": "8.23070", "2011-03-31": "7.94000", "2010-12-31": "7.63060", "2010-09-30": "7.30380", "2010-06-30": "6.87030", "2010-03-31": "6.69850", "2009-12-31": "6.55030", "2009-09-30": "6.41600", "2009-06-30": "6.00830", "2009-03-31": "5.86470", "2008-12-31": "5.87530", "2008-09-30": "5.70210", "2008-06-30": "5.32740", "2008-03-31": "5.14140", "2007-12-31": "5.00620", "2007-09-30": "4.88110", "2007-06-30": "4.71650", "2007-03-31": "4.61890", "2006-12-31": "4.61950", "2006-09-30": "4.51010", "2006-06-30": "5.09890", "2006-03-31": "5.05700", "2005-12-31": "5.02930", "2005-09-30": "4.99650", "2005-06-30": "4.97650", "2005-03-31": "4.92960"}, "Operating Cash Flow Per Share": {"2020-12-31": "2.90480", "2020-09-30": 1.5191, "2020-06-30": 1.6031, "2020-03-31": 1.6456, "2019-12-31": "2.32170", "2019-09-30": 2.3551, "2019-06-30": 1.2364, "2019-03-31": 1.1551, "2018-12-31": "3.08950", "2018-09-30": 1.1206, "2018-06-30": 1.4468, "2018-03-31": 2.3686, "2017-12-31": "1.94500", "2017-09-30": 2.2337, "2017-06-30": 1.6937, "2017-03-31": 1.2252, "2016-12-31": "2.64760", "2016-09-30": 2.2679, "2016-06-30": 0.7566, "2016-03-31": 0.8121, "2015-12-31": "1.77350", "2015-09-30": 1.2039, "2015-06-30": 1.1328, "2015-03-31": 0.784, "2014-12-31": "1.97320", "2014-09-30": 1.0497, "2014-06-30": 1.02, "2014-03-31": 1.1102, "2013-12-31": "0.83050", "2013-09-30": 0.8102, "2013-06-30": 0.3505, "2013-03-31": 0.6784, "2012-12-31": "0.76080", "2012-09-30": 0.2667, "2012-06-30": 0.2035, "2012-03-31": 0.6096, "2011-12-31": "0.40720", "2011-09-30": 0.6484, "2011-06-30": 0.4517, "2011-03-31": 0.4743, "2010-12-31": "0.34380", "2010-09-30": 0.4061, "2010-06-30": 0.1953, "2010-03-31": 0.3232, "2009-12-31": "0.29550", "2009-09-30": 0.4445, "2009-06-30": 0.2446, "2009-03-31": 0.1299, "2008-12-31": "0.47060", "2008-09-30": 0.3674, "2008-06-30": 0.1532, "2008-03-31": 0.2474, "2007-12-31": "0.34080", "2007-09-30": 0.1842, "2007-06-30": 0.0851, "2007-03-31": 0.1603, "2006-12-31": "0.09680", "2006-09-30": 0.1428, "2006-06-30": -0.1151, "2006-03-31": 0.0046, "2005-12-31": "0.13850", "2005-09-30": 0.0653, "2005-06-30": 0.1603, "2005-03-31": 0.1156}, "Free Cash Flow Per Share": {"2020-12-31": "2.19280", "2020-09-30": 0.6739, "2020-06-30": 1.161, "2020-03-31": 1.2889, "2019-12-31": "1.67370", "2019-09-30": 1.8829, "2019-06-30": 0.7211, "2019-03-31": 0.5883, "2018-12-31": "2.36070", "2018-09-30": 0.5113, "2018-06-30": 0.394, "2018-03-31": 1.8776, "2017-12-31": "1.79300", "2017-09-30": 1.7775, "2017-06-30": 1.0866, "2017-03-31": 0.9315, "2016-12-31": "2.38010", "2016-09-30": 2.1907, "2016-06-30": 0.4531, "2016-03-31": 0.6157, "2015-12-31": "1.36520", "2015-09-30": 0.4265, "2015-06-30": 0.5805, "2015-03-31": 0.3559, "2014-12-31": "1.52420", "2014-09-30": 0.6173, "2014-06-30": 0.6721, "2014-03-31": 0.8926, "2013-12-31": "0.74530", "2013-09-30": 0.6127, "2013-06-30": 0.1732, "2013-03-31": 0.5452, "2012-12-31": "0.62470", "2012-09-30": 0.1055, "2012-06-30": 0.0427, "2012-03-31": 0.4749, "2011-12-31": "0.37330", "2011-09-30": 0.567, "2011-06-30": 0.3457, "2011-03-31": 0.3094, "2010-12-31": "0.16860", "2010-09-30": 0.2437, "2010-06-30": 0.0584, "2010-03-31": 0.2177, "2009-12-31": "0.21370", "2009-09-30": 0.3568, "2009-06-30": 0.2142, "2009-03-31": 0.0958, "2008-12-31": "0.39200", "2008-09-30": 0.2887, "2008-06-30": 0.0678, "2008-03-31": 0.1401, "2007-12-31": "0.21860", "2007-09-30": 0.1107, "2007-06-30": 0.0026, "2007-03-31": 0.0904, "2006-12-31": "0.05820", "2006-09-30": 0.1025, "2006-06-30": -0.18, "2006-03-31": -0.0728, "2005-12-31": "0.05270", "2005-09-30": -0.0006, "2005-06-30": 0.0936, "2005-03-31": 0.0081}}, "revenue": {"Skyworks Solutions Annual Revenue (Millions of US $)": {"2020": "$3,356", "2019": "$3,377", "2018": "$3,868", "2017": "$3,651", "2016": "$3,289", "2015": "$3,258", "2014": "$2,292", "2013": "$1,792", "2012": "$1,569", "2011": "$1,419", "2010": "$1,072", "2009": "$803", "2008": "$860", "2007": "$742", "2006": "$774", "2005": "$792"}, "Skyworks Solutions Quarterly Revenue (Millions of US $)": {"2020-12-31": "$1,510", "2020-09-30": "$957", "2020-06-30": "$737", "2020-03-31": "$766", "2019-12-31": "$896", "2019-09-30": "$827", "2019-06-30": "$767", "2019-03-31": "$810", "2018-12-31": "$972", "2018-09-30": "$1,008", "2018-06-30": "$894", "2018-03-31": "$913", "2017-12-31": "$1,052", "2017-09-30": "$985", "2017-06-30": "$901", "2017-03-31": "$852", "2016-12-31": "$914", "2016-09-30": "$835", "2016-06-30": "$752", "2016-03-31": "$775", "2015-12-31": "$927", "2015-09-30": "$881", "2015-06-30": "$810", "2015-03-31": "$762", "2014-12-31": "$806", "2014-09-30": "$718", "2014-06-30": "$587", "2014-03-31": "$481", "2013-12-31": "$505", "2013-09-30": "$477", "2013-06-30": "$436", "2013-03-31": "$425", "2012-12-31": "$454", "2012-09-30": "$421", "2012-06-30": "$389", "2012-03-31": "$365", "2011-12-31": "$394", "2011-09-30": "$402", "2011-06-30": "$356", "2011-03-31": "$325", "2010-12-31": "$335", "2010-09-30": "$313", "2010-06-30": "$275", "2010-03-31": "$238", "2009-12-31": "$245", "2009-09-30": "$228", "2009-06-30": "$191", "2009-03-31": "$173", "2008-12-31": "$210", "2008-09-30": "$233", "2008-06-30": "$215", "2008-03-31": "$202", "2007-12-31": "$211", "2007-09-30": "$190", "2007-06-30": "$175", "2007-03-31": "$180", "2006-12-31": "$196", "2006-09-30": "$193", "2006-06-30": "$197", "2006-03-31": "$185", "2005-12-31": "$198", "2005-09-30": "$190", "2005-06-30": "$192", "2005-03-31": "$191"}}, "gross-profit": {"Skyworks Solutions Annual Gross Profit (Millions of US $)": {"2020": "$1,613", "2019": "$1,604", "2018": "$1,951", "2017": "$1,842", "2016": "$1,665", "2015": "$1,555", "2014": "$1,023", "2013": "$767", "2012": "$667", "2011": "$620", "2010": "$457", "2009": "$318", "2008": "$343", "2007": "$287", "2006": "$263", "2005": "$308"}, "Skyworks Solutions Quarterly Gross Profit (Millions of US $)": {"2020-12-31": "$762", "2020-09-30": "$459", "2020-06-30": "$334", "2020-03-31": "$376", "2019-12-31": "$444", "2019-09-30": "$406", "2019-06-30": "$313", "2019-03-31": "$400", "2018-12-31": "$485", "2018-09-30": "$504", "2018-06-30": "$452", "2018-03-31": "$459", "2017-12-31": "$537", "2017-09-30": "$499", "2017-06-30": "$454", "2017-03-31": "$425", "2016-12-31": "$464", "2016-09-30": "$424", "2016-06-30": "$378", "2016-03-31": "$390", "2015-12-31": "$472", "2015-09-30": "$436", "2015-06-30": "$393", "2015-03-31": "$352", "2014-12-31": "$373", "2014-09-30": "$324", "2014-06-30": "$264", "2014-03-31": "$212", "2013-12-31": "$222", "2013-09-30": "$209", "2013-06-30": "$188", "2013-03-31": "$177", "2012-12-31": "$193", "2012-09-30": "$178", "2012-06-30": "$165", "2012-03-31": "$152", "2011-12-31": "$172", "2011-09-30": "$175", "2011-06-30": "$156", "2011-03-31": "$141", "2010-12-31": "$149", "2010-09-30": "$136", "2010-06-30": "$118", "2010-03-31": "$100", "2009-12-31": "$103", "2009-09-30": "$93", "2009-06-30": "$77", "2009-03-31": "$65", "2008-12-31": "$84", "2008-09-30": "$94", "2008-06-30": "$86", "2008-03-31": "$80", "2007-12-31": "$82", "2007-09-30": "$75", "2007-06-30": "$69", "2007-03-31": "$69", "2006-12-31": "$75", "2006-09-30": "$45", "2006-06-30": "$73", "2006-03-31": "$69", "2005-12-31": "$75", "2005-09-30": "$69", "2005-06-30": "$78", "2005-03-31": "$73"}}, "operating-income": {"Skyworks Solutions Annual Operating Income (Millions of US $)": {"2020": "$892", "2019": "$952", "2018": "$1,319", "2017": "$1,254", "2016": "$1,119", "2015": "$1,023", "2014": "$565", "2013": "$345", "2012": "$256", "2011": "$295", "2010": "$200", "2009": "$72", "2008": "$90", "2007": "$58", "2006": "$-66", "2005": "$50"}, "Skyworks Solutions Quarterly Operating Income (Millions of US $)": {"2020-12-31": "$571", "2020-09-30": "$268", "2020-06-30": "$148", "2020-03-31": "$200", "2019-12-31": "$277", "2019-09-30": "$234", "2019-06-30": "$160", "2019-03-31": "$238", "2018-12-31": "$321", "2018-09-30": "$340", "2018-06-30": "$306", "2018-03-31": "$289", "2017-12-31": "$384", "2017-09-30": "$346", "2017-06-30": "$305", "2017-03-31": "$281", "2016-12-31": "$322", "2016-09-30": "$292", "2016-06-30": "$239", "2016-03-31": "$258", "2015-12-31": "$331", "2015-09-30": "$298", "2015-06-30": "$259", "2015-03-31": "$220", "2014-12-31": "$247", "2014-09-30": "$198", "2014-06-30": "$149", "2014-03-31": "$103", "2013-12-31": "$116", "2013-09-30": "$106", "2013-06-30": "$84", "2013-03-31": "$69", "2012-12-31": "$87", "2012-09-30": "$75", "2012-06-30": "$62", "2012-03-31": "$44", "2011-12-31": "$75", "2011-09-30": "$78", "2011-06-30": "$72", "2011-03-31": "$68", "2010-12-31": "$77", "2010-09-30": "$65", "2010-06-30": "$53", "2010-03-31": "$38", "2009-12-31": "$43", "2009-09-30": "$33", "2009-06-30": "$22", "2009-03-31": "$-4", "2008-12-31": "$21", "2008-09-30": "$28", "2008-06-30": "$23", "2008-03-31": "$19", "2007-12-31": "$21", "2007-09-30": "$18", "2007-06-30": "$12", "2007-03-31": "$13", "2006-12-31": "$15", "2006-09-30": "$-83", "2006-06-30": "$6", "2006-03-31": "$3", "2005-12-31": "$9", "2005-09-30": "$7", "2005-06-30": "$12", "2005-03-31": "$8"}}, "ebitda": {"Skyworks Solutions Annual EBITDA (Millions of US $)": {"2020": "$1,256", "2019": "$1,324", "2018": "$1,619", "2017": "$1,509", "2016": "$1,367", "2015": "$1,219", "2014": "$688", "2013": "$449", "2012": "$358", "2011": "$373", "2010": "$255", "2009": "$128", "2008": "$153", "2007": "$102", "2006": "$-24", "2005": "$91"}, "Skyworks Solutions Quarterly EBITDA (Millions of US $)": {"2020-12-31": "$657", "2020-09-30": "$358", "2020-06-30": "$238", "2020-03-31": "$291", "2019-12-31": "$369", "2019-09-30": "$327", "2019-06-30": "$253", "2019-03-31": "$330", "2018-12-31": "$414", "2018-09-30": "$424", "2018-06-30": "$381", "2018-03-31": "$361", "2017-12-31": "$453", "2017-09-30": "$411", "2017-06-30": "$368", "2017-03-31": "$344", "2016-12-31": "$386", "2016-09-30": "$353", "2016-06-30": "$303", "2016-03-31": "$320", "2015-12-31": "$390", "2015-09-30": "$352", "2015-06-30": "$309", "2015-03-31": "$267", "2014-12-31": "$291", "2014-09-30": "$236", "2014-06-30": "$178", "2014-03-31": "$131", "2013-12-31": "$143", "2013-09-30": "$131", "2013-06-30": "$110", "2013-03-31": "$94", "2012-12-31": "$113", "2012-09-30": "$101", "2012-06-30": "$88", "2012-03-31": "$71", "2011-12-31": "$99", "2011-09-30": "$104", "2011-06-30": "$92", "2011-03-31": "$84", "2010-12-31": "$93", "2010-09-30": "$80", "2010-06-30": "$67", "2010-03-31": "$52", "2009-12-31": "$56", "2009-09-30": "$47", "2009-06-30": "$36", "2009-03-31": "$10", "2008-12-31": "$35", "2008-09-30": "$50", "2008-06-30": "$36", "2008-03-31": "$32", "2007-12-31": "$34", "2007-09-30": "$30", "2007-06-30": "$23", "2007-03-31": "$24", "2006-12-31": "$25", "2006-09-30": "$-72", "2006-06-30": "$16", "2006-03-31": "$13", "2005-12-31": "$19", "2005-09-30": "$17", "2005-06-30": "$22", "2005-03-31": "$19"}}, "net-income": {"Skyworks Solutions Annual Net Income (Millions of US $)": {"2020": "$815", "2019": "$854", "2018": "$918", "2017": "$1,010", "2016": "$995", "2015": "$798", "2014": "$458", "2013": "$278", "2012": "$202", "2011": "$227", "2010": "$137", "2009": "$95", "2008": "$111", "2007": "$58", "2006": "$-88", "2005": "$26"}, "Skyworks Solutions Quarterly Net Income (Millions of US $)": {"2020-12-31": "$509", "2020-09-30": "$247", "2020-06-30": "$130", "2020-03-31": "$181", "2019-12-31": "$257", "2019-09-30": "$211", "2019-06-30": "$144", "2019-03-31": "$214", "2018-12-31": "$285", "2018-09-30": "$286", "2018-06-30": "$287", "2018-03-31": "$276", "2017-12-31": "$70", "2017-09-30": "$281", "2017-06-30": "$246", "2017-03-31": "$225", "2016-12-31": "$258", "2016-09-30": "$247", "2016-06-30": "$185", "2016-03-31": "$208", "2015-12-31": "$355", "2015-09-30": "$229", "2015-06-30": "$207", "2015-03-31": "$167", "2014-12-31": "$195", "2014-09-30": "$175", "2014-06-30": "$111", "2014-03-31": "$77", "2013-12-31": "$95", "2013-09-30": "$84", "2013-06-30": "$66", "2013-03-31": "$62", "2012-12-31": "$67", "2012-09-30": "$62", "2012-06-30": "$49", "2012-03-31": "$34", "2011-12-31": "$57", "2011-09-30": "$64", "2011-06-30": "$52", "2011-03-31": "$50", "2010-12-31": "$61", "2010-09-30": "$47", "2010-06-30": "$35", "2010-03-31": "$28", "2009-12-31": "$28", "2009-09-30": "$58", "2009-06-30": "$19", "2009-03-31": "$-6", "2008-12-31": "$24", "2008-09-30": "$55", "2008-06-30": "$20", "2008-03-31": "$17", "2007-12-31": "$19", "2007-09-30": "$22", "2007-06-30": "$11", "2007-03-31": "$12", "2006-12-31": "$12", "2006-09-30": "$-96", "2006-06-30": "$3", "2006-03-31": "$1", "2005-12-31": "$4", "2005-09-30": "$3", "2005-06-30": "$7", "2005-03-31": "$1"}}, "eps-earnings-per-share-diluted": {"Skyworks Solutions Annual EPS": {"2020": "$4.80", "2019": "$4.89", "2018": "$5.01", "2017": "$5.41", "2016": "$5.18", "2015": "$4.10", "2014": "$2.38", "2013": "$1.45", "2012": "$1.05", "2011": "$1.19", "2010": "$0.75", "2009": "$0.56", "2008": "$0.67", "2007": "$0.36", "2006": "$-0.55", "2005": "$0.16"}, "Skyworks Solutions Quarterly EPS": {"2020-12-31": "$3.05", "2020-09-30": "$1.47", "2020-06-30": "$0.77", "2020-03-31": "$1.06", "2019-12-31": "$1.50", "2019-09-30": "$1.23", "2019-06-30": "$0.83", "2019-03-31": "$1.23", "2018-12-31": "$1.60", "2018-09-30": "$1.56", "2018-06-30": "$1.57", "2018-03-31": "$1.50", "2017-12-31": "$0.38", "2017-09-30": "$1.51", "2017-06-30": "$1.32", "2017-03-31": "$1.20", "2016-12-31": "$1.38", "2016-09-30": "$1.31", "2016-06-30": "$0.97", "2016-03-31": "$1.08", "2015-12-31": "$1.82", "2015-09-30": "$1.18", "2015-06-30": "$1.06", "2015-03-31": "$0.85", "2014-12-31": "$1.01", "2014-09-30": "$0.91", "2014-06-30": "$0.58", "2014-03-31": "$0.40", "2013-12-31": "$0.49", "2013-09-30": "$0.45", "2013-06-30": "$0.34", "2013-03-31": "$0.32", "2012-12-31": "$0.34", "2012-09-30": "$0.31", "2012-06-30": "$0.26", "2012-03-31": "$0.18", "2011-12-31": "$0.30", "2011-09-30": "$0.34", "2011-06-30": "$0.27", "2011-03-31": "$0.26", "2010-12-31": "$0.32", "2010-09-30": "$0.25", "2010-06-30": "$0.19", "2010-03-31": "$0.15", "2009-12-31": "$0.16", "2009-09-30": "$0.34", "2009-06-30": "$0.11", "2009-03-31": "$-0.03", "2008-12-31": "$0.14", "2008-09-30": "$0.33", "2008-06-30": "$0.12", "2008-03-31": "$0.10", "2007-12-31": "$0.12", "2007-09-30": "$0.14", "2007-06-30": "$0.07", "2007-03-31": "$0.08", "2006-12-31": "$0.07", "2006-09-30": "$-0.61", "2006-06-30": "$0.02", "2006-03-31": "$0.01", "2005-12-31": "$0.03", "2005-09-30": "$0.01", "2005-06-30": "$0.05", "2005-03-31": "$0.01"}}, "shares-outstanding": {"Skyworks Solutions Annual Shares Outstanding (Millions of Shares)": {"2020": "170", "2019": "175", "2018": "183", "2017": "187", "2016": "192", "2015": "195", "2014": "193", "2013": "192", "2012": "192", "2011": "191", "2010": "183", "2009": "170", "2008": "165", "2007": "161", "2006": "159", "2005": "159"}, "Skyworks Solutions Quarterly Shares Outstanding (Millions of Shares)": {"2020-12-31": "167", "2020-09-30": "170", "2020-06-30": "168", "2020-03-31": "171", "2019-12-31": "172", "2019-09-30": "175", "2019-06-30": "173", "2019-03-31": "175", "2018-12-31": "178", "2018-09-30": "183", "2018-06-30": "183", "2018-03-31": "184", "2017-12-31": "186", "2017-09-30": "187", "2017-06-30": "187", "2017-03-31": "187", "2016-12-31": "187", "2016-09-30": "192", "2016-06-30": "192", "2016-03-31": "193", "2015-12-31": "195", "2015-09-30": "195", "2015-06-30": "195", "2015-03-31": "195", "2014-12-31": "194", "2014-09-30": "193", "2014-06-30": "193", "2014-03-31": "192", "2013-12-31": "191", "2013-09-30": "192", "2013-06-30": "191", "2013-03-31": "193", "2012-12-31": "194", "2012-09-30": "192", "2012-06-30": "193", "2012-03-31": "191", "2011-12-31": "190", "2011-09-30": "191", "2011-06-30": "191", "2011-03-31": "192", "2010-12-31": "189", "2010-09-30": "183", "2010-06-30": "184", "2010-03-31": "183", "2009-12-31": "179", "2009-09-30": "170", "2009-06-30": "170", "2009-03-31": "166", "2008-12-31": "165", "2008-09-30": "165", "2008-06-30": "165", "2008-03-31": "163", "2007-12-31": "163", "2007-09-30": "161", "2007-06-30": "160", "2007-03-31": "162", "2006-12-31": "163", "2006-09-30": "159", "2006-06-30": "161", "2006-03-31": "160", "2005-12-31": "159", "2005-09-30": "159", "2005-06-30": "159", "2005-03-31": "158"}}, "total-assets": {"Skyworks Solutions Annual Total Assets (Millions of US $)": {"2020": "$5,107", "2019": "$4,840", "2018": "$4,829", "2017": "$4,574", "2016": "$3,855", "2015": "$3,719", "2014": "$2,974", "2013": "$2,333", "2012": "$2,137", "2011": "$1,890", "2010": "$1,564", "2009": "$1,353", "2008": "$1,236", "2007": "$1,190", "2006": "$1,090", "2005": "$1,188"}, "Skyworks Solutions Quarterly Total Assets (Millions of US $)": {"2020-12-31": "$5,420", "2020-09-30": "$5,107", "2020-06-30": "$5,072", "2020-03-31": "$4,982", "2019-12-31": "$5,092", "2019-09-30": "$4,840", "2019-06-30": "$4,842", "2019-03-31": "$4,766", "2018-12-31": "$4,739", "2018-09-30": "$4,829", "2018-06-30": "$4,783", "2018-03-31": "$4,745", "2017-12-31": "$4,594", "2017-09-30": "$4,574", "2017-06-30": "$4,310", "2017-03-31": "$4,167", "2016-12-31": "$4,066", "2016-09-30": "$3,855", "2016-06-30": "$3,956", "2016-03-31": "$3,958", "2015-12-31": "$3,931", "2015-09-30": "$3,719", "2015-06-30": "$3,518", "2015-03-31": "$3,313", "2014-12-31": "$3,191", "2014-09-30": "$2,974", "2014-06-30": "$2,689", "2014-03-31": "$2,535", "2013-12-31": "$2,435", "2013-09-30": "$2,333", "2013-06-30": "$2,218", "2013-03-31": "$2,217", "2012-12-31": "$2,151", "2012-09-30": "$2,137", "2012-06-30": "$2,090", "2012-03-31": "$2,007", "2011-12-31": "$1,915", "2011-09-30": "$1,890", "2011-06-30": "$1,806", "2011-03-31": "$1,679", "2010-12-31": "$1,614", "2010-09-30": "$1,564", "2010-06-30": "$1,448", "2010-03-31": "$1,403", "2009-12-31": "$1,392", "2009-09-30": "$1,353", "2009-06-30": "$1,259", "2009-03-31": "$1,214", "2008-12-31": "$1,212", "2008-09-30": "$1,236", "2008-06-30": "$1,241", "2008-03-31": "$1,208", "2007-12-31": "$1,178", "2007-09-30": "$1,190", "2007-06-30": "$1,165", "2007-03-31": "$1,141", "2006-12-31": "$1,092", "2006-09-30": "$1,090", "2006-06-30": "$1,167", "2006-03-31": "$1,158", "2005-12-31": "$1,200", "2005-09-30": "$1,188", "2005-06-30": "$1,181", "2005-03-31": "$1,171"}}, "cash-on-hand": {"Skyworks Solutions Annual Cash on Hand (Millions of US $)": {"2020": "$975", "2019": "$1,055", "2018": "$1,027", "2017": "$1,617", "2016": "$1,084", "2015": "$1,044", "2014": "$806", "2013": "$511", "2012": "$307", "2011": "$411", "2010": "$459", "2009": "$370", "2008": "$231", "2007": "$254", "2006": "$171", "2005": "$236"}, "Skyworks Solutions Quarterly Cash on Hand (Millions of US $)": {"2020-12-31": "$1,019", "2020-09-30": "$975", "2020-06-30": "$1,138", "2020-03-31": "$1,074", "2019-12-31": "$1,190", "2019-09-30": "$1,055", "2019-06-30": "$935", "2019-03-31": "$957", "2018-12-31": "$1,099", "2018-09-30": "$1,027", "2018-06-30": "$1,543", "2018-03-31": "$1,881", "2017-12-31": "$1,682", "2017-09-30": "$1,617", "2017-06-30": "$1,444", "2017-03-31": "$1,407", "2016-12-31": "$1,351", "2016-09-30": "$1,084", "2016-06-30": "$974", "2016-03-31": "$1,178", "2015-12-31": "$1,233", "2015-09-30": "$1,044", "2015-06-30": "$1,106", "2015-03-31": "$1,054", "2014-12-31": "$1,050", "2014-09-30": "$806", "2014-06-30": "$893", "2014-03-31": "$798", "2013-12-31": "$649", "2013-09-30": "$511", "2013-06-30": "$400", "2013-03-31": "$459", "2012-12-31": "$378", "2012-09-30": "$307", "2012-06-30": "$328", "2012-03-31": "$307", "2011-12-31": "$446", "2011-09-30": "$411", "2011-06-30": "$310", "2011-03-31": "$504", "2010-12-31": "$451", "2010-09-30": "$459", "2010-06-30": "$390", "2010-03-31": "$412", "2009-12-31": "$402", "2009-09-30": "$370", "2009-06-30": "$308", "2009-03-31": "$268", "2008-12-31": "$250", "2008-09-30": "$231", "2008-06-30": "$254", "2008-03-31": "$228", "2007-12-31": "$207", "2007-09-30": "$254", "2007-06-30": "$235", "2007-03-31": "$223", "2006-12-31": "$183", "2006-09-30": "$171", "2006-06-30": "$155", "2006-03-31": "$183", "2005-12-31": "$244", "2005-09-30": "$236", "2005-06-30": "$235", "2005-03-31": "$219"}}, "long-term-debt": {"Skyworks Solutions Annual Long Term Debt (Millions of US $)": {"2020": "$", "2019": "$", "2018": "$", "2017": "$", "2016": "$", "2015": "$", "2014": "$42", "2013": "$", "2012": "$", "2011": "$", "2010": "$25", "2009": "$41", "2008": "$138", "2007": "$200", "2006": "$179", "2005": "$230"}, "Skyworks Solutions Quarterly Long Term Debt (Millions of US $)": {"2020-12-31": "", "2020-09-30": "", "2020-06-30": "", "2020-03-31": "", "2019-12-31": "", "2019-09-30": "", "2019-06-30": "", "2019-03-31": "", "2018-12-31": "", "2018-09-30": "", "2018-06-30": "", "2018-03-31": "", "2017-12-31": "", "2017-09-30": "", "2017-06-30": "", "2017-03-31": "", "2016-12-31": "", "2016-09-30": "", "2016-06-30": "", "2016-03-31": "", "2015-12-31": "", "2015-09-30": "", "2015-06-30": "", "2015-03-31": "", "2014-12-31": "", "2014-09-30": "$42", "2014-06-30": "", "2014-03-31": "", "2013-12-31": "$51", "2013-09-30": "", "2013-06-30": "", "2013-03-31": "", "2012-12-31": "", "2012-09-30": "", "2012-06-30": "", "2012-03-31": "", "2011-12-31": "", "2011-09-30": "", "2011-06-30": "", "2011-03-31": "", "2010-12-31": "$25", "2010-09-30": "$25", "2010-06-30": "$24", "2010-03-31": "$43", "2009-12-31": "$42", "2009-09-30": "$41", "2009-06-30": "$47", "2009-03-31": "$47", "2008-12-31": "$97", "2008-09-30": "$138", "2008-06-30": "$200", "2008-03-31": "$200", "2007-12-31": "$200", "2007-09-30": "$200", "2007-06-30": "$200", "2007-03-31": "$200", "2006-12-31": "", "2006-09-30": "$179", "2006-06-30": "$179", "2006-03-31": "$179", "2005-12-31": "$230", "2005-09-30": "$230", "2005-06-30": "$230", "2005-03-31": "$230"}}, "total-liabilities": {"Skyworks Solutions Annual Total Liabilities (Millions of US $)": {"2020": "$943", "2019": "$717", "2018": "$732", "2017": "$508", "2016": "$314", "2015": "$560", "2014": "$441", "2013": "$232", "2012": "$231", "2011": "$281", "2010": "$247", "2009": "$244", "2008": "$292", "2007": "$404", "2006": "$361", "2005": "$395"}, "Skyworks Solutions Quarterly Total Liabilities (Millions of US $)": {"2020-12-31": "$1,005", "2020-09-30": "$943", "2020-06-30": "$890", "2020-03-31": "$839", "2019-12-31": "$825", "2019-09-30": "$717", "2019-06-30": "$742", "2019-03-31": "$685", "2018-12-31": "$701", "2018-09-30": "$732", "2018-06-30": "$700", "2018-03-31": "$675", "2017-12-31": "$694", "2017-09-30": "$508", "2017-06-30": "$412", "2017-03-31": "$375", "2016-12-31": "$405", "2016-09-30": "$314", "2016-06-30": "$441", "2016-03-31": "$415", "2015-12-31": "$448", "2015-09-30": "$560", "2015-06-30": "$476", "2015-03-31": "$450", "2014-12-31": "$481", "2014-09-30": "$441", "2014-06-30": "$300", "2014-03-31": "$243", "2013-12-31": "$223", "2013-09-30": "$232", "2013-06-30": "$218", "2013-03-31": "$217", "2012-12-31": "$207", "2012-09-30": "$231", "2012-06-30": "$288", "2012-03-31": "$287", "2011-12-31": "$251", "2011-09-30": "$281", "2011-06-30": "$273", "2011-03-31": "$202", "2010-12-31": "$203", "2010-09-30": "$247", "2010-06-30": "$228", "2010-03-31": "$220", "2009-12-31": "$246", "2009-09-30": "$244", "2009-06-30": "$244", "2009-03-31": "$235", "2008-12-31": "$237", "2008-09-30": "$292", "2008-06-30": "$363", "2008-03-31": "$371", "2007-12-31": "$367", "2007-09-30": "$404", "2007-06-30": "$409", "2007-03-31": "$404", "2006-12-31": "$345", "2006-09-30": "$361", "2006-06-30": "$348", "2006-03-31": "$348", "2005-12-31": "$399", "2005-09-30": "$395", "2005-06-30": "$393", "2005-03-31": "$395"}}, "total-share-holder-equity": {"Skyworks Solutions Annual Share Holder Equity (Millions of US $)": {"2020": "$4,164", "2019": "$4,122", "2018": "$4,097", "2017": "$4,066", "2016": "$3,541", "2015": "$3,159", "2014": "$2,532", "2013": "$2,101", "2012": "$1,906", "2011": "$1,609", "2010": "$1,317", "2009": "$1,109", "2008": "$944", "2007": "$786", "2006": "$729", "2005": "$793"}, "Skyworks Solutions Quarterly Share Holder Equity (Millions of US $)": {"2020-12-31": "$4,415", "2020-09-30": "$4,164", "2020-06-30": "$4,182", "2020-03-31": "$4,143", "2019-12-31": "$4,267", "2019-09-30": "$4,122", "2019-06-30": "$4,100", "2019-03-31": "$4,081", "2018-12-31": "$4,038", "2018-09-30": "$4,097", "2018-06-30": "$4,083", "2018-03-31": "$4,070", "2017-12-31": "$3,901", "2017-09-30": "$4,066", "2017-06-30": "$3,898", "2017-03-31": "$3,792", "2016-12-31": "$3,660", "2016-09-30": "$3,541", "2016-06-30": "$3,514", "2016-03-31": "$3,543", "2015-12-31": "$3,483", "2015-09-30": "$3,159", "2015-06-30": "$3,042", "2015-03-31": "$2,864", "2014-12-31": "$2,710", "2014-09-30": "$2,532", "2014-06-30": "$2,389", "2014-03-31": "$2,291", "2013-12-31": "$2,212", "2013-09-30": "$2,101", "2013-06-30": "$2,000", "2013-03-31": "$2,000", "2012-12-31": "$1,944", "2012-09-30": "$1,906", "2012-06-30": "$1,802", "2012-03-31": "$1,720", "2011-12-31": "$1,664", "2011-09-30": "$1,609", "2011-06-30": "$1,532", "2011-03-31": "$1,476", "2010-12-31": "$1,411", "2010-09-30": "$1,317", "2010-06-30": "$1,221", "2010-03-31": "$1,183", "2009-12-31": "$1,147", "2009-09-30": "$1,109", "2009-06-30": "$1,015", "2009-03-31": "$979", "2008-12-31": "$974", "2008-09-30": "$944", "2008-06-30": "$878", "2008-03-31": "$837", "2007-12-31": "$811", "2007-09-30": "$786", "2007-06-30": "$755", "2007-03-31": "$737", "2006-12-31": "$747", "2006-09-30": "$729", "2006-06-30": "$819", "2006-03-31": "$810", "2005-12-31": "$801", "2005-09-30": "$793", "2005-06-30": "$788", "2005-03-31": "$776"}}, "profit-margins": {"current": "26.88%"}, "gross margin": {"2020-12-31": "48.64%", "2020-09-30": "48.06%", "2020-06-30": "48.36%", "2020-03-31": "47.27%", "2019-12-31": "47.36%", "2019-09-30": "47.51%", "2019-06-30": "47.85%", "2019-03-31": "49.97%", "2018-12-31": "50.17%", "2018-09-30": "50.48%", "2018-06-30": "50.65%", "2018-03-31": "50.61%", "2017-12-31": "50.53%", "2017-09-30": "50.44%", "2017-06-30": "50.46%", "2017-03-31": "50.43%", "2016-12-31": "50.55%", "2016-09-30": "50.59%", "2016-06-30": "50.25%", "2016-03-31": "49.84%", "2015-12-31": "48.91%", "2015-09-30": "47.68%", "2015-06-30": "46.58%", "2015-03-31": "45.70%", "2014-12-31": "45.25%", "2014-09-30": "44.61%", "2014-06-30": "44.24%", "2014-03-31": "43.76%", "2013-12-31": "43.19%", "2013-09-30": "42.80%", "2013-06-30": "42.40%", "2013-03-31": "42.21%", "2012-12-31": "42.23%", "2012-09-30": "42.51%", "2012-06-30": "42.84%", "2012-03-31": "43.18%", "2011-12-31": "43.60%", "2011-09-30": "43.79%", "2011-06-30": "43.79%", "2011-03-31": "43.59%", "2010-12-31": "43.32%", "2010-09-30": "42.67%", "2010-06-30": "41.99%", "2010-03-31": "41.35%", "2009-12-31": "40.38%", "2009-09-30": "39.78%", "2009-06-30": "39.65%", "2009-03-31": "39.59%", "2008-12-31": "40.00%", "2008-09-30": "39.72%", "2008-06-30": "39.49%", "2008-03-31": "39.33%", "2007-12-31": "39.02%", "2007-09-30": "38.87%", "2007-06-30": "34.68%", "2007-03-31": "34.20%", "2006-12-31": "33.98%", "2006-09-30": "33.89%", "2006-06-30": "37.14%", "2006-03-31": "38.04%", "2005-12-31": "38.26%"}, "operating margin": {"2020-12-31": "29.87%", "2020-09-30": "26.58%", "2020-06-30": "26.63%", "2020-03-31": "26.75%", "2019-12-31": "27.55%", "2019-09-30": "28.23%", "2019-06-30": "29.77%", "2019-03-31": "32.71%", "2018-12-31": "33.17%", "2018-09-30": "34.11%", "2018-06-30": "34.47%", "2018-03-31": "34.38%", "2017-12-31": "34.72%", "2017-09-30": "34.34%", "2017-06-30": "34.27%", "2017-03-31": "33.82%", "2016-12-31": "33.91%", "2016-09-30": "34.05%", "2016-06-30": "33.76%", "2016-03-31": "33.78%", "2015-12-31": "32.78%", "2015-09-30": "31.42%", "2015-06-30": "29.84%", "2015-03-31": "28.33%", "2014-12-31": "26.89%", "2014-09-30": "24.71%", "2014-06-30": "23.07%", "2014-03-31": "21.48%", "2013-12-31": "20.29%", "2013-09-30": "19.25%", "2013-06-30": "18.15%", "2013-03-31": "17.35%", "2012-12-31": "16.45%", "2012-09-30": "16.32%", "2012-06-30": "16.71%", "2012-03-31": "17.73%", "2011-12-31": "19.84%", "2011-09-30": "20.80%", "2011-06-30": "21.22%", "2011-03-31": "21.07%", "2010-12-31": "20.07%", "2010-09-30": "18.58%", "2010-06-30": "16.94%", "2010-03-31": "15.08%", "2009-12-31": "11.23%", "2009-09-30": "8.98%", "2009-06-30": "8.30%", "2009-03-31": "8.18%", "2008-12-31": "10.58%", "2008-09-30": "10.57%", "2008-06-30": "9.90%", "2008-03-31": "9.00%", "2007-12-31": "8.47%", "2007-09-30": "7.83%", "2007-06-30": "-5.78%", "2007-03-31": "-6.40%", "2006-12-31": "-7.65%", "2006-09-30": "-8.41%", "2006-06-30": "3.25%", "2006-03-31": "4.05%", "2005-12-31": "4.67%"}, "ebitda margin": {"2020-12-31": "38.89%", "2020-09-30": "37.43%", "2020-06-30": "37.97%", "2020-03-31": "38.08%", "2019-12-31": "38.76%", "2019-09-30": "39.22%", "2019-06-30": "39.95%", "2019-03-31": "42.05%", "2018-12-31": "41.72%", "2018-09-30": "41.87%", "2018-06-30": "41.78%", "2018-03-31": "41.34%", "2017-12-31": "41.56%", "2017-09-30": "41.29%", "2017-06-30": "41.40%", "2017-03-31": "41.34%", "2016-12-31": "41.58%", "2016-09-30": "41.53%", "2016-06-30": "40.93%", "2016-03-31": "40.41%", "2015-12-31": "38.99%", "2015-09-30": "37.40%", "2015-06-30": "35.63%", "2015-03-31": "33.83%", "2014-12-31": "32.25%", "2014-09-30": "30.03%", "2014-06-30": "28.44%", "2014-03-31": "27.12%", "2013-12-31": "25.94%", "2013-09-30": "25.00%", "2013-06-30": "24.08%", "2013-03-31": "23.45%", "2012-12-31": "22.90%", "2012-09-30": "22.88%", "2012-06-30": "23.35%", "2012-03-31": "24.13%", "2011-12-31": "25.66%", "2011-09-30": "26.30%", "2011-06-30": "26.26%", "2011-03-31": "25.96%", "2010-12-31": "25.15%", "2010-09-30": "23.81%", "2010-06-30": "22.52%", "2010-03-31": "21.18%", "2009-12-31": "17.80%", "2009-09-30": "15.96%", "2009-06-30": "16.23%", "2009-03-31": "15.76%", "2008-12-31": "17.79%", "2008-09-30": "17.65%", "2008-06-30": "16.14%", "2008-03-31": "15.30%", "2007-12-31": "14.68%", "2007-09-30": "13.77%", "2007-06-30": "0.00%", "2007-03-31": "-0.91%", "2006-12-31": "-2.33%", "2006-09-30": "-3.10%", "2006-06-30": "8.44%", "2006-03-31": "9.28%", "2005-12-31": "9.99%"}, "pre tax profit margin": {"2020-12-31": "29.82%", "2020-09-30": "26.58%", "2020-06-30": "26.66%", "2020-03-31": "26.97%", "2019-12-31": "27.76%", "2019-09-30": "28.47%", "2019-06-30": "30.08%", "2019-03-31": "33.09%", "2018-12-31": "33.54%", "2018-09-30": "34.45%", "2018-06-30": "34.78%", "2018-03-31": "34.61%", "2017-12-31": "34.88%", "2017-09-30": "34.42%", "2017-06-30": "34.27%", "2017-03-31": "33.67%", "2016-12-31": "33.67%", "2016-09-30": "36.49%", "2016-06-30": "36.13%", "2016-03-31": "36.19%", "2015-12-31": "35.33%", "2015-09-30": "31.42%", "2015-06-30": "29.91%", "2015-03-31": "28.40%", "2014-12-31": "26.93%", "2014-09-30": "24.71%", "2014-06-30": "23.12%", "2014-03-31": "21.59%", "2013-12-31": "20.29%", "2013-09-30": "19.25%", "2013-06-30": "18.09%", "2013-03-31": "17.23%", "2012-12-31": "16.39%", "2012-09-30": "16.25%", "2012-06-30": "16.65%", "2012-03-31": "17.67%", "2011-12-31": "19.77%", "2011-09-30": "20.73%", "2011-06-30": "21.14%", "2011-03-31": "20.99%", "2010-12-31": "19.98%", "2010-09-30": "18.30%", "2010-06-30": "16.43%", "2010-03-31": "14.19%", "2009-12-31": "10.16%", "2009-09-30": "8.60%", "2009-06-30": "7.19%", "2009-03-31": "7.34%", "2008-12-31": "10.00%", "2008-09-30": "9.52%", "2008-06-30": "9.90%", "2008-03-31": "9.25%", "2007-12-31": "8.60%", "2007-09-30": "7.83%", "2007-06-30": "-6.18%", "2007-03-31": "-7.18%", "2006-12-31": "-8.56%", "2006-09-30": "-9.44%", "2006-06-30": "2.21%", "2006-03-31": "3.01%", "2005-12-31": "3.63%"}, "net profit margin": {"2020-12-31": "26.88%", "2020-09-30": "24.28%", "2020-06-30": "24.15%", "2020-03-31": "24.36%", "2019-12-31": "25.03%", "2019-09-30": "25.30%", "2019-06-30": "26.12%", "2019-03-31": "29.10%", "2018-12-31": "29.94%", "2018-09-30": "23.77%", "2018-06-30": "23.78%", "2018-03-31": "22.67%", "2017-12-31": "21.69%", "2017-09-30": "27.66%", "2017-06-30": "27.87%", "2017-03-31": "27.29%", "2016-12-31": "27.41%", "2016-09-30": "30.25%", "2016-06-30": "29.30%", "2016-03-31": "29.44%", "2015-12-31": "28.34%", "2015-09-30": "24.49%", "2015-06-30": "24.03%", "2015-03-31": "22.55%", "2014-12-31": "21.53%", "2014-09-30": "19.99%", "2014-06-30": "17.90%", "2014-03-31": "16.96%", "2013-12-31": "16.66%", "2013-09-30": "15.57%", "2013-06-30": "14.80%", "2013-03-31": "14.21%", "2012-12-31": "13.01%", "2012-09-30": "12.87%", "2012-06-30": "13.16%", "2012-03-31": "13.65%", "2011-12-31": "15.10%", "2011-09-30": "16.01%", "2011-06-30": "15.80%", "2011-03-31": "15.46%", "2010-12-31": "14.73%", "2010-09-30": "12.89%", "2010-06-30": "15.11%", "2010-03-31": "14.75%", "2009-12-31": "11.83%", "2009-09-30": "11.85%", "2009-06-30": "11.40%", "2009-03-31": "11.19%", "2008-12-31": "13.49%", "2008-09-30": "12.89%", "2008-06-30": "9.54%", "2008-03-31": "8.87%", "2007-12-31": "8.47%", "2007-09-30": "7.69%", "2007-06-30": "-8.20%", "2007-03-31": "-9.01%", "2006-12-31": "-10.38%", "2006-09-30": "-11.38%", "2006-06-30": "1.43%", "2006-03-31": "1.96%", "2005-12-31": "1.95%"}, "pe ratio": {"current": "26.20", "2021-02-05": "28.23", "2020-12-31": "24.11", "2020-09-30": "30.27", "2020-06-30": "27.90", "2020-03-31": "19.18", "2019-12-31": "24.92", "2019-09-30": "15.93", "2019-06-30": "14.38", "2019-03-31": "13.38", "2018-12-31": "10.34", "2018-09-30": "17.30", "2018-06-30": "18.61", "2018-03-31": "20.27", "2017-12-31": "20.44", "2017-09-30": "17.83", "2017-06-30": "17.38", "2017-03-31": "18.97", "2016-12-31": "14.78", "2016-09-30": "13.74", "2016-06-30": "11.66", "2016-03-31": "14.05", "2015-12-31": "14.44", "2015-09-30": "18.86", "2015-06-30": "24.99", "2015-03-31": "26.95", "2014-12-31": "23.01", "2014-09-30": "22.35", "2014-06-30": "22.39", "2014-03-31": "20.40", "2013-12-31": "16.31", "2013-09-30": "15.67", "2013-06-30": "15.18", "2013-03-31": "16.26", "2012-12-31": "16.91", "2012-09-30": "20.38", "2012-06-30": "22.97", "2012-03-31": "23.04", "2011-12-31": "12.59", "2011-09-30": "13.71", "2011-06-30": "18.97", "2011-03-31": "28.85", "2010-12-31": "28.57", "2010-09-30": "25.03", "2010-06-30": "18.60", "2010-03-31": "18.89", "2009-12-31": "22.61", "2009-09-30": "22.27", "2009-06-30": "16.17", "2009-03-31": "13.31", "2008-12-31": "7.40", "2008-09-30": "11.33", "2008-06-30": "18.67", "2008-03-31": "15.38", "2007-12-31": "18.83", "2007-09-30": "22.80", "2007-06-30": "0.00", "2007-03-31": "0.00", "2006-12-31": "0.00"}, "price sales": {"2021-02-05": "7.61", "2020-12-31": "6.50", "2020-09-30": "7.36", "2020-06-30": "6.75", "2020-03-31": "4.69", "2019-12-31": "6.26", "2019-09-30": "4.03", "2019-06-30": "3.76", "2019-03-31": "3.90", "2018-12-31": "3.10", "2018-09-30": "4.14", "2018-06-30": "4.44", "2018-03-31": "4.61", "2017-12-31": "4.44", "2017-09-30": "4.94", "2017-06-30": "4.87", "2017-03-31": "5.21", "2016-12-31": "4.08", "2016-09-30": "4.18", "2016-06-30": "3.42", "2016-03-31": "4.14", "2015-12-31": "4.09", "2015-09-30": "4.63", "2015-06-30": "5.99", "2015-03-31": "6.07", "2014-12-31": "4.95", "2014-09-30": "4.45", "2014-06-30": "4.01", "2014-03-31": "3.44", "2013-12-31": "2.70", "2013-09-30": "2.42", "2013-06-30": "2.20", "2013-03-31": "2.28", "2012-12-31": "2.18", "2012-09-30": "2.61", "2012-06-30": "3.06", "2012-03-31": "3.16", "2011-12-31": "1.90", "2011-09-30": "2.19", "2011-06-30": "2.96", "2011-03-31": "4.40", "2010-12-31": "4.13", "2010-09-30": "3.19", "2010-06-30": "2.77", "2010-03-31": "2.76", "2009-12-31": "2.64", "2009-09-30": "2.51", "2009-06-30": "1.83", "2009-03-31": "1.45", "2008-12-31": "0.96", "2008-09-30": "1.45", "2008-06-30": "1.79", "2008-03-31": "1.38", "2007-12-31": "1.65", "2007-09-30": "1.79", "2007-06-30": "1.44", "2007-03-31": "1.10", "2006-12-31": "1.34"}, "price book": {"current": "6.68", "2021-02-05": "6.68", "2020-12-31": "5.71", "2020-09-30": "5.77", "2020-06-30": "5.07", "2020-03-31": "3.57", "2019-12-31": "4.76", "2019-09-30": "3.21", "2019-06-30": "3.15", "2019-03-31": "3.39", "2018-12-31": "2.79", "2018-09-30": "3.77", "2018-06-30": "4.06", "2018-03-31": "4.27", "2017-12-31": "4.22", "2017-09-30": "4.34", "2017-06-30": "4.27", "2017-03-31": "4.49", "2016-12-31": "3.54", "2016-09-30": "3.72", "2016-06-30": "3.14", "2016-03-31": "3.88", "2015-12-31": "3.90", "2015-09-30": "4.66", "2015-06-30": "5.99", "2015-03-31": "6.00", "2014-12-31": "4.68", "2014-09-30": "3.96", "2014-06-30": "3.39", "2014-03-31": "2.82", "2013-12-31": "2.21", "2013-09-30": "2.02", "2013-06-30": "1.87", "2013-03-31": "1.91", "2012-12-31": "1.82", "2012-09-30": "2.16", "2012-06-30": "2.62", "2012-03-31": "2.77", "2011-12-31": "1.66", "2011-09-30": "1.89", "2011-06-30": "2.54", "2011-03-31": "3.71", "2010-12-31": "3.41", "2010-09-30": "2.57", "2010-06-30": "2.22", "2010-03-31": "2.11", "2009-12-31": "1.97", "2009-09-30": "1.87", "2009-06-30": "1.48", "2009-03-31": "1.25", "2008-12-31": "0.86", "2008-09-30": "1.33", "2008-06-30": "1.68", "2008-03-31": "1.29", "2007-12-31": "1.54", "2007-09-30": "1.68", "2007-06-30": "1.42", "2007-03-31": "1.13", "2006-12-31": "1.39", "2006-09-30": "1.05", "2006-06-30": "0.98", "2006-03-31": "1.22"}, "price fcf": {"2021-02-05": "", "2020-12-31": "$5.32", "2020-09-30": "$4.80", "2020-06-30": "$6.01", "2020-03-31": "$5.57", "2019-12-31": "$4.87", "2019-09-30": "$5.55", "2019-06-30": "$4.18", "2019-03-31": "$3.85", "2018-12-31": "$5.14", "2018-09-30": "$4.58", "2018-06-30": "$5.84", "2018-03-31": "$6.53", "2017-12-31": "$5.59", "2017-09-30": "$6.18", "2017-06-30": "$6.59", "2017-03-31": "$5.96", "2016-12-31": "$5.64", "2016-09-30": "$4.62", "2016-06-30": "$2.86", "2016-03-31": "$2.99", "2015-12-31": "$2.73", "2015-09-30": "$2.89", "2015-06-30": "$3.08", "2015-03-31": "$3.17", "2014-12-31": "$3.71", "2014-09-30": "$2.93", "2014-06-30": "$2.92", "2014-03-31": "$2.42", "2013-12-31": "$2.08", "2013-09-30": "$1.96", "2013-06-30": "$1.45", "2013-03-31": "$1.32", "2012-12-31": "$1.25", "2012-09-30": "$1.00", "2012-06-30": "$1.46", "2012-03-31": "$1.76", "2011-12-31": "$1.60", "2011-09-30": "$1.39", "2011-06-30": "$1.07", "2011-03-31": "$0.78", "2010-12-31": "$0.69", "2010-09-30": "$0.73", "2010-06-30": "$0.85", "2010-03-31": "$1.00", "2009-12-31": "$0.88", "2009-09-30": "$1.06", "2009-06-30": "$0.99", "2009-03-31": "$0.84", "2008-12-31": "$0.89", "2008-09-30": "$0.72", "2008-06-30": "$0.54", "2008-03-31": "$0.47", "2007-12-31": "$0.42", "2007-09-30": "$0.26", "2007-06-30": "$0.25", "2007-03-31": "$0.07", "2006-12-31": "$-0.04"}, "net worth": {"value": "$29.51B"}, "current ratio": {"current": "5.07", "2020-12-31": "5.07", "2020-09-30": "5.17", "2020-06-30": "5.83", "2020-03-31": "6.13", "2019-12-31": "7.04", "2019-09-30": "5.98", "2019-06-30": "5.56", "2019-03-31": "6.39", "2018-12-31": "6.18", "2018-09-30": "5.81", "2018-06-30": "7.34", "2018-03-31": "8.83", "2017-12-31": "8.36", "2017-09-30": "6.79", "2017-06-30": "8.02", "2017-03-31": "8.65", "2016-12-31": "7.25", "2016-09-30": "9.53", "2016-06-30": "5.99", "2016-03-31": "6.55", "2015-12-31": "5.75", "2015-09-30": "4.13", "2015-06-30": "5.70", "2015-03-31": "5.62", "2014-12-31": "4.78", "2014-09-30": "4.80", "2014-06-30": "5.91", "2014-03-31": "6.94", "2013-12-31": "7.12", "2013-09-30": "5.97", "2013-06-30": "6.04", "2013-03-31": "5.93", "2012-12-31": "5.78", "2012-09-30": "4.84", "2012-06-30": "3.46", "2012-03-31": "3.10", "2011-12-31": "4.03", "2011-09-30": "3.30", "2011-06-30": "2.91", "2011-03-31": "4.95", "2010-12-31": "5.23", "2010-09-30": "3.87", "2010-06-30": "3.58", "2010-03-31": "3.78", "2009-12-31": "3.23", "2009-09-30": "3.01", "2009-06-30": "2.74", "2009-03-31": "2.66", "2008-12-31": "3.47", "2008-09-30": "3.33", "2008-06-30": "3.38", "2008-03-31": "3.03", "2007-12-31": "2.95", "2007-09-30": "2.61", "2007-06-30": "2.43", "2007-03-31": "2.37", "2006-12-31": "1.26", "2006-09-30": "2.40", "2006-06-30": "2.91", "2006-03-31": "2.86", "2005-12-31": "3.12", "2005-09-30": "3.13", "2005-06-30": "3.11", "2005-03-31": "3.01"}, "quick ratio": {"2020-12-31": "3.66", "2020-09-30": "3.37", "2020-06-30": "4.09", "2020-03-31": "4.34", "2019-12-31": "5.23", "2019-09-30": "4.35", "2019-06-30": "4.10", "2019-03-31": "4.75", "2018-12-31": "4.80", "2018-09-30": "4.55", "2018-06-30": "5.94", "2018-03-31": "7.36", "2017-12-31": "6.93", "2017-09-30": "5.52", "2017-06-30": "6.42", "2017-03-31": "6.98", "2016-12-31": "5.85", "2016-09-30": "7.51", "2016-06-30": "4.73", "2016-03-31": "5.52", "2015-12-31": "5.00", "2015-09-30": "3.55", "2015-06-30": "4.85", "2015-03-31": "4.70", "2014-12-31": "3.96", "2014-09-30": "3.89", "2014-06-30": "5.06", "2014-03-31": "5.76", "2013-12-31": "5.76", "2013-09-30": "4.70", "2013-06-30": "4.57", "2013-03-31": "4.53", "2012-12-31": "4.30", "2012-09-30": "3.56", "2012-06-30": "2.59", "2012-03-31": "2.29", "2011-12-31": "3.19", "2011-09-30": "2.50", "2011-06-30": "2.14", "2011-03-31": "4.09", "2010-12-31": "4.32", "2010-09-30": "3.25", "2010-06-30": "2.96", "2010-03-31": "3.17", "2009-12-31": "2.73", "2009-09-30": "2.57", "2009-06-30": "2.28", "2009-03-31": "2.15", "2008-12-31": "2.74", "2008-09-30": "2.63", "2008-06-30": "2.76", "2008-03-31": "2.45", "2007-12-31": "2.41", "2007-09-30": "2.19", "2007-06-30": "2.02", "2007-03-31": "1.99", "2006-12-31": "1.05", "2006-09-30": "1.93", "2006-06-30": "2.28", "2006-03-31": "2.28", "2005-12-31": "2.63", "2005-09-30": "2.65", "2005-06-30": "2.59", "2005-03-31": "2.50"}, "debt equity ratio": {"current": "0.00", "2020-12-31": "0.23", "2020-09-30": "0.23", "2020-06-30": "0.21", "2020-03-31": "0.20", "2019-12-31": "0.19", "2019-09-30": "0.17", "2019-06-30": "0.18", "2019-03-31": "0.17", "2018-12-31": "0.17", "2018-09-30": "0.18", "2018-06-30": "0.17", "2018-03-31": "0.17", "2017-12-31": "0.18", "2017-09-30": "0.13", "2017-06-30": "0.11", "2017-03-31": "0.10", "2016-12-31": "0.11", "2016-09-30": "0.09", "2016-06-30": "0.13", "2016-03-31": "0.12", "2015-12-31": "0.13", "2015-09-30": "0.18", "2015-06-30": "0.16", "2015-03-31": "0.16", "2014-12-31": "0.18", "2014-09-30": "0.17", "2014-06-30": "0.13", "2014-03-31": "0.11", "2013-12-31": "0.10", "2013-09-30": "0.11", "2013-06-30": "0.11", "2013-03-31": "0.11", "2012-12-31": "0.11", "2012-09-30": "0.12", "2012-06-30": "0.16", "2012-03-31": "0.17", "2011-12-31": "0.15", "2011-09-30": "0.18", "2011-06-30": "0.18", "2011-03-31": "0.14", "2010-12-31": "0.14", "2010-09-30": "0.19", "2010-06-30": "0.19", "2010-03-31": "0.19", "2009-12-31": "0.21", "2009-09-30": "0.22", "2009-06-30": "0.24", "2009-03-31": "0.24", "2008-12-31": "0.24", "2008-09-30": "0.31", "2008-06-30": "0.41", "2008-03-31": "0.44", "2007-12-31": "0.45", "2007-09-30": "0.51", "2007-06-30": "0.54", "2007-03-31": "0.55", "2006-12-31": "0.46", "2006-09-30": "0.50", "2006-06-30": "0.43", "2006-03-31": "0.43", "2005-12-31": "0.50", "2005-09-30": "0.50", "2005-06-30": "0.50", "2005-03-31": "0.51"}, "return on equity": {"2020-12-31": "25.25%", "2020-09-30": "19.46%", "2020-06-30": "18.64%", "2020-03-31": "19.07%", "2019-12-31": "19.94%", "2019-09-30": "20.90%", "2019-06-30": "22.78%", "2019-03-31": "26.31%", "2018-12-31": "27.85%", "2018-09-30": "22.76%", "2018-06-30": "22.68%", "2018-03-31": "21.91%", "2017-12-31": "21.00%", "2017-09-30": "26.21%", "2017-06-30": "26.22%", "2017-03-31": "25.23%", "2016-12-31": "25.19%", "2016-09-30": "28.27%", "2016-06-30": "28.53%", "2016-03-31": "30.21%", "2015-12-31": "30.54%", "2015-09-30": "27.11%", "2015-06-30": "26.70%", "2015-03-31": "24.70%", "2014-12-31": "22.50%", "2014-09-30": "19.44%", "2014-06-30": "16.32%", "2014-03-31": "14.97%", "2013-12-31": "14.77%", "2013-09-30": "13.87%", "2013-06-30": "13.10%", "2013-03-31": "12.55%", "2012-12-31": "11.50%", "2012-09-30": "11.39%", "2012-06-30": "12.01%", "2012-03-31": "12.69%", "2011-12-31": "14.20%", "2011-09-30": "15.06%", "2011-06-30": "14.64%", "2011-03-31": "14.23%", "2010-12-31": "13.33%", "2010-09-30": "11.34%", "2010-06-30": "12.79%", "2010-03-31": "11.94%", "2009-12-31": "9.32%", "2009-09-30": "9.32%", "2009-06-30": "9.41%", "2009-03-31": "9.85%", "2008-12-31": "12.77%", "2008-09-30": "12.80%", "2008-06-30": "9.42%", "2008-03-31": "8.65%", "2007-12-31": "8.29%", "2007-09-30": "7.54%", "2007-06-30": "-8.22%", "2007-03-31": "-9.10%", "2006-12-31": "-10.31%", "2006-09-30": "-11.14%", "2006-06-30": "1.37%", "2006-03-31": "1.88%", "2005-12-31": "1.90%"}, "return on assets": {"2020-12-31": "20.74%", "2020-09-30": "16.10%", "2020-06-30": "15.59%", "2020-03-31": "16.06%", "2019-12-31": "16.91%", "2019-09-30": "17.80%", "2019-06-30": "19.38%", "2019-03-31": "22.43%", "2018-12-31": "23.75%", "2018-09-30": "19.40%", "2018-06-30": "19.55%", "2018-03-31": "19.16%", "2017-12-31": "18.63%", "2017-09-30": "23.60%", "2017-06-30": "23.81%", "2017-03-31": "22.81%", "2016-12-31": "22.68%", "2016-09-30": "25.35%", "2016-06-30": "25.11%", "2016-03-31": "26.42%", "2015-12-31": "26.46%", "2015-09-30": "23.23%", "2015-06-30": "22.90%", "2015-03-31": "21.30%", "2014-12-31": "19.60%", "2014-09-30": "17.23%", "2014-06-30": "14.69%", "2014-03-31": "13.53%", "2013-12-31": "13.34%", "2013-09-30": "12.51%", "2013-06-30": "11.78%", "2013-03-31": "11.17%", "2012-12-31": "10.11%", "2012-09-30": "9.92%", "2012-06-30": "10.33%", "2012-03-31": "10.87%", "2011-12-31": "12.24%", "2011-09-30": "12.99%", "2011-06-30": "12.61%", "2011-03-31": "12.24%", "2010-12-31": "11.35%", "2010-09-30": "9.51%", "2010-06-30": "10.65%", "2010-03-31": "9.84%", "2009-12-31": "7.59%", "2009-09-30": "7.54%", "2009-06-30": "7.48%", "2009-03-31": "7.59%", "2008-12-31": "9.48%", "2008-09-30": "9.13%", "2008-06-30": "6.48%", "2008-03-31": "5.82%", "2007-12-31": "5.48%", "2007-09-30": "4.97%", "2007-06-30": "-5.44%", "2007-03-31": "-6.15%", "2006-12-31": "-7.10%", "2006-09-30": "-7.63%", "2006-06-30": "0.93%", "2006-03-31": "1.27%", "2005-12-31": "1.27%"}, "return on investments": {"2020-12-31": "inf%", "2020-09-30": "inf%", "2020-06-30": "inf%", "2020-03-31": "inf%", "2019-12-31": "inf%", "2019-09-30": "inf%", "2019-06-30": "inf%", "2019-03-31": "inf%", "2018-12-31": "inf%", "2018-09-30": "inf%", "2018-06-30": "inf%", "2018-03-31": "inf%", "2017-12-31": "inf%", "2017-09-30": "inf%", "2017-06-30": "inf%", "2017-03-31": "inf%", "2016-12-31": "inf%", "2016-09-30": "inf%", "2016-06-30": "inf%", "2016-03-31": "inf%", "2015-12-31": "inf%", "2015-09-30": "inf%", "2015-06-30": "143.59%", "2015-03-31": "126.50%", "2014-12-31": "108.31%", "2014-09-30": "46.81%", "2014-06-30": "83.61%", "2014-03-31": "72.12%", "2013-12-31": "66.11%", "2013-09-30": "inf%", "2013-06-30": "inf%", "2013-03-31": "inf%", "2012-12-31": "inf%", "2012-09-30": "inf%", "2012-06-30": "inf%", "2012-03-31": "inf%", "2011-12-31": "inf%", "2011-09-30": "82.17%", "2011-06-30": "40.62%", "2011-03-31": "26.16%", "2010-12-31": "17.76%", "2010-09-30": "15.92%", "2010-06-30": "13.89%", "2010-03-31": "11.76%", "2009-12-31": "8.49%", "2009-09-30": "6.68%", "2009-06-30": "6.32%", "2009-03-31": "6.39%", "2008-12-31": "8.53%", "2008-09-30": "8.65%", "2008-06-30": "7.88%", "2008-03-31": "7.02%", "2007-12-31": "6.58%", "2007-09-30": "8.06%", "2007-06-30": "-6.14%", "2007-03-31": "-6.89%", "2006-12-31": "-8.15%", "2006-09-30": "-6.62%", "2006-06-30": "2.47%", "2006-03-31": "3.05%", "2005-12-31": "3.53%"}, "return on tangible equity": {"2020-12-31": "35.87%", "2020-09-30": "27.86%", "2020-06-30": "26.85%", "2020-03-31": "27.65%", "2019-12-31": "29.08%", "2019-09-30": "30.77%", "2019-06-30": "33.66%", "2019-03-31": "37.67%", "2018-12-31": "38.61%", "2018-09-30": "30.69%", "2018-06-30": "29.65%", "2018-03-31": "28.75%", "2017-12-31": "27.72%", "2017-09-30": "34.78%", "2017-06-30": "35.16%", "2017-03-31": "34.12%", "2016-12-31": "34.09%", "2016-09-30": "38.20%", "2016-06-30": "38.78%", "2016-03-31": "41.49%", "2015-12-31": "42.89%", "2015-09-30": "39.22%", "2015-06-30": "39.75%", "2015-03-31": "37.59%", "2014-12-31": "34.98%", "2014-09-30": "30.84%", "2014-06-30": "26.36%", "2014-03-31": "24.98%", "2013-12-31": "25.38%", "2013-09-30": "24.57%", "2013-06-30": "23.81%", "2013-03-31": "23.51%", "2012-12-31": "22.50%", "2012-09-30": "22.26%", "2012-06-30": "23.46%", "2012-03-31": "24.74%", "2011-12-31": "25.36%", "2011-09-30": "25.87%", "2011-06-30": "24.21%", "2011-03-31": "22.53%", "2010-12-31": "21.83%", "2010-09-30": "19.24%", "2010-06-30": "22.41%", "2010-03-31": "21.79%", "2009-12-31": "17.71%", "2009-09-30": "18.45%", "2009-06-30": "19.44%", "2009-03-31": "21.18%", "2008-12-31": "28.96%", "2008-09-30": "31.18%", "2008-06-30": "24.47%", "2008-03-31": "23.83%", "2007-12-31": "24.04%", "2007-09-30": "22.53%", "2007-06-30": "-25.96%", "2007-03-31": "-27.60%", "2006-12-31": "-29.85%", "2006-09-30": "-31.32%", "2006-06-30": "3.71%", "2006-03-31": "5.22%", "2005-12-31": "5.42%"}, "dividend yield history": {"last payout": "$2.00", "last yield": "1.12%"}}