{"ticker": "SLG", "price": {"title": "SL Green Realty Historical Annual Stock Price Data", "value": 63.75, "historical": {"2021": {"Average Stock Price": "63.3426", "Year Open": "58.9543", "Year High": "67.4800", "Year Low": "58.1309", "Year Close": "63.7500", "Annual % Change": "3.96%"}, "2020": {"Average Stock Price": "57.0919", "Year Open": "88.4742", "Year High": "95.3006", "Year Low": "36.6495", "Year Close": "61.3215", "Annual % Change": "-32.93%"}, "2019": {"Average Stock Price": "85.0317", "Year Open": "77.3987", "Year High": "93.0118", "Year Low": "76.4136", "Year Close": "91.4296", "Annual % Change": "16.19%"}, "2018": {"Average Stock Price": "96.4712", "Year Open": "100.1467", "Year High": "105.3411", "Year Low": "77.2495", "Year Close": "78.6924", "Annual % Change": "-21.65%"}, "2017": {"Average Stock Price": "103.2089", "Year Open": "107.9980", "Year High": "113.1924", "Year Low": "93.6885", "Year Close": "100.4353", "Annual % Change": "-6.16%"}, "2016": {"Average Stock Price": "103.1204", "Year Open": "109.5404", "Year High": "118.6157", "Year Low": "80.1452", "Year Close": "107.0228", "Annual % Change": "-4.81%"}, "2015": {"Average Stock Price": "118.1928", "Year Open": "120.7253", "Year High": "133.3432", "Year Low": "100.4552", "Year Close": "112.4262", "Annual % Change": "-5.07%"}, "2014": {"Average Stock Price": "105.9107", "Year Open": "91.5291", "Year High": "122.4966", "Year Low": "90.5141", "Year Close": "118.4366", "Annual % Change": "28.84%"}, "2013": {"Average Stock Price": "87.9299", "Year Open": "78.0456", "Year High": "97.6689", "Year Low": "77.7769", "Year Close": "91.9272", "Annual % Change": "20.52%"}, "2012": {"Average Stock Price": "76.6789", "Year Open": "67.8259", "Year High": "84.7227", "Year Low": "67.8259", "Year Close": "76.2743", "Annual % Change": "15.02%"}, "2011": {"Average Stock Price": "72.7563", "Year Open": "68.8011", "Year High": "89.5688", "Year Low": "54.8697", "Year Close": "66.3133", "Annual % Change": "-1.29%"}, "2010": {"Average Stock Price": "59.1427", "Year Open": "48.6902", "Year High": "69.9256", "Year Low": "43.9634", "Year Close": "67.1791", "Annual % Change": "34.38%"}, "2009": {"Average Stock Price": "27.7171", "Year Open": "24.7381", "Year High": "52.4815", "Year Low": "8.6474", "Year Close": "49.9937", "Annual % Change": "93.98%"}, "2008": {"Average Stock Price": "72.4723", "Year Open": "92.1063", "Year High": "100.2462", "Year Low": "11.3043", "Year Close": "25.7730", "Annual % Change": "-72.29%"}, "2007": {"Average Stock Price": "125.1476", "Year Open": "132.7959", "Year High": "155.3348", "Year Low": "88.9916", "Year Close": "93.0019", "Annual % Change": "-29.61%"}, "2006": {"Average Stock Price": "105.9885", "Year Open": "77.3191", "Year High": "138.8162", "Year Low": "77.3191", "Year Close": "132.1291", "Annual % Change": "73.82%"}, "2005": {"Average Stock Price": "63.4334", "Year Open": "59.4472", "Year High": "76.7619", "Year Low": "52.4417", "Year Close": "76.0156", "Annual % Change": "26.16%"}, "2004": {"Average Stock Price": "48.1185", "Year Open": "40.9483", "Year High": "60.2532", "Year Low": "40.0428", "Year Close": "60.2532", "Annual % Change": "47.50%"}, "2003": {"Average Stock Price": "34.3515", "Year Open": "31.5944", "Year High": "40.8488", "Year Low": "28.9076", "Year Close": "40.8488", "Annual % Change": "29.91%"}, "2002": {"Average Stock Price": "32.2550", "Year Open": "30.2510", "Year High": "36.3211", "Year Low": "27.5145", "Year Close": "31.4451", "Annual % Change": "2.90%"}, "2001": {"Average Stock Price": "28.9295", "Year Open": "27.8628", "Year High": "31.3655", "Year Low": "25.1760", "Year Close": "30.5595", "Annual % Change": "9.68%"}, "2000": {"Average Stock Price": "25.6231", "Year Open": "21.4543", "Year High": "30.0420", "Year Low": "20.9568", "Year Close": "27.8628", "Annual % Change": "28.74%"}, "1999": {"Average Stock Price": "20.1284", "Year Open": "21.8922", "Year High": "22.1409", "Year Low": "17.6033", "Year Close": "21.6434", "Annual % Change": "0.60%"}, "1998": {"Average Stock Price": "22.4514", "Year Open": "25.8128", "Year High": "27.7433", "Year Low": "17.3943", "Year Close": "21.5140", "Annual % Change": "-16.65%"}}}, "market cap": {"value": "$4.49B"}, "income statement": {"Revenue": {"2020-12-31": "1052.74400", "2019-12-31": "1238.99500", "2018-12-31": "1227.39200", "2017-12-31": "1511.47300", "2016-12-31": "1863.98100", "2015-12-31": "1662.82900", "2014-12-31": "1519.97800", "2013-12-31": "1371.06500", "2012-12-31": "1290.05200", "2011-12-31": "1246.85900", "2010-12-31": "1084.38600", "2009-12-31": "978.36100", "2008-12-31": "1065.01500", "2007-12-31": "974.83000", "2006-12-31": "469.85400", "2005-12-31": "368.68400"}, "Cost Of Goods Sold": {"2020-12-31": "388.55800", "2019-12-31": "458.62800", "2018-12-31": "448.66300", "2017-12-31": "570.91800", "2016-12-31": "594.50800", "2015-12-31": "567.16000", "2014-12-31": "532.43300", "2013-12-31": "511.61600", "2012-12-31": "501.74700", "2011-12-31": "464.01100", "2010-12-31": "401.71400", "2009-12-31": "377.73400", "2008-12-31": "380.40700", "2007-12-31": "361.33900", "2006-12-31": "185.61300", "2005-12-31": "150.57000"}, "Gross Profit": {"2020-12-31": "664.18600", "2019-12-31": "780.36700", "2018-12-31": "778.72900", "2017-12-31": "940.55510", "2016-12-31": "1269.47300", "2015-12-31": "1095.66900", "2014-12-31": "987.54500", "2013-12-31": "859.44900", "2012-12-31": "788.30500", "2011-12-31": "782.84800", "2010-12-31": "682.67200", "2009-12-31": "600.62700", "2008-12-31": "684.60800", "2007-12-31": "613.49100", "2006-12-31": "284.24100", "2005-12-31": "218.11400"}, "Research And Development Expenses": {"2020-12-31": "", "2019-12-31": "", "2018-12-31": "", "2017-12-31": "", "2016-12-31": "", "2015-12-31": "", "2014-12-31": "", "2013-12-31": "", "2012-12-31": "", "2011-12-31": "", "2010-12-31": "", "2009-12-31": "", "2008-12-31": "", "2007-12-31": "", "2006-12-31": "", "2005-12-31": ""}, "SG&A Expenses": {"2020-12-31": "91.82600", "2019-12-31": "100.87500", "2018-12-31": "92.63100", "2017-12-31": "100.49800", "2016-12-31": "99.75900", "2015-12-31": "94.87300", "2014-12-31": "92.48800", "2013-12-31": "86.19200", "2012-12-31": "82.84000", "2011-12-31": "80.10300", "2010-12-31": "75.94600", "2009-12-31": "73.99200", "2008-12-31": "104.58300", "2007-12-31": "93.04500", "2006-12-31": "65.74100", "2005-12-31": "44.21500"}, "Other Operating Income Or Expenses": {"2020-12-31": "-35.80100", "2019-12-31": "-0.72900", "2018-12-31": "-7.93800", "2017-12-31": "1.83400", "2016-12-31": "-7.52800", "2015-12-31": "-11.43000", "2014-12-31": "-8.70700", "2013-12-31": "-3.98500", "2012-12-31": "-5.96600", "2011-12-31": "-12.28300", "2010-12-31": "-29.60000", "2009-12-31": "-150.51000", "2008-12-31": "-115.88200", "2007-12-31": "", "2006-12-31": "", "2005-12-31": ""}, "Operating Expenses": {"2020-12-31": "841.64700", "2019-12-31": "844.24300", "2018-12-31": "841.14700", "2017-12-31": "1089.40000", "2016-12-31": "1547.40000", "2015-12-31": "1261.69800", "2014-12-31": "1027.61500", "2013-12-31": "942.10900", "2012-12-31": "920.97100", "2011-12-31": "841.81100", "2010-12-31": "741.49900", "2009-12-31": "829.69700", "2008-12-31": "821.50600", "2007-12-31": "644.53400", "2006-12-31": "318.30100", "2005-12-31": "248.14400"}, "Operating Income": {"2020-12-31": "211.09700", "2019-12-31": "394.75200", "2018-12-31": "386.24500", "2017-12-31": "422.07300", "2016-12-31": "316.58090", "2015-12-31": "401.13090", "2014-12-31": "492.36300", "2013-12-31": "428.95590", "2012-12-31": "369.08100", "2011-12-31": "405.04800", "2010-12-31": "342.88700", "2009-12-31": "148.66400", "2008-12-31": "243.50900", "2007-12-31": "330.29600", "2006-12-31": "151.55300", "2005-12-31": "120.54000"}, "Total Non-Operating Income/Expense": {"2020-12-31": "-11.84500", "2019-12-31": "-162.69700", "2018-12-31": "-388.59900", "2017-12-31": "-410.41100", "2016-12-31": "-319.79500", "2015-12-31": "-274.19500", "2014-12-31": "-128.63400", "2013-12-31": "-318.26000", "2012-12-31": "-198.24800", "2011-12-31": "217.42900", "2010-12-31": "-66.28000", "2009-12-31": "-84.16700", "2008-12-31": "-301.59900", "2007-12-31": "-210.17600", "2006-12-31": "-48.61400", "2005-12-31": "-22.40300"}, "Pre-Tax Income": {"2020-12-31": "199.25200", "2019-12-31": "232.05500", "2018-12-31": "-2.35400", "2017-12-31": "11.66200", "2016-12-31": "-3.21410", "2015-12-31": "126.93590", "2014-12-31": "363.72900", "2013-12-31": "110.69590", "2012-12-31": "170.83300", "2011-12-31": "622.47710", "2010-12-31": "276.60700", "2009-12-31": "64.49700", "2008-12-31": "-58.09010", "2007-12-31": "120.12000", "2006-12-31": "102.93900", "2005-12-31": "98.13700"}, "Income Taxes": {"2020-12-31": "", "2019-12-31": "", "2018-12-31": "", "2017-12-31": "", "2016-12-31": "", "2015-12-31": "", "2014-12-31": "", "2013-12-31": "", "2012-12-31": "", "2011-12-31": "", "2010-12-31": "", "2009-12-31": "", "2008-12-31": "", "2007-12-31": "", "2006-12-31": "", "2005-12-31": ""}, "Income After Taxes": {"2020-12-31": "199.25200", "2019-12-31": "232.05500", "2018-12-31": "-2.35400", "2017-12-31": "11.66200", "2016-12-31": "-3.21410", "2015-12-31": "126.93590", "2014-12-31": "363.72900", "2013-12-31": "110.69590", "2012-12-31": "170.83300", "2011-12-31": "622.47710", "2010-12-31": "276.60700", "2009-12-31": "64.49700", "2008-12-31": "-58.09010", "2007-12-31": "120.12000", "2006-12-31": "102.93900", "2005-12-31": "98.13700"}, "Other Income": {"2020-12-31": "", "2019-12-31": "", "2018-12-31": "", "2017-12-31": "", "2016-12-31": "", "2015-12-31": "", "2014-12-31": "", "2013-12-31": "", "2012-12-31": "", "2011-12-31": "", "2010-12-31": "", "2009-12-31": "", "2008-12-31": "", "2007-12-31": "", "2006-12-31": "", "2005-12-31": ""}, "Income From Continuous Operations": {"2020-12-31": "414.75800", "2019-12-31": "291.48700", "2018-12-31": "270.85600", "2017-12-31": "101.06900", "2016-12-31": "278.91090", "2015-12-31": "302.91000", "2014-12-31": "363.72900", "2013-12-31": "110.69600", "2012-12-31": "170.83300", "2011-12-31": "622.47700", "2010-12-31": "276.60700", "2009-12-31": "71.18800", "2008-12-31": "44.96600", "2007-12-31": "151.62900", "2006-12-31": "96.73300", "2005-12-31": "103.85500"}, "Income From Discontinued Operations": {"2020-12-31": "", "2019-12-31": "", "2018-12-31": "", "2017-12-31": "", "2016-12-31": "", "2015-12-31": "14.54900", "2014-12-31": "182.13400", "2013-12-31": "40.58700", "2012-12-31": "38.86700", "2011-12-31": "54.64500", "2010-12-31": "42.54900", "2009-12-31": "0.47700", "2008-12-31": "359.08200", "2007-12-31": "531.06800", "2006-12-31": "123.98600", "2005-12-31": "53.56400"}, "Net Income": {"2020-12-31": "356.10500", "2019-12-31": "255.48400", "2018-12-31": "232.31200", "2017-12-31": "86.42400", "2016-12-31": "234.94600", "2015-12-31": "269.13200", "2014-12-31": "503.10400", "2013-12-31": "101.33000", "2012-12-31": "155.98400", "2011-12-31": "617.23200", "2010-12-31": "270.82600", "2009-12-31": "37.66900", "2008-12-31": "360.93500", "2007-12-31": "626.35500", "2006-12-31": "200.84400", "2005-12-31": "137.54400"}, "EBITDA": {"2020-12-31": "211.09700", "2019-12-31": "678.76300", "2018-12-31": "676.14400", "2017-12-31": "840.87100", "2016-12-31": "1172.57300", "2015-12-31": "989.36880", "2014-12-31": "892.36400", "2013-12-31": "788.70500", "2012-12-31": "720.62000", "2011-12-31": "703.14810", "2010-12-31": "586.08200", "2009-12-31": "383.86400", "2008-12-31": "473.01900", "2007-12-31": "535.12700", "2006-12-31": "231.78300", "2005-12-31": "185.75800"}, "EBIT": {"2020-12-31": "211.09700", "2019-12-31": "394.75200", "2018-12-31": "386.24500", "2017-12-31": "422.07300", "2016-12-31": "316.58090", "2015-12-31": "401.13090", "2014-12-31": "492.36300", "2013-12-31": "428.95590", "2012-12-31": "369.08100", "2011-12-31": "405.04800", "2010-12-31": "342.88700", "2009-12-31": "148.66400", "2008-12-31": "243.50900", "2007-12-31": "330.29600", "2006-12-31": "151.55300", "2005-12-31": "120.54000"}, "Basic Shares Outstanding": {"2020-12-31": "76.86900", "2019-12-31": "79.41180", "2018-12-31": "84.28920", "2017-12-31": "95.77160", "2016-12-31": "97.33970", "2015-12-31": "96.52360", "2014-12-31": "93.05400", "2013-12-31": "89.64860", "2012-12-31": "86.78230", "2011-12-31": "81.38320", "2010-12-31": "75.88290", "2009-12-31": "67.75450", "2008-12-31": "56.34890", "2007-12-31": "57.07370", "2006-12-31": "43.32660", "2005-12-31": "40.60610"}, "Shares Outstanding": {"2020-12-31": "77.24300", "2019-12-31": "84.10360", "2018-12-31": "88.93060", "2017-12-31": "100.46640", "2016-12-31": "101.90240", "2015-12-31": "100.78800", "2014-12-31": "96.86460", "2013-12-31": "92.56050", "2012-12-31": "90.23540", "2011-12-31": "83.79470", "2010-12-31": "77.49580", "2009-12-31": "69.99800", "2008-12-31": "58.87700", "2007-12-31": "60.12750", "2006-12-31": "47.11770", "2005-12-31": "44.21170"}, "Basic EPS": {"2020-12-31": "4.88000", "2019-12-31": "3.19060", "2018-12-31": "2.74800", "2017-12-31": "0.89540", "2016-12-31": "2.40840", "2015-12-31": "2.78920", "2014-12-31": "5.40350", "2013-12-31": "1.13220", "2012-12-31": "1.80120", "2011-12-31": "7.58540", "2010-12-31": "3.57140", "2009-12-31": "0.55580", "2008-12-31": "6.40180", "2007-12-31": "10.97160", "2006-12-31": "4.63150", "2005-12-31": "3.38620"}, "EPS - Earnings Per Share": {"2020-12-31": "4.87000", "2019-12-31": "3.19060", "2018-12-31": "2.74800", "2017-12-31": "0.89540", "2016-12-31": "2.40840", "2015-12-31": "2.77890", "2014-12-31": "5.38290", "2013-12-31": "1.13220", "2012-12-31": "1.79090", "2011-12-31": "7.54430", "2010-12-31": "3.55080", "2009-12-31": "0.55580", "2008-12-31": "6.38120", "2007-12-31": "10.84810", "2006-12-31": "4.50800", "2005-12-31": "3.29350"}}, "income statement, quarterly": {"Revenue": {"2020-12-31": "234.89800", "2020-09-30": "249.84400", "2020-06-30": "253.69900", "2020-03-31": "314.30300", "2019-12-31": "308.08200", "2019-09-30": "313.63400", "2019-06-30": "313.02400", "2019-03-31": "304.25500", "2018-12-31": "317.03590", "2018-09-30": "307.54500", "2018-06-30": "301.11600", "2018-03-31": "301.69500", "2017-12-31": "361.34200", "2017-09-30": "374.60000", "2017-06-30": "398.15000", "2017-03-31": "377.38100", "2016-12-31": "374.24190", "2016-09-30": "416.68100", "2016-06-30": "617.61400", "2016-03-31": "455.44400", "2015-12-31": "425.39000", "2015-09-30": "432.06600", "2015-06-30": "409.07400", "2015-03-31": "396.29900", "2014-12-31": "386.62710", "2014-09-30": "390.27400", "2014-06-30": "380.63200", "2014-03-31": "362.44500", "2013-12-31": "318.38600", "2013-09-30": "338.78200", "2013-06-30": "353.94400", "2013-03-31": "359.95300", "2012-12-31": "249.37300", "2012-09-30": "357.01100", "2012-06-30": "344.53500", "2012-03-31": "339.13300", "2011-12-31": "312.31000", "2011-09-30": "306.62300", "2011-06-30": "298.70500", "2011-03-31": "329.22100", "2010-12-31": "262.78200", "2010-09-30": "319.15100", "2010-06-30": "251.57200", "2010-03-31": "250.88100", "2009-12-31": "218.15000", "2009-09-30": "245.76900", "2009-06-30": "252.00500", "2009-03-31": "262.43700", "2008-12-31": "251.27800", "2008-09-30": "268.31300", "2008-06-30": "290.72200", "2008-03-31": "254.70200", "2007-12-31": "191.85000", "2007-09-30": "245.25100", "2007-06-30": "251.81100", "2007-03-31": "285.91800", "2006-12-31": "100.26000", "2006-09-30": "129.58800", "2006-06-30": "123.64000", "2006-03-31": "116.36600", "2005-12-31": "50.91800", "2005-09-30": "115.59800", "2005-06-30": "102.05600", "2005-03-31": "100.11200"}, "Cost Of Goods Sold": {"2020-12-31": "93.90900", "2020-09-30": "96.40500", "2020-06-30": "90.38900", "2020-03-31": "107.85500", "2019-12-31": "114.86700", "2019-09-30": "117.76800", "2019-06-30": "113.30900", "2019-03-31": "112.68400", "2018-12-31": "109.34300", "2018-09-30": "115.16400", "2018-06-30": "110.40500", "2018-03-31": "113.75100", "2017-12-31": "138.53700", "2017-09-30": "148.39400", "2017-06-30": "140.10500", "2017-03-31": "143.88200", "2016-12-31": "147.35500", "2016-09-30": "151.89600", "2016-06-30": "145.75500", "2016-03-31": "149.50200", "2015-12-31": "144.07700", "2015-09-30": "147.90900", "2015-06-30": "134.48600", "2015-03-31": "140.68800", "2014-12-31": "137.45200", "2014-09-30": "135.74700", "2014-06-30": "128.94200", "2014-03-31": "130.29200", "2013-12-31": "119.34100", "2013-09-30": "132.24300", "2013-06-30": "128.29000", "2013-03-31": "131.74200", "2012-12-31": "95.10900", "2012-09-30": "144.51800", "2012-06-30": "128.58000", "2012-03-31": "133.54000", "2011-12-31": "119.15800", "2011-09-30": "122.47100", "2011-06-30": "114.18300", "2011-03-31": "108.19900", "2010-12-31": "100.78000", "2010-09-30": "101.73400", "2010-06-30": "97.62100", "2010-03-31": "101.57900", "2009-12-31": "84.72400", "2009-09-30": "96.44700", "2009-06-30": "96.67500", "2009-03-31": "99.88800", "2008-12-31": "90.82000", "2008-09-30": "99.81200", "2008-06-30": "95.33000", "2008-03-31": "94.44500", "2007-12-31": "88.99600", "2007-09-30": "94.49700", "2007-06-30": "94.50400", "2007-03-31": "83.34200", "2006-12-31": "31.97000", "2006-09-30": "54.36500", "2006-06-30": "48.85400", "2006-03-31": "50.42400", "2005-12-31": "18.39000", "2005-09-30": "46.68600", "2005-06-30": "42.66500", "2005-03-31": "42.82900"}, "Gross Profit": {"2020-12-31": "140.98900", "2020-09-30": "153.43900", "2020-06-30": "163.31000", "2020-03-31": "206.44800", "2019-12-31": "193.21500", "2019-09-30": "195.86600", "2019-06-30": "199.71500", "2019-03-31": "191.57100", "2018-12-31": "207.69300", "2018-09-30": "192.38100", "2018-06-30": "190.71100", "2018-03-31": "187.94400", "2017-12-31": "222.80500", "2017-09-30": "226.20600", "2017-06-30": "258.04500", "2017-03-31": "233.49900", "2016-12-31": "226.88690", "2016-09-30": "264.78500", "2016-06-30": "471.85900", "2016-03-31": "305.94200", "2015-12-31": "281.31300", "2015-09-30": "284.15700", "2015-06-30": "274.58800", "2015-03-31": "255.61100", "2014-12-31": "249.17510", "2014-09-30": "254.52700", "2014-06-30": "251.69000", "2014-03-31": "232.15300", "2013-12-31": "199.04500", "2013-09-30": "206.53900", "2013-06-30": "225.65400", "2013-03-31": "228.21100", "2012-12-31": "154.26400", "2012-09-30": "212.49300", "2012-06-30": "215.95500", "2012-03-31": "205.59300", "2011-12-31": "193.15200", "2011-09-30": "184.15200", "2011-06-30": "184.52200", "2011-03-31": "221.02200", "2010-12-31": "162.00200", "2010-09-30": "217.41700", "2010-06-30": "153.95100", "2010-03-31": "149.30200", "2009-12-31": "133.42600", "2009-09-30": "149.32200", "2009-06-30": "155.33000", "2009-03-31": "162.54900", "2008-12-31": "160.45800", "2008-09-30": "168.50100", "2008-06-30": "195.39200", "2008-03-31": "160.25700", "2007-12-31": "102.85400", "2007-09-30": "150.75400", "2007-06-30": "157.30700", "2007-03-31": "202.57600", "2006-12-31": "68.29000", "2006-09-30": "75.22300", "2006-06-30": "74.78600", "2006-03-31": "65.94200", "2005-12-31": "32.52800", "2005-09-30": "68.91200", "2005-06-30": "59.39100", "2005-03-31": "57.28300"}, "Research And Development Expenses": {"2020-12-31": "", "2020-09-30": "", "2020-06-30": "", "2020-03-31": "", "2019-12-31": "", "2019-09-30": "", "2019-06-30": "", "2019-03-31": "", "2018-12-31": "", "2018-09-30": "", "2018-06-30": "", "2018-03-31": "", "2017-12-31": "", "2017-09-30": "", "2017-06-30": "", "2017-03-31": "", "2016-12-31": "", "2016-09-30": "", "2016-06-30": "", "2016-03-31": "", "2015-12-31": "", "2015-09-30": "", "2015-06-30": "", "2015-03-31": "", "2014-12-31": "", "2014-09-30": "", "2014-06-30": "", "2014-03-31": "", "2013-12-31": "", "2013-09-30": "", "2013-06-30": "", "2013-03-31": "", "2012-12-31": "", "2012-09-30": "", "2012-06-30": "", "2012-03-31": "", "2011-12-31": "", "2011-09-30": "", "2011-06-30": "", "2011-03-31": "", "2010-12-31": "", "2010-09-30": "", "2010-06-30": "", "2010-03-31": "", "2009-12-31": "", "2009-09-30": "", "2009-06-30": "", "2009-03-31": "", "2008-12-31": "", "2008-09-30": "", "2008-06-30": "", "2008-03-31": "", "2007-12-31": "", "2007-09-30": "", "2007-06-30": "", "2007-03-31": "", "2006-12-31": "", "2006-09-30": "", "2006-06-30": "", "2006-03-31": "", "2005-12-31": "", "2005-09-30": "", "2005-06-30": "", "2005-03-31": ""}, "SG&A Expenses": {"2020-12-31": "25.14400", "2020-09-30": "23.60200", "2020-06-30": "23.51000", "2020-03-31": "19.57000", "2019-12-31": "25.57500", "2019-09-30": "23.84100", "2019-06-30": "25.48000", "2019-03-31": "25.97900", "2018-12-31": "26.03000", "2018-09-30": "20.59400", "2018-06-30": "22.47900", "2018-03-31": "23.52800", "2017-12-31": "28.13600", "2017-09-30": "23.96300", "2017-06-30": "24.25600", "2017-03-31": "24.14300", "2016-12-31": "25.78500", "2016-09-30": "25.45800", "2016-06-30": "24.48400", "2016-03-31": "24.03200", "2015-12-31": "22.73400", "2015-09-30": "23.47500", "2015-06-30": "23.20000", "2015-03-31": "25.46400", "2014-12-31": "22.71000", "2014-09-30": "22.64900", "2014-06-30": "23.87200", "2014-03-31": "23.25700", "2013-12-31": "22.74200", "2013-09-30": "20.86900", "2013-06-30": "21.51400", "2013-03-31": "21.06700", "2012-12-31": "21.37200", "2012-09-30": "20.55100", "2012-06-30": "20.72100", "2012-03-31": "20.19600", "2011-12-31": "18.72800", "2011-09-30": "18.90000", "2011-06-30": "22.45400", "2011-03-31": "20.02100", "2010-12-31": "20.69500", "2010-09-30": "18.47400", "2010-06-30": "18.37900", "2010-03-31": "18.39800", "2009-12-31": "19.25500", "2009-09-30": "18.86900", "2009-06-30": "17.94600", "2009-03-31": "17.92200", "2008-12-31": "33.76900", "2008-09-30": "20.92000", "2008-06-30": "25.43400", "2008-03-31": "24.46000", "2007-12-31": "12.44300", "2007-09-30": "22.22400", "2007-06-30": "24.13100", "2007-03-31": "34.24700", "2006-12-31": "25.66900", "2006-09-30": "13.82900", "2006-06-30": "13.25700", "2006-03-31": "12.98600", "2005-12-31": "11.96500", "2005-09-30": "13.41800", "2005-06-30": "10.59400", "2005-03-31": "8.23800"}, "Other Operating Income Or Expenses": {"2020-12-31": "-8.30000", "2020-09-30": "-9.00200", "2020-06-30": "-7.18600", "2020-03-31": "-11.31300", "2019-12-31": "-0.36900", "2019-09-30": "-0.04400", "2019-06-30": "-0.26100", "2019-03-31": "-0.05500", "2018-12-31": "-6.17800", "2018-09-30": "-1.25000", "2018-06-30": "-0.34800", "2018-03-31": "-0.16200", "2017-12-31": "2.19900", "2017-09-30": "-0.18600", "2017-06-30": "-0.04600", "2017-03-31": "-0.13300", "2016-12-31": "2.42700", "2016-09-30": "-6.56100", "2016-06-30": "-2.11500", "2016-03-31": "-1.27900", "2015-12-31": "-1.39100", "2015-09-30": "-5.82900", "2015-06-30": "-3.06700", "2015-03-31": "-1.14300", "2014-12-31": "-2.15300", "2014-09-30": "-2.38300", "2014-06-30": "-1.69700", "2014-03-31": "-2.47400", "2013-12-31": "-3.28900", "2013-09-30": "2.36800", "2013-06-30": "-1.70600", "2013-03-31": "-1.35800", "2012-12-31": "-1.00400", "2012-09-30": "-1.37200", "2012-06-30": "-1.97000", "2012-03-31": "-1.62000", "2011-12-31": "-10.20600", "2011-09-30": "-0.16900", "2011-06-30": "-2.49700", "2011-03-31": "0.58900", "2010-12-31": "-8.57600", "2010-09-30": "-4.59200", "2010-06-30": "-9.08900", "2010-03-31": "-7.34300", "2009-12-31": "-26.20400", "2009-09-30": "-16.04800", "2009-06-30": "-45.45100", "2009-03-31": "-62.80700", "2008-12-31": "-100.48200", "2008-09-30": "-9.15000", "2008-06-30": "-5.00000", "2008-03-31": "-1.25000", "2007-12-31": "", "2007-09-30": "", "2007-06-30": "", "2007-03-31": "", "2006-12-31": "", "2006-09-30": "", "2006-06-30": "", "2006-03-31": "", "2005-12-31": "", "2005-09-30": "", "2005-06-30": "", "2005-03-31": ""}, "Operating Expenses": {"2020-12-31": "187.76700", "2020-09-30": "224.67600", "2020-06-30": "219.68700", "2020-03-31": "209.51700", "2019-12-31": "207.98800", "2019-09-30": "215.22900", "2019-06-30": "211.22300", "2019-03-31": "209.80300", "2018-12-31": "215.70390", "2018-09-30": "210.38500", "2018-06-30": "204.69200", "2018-03-31": "210.36600", "2017-12-31": "253.17500", "2017-09-30": "268.27900", "2017-06-30": "300.89300", "2017-03-31": "267.05300", "2016-12-31": "279.12300", "2016-09-30": "301.39500", "2016-06-30": "604.82900", "2016-03-31": "362.05300", "2015-12-31": "282.62310", "2015-09-30": "330.55800", "2015-06-30": "366.27000", "2015-03-31": "282.24700", "2014-12-31": "266.22800", "2014-09-30": "261.90100", "2014-06-30": "253.29100", "2014-03-31": "246.19500", "2013-12-31": "228.51300", "2013-09-30": "239.02700", "2013-06-30": "237.31600", "2013-03-31": "237.25300", "2012-12-31": "201.17400", "2012-09-30": "252.76100", "2012-06-30": "231.03100", "2012-03-31": "236.00500", "2011-12-31": "221.64200", "2011-09-30": "217.88400", "2011-06-30": "207.35700", "2011-03-31": "194.92800", "2010-12-31": "190.93390", "2010-09-30": "183.39200", "2010-06-30": "182.03300", "2010-03-31": "185.14000", "2009-12-31": "185.94600", "2009-09-30": "190.79700", "2009-06-30": "216.43600", "2009-03-31": "236.51800", "2008-12-31": "279.28200", "2008-09-30": "185.01600", "2008-06-30": "181.98700", "2008-03-31": "175.22100", "2007-12-31": "150.77800", "2007-09-30": "165.61900", "2007-06-30": "171.18700", "2007-03-31": "156.95000", "2006-12-31": "71.11400", "2006-09-30": "87.35400", "2006-06-30": "80.07300", "2006-03-31": "79.76000", "2005-12-31": "36.89300", "2005-09-30": "76.75400", "2005-06-30": "68.59600", "2005-03-31": "65.90100"}, "Operating Income": {"2020-12-31": "47.13100", "2020-09-30": "25.16800", "2020-06-30": "34.01200", "2020-03-31": "104.78600", "2019-12-31": "100.09400", "2019-09-30": "98.40500", "2019-06-30": "101.80100", "2019-03-31": "94.45200", "2018-12-31": "101.33200", "2018-09-30": "97.16000", "2018-06-30": "96.42400", "2018-03-31": "91.32900", "2017-12-31": "108.16700", "2017-09-30": "106.32100", "2017-06-30": "97.25700", "2017-03-31": "110.32800", "2016-12-31": "95.11890", "2016-09-30": "115.28600", "2016-06-30": "12.78500", "2016-03-31": "93.39100", "2015-12-31": "142.76680", "2015-09-30": "101.50800", "2015-06-30": "42.80400", "2015-03-31": "114.05200", "2014-12-31": "120.39920", "2014-09-30": "128.37300", "2014-06-30": "127.34100", "2014-03-31": "116.25000", "2013-12-31": "89.87300", "2013-09-30": "99.75500", "2013-06-30": "116.62800", "2013-03-31": "122.70000", "2012-12-31": "48.19900", "2012-09-30": "104.25000", "2012-06-30": "113.50400", "2012-03-31": "103.12800", "2011-12-31": "90.66800", "2011-09-30": "88.73900", "2011-06-30": "91.34800", "2011-03-31": "134.29300", "2010-12-31": "71.84810", "2010-09-30": "135.75900", "2010-06-30": "69.53900", "2010-03-31": "65.74100", "2009-12-31": "32.20400", "2009-09-30": "54.97200", "2009-06-30": "35.56900", "2009-03-31": "25.91900", "2008-12-31": "-28.00400", "2008-09-30": "83.29700", "2008-06-30": "108.73500", "2008-03-31": "79.48100", "2007-12-31": "41.07200", "2007-09-30": "79.63200", "2007-06-30": "80.62400", "2007-03-31": "128.96800", "2006-12-31": "29.14600", "2006-09-30": "42.23400", "2006-06-30": "43.56700", "2006-03-31": "36.60600", "2005-12-31": "14.02500", "2005-09-30": "38.84400", "2005-06-30": "33.46000", "2005-03-31": "34.21100"}, "Total Non-Operating Income/Expense": {"2020-12-31": "101.32700", "2020-09-30": "-30.59500", "2020-06-30": "-32.26900", "2020-03-31": "-50.30800", "2019-12-31": "-132.77900", "2019-09-30": "-61.22400", "2019-06-30": "71.94000", "2019-03-31": "-40.63400", "2018-12-31": "-421.62800", "2018-09-30": "3.82700", "2018-06-30": "34.26500", "2018-03-31": "-5.06300", "2017-12-31": "-161.46500", "2017-09-30": "-61.55600", "2017-06-30": "-77.41900", "2017-03-31": "-109.97100", "2016-12-31": "-309.10400", "2016-09-30": "-72.34000", "2016-06-30": "136.31000", "2016-03-31": "-74.66100", "2015-12-31": "-42.30000", "2015-09-30": "-88.08600", "2015-06-30": "-71.98300", "2015-03-31": "-71.82600", "2014-12-31": "-77.51700", "2014-09-30": "-88.32100", "2014-06-30": "2.61100", "2014-03-31": "34.59300", "2013-12-31": "-59.12900", "2013-09-30": "-75.64100", "2013-06-30": "-89.21800", "2013-03-31": "-94.27200", "2012-12-31": "-51.29400", "2012-09-30": "-76.57100", "2012-06-30": "4.05400", "2012-03-31": "-74.43700", "2011-12-31": "-68.80400", "2011-09-30": "-73.36700", "2011-06-30": "410.07800", "2011-03-31": "-50.47800", "2010-12-31": "-46.88000", "2010-09-30": "-56.43300", "2010-06-30": "78.55700", "2010-03-31": "-41.52400", "2009-12-31": "-33.94800", "2009-09-30": "-40.41300", "2009-06-30": "-10.59400", "2009-03-31": "0.78800", "2008-12-31": "-129.84200", "2008-09-30": "-59.35400", "2008-06-30": "-55.78200", "2008-03-31": "-56.62100", "2007-12-31": "-56.54000", "2007-09-30": "-54.86300", "2007-06-30": "-50.53600", "2007-03-31": "-48.23700", "2006-12-31": "-16.45200", "2006-09-30": "-13.70700", "2006-06-30": "-10.93200", "2006-03-31": "-7.52300", "2005-12-31": "-3.79300", "2005-09-30": "-7.33000", "2005-06-30": "-6.14500", "2005-03-31": "-5.13500"}, "Pre-Tax Income": {"2020-12-31": "148.45800", "2020-09-30": "-5.42700", "2020-06-30": "1.74300", "2020-03-31": "54.47800", "2019-12-31": "-32.68500", "2019-09-30": "37.18100", "2019-06-30": "173.74100", "2019-03-31": "53.81800", "2018-12-31": "-320.29600", "2018-09-30": "100.98700", "2018-06-30": "130.68900", "2018-03-31": "86.26600", "2017-12-31": "-53.29800", "2017-09-30": "44.76500", "2017-06-30": "19.83800", "2017-03-31": "0.35700", "2016-12-31": "-213.98510", "2016-09-30": "42.94600", "2016-06-30": "149.09500", "2016-03-31": "18.73000", "2015-12-31": "100.46690", "2015-09-30": "13.42200", "2015-06-30": "-29.17900", "2015-03-31": "42.22600", "2014-12-31": "42.88210", "2014-09-30": "40.05200", "2014-06-30": "129.95200", "2014-03-31": "150.84300", "2013-12-31": "30.74390", "2013-09-30": "24.11400", "2013-06-30": "27.41000", "2013-03-31": "28.42800", "2012-12-31": "-3.09500", "2012-09-30": "27.67900", "2012-06-30": "117.55800", "2012-03-31": "28.69100", "2011-12-31": "21.86400", "2011-09-30": "15.37200", "2011-06-30": "501.42600", "2011-03-31": "83.81500", "2010-12-31": "24.96800", "2010-09-30": "79.32600", "2010-06-30": "148.09600", "2010-03-31": "24.21700", "2009-12-31": "-1.74400", "2009-09-30": "14.55900", "2009-06-30": "24.97500", "2009-03-31": "26.70700", "2008-12-31": "-157.84600", "2008-09-30": "23.94300", "2008-06-30": "52.95300", "2008-03-31": "22.86000", "2007-12-31": "-15.46800", "2007-09-30": "24.76900", "2007-06-30": "30.08800", "2007-03-31": "80.73100", "2006-12-31": "12.69400", "2006-09-30": "28.52700", "2006-06-30": "32.63500", "2006-03-31": "29.08300", "2005-12-31": "10.23200", "2005-09-30": "31.51400", "2005-06-30": "27.31500", "2005-03-31": "29.07600"}, "Income Taxes": {"2020-12-31": "", "2020-09-30": "", "2020-06-30": "", "2020-03-31": "", "2019-12-31": "", "2019-09-30": "", "2019-06-30": "", "2019-03-31": "", "2018-12-31": "", "2018-09-30": "", "2018-06-30": "", "2018-03-31": "", "2017-12-31": "", "2017-09-30": "", "2017-06-30": "", "2017-03-31": "", "2016-12-31": "", "2016-09-30": "", "2016-06-30": "", "2016-03-31": "", "2015-12-31": "", "2015-09-30": "", "2015-06-30": "", "2015-03-31": "", "2014-12-31": "", "2014-09-30": "", "2014-06-30": "", "2014-03-31": "", "2013-12-31": "", "2013-09-30": "", "2013-06-30": "", "2013-03-31": "", "2012-12-31": "", "2012-09-30": "", "2012-06-30": "", "2012-03-31": "", "2011-12-31": "", "2011-09-30": "", "2011-06-30": "", "2011-03-31": "", "2010-12-31": "", "2010-09-30": "", "2010-06-30": "", "2010-03-31": "", "2009-12-31": "", "2009-09-30": "", "2009-06-30": "", "2009-03-31": "", "2008-12-31": "", "2008-09-30": "", "2008-06-30": "", "2008-03-31": "", "2007-12-31": "", "2007-09-30": "", "2007-06-30": "", "2007-03-31": "", "2006-12-31": "", "2006-09-30": "", "2006-06-30": "", "2006-03-31": "", "2005-12-31": "", "2005-09-30": "", "2005-06-30": "", "2005-03-31": ""}, "Income After Taxes": {"2020-12-31": "148.45800", "2020-09-30": "-5.42700", "2020-06-30": "1.74300", "2020-03-31": "54.47800", "2019-12-31": "-32.68500", "2019-09-30": "37.18100", "2019-06-30": "173.74100", "2019-03-31": "53.81800", "2018-12-31": "-320.29600", "2018-09-30": "100.98700", "2018-06-30": "130.68900", "2018-03-31": "86.26600", "2017-12-31": "-53.29800", "2017-09-30": "44.76500", "2017-06-30": "19.83800", "2017-03-31": "0.35700", "2016-12-31": "-213.98510", "2016-09-30": "42.94600", "2016-06-30": "149.09500", "2016-03-31": "18.73000", "2015-12-31": "100.46690", "2015-09-30": "13.42200", "2015-06-30": "-29.17900", "2015-03-31": "42.22600", "2014-12-31": "42.88210", "2014-09-30": "40.05200", "2014-06-30": "129.95200", "2014-03-31": "150.84300", "2013-12-31": "30.74390", "2013-09-30": "24.11400", "2013-06-30": "27.41000", "2013-03-31": "28.42800", "2012-12-31": "-3.09500", "2012-09-30": "27.67900", "2012-06-30": "117.55800", "2012-03-31": "28.69100", "2011-12-31": "21.86400", "2011-09-30": "15.37200", "2011-06-30": "501.42600", "2011-03-31": "83.81500", "2010-12-31": "24.96800", "2010-09-30": "79.32600", "2010-06-30": "148.09600", "2010-03-31": "24.21700", "2009-12-31": "-1.74400", "2009-09-30": "14.55900", "2009-06-30": "24.97500", "2009-03-31": "26.70700", "2008-12-31": "-157.84600", "2008-09-30": "23.94300", "2008-06-30": "52.95300", "2008-03-31": "22.86000", "2007-12-31": "-15.46800", "2007-09-30": "24.76900", "2007-06-30": "30.08800", "2007-03-31": "80.73100", "2006-12-31": "12.69400", "2006-09-30": "28.52700", "2006-06-30": "32.63500", "2006-03-31": "29.08300", "2005-12-31": "10.23200", "2005-09-30": "31.51400", "2005-06-30": "27.31500", "2005-03-31": "29.07600"}, "Other Income": {"2020-12-31": "", "2020-09-30": "", "2020-06-30": "", "2020-03-31": "", "2019-12-31": "", "2019-09-30": "", "2019-06-30": "", "2019-03-31": "", "2018-12-31": "", "2018-09-30": "", "2018-06-30": "", "2018-03-31": "", "2017-12-31": "", "2017-09-30": "", "2017-06-30": "", "2017-03-31": "", "2016-12-31": "", "2016-09-30": "", "2016-06-30": "", "2016-03-31": "", "2015-12-31": "", "2015-09-30": "", "2015-06-30": "", "2015-03-31": "", "2014-12-31": "", "2014-09-30": "", "2014-06-30": "", "2014-03-31": "", "2013-12-31": "", "2013-09-30": "", "2013-06-30": "", "2013-03-31": "", "2012-12-31": "", "2012-09-30": "", "2012-06-30": "", "2012-03-31": "", "2011-12-31": "", "2011-09-30": "", "2011-06-30": "", "2011-03-31": "", "2010-12-31": "", "2010-09-30": "", "2010-06-30": "", "2010-03-31": "", "2009-12-31": "", "2009-09-30": "", "2009-06-30": "", "2009-03-31": "", "2008-12-31": "", "2008-09-30": "", "2008-06-30": "", "2008-03-31": "", "2007-12-31": "", "2007-09-30": "", "2007-06-30": "", "2007-03-31": "", "2006-12-31": "", "2006-09-30": "", "2006-06-30": "", "2006-03-31": "", "2005-12-31": "", "2005-09-30": "", "2005-06-30": "", "2005-03-31": ""}, "Income From Continuous Operations": {"2020-12-31": "200.34000", "2020-09-30": "20.67700", "2020-06-30": "66.62700", "2020-03-31": "127.11400", "2019-12-31": "24.25500", "2019-09-30": "40.72200", "2019-06-30": "173.74100", "2019-03-31": "52.76900", "2018-12-31": "-58.32000", "2018-09-30": "99.45400", "2018-06-30": "115.89900", "2018-03-31": "113.82300", "2017-12-31": "38.33500", "2017-09-30": "45.79500", "2017-06-30": "16.01500", "2017-03-31": "0.92400", "2016-12-31": "53.96990", "2016-09-30": "43.34300", "2016-06-30": "149.09500", "2016-03-31": "32.50300", "2015-12-31": "113.11000", "2015-09-30": "176.75300", "2015-06-30": "-29.17900", "2015-03-31": "42.22600", "2014-12-31": "42.88200", "2014-09-30": "40.05200", "2014-06-30": "129.95200", "2014-03-31": "150.84300", "2013-12-31": "30.74400", "2013-09-30": "24.11400", "2013-06-30": "27.41000", "2013-03-31": "28.42800", "2012-12-31": "-3.09500", "2012-09-30": "27.67900", "2012-06-30": "117.55800", "2012-03-31": "28.69100", "2011-12-31": "13.65800", "2011-09-30": "15.37200", "2011-06-30": "501.42600", "2011-03-31": "92.02100", "2010-12-31": "17.42400", "2010-09-30": "86.87000", "2010-06-30": "148.09600", "2010-03-31": "24.21700", "2009-12-31": "-1.90100", "2009-09-30": "14.55900", "2009-06-30": "22.28200", "2009-03-31": "36.24800", "2008-12-31": "-157.80400", "2008-09-30": "33.47600", "2008-06-30": "146.43400", "2008-03-31": "22.86000", "2007-12-31": "-42.39800", "2007-09-30": "20.77600", "2007-06-30": "24.43600", "2007-03-31": "148.81500", "2006-12-31": "13.59100", "2006-09-30": "25.88900", "2006-06-30": "30.21100", "2006-03-31": "27.04200", "2005-12-31": "9.45700", "2005-09-30": "40.88400", "2005-06-30": "26.01400", "2005-03-31": "27.50000"}, "Income From Discontinued Operations": {"2020-12-31": "", "2020-09-30": "", "2020-06-30": "", "2020-03-31": "", "2019-12-31": "", "2019-09-30": "", "2019-06-30": "", "2019-03-31": "", "2018-12-31": "", "2018-09-30": "", "2018-06-30": "", "2018-03-31": "", "2017-12-31": "", "2017-09-30": "", "2017-06-30": "", "2017-03-31": "", "2016-12-31": "", "2016-09-30": "", "2016-06-30": "", "2016-03-31": "", "2015-12-31": "1.13900", "2015-09-30": "", "2015-06-30": "", "2015-03-31": "13.41000", "2014-12-31": "22.44300", "2014-09-30": "33.54200", "2014-06-30": "120.38000", "2014-03-31": "5.76900", "2013-12-31": "13.61800", "2013-09-30": "21.22200", "2013-06-30": "3.83800", "2013-03-31": "1.90900", "2012-12-31": "30.55100", "2012-09-30": "0.95100", "2012-06-30": "0.89900", "2012-03-31": "6.46600", "2011-12-31": "3.89500", "2011-09-30": "1.11600", "2011-06-30": "47.76100", "2011-03-31": "1.87300", "2010-12-31": "0.53300", "2010-09-30": "37.69600", "2010-06-30": "2.40300", "2010-03-31": "1.91700", "2009-12-31": "4.86200", "2009-09-30": "-9.96600", "2009-06-30": "-0.70500", "2009-03-31": "6.28600", "2008-12-31": "244.46100", "2008-09-30": "0.06300", "2008-06-30": "1.56600", "2008-03-31": "112.99200", "2007-12-31": "198.31200", "2007-09-30": "82.76100", "2007-06-30": "246.41400", "2007-03-31": "3.58100", "2006-12-31": "20.74000", "2006-09-30": "97.76900", "2006-06-30": "3.81800", "2006-03-31": "1.65900", "2005-12-31": "16.34500", "2005-09-30": "1.41500", "2005-06-30": "35.42500", "2005-03-31": "0.37900"}, "Net Income": {"2020-12-31": "171.00100", "2020-09-30": "13.85900", "2020-06-30": "56.11100", "2020-03-31": "114.80100", "2019-12-31": "17.72400", "2019-09-30": "33.15700", "2019-06-30": "160.81100", "2019-03-31": "43.79200", "2018-12-31": "-61.21900", "2018-09-30": "88.20900", "2018-06-30": "103.55600", "2018-03-31": "101.76600", "2017-12-31": "27.98200", "2017-09-30": "38.86900", "2017-06-30": "8.22200", "2017-03-31": "11.35100", "2016-12-31": "44.01600", "2016-09-30": "34.25200", "2016-06-30": "133.45700", "2016-03-31": "23.22100", "2015-12-31": "101.30300", "2015-09-30": "163.65800", "2015-06-30": "-39.10600", "2015-03-31": "43.27700", "2014-12-31": "56.78500", "2014-09-30": "64.68800", "2014-06-30": "235.54100", "2014-03-31": "146.09000", "2013-12-31": "37.12000", "2013-09-30": "37.02500", "2013-06-30": "8.27600", "2013-03-31": "18.90900", "2012-12-31": "19.95600", "2012-09-30": "7.73200", "2012-06-30": "103.04000", "2012-03-31": "25.25600", "2011-12-31": "2.80800", "2011-09-30": "7.07900", "2011-06-30": "526.45800", "2011-03-31": "80.88700", "2010-12-31": "7.20900", "2010-09-30": "111.50000", "2010-06-30": "137.03800", "2010-03-31": "15.07900", "2009-12-31": "-5.12200", "2009-09-30": "-2.52000", "2009-06-30": "12.54300", "2009-03-31": "32.76800", "2008-12-31": "76.82300", "2008-09-30": "28.82700", "2008-06-30": "134.19100", "2008-03-31": "121.09400", "2007-12-31": "114.47900", "2007-09-30": "98.56800", "2007-06-30": "265.88100", "2007-03-31": "147.42700", "2006-12-31": "29.36300", "2006-09-30": "118.68900", "2006-06-30": "29.06000", "2006-03-31": "23.73200", "2005-12-31": "20.83400", "2005-09-30": "37.33000", "2005-06-30": "56.47000", "2005-03-31": "22.91000"}, "EBITDA": {"2020-12-31": "", "2020-09-30": "127.46200", "2020-06-30": "132.61400", "2020-03-31": "175.56500", "2019-12-31": "160.22400", "2019-09-30": "179.02800", "2019-06-30": "173.97400", "2019-03-31": "165.53700", "2018-12-31": "173.46900", "2018-09-30": "170.53700", "2018-06-30": "167.88400", "2018-03-31": "164.25400", "2017-12-31": "110.51200", "2017-09-30": "202.05700", "2017-06-30": "262.80700", "2017-03-31": "265.49500", "2016-12-31": "203.52890", "2016-09-30": "232.76600", "2016-06-30": "455.64710", "2016-03-31": "280.63100", "2015-12-31": "257.18780", "2015-09-30": "254.85300", "2015-06-30": "248.32100", "2015-03-31": "229.00700", "2014-12-31": "224.52320", "2014-09-30": "230.22100", "2014-06-30": "227.69000", "2014-03-31": "209.93000", "2013-12-31": "182.63900", "2013-09-30": "193.70900", "2013-06-30": "204.51100", "2013-03-31": "207.84600", "2012-12-31": "149.78800", "2012-09-30": "197.96100", "2012-06-30": "189.08000", "2012-03-31": "183.79100", "2011-12-31": "176.21000", "2011-09-30": "164.94200", "2011-06-30": "159.72400", "2011-03-31": "202.27200", "2010-12-31": "136.63910", "2010-09-30": "195.89800", "2010-06-30": "128.23600", "2010-03-31": "125.30900", "2009-12-31": "94.40800", "2009-09-30": "115.07200", "2009-06-30": "91.54800", "2009-03-31": "82.83600", "2008-12-31": "29.31500", "2008-09-30": "140.28900", "2008-06-30": "166.44000", "2008-03-31": "136.97500", "2007-12-31": "99.92000", "2007-09-30": "129.58900", "2007-06-30": "134.63900", "2007-03-31": "170.97900", "2006-12-31": "56.46700", "2006-09-30": "63.35000", "2006-06-30": "59.72400", "2006-03-31": "52.24200", "2005-12-31": "32.87800", "2005-09-30": "55.49300", "2005-06-30": "48.34200", "2005-03-31": "49.04500"}, "EBIT": {"2020-12-31": "47.13100", "2020-09-30": "25.16800", "2020-06-30": "34.01200", "2020-03-31": "104.78600", "2019-12-31": "100.09400", "2019-09-30": "98.40500", "2019-06-30": "101.80100", "2019-03-31": "94.45200", "2018-12-31": "101.33200", "2018-09-30": "97.16000", "2018-06-30": "96.42400", "2018-03-31": "91.32900", "2017-12-31": "108.16700", "2017-09-30": "106.32100", "2017-06-30": "97.25700", "2017-03-31": "110.32800", "2016-12-31": "95.11890", "2016-09-30": "115.28600", "2016-06-30": "12.78500", "2016-03-31": "93.39100", "2015-12-31": "142.76680", "2015-09-30": "101.50800", "2015-06-30": "42.80400", "2015-03-31": "114.05200", "2014-12-31": "120.39900", "2014-09-30": "128.37300", "2014-06-30": "127.34100", "2014-03-31": "116.25000", "2013-12-31": "89.87290", "2013-09-30": "99.75500", "2013-06-30": "116.62800", "2013-03-31": "122.70000", "2012-12-31": "48.19900", "2012-09-30": "104.25000", "2012-06-30": "113.50400", "2012-03-31": "103.12800", "2011-12-31": "90.66810", "2011-09-30": "88.73900", "2011-06-30": "91.34800", "2011-03-31": "134.29300", "2010-12-31": "71.84800", "2010-09-30": "135.75900", "2010-06-30": "69.53900", "2010-03-31": "65.74100", "2009-12-31": "32.20400", "2009-09-30": "54.97200", "2009-06-30": "35.56900", "2009-03-31": "25.91900", "2008-12-31": "-28.00400", "2008-09-30": "83.29700", "2008-06-30": "108.73500", "2008-03-31": "79.48100", "2007-12-31": "41.07200", "2007-09-30": "79.63200", "2007-06-30": "80.62400", "2007-03-31": "128.96800", "2006-12-31": "29.14600", "2006-09-30": "42.23400", "2006-06-30": "43.56700", "2006-03-31": "36.60600", "2005-12-31": "14.02500", "2005-09-30": "38.84400", "2005-06-30": "33.46000", "2005-03-31": "34.21100"}, "Basic Shares Outstanding": {"2020-12-31": "74.29400", "2020-09-30": "70.94620", "2020-06-30": "73.54040", "2020-03-31": "75.65270", "2019-12-31": "79.41180", "2019-09-30": "79.95490", "2019-06-30": "80.61460", "2019-03-31": "80.94690", "2018-12-31": "84.28920", "2018-09-30": "83.13590", "2018-06-30": "84.70020", "2018-03-31": "87.94920", "2017-12-31": "95.77160", "2017-09-30": "95.00600", "2017-06-30": "97.06280", "2017-03-31": "97.78470", "2016-12-31": "97.33970", "2016-09-30": "97.38640", "2016-06-30": "97.29020", "2016-03-31": "97.20960", "2015-12-31": "96.52360", "2015-09-30": "96.79180", "2015-06-30": "96.75100", "2015-03-31": "95.60740", "2014-12-31": "93.05400", "2014-09-30": "93.01520", "2014-06-30": "92.74410", "2014-03-31": "92.41570", "2013-12-31": "89.64860", "2013-09-30": "89.37550", "2013-06-30": "89.05690", "2013-03-31": "88.80330", "2012-12-31": "86.78230", "2012-09-30": "87.67820", "2012-06-30": "87.23900", "2012-03-31": "84.28050", "2011-12-31": "81.38320", "2011-09-30": "83.26220", "2011-06-30": "81.20440", "2011-03-31": "77.14600", "2010-12-31": "75.88290", "2010-09-30": "76.00540", "2010-06-30": "75.82950", "2010-03-31": "75.61280", "2009-12-31": "67.75450", "2009-09-30": "74.65000", "2009-06-30": "65.44990", "2009-03-31": "55.55420", "2008-12-31": "56.34890", "2008-09-30": "56.46260", "2008-06-30": "56.67250", "2008-03-31": "56.82110", "2007-12-31": "57.07370", "2007-09-30": "57.74410", "2007-06-30": "57.82280", "2007-03-31": "55.04020", "2006-12-31": "43.32660", "2006-09-30": "43.99110", "2006-06-30": "41.96440", "2006-03-31": "41.64080", "2005-12-31": "40.60610", "2005-09-30": "40.73240", "2005-06-30": "40.60320", "2005-03-31": "40.12900"}, "Shares Outstanding": {"2020-12-31": "75.16300", "2020-09-30": "75.29030", "2020-06-30": "77.94080", "2020-03-31": "80.22210", "2019-12-31": "84.10360", "2019-09-30": "84.25130", "2019-06-30": "84.91590", "2019-03-31": "85.31620", "2018-12-31": "88.93060", "2018-09-30": "87.85990", "2018-06-30": "89.46780", "2018-03-31": "92.55070", "2017-12-31": "100.46640", "2017-09-30": "99.65700", "2017-06-30": "101.75760", "2017-03-31": "102.55630", "2016-12-31": "101.90240", "2016-09-30": "102.15690", "2016-06-30": "101.81590", "2016-03-31": "101.29800", "2015-12-31": "100.78800", "2015-09-30": "100.97740", "2015-06-30": "96.75100", "2015-03-31": "100.09330", "2014-12-31": "96.86460", "2014-09-30": "96.87440", "2014-06-30": "96.65870", "2014-03-31": "95.91250", "2013-12-31": "92.56050", "2013-09-30": "92.31750", "2013-06-30": "91.85120", "2013-03-31": "91.62380", "2012-12-31": "90.23540", "2012-09-30": "91.22450", "2012-06-30": "90.69980", "2012-03-31": "87.61210", "2011-12-31": "83.79470", "2011-09-30": "85.57950", "2011-06-30": "83.56730", "2011-03-31": "79.32430", "2010-12-31": "77.49580", "2010-09-30": "77.51520", "2010-06-30": "77.52490", "2010-03-31": "77.49480", "2009-12-31": "69.99800", "2009-09-30": "76.91960", "2009-06-30": "67.76130", "2009-03-31": "57.86360", "2008-12-31": "58.87700", "2008-09-30": "58.99170", "2008-06-30": "59.28120", "2008-03-31": "59.48230", "2007-12-31": "60.12750", "2007-09-30": "60.63850", "2007-06-30": "61.47800", "2007-03-31": "59.19960", "2006-12-31": "47.11770", "2006-09-30": "47.81730", "2006-06-30": "45.56900", "2006-03-31": "45.28430", "2005-12-31": "44.21170", "2005-09-30": "44.37690", "2005-06-30": "44.21270", "2005-03-31": "43.87750"}, "Basic EPS": {"2020-12-31": "2.43000", "2020-09-30": "0.19560", "2020-06-30": "0.76160", "2020-03-31": "1.51300", "2019-12-31": "0.24700", "2019-09-30": "0.41170", "2019-06-30": "1.99670", "2019-03-31": "0.53520", "2018-12-31": "-0.68960", "2018-09-30": "1.06010", "2018-06-30": "1.22480", "2018-03-31": "1.15270", "2017-12-31": "0.28820", "2017-09-30": "0.41170", "2017-06-30": "0.08230", "2017-03-31": "0.11320", "2016-12-31": "0.45290", "2016-09-30": "0.34990", "2016-06-30": "1.36890", "2016-03-31": "0.23670", "2015-12-31": "1.04980", "2015-09-30": "1.68790", "2015-06-30": "-0.40140", "2015-03-31": "0.45290", "2014-12-31": "0.57640", "2014-09-30": "0.69990", "2014-06-30": "2.54220", "2014-03-31": "1.58500", "2013-12-31": "0.41170", "2013-09-30": "0.41170", "2013-06-30": "0.09260", "2013-03-31": "0.21610", "2012-12-31": "0.22640", "2012-09-30": "0.09260", "2012-06-30": "1.18360", "2012-03-31": "0.29850", "2011-12-31": "-0.03090", "2011-09-30": "0.08230", "2011-06-30": "6.48420", "2011-03-31": "1.04980", "2010-12-31": "0.09260", "2010-09-30": "1.47180", "2010-06-30": "1.81140", "2010-03-31": "0.19560", "2009-12-31": "-0.19560", "2009-09-30": "-0.03090", "2009-06-30": "0.19560", "2009-03-31": "0.58670", "2008-12-31": "1.38950", "2008-09-30": "0.51460", "2008-06-30": "2.36720", "2008-03-31": "2.13050", "2007-12-31": "1.98640", "2007-09-30": "1.70850", "2007-06-30": "4.60070", "2007-03-31": "2.67600", "2006-12-31": "0.67930", "2006-09-30": "2.69660", "2006-06-30": "0.68960", "2006-03-31": "0.56610", "2005-12-31": "0.50430", "2005-09-30": "0.91600", "2005-06-30": "1.38950", "2005-03-31": "0.57640"}, "EPS - Earnings Per Share": {"2020-12-31": "2.41000", "2020-09-30": "0.19560", "2020-06-30": "0.76160", "2020-03-31": "1.51300", "2019-12-31": "0.24700", "2019-09-30": "0.41170", "2019-06-30": "1.99670", "2019-03-31": "0.53520", "2018-12-31": "-0.68960", "2018-09-30": "1.06010", "2018-06-30": "1.22480", "2018-03-31": "1.15270", "2017-12-31": "0.28820", "2017-09-30": "0.41170", "2017-06-30": "0.08230", "2017-03-31": "0.11320", "2016-12-31": "0.45290", "2016-09-30": "0.34990", "2016-06-30": "1.36890", "2016-03-31": "0.23670", "2015-12-31": "1.03950", "2015-09-30": "1.68790", "2015-06-30": "-0.40140", "2015-03-31": "0.45290", "2014-12-31": "0.57640", "2014-09-30": "0.69990", "2014-06-30": "2.53190", "2014-03-31": "1.57470", "2013-12-31": "0.41170", "2013-09-30": "0.41170", "2013-06-30": "0.09260", "2013-03-31": "0.21610", "2012-12-31": "0.22640", "2012-09-30": "0.09260", "2012-06-30": "1.17330", "2012-03-31": "0.29850", "2011-12-31": "-0.02060", "2011-09-30": "0.08230", "2011-06-30": "6.44300", "2011-03-31": "1.03950", "2010-12-31": "0.09260", "2010-09-30": "1.46150", "2010-06-30": "1.80120", "2010-03-31": "0.19560", "2009-12-31": "-0.18530", "2009-09-30": "-0.03090", "2009-06-30": "0.18530", "2009-03-31": "0.58670", "2008-12-31": "1.39980", "2008-09-30": "0.50430", "2008-06-30": "2.35690", "2008-03-31": "2.12020", "2007-12-31": "2.04820", "2007-09-30": "1.68790", "2007-06-30": "4.50800", "2007-03-31": "2.60400", "2006-12-31": "0.67930", "2006-09-30": "2.60400", "2006-06-30": "0.66900", "2006-03-31": "0.55580", "2005-12-31": "0.49400", "2005-09-30": "0.89540", "2005-06-30": "1.34830", "2005-03-31": "0.55580"}}, "balance sheet": {"Cash On Hand": {"2020-12-31": "372.79500", "2019-12-31": "241.43000", "2018-12-31": "279.11300", "2017-12-31": "250.02600", "2016-12-31": "369.96700", "2015-12-31": "488.97700", "2014-12-31": "430.58500", "2013-12-31": "348.74300", "2012-12-31": "326.05500", "2011-12-31": "224.77600", "2010-12-31": "470.50300", "2009-12-31": "438.21000", "2008-12-31": "832.84300", "2007-12-31": "151.43900", "2006-12-31": "369.45000", "2005-12-31": "84.85400"}, "Receivables": {"2020-12-31": "79.16400", "2019-12-31": "65.08900", "2018-12-31": "69.62200", "2017-12-31": "80.68300", "2016-12-31": "69.62800", "2015-12-31": "74.14100", "2014-12-31": "69.10400", "2013-12-31": "68.92300", "2012-12-31": "63.38600", "2011-12-31": "36.10800", "2010-12-31": "33.34900", "2009-12-31": "31.05300", "2008-12-31": "38.55800", "2007-12-31": "62.09700", "2006-12-31": "41.67800", "2005-12-31": "31.42900"}, "Inventory": {"2020-12-31": "", "2019-12-31": "", "2018-12-31": "", "2017-12-31": "", "2016-12-31": "", "2015-12-31": "", "2014-12-31": "", "2013-12-31": "", "2012-12-31": "", "2011-12-31": "", "2010-12-31": "", "2009-12-31": "", "2008-12-31": "", "2007-12-31": "", "2006-12-31": "", "2005-12-31": ""}, "Pre-Paid Expenses": {"2020-12-31": "", "2019-12-31": "", "2018-12-31": "", "2017-12-31": "", "2016-12-31": "", "2015-12-31": "", "2014-12-31": "", "2013-12-31": "", "2012-12-31": "", "2011-12-31": "", "2010-12-31": "", "2009-12-31": "", "2008-12-31": "", "2007-12-31": "", "2006-12-31": "", "2005-12-31": ""}, "Other Current Assets": {"2020-12-31": "", "2019-12-31": "", "2018-12-31": "", "2017-12-31": "", "2016-12-31": "", "2015-12-31": "", "2014-12-31": "", "2013-12-31": "", "2012-12-31": "", "2011-12-31": "", "2010-12-31": "", "2009-12-31": "", "2008-12-31": "", "2007-12-31": "", "2006-12-31": "", "2005-12-31": ""}, "Total Current Assets": {"2020-12-31": "451.95900", "2019-12-31": "306.51900", "2018-12-31": "348.73500", "2017-12-31": "330.70900", "2016-12-31": "439.59500", "2015-12-31": "563.11800", "2014-12-31": "499.68900", "2013-12-31": "417.66600", "2012-12-31": "389.44100", "2011-12-31": "260.88400", "2010-12-31": "503.85200", "2009-12-31": "469.26300", "2008-12-31": "871.40090", "2007-12-31": "213.53600", "2006-12-31": "411.12800", "2005-12-31": "116.28300"}, "Property, Plant, And Equipment": {"2020-12-31": "5399.00200", "2019-12-31": "6724.00700", "2018-12-31": "6414.79800", "2017-12-31": "7906.00600", "2016-12-31": "10478.64000", "2015-12-31": "14620.90000", "2014-12-31": "12163.98000", "2013-12-31": "10687.54000", "2012-12-31": "10269.63000", "2011-12-31": "10010.55000", "2010-12-31": "7973.77100", "2009-12-31": "7518.67800", "2008-12-31": "7655.24400", "2007-12-31": "8240.98600", "2006-12-31": "2775.72300", "2005-12-31": "2003.62700"}, "Long-Term Investments": {"2020-12-31": "", "2019-12-31": "", "2018-12-31": "", "2017-12-31": "", "2016-12-31": "", "2015-12-31": "", "2014-12-31": "", "2013-12-31": "", "2012-12-31": "", "2011-12-31": "", "2010-12-31": "", "2009-12-31": "", "2008-12-31": "", "2007-12-31": "", "2006-12-31": "", "2005-12-31": ""}, "Goodwill And Intangible Assets": {"2020-12-31": "", "2019-12-31": "", "2018-12-31": "", "2017-12-31": "", "2016-12-31": "", "2015-12-31": "", "2014-12-31": "", "2013-12-31": "", "2012-12-31": "", "2011-12-31": "", "2010-12-31": "", "2009-12-31": "", "2008-12-31": "", "2007-12-31": "", "2006-12-31": "", "2005-12-31": ""}, "Other Long-Term Assets": {"2020-12-31": "5376.64700", "2019-12-31": "5247.50000", "2018-12-31": "5442.73000", "2017-12-31": "5154.65100", "2016-12-31": "4229.77500", "2015-12-31": "3804.93600", "2014-12-31": "3730.01600", "2013-12-31": "3200.22900", "2012-12-31": "3125.33300", "2011-12-31": "2719.66000", "2010-12-31": "2448.83700", "2009-12-31": "2193.39800", "2008-12-31": "2179.09500", "2007-12-31": "2704.60700", "2006-12-31": "1250.90200", "2005-12-31": "1035.14500"}, "Total Long-Term Assets": {"2020-12-31": "11255.61000", "2019-12-31": "12459.80000", "2018-12-31": "12402.62000", "2017-12-31": "13652.20000", "2016-12-31": "15418.19000", "2015-12-31": "19164.53000", "2014-12-31": "16596.90000", "2013-12-31": "14541.34000", "2012-12-31": "13996.85000", "2011-12-31": "13222.97000", "2010-12-31": "10796.44000", "2009-12-31": "10018.31000", "2008-12-31": "10112.95000", "2007-12-31": "11216.54000", "2006-12-31": "4221.09900", "2005-12-31": "3193.49400"}, "Total Assets": {"2020-12-31": "11707.57000", "2019-12-31": "12766.32000", "2018-12-31": "12751.36000", "2017-12-31": "13982.90000", "2016-12-31": "15857.79000", "2015-12-31": "19727.65000", "2014-12-31": "17096.59000", "2013-12-31": "14959.00000", "2012-12-31": "14386.30000", "2011-12-31": "13483.85000", "2010-12-31": "11300.29000", "2009-12-31": "10487.58000", "2008-12-31": "10984.35000", "2007-12-31": "11430.08000", "2006-12-31": "4632.22700", "2005-12-31": "3309.77700"}, "Total Current Liabilities": {"2020-12-31": "166.13400", "2019-12-31": "189.05300", "2018-12-31": "170.21400", "2017-12-31": "175.28400", "2016-12-31": "226.63500", "2015-12-31": "238.61900", "2014-12-31": "310.88000", "2013-12-31": "260.51100", "2012-12-31": "240.67800", "2011-12-31": "268.56300", "2010-12-31": "171.53800", "2009-12-31": "160.71600", "2008-12-31": "203.79200", "2007-12-31": "226.09200", "2006-12-31": "148.18900", "2005-12-31": "95.10100"}, "Long Term Debt": {"2020-12-31": "5115.77000", "2019-12-31": "5552.58500", "2018-12-31": "5585.31700", "2017-12-31": "5897.97500", "2016-12-31": "6523.79800", "2015-12-31": "10316.81000", "2014-12-31": "8199.60900", "2013-12-31": "6967.57900", "2012-12-31": "6557.93800", "2011-12-31": "6052.50900", "2010-12-31": "5268.05700", "2009-12-31": "4909.57100", "2008-12-31": "5598.26300", "2007-12-31": "5739.62400", "2006-12-31": "1831.77300", "2005-12-31": "1558.51200"}, "Other Non-Current Liabilities": {"2020-12-31": "929.43700", "2019-12-31": "814.33700", "2018-12-31": "359.74000", "2017-12-31": "556.50200", "2016-12-31": "580.55100", "2015-12-31": "746.17500", "2014-12-31": "586.24300", "2013-12-31": "399.00900", "2012-12-31": "418.12000", "2011-12-31": "512.44100", "2010-12-31": "378.81700", "2009-12-31": "419.54300", "2008-12-31": "613.00800", "2007-12-31": "923.08000", "2006-12-31": "129.48900", "2005-12-31": "97.66200"}, "Total Long Term Liabilities": {"2020-12-31": "6045.20700", "2019-12-31": "6366.92200", "2018-12-31": "5945.05700", "2017-12-31": "6454.47700", "2016-12-31": "7104.34900", "2015-12-31": "11062.99000", "2014-12-31": "8785.85300", "2013-12-31": "7366.58800", "2012-12-31": "6976.05800", "2011-12-31": "6564.95000", "2010-12-31": "5646.87400", "2009-12-31": "5329.11400", "2008-12-31": "6211.27100", "2007-12-31": "6662.70400", "2006-12-31": "1961.26200", "2005-12-31": "1656.17400"}, "Total Liabilities": {"2020-12-31": "6211.34100", "2019-12-31": "6555.97500", "2018-12-31": "6115.27100", "2017-12-31": "6629.76100", "2016-12-31": "7330.98400", "2015-12-31": "11301.61000", "2014-12-31": "9096.73200", "2013-12-31": "7627.09900", "2012-12-31": "7216.73600", "2011-12-31": "6833.51300", "2010-12-31": "5818.41200", "2009-12-31": "5489.83000", "2008-12-31": "6415.06300", "2007-12-31": "6888.79600", "2006-12-31": "2109.45100", "2005-12-31": "1751.27500"}, "Common Stock Net": {"2020-12-31": "0.71600", "2019-12-31": "0.80300", "2018-12-31": "0.84700", "2017-12-31": "0.93900", "2016-12-31": "1.01700", "2015-12-31": "1.00100", "2014-12-31": "0.97400", "2013-12-31": "0.98600", "2012-12-31": "0.95000", "2011-12-31": "0.89200", "2010-12-31": "0.81700", "2009-12-31": "0.80900", "2008-12-31": "0.60400", "2007-12-31": "0.60100", "2006-12-31": "0.49800", "2005-12-31": "0.42500"}, "Retained Earnings (Accumulated Deficit)": {"2020-12-31": "1015.46200", "2019-12-31": "1084.71900", "2018-12-31": "1278.99800", "2017-12-31": "1139.32900", "2016-12-31": "1578.89300", "2015-12-31": "1643.54600", "2014-12-31": "1607.68900", "2013-12-31": "1619.15000", "2012-12-31": "1701.09200", "2011-12-31": "1704.50600", "2010-12-31": "1172.96300", "2009-12-31": "949.66900", "2008-12-31": "979.93900", "2007-12-31": "791.86100", "2006-12-31": "322.21900", "2005-12-31": "235.54000"}, "Comprehensive Income": {"2020-12-31": "-67.24700", "2019-12-31": "-28.48500", "2018-12-31": "15.10800", "2017-12-31": "18.60400", "2016-12-31": "22.13700", "2015-12-31": "-8.74900", "2014-12-31": "-6.98000", "2013-12-31": "-15.21100", "2012-12-31": "-29.58700", "2011-12-31": "-28.44500", "2010-12-31": "-22.65900", "2009-12-31": "-33.53800", "2008-12-31": "-54.74700", "2007-12-31": "4.94300", "2006-12-31": "13.97100", "2005-12-31": "15.31600"}, "Other Share Holders Equity": {"2020-12-31": "", "2019-12-31": "", "2018-12-31": "", "2017-12-31": "", "2016-12-31": "", "2015-12-31": "", "2014-12-31": "", "2013-12-31": "", "2012-12-31": "", "2011-12-31": "", "2010-12-31": "", "2009-12-31": "", "2008-12-31": "", "2007-12-31": "", "2006-12-31": "", "2005-12-31": ""}, "Share Holder Equity": {"2020-12-31": "5496.22600", "2019-12-31": "6210.34500", "2018-12-31": "6636.08700", "2017-12-31": "7353.14300", "2016-12-31": "8526.80300", "2015-12-31": "8426.03900", "2014-12-31": "7999.85500", "2013-12-31": "7331.90200", "2012-12-31": "7169.56000", "2011-12-31": "6650.33900", "2010-12-31": "5481.88200", "2009-12-31": "4997.74700", "2008-12-31": "4569.29000", "2007-12-31": "4541.28200", "2006-12-31": "2522.77600", "2005-12-31": "1558.50200"}, "Total Liabilities And Share Holders Equity": {"2020-12-31": "11707.57000", "2019-12-31": "12766.32000", "2018-12-31": "12751.36000", "2017-12-31": "13982.90000", "2016-12-31": "15857.79000", "2015-12-31": "19727.65000", "2014-12-31": "17096.59000", "2013-12-31": "14959.00000", "2012-12-31": "14386.30000", "2011-12-31": "13483.85000", "2010-12-31": "11300.29000", "2009-12-31": "10487.58000", "2008-12-31": "10984.35000", "2007-12-31": "11430.08000", "2006-12-31": "4632.22700", "2005-12-31": "3309.77700"}}, "balance sheet, quarterly": {"Cash On Hand": {"2020-12-31": "", "2020-09-30": "304.44900", "2020-06-30": "1101.28300", "2020-03-31": "621.02200", "2019-12-31": "241.43000", "2019-09-30": "216.54400", "2019-06-30": "241.14700", "2019-03-31": "295.71100", "2018-12-31": "279.11300", "2018-09-30": "258.59200", "2018-06-30": "379.98000", "2018-03-31": "378.26500", "2017-12-31": "250.02600", "2017-09-30": "349.25200", "2017-06-30": "380.92400", "2017-03-31": "539.25000", "2016-12-31": "369.96700", "2016-09-30": "506.09100", "2016-06-30": "443.13100", "2016-03-31": "496.14300", "2015-12-31": "488.97700", "2015-09-30": "523.95200", "2015-06-30": "344.13000", "2015-03-31": "459.60400", "2014-12-31": "430.58500", "2014-09-30": "412.82300", "2014-06-30": "465.32800", "2014-03-31": "601.65400", "2013-12-31": "348.74300", "2013-09-30": "565.94200", "2013-06-30": "329.45200", "2013-03-31": "350.33700", "2012-12-31": "326.05500", "2012-09-30": "305.42100", "2012-06-30": "395.29200", "2012-03-31": "232.22800", "2011-12-31": "224.77600", "2011-09-30": "496.58900", "2011-06-30": "475.59900", "2011-03-31": "341.84400", "2010-12-31": "470.50300", "2010-09-30": "424.47000", "2010-06-30": "497.09200", "2010-03-31": "337.97200", "2009-12-31": "438.21000", "2009-09-30": "725.42700", "2009-06-30": "763.92200", "2009-03-31": "531.05500", "2008-12-31": "832.84300", "2008-09-30": "816.98100", "2008-06-30": "155.35500", "2008-03-31": "190.92000", "2007-12-31": "151.43900", "2007-09-30": "217.65200", "2007-06-30": "211.54700", "2007-03-31": "627.95100", "2006-12-31": "369.45000", "2006-09-30": "403.92600", "2006-06-30": "75.84700", "2006-03-31": "80.02400", "2005-12-31": "84.85400", "2005-09-30": "70.40800", "2005-06-30": "64.11400", "2005-03-31": "70.19900"}, "Receivables": {"2020-12-31": "", "2020-09-30": "104.74200", "2020-06-30": "107.28900", "2020-03-31": "114.67900", "2019-12-31": "65.08900", "2019-09-30": "64.98000", "2019-06-30": "61.95600", "2019-03-31": "77.28700", "2018-12-31": "69.62200", "2018-09-30": "66.03900", "2018-06-30": "75.33600", "2018-03-31": "80.85700", "2017-12-31": "80.68300", "2017-09-30": "78.73100", "2017-06-30": "74.67100", "2017-03-31": "71.26400", "2016-12-31": "69.62800", "2016-09-30": "70.81600", "2016-06-30": "70.61000", "2016-03-31": "70.58900", "2015-12-31": "74.14100", "2015-09-30": "77.98500", "2015-06-30": "76.26800", "2015-03-31": "62.24400", "2014-12-31": "69.10400", "2014-09-30": "77.44600", "2014-06-30": "60.75900", "2014-03-31": "67.24300", "2013-12-31": "68.92300", "2013-09-30": "59.15400", "2013-06-30": "58.49100", "2013-03-31": "53.11900", "2012-12-31": "63.38600", "2012-09-30": "35.31500", "2012-06-30": "40.52100", "2012-03-31": "36.68500", "2011-12-31": "36.10800", "2011-09-30": "34.87300", "2011-06-30": "31.03100", "2011-03-31": "29.96700", "2010-12-31": "33.34900", "2010-09-30": "36.55800", "2010-06-30": "28.76000", "2010-03-31": "26.19800", "2009-12-31": "31.05300", "2009-09-30": "36.46900", "2009-06-30": "41.18500", "2009-03-31": "47.57800", "2008-12-31": "38.55800", "2008-09-30": "49.61000", "2008-06-30": "51.03300", "2008-03-31": "58.04200", "2007-12-31": "62.09700", "2007-09-30": "81.76500", "2007-06-30": "52.60000", "2007-03-31": "67.97800", "2006-12-31": "41.67800", "2006-09-30": "41.60000", "2006-06-30": "35.44500", "2006-03-31": "27.34000", "2005-12-31": "31.42900", "2005-09-30": "25.52600", "2005-06-30": "21.98900", "2005-03-31": "20.69300"}, "Inventory": {"2020-12-31": "", "2020-09-30": "", "2020-06-30": "", "2020-03-31": "", "2019-12-31": "", "2019-09-30": "", "2019-06-30": "", "2019-03-31": "", "2018-12-31": "", "2018-09-30": "", "2018-06-30": "", "2018-03-31": "", "2017-12-31": "", "2017-09-30": "", "2017-06-30": "", "2017-03-31": "", "2016-12-31": "", "2016-09-30": "", "2016-06-30": "", "2016-03-31": "", "2015-12-31": "", "2015-09-30": "", "2015-06-30": "", "2015-03-31": "", "2014-12-31": "", "2014-09-30": "", "2014-06-30": "", "2014-03-31": "", "2013-12-31": "", "2013-09-30": "", "2013-06-30": "", "2013-03-31": "", "2012-12-31": "", "2012-09-30": "", "2012-06-30": "", "2012-03-31": "", "2011-12-31": "", "2011-09-30": "", "2011-06-30": "", "2011-03-31": "", "2010-12-31": "", "2010-09-30": "", "2010-06-30": "", "2010-03-31": "", "2009-12-31": "", "2009-09-30": "", "2009-06-30": "", "2009-03-31": "", "2008-12-31": "", "2008-09-30": "", "2008-06-30": "", "2008-03-31": "", "2007-12-31": "", "2007-09-30": "", "2007-06-30": "", "2007-03-31": "", "2006-12-31": "", "2006-09-30": "", "2006-06-30": "", "2006-03-31": "", "2005-12-31": "", "2005-09-30": "", "2005-06-30": "", "2005-03-31": ""}, "Pre-Paid Expenses": {"2020-12-31": "", "2020-09-30": "", "2020-06-30": "", "2020-03-31": "", "2019-12-31": "", "2019-09-30": "", "2019-06-30": "", "2019-03-31": "", "2018-12-31": "", "2018-09-30": "", "2018-06-30": "", "2018-03-31": "", "2017-12-31": "", "2017-09-30": "", "2017-06-30": "", "2017-03-31": "", "2016-12-31": "", "2016-09-30": "", "2016-06-30": "", "2016-03-31": "", "2015-12-31": "", "2015-09-30": "", "2015-06-30": "", "2015-03-31": "", "2014-12-31": "", "2014-09-30": "", "2014-06-30": "", "2014-03-31": "", "2013-12-31": "", "2013-09-30": "", "2013-06-30": "", "2013-03-31": "", "2012-12-31": "", "2012-09-30": "", "2012-06-30": "", "2012-03-31": "", "2011-12-31": "", "2011-09-30": "", "2011-06-30": "", "2011-03-31": "", "2010-12-31": "", "2010-09-30": "", "2010-06-30": "", "2010-03-31": "", "2009-12-31": "", "2009-09-30": "", "2009-06-30": "", "2009-03-31": "", "2008-12-31": "", "2008-09-30": "", "2008-06-30": "", "2008-03-31": "", "2007-12-31": "", "2007-09-30": "", "2007-06-30": "", "2007-03-31": "", "2006-12-31": "", "2006-09-30": "", "2006-06-30": "", "2006-03-31": "", "2005-12-31": "", "2005-09-30": "", "2005-06-30": "", "2005-03-31": ""}, "Other Current Assets": {"2020-12-31": "", "2020-09-30": "", "2020-06-30": "", "2020-03-31": "", "2019-12-31": "", "2019-09-30": "", "2019-06-30": "", "2019-03-31": "", "2018-12-31": "", "2018-09-30": "", "2018-06-30": "", "2018-03-31": "", "2017-12-31": "", "2017-09-30": "", "2017-06-30": "", "2017-03-31": "", "2016-12-31": "", "2016-09-30": "", "2016-06-30": "", "2016-03-31": "", "2015-12-31": "", "2015-09-30": "", "2015-06-30": "", "2015-03-31": "", "2014-12-31": "", "2014-09-30": "", "2014-06-30": "", "2014-03-31": "", "2013-12-31": "", "2013-09-30": "", "2013-06-30": "", "2013-03-31": "", "2012-12-31": "", "2012-09-30": "", "2012-06-30": "", "2012-03-31": "", "2011-12-31": "", "2011-09-30": "", "2011-06-30": "", "2011-03-31": "", "2010-12-31": "", "2010-09-30": "", "2010-06-30": "", "2010-03-31": "", "2009-12-31": "", "2009-09-30": "", "2009-06-30": "", "2009-03-31": "", "2008-12-31": "", "2008-09-30": "", "2008-06-30": "", "2008-03-31": "", "2007-12-31": "", "2007-09-30": "", "2007-06-30": "", "2007-03-31": "", "2006-12-31": "", "2006-09-30": "", "2006-06-30": "", "2006-03-31": "", "2005-12-31": "", "2005-09-30": "", "2005-06-30": "", "2005-03-31": ""}, "Total Current Assets": {"2020-12-31": "", "2020-09-30": "409.19100", "2020-06-30": "1208.57200", "2020-03-31": "735.70100", "2019-12-31": "306.51900", "2019-09-30": "281.52400", "2019-06-30": "303.10300", "2019-03-31": "372.99800", "2018-12-31": "348.73500", "2018-09-30": "324.63100", "2018-06-30": "455.31600", "2018-03-31": "459.12200", "2017-12-31": "330.70900", "2017-09-30": "427.98300", "2017-06-30": "455.59500", "2017-03-31": "610.51400", "2016-12-31": "439.59500", "2016-09-30": "576.90700", "2016-06-30": "513.74100", "2016-03-31": "566.73200", "2015-12-31": "563.11800", "2015-09-30": "601.93700", "2015-06-30": "420.39800", "2015-03-31": "521.84800", "2014-12-31": "499.68900", "2014-09-30": "490.26900", "2014-06-30": "526.08700", "2014-03-31": "668.89700", "2013-12-31": "417.66600", "2013-09-30": "625.09600", "2013-06-30": "387.94300", "2013-03-31": "403.45600", "2012-12-31": "389.44100", "2012-09-30": "340.73600", "2012-06-30": "435.81300", "2012-03-31": "268.91300", "2011-12-31": "260.88400", "2011-09-30": "531.46200", "2011-06-30": "506.63000", "2011-03-31": "371.81100", "2010-12-31": "503.85200", "2010-09-30": "461.02800", "2010-06-30": "525.85200", "2010-03-31": "364.17000", "2009-12-31": "469.26300", "2009-09-30": "761.89600", "2009-06-30": "805.10700", "2009-03-31": "578.63300", "2008-12-31": "871.40090", "2008-09-30": "866.59090", "2008-06-30": "206.38800", "2008-03-31": "248.96200", "2007-12-31": "213.53600", "2007-09-30": "299.41700", "2007-06-30": "264.14700", "2007-03-31": "695.92900", "2006-12-31": "411.12800", "2006-09-30": "445.52600", "2006-06-30": "111.29200", "2006-03-31": "107.36400", "2005-12-31": "116.28300", "2005-09-30": "95.93400", "2005-06-30": "86.10300", "2005-03-31": "90.89200"}, "Property, Plant, And Equipment": {"2020-12-31": "", "2020-09-30": "6761.24300", "2020-06-30": "6804.05200", "2020-03-31": "6931.79800", "2019-12-31": "6724.00700", "2019-09-30": "6941.09400", "2019-06-30": "7333.20900", "2019-03-31": "6782.41800", "2018-12-31": "6414.79800", "2018-09-30": "6524.92900", "2018-06-30": "6595.22100", "2018-03-31": "6828.55000", "2017-12-31": "7906.00600", "2017-09-30": "9421.50100", "2017-06-30": "9504.72000", "2017-03-31": "10387.21000", "2016-12-31": "10478.64000", "2016-09-30": "10418.72000", "2016-06-30": "12788.08000", "2016-03-31": "12828.94000", "2015-12-31": "14620.90000", "2015-09-30": "14261.10000", "2015-06-30": "11524.23000", "2015-03-31": "12004.79000", "2014-12-31": "12163.98000", "2014-09-30": "12119.62000", "2014-06-30": "11957.92000", "2014-03-31": "10586.51000", "2013-12-31": "10687.54000", "2013-09-30": "10139.70000", "2013-06-30": "10160.57000", "2013-03-31": "10270.33000", "2012-12-31": "10269.63000", "2012-09-30": "10380.30000", "2012-06-30": "10242.22000", "2012-03-31": "10135.91000", "2011-12-31": "10010.55000", "2011-09-30": "9548.01900", "2011-06-30": "9601.59600", "2011-03-31": "8307.55200", "2010-12-31": "7973.77100", "2010-09-30": "7727.76400", "2010-06-30": "7500.87400", "2010-03-31": "7596.93100", "2009-12-31": "7518.67800", "2009-09-30": "7529.17100", "2009-06-30": "7590.96300", "2009-03-31": "7614.37500", "2008-12-31": "7655.24400", "2008-09-30": "7755.81300", "2008-06-30": "8267.32700", "2008-03-31": "8277.66800", "2007-12-31": "8240.98600", "2007-09-30": "8090.30000", "2007-06-30": "7257.91100", "2007-03-31": "6974.38300", "2006-12-31": "2775.72300", "2006-09-30": "2485.27900", "2006-06-30": "2259.25100", "2006-03-31": "2112.15300", "2005-12-31": "2003.62700", "2005-09-30": "1977.82400", "2005-06-30": "1857.57100", "2005-03-31": "1665.84700"}, "Long-Term Investments": {"2020-12-31": "", "2020-09-30": "", "2020-06-30": "", "2020-03-31": "", "2019-12-31": "", "2019-09-30": "", "2019-06-30": "", "2019-03-31": "", "2018-12-31": "", "2018-09-30": "", "2018-06-30": "", "2018-03-31": "", "2017-12-31": "", "2017-09-30": "", "2017-06-30": "", "2017-03-31": "", "2016-12-31": "", "2016-09-30": "", "2016-06-30": "", "2016-03-31": "", "2015-12-31": "", "2015-09-30": "", "2015-06-30": "", "2015-03-31": "", "2014-12-31": "", "2014-09-30": "", "2014-06-30": "", "2014-03-31": "", "2013-12-31": "", "2013-09-30": "", "2013-06-30": "", "2013-03-31": "", "2012-12-31": "", "2012-09-30": "", "2012-06-30": "", "2012-03-31": "", "2011-12-31": "", "2011-09-30": "", "2011-06-30": "", "2011-03-31": "", "2010-12-31": "", "2010-09-30": "", "2010-06-30": "", "2010-03-31": "", "2009-12-31": "", "2009-09-30": "", "2009-06-30": "", "2009-03-31": "", "2008-12-31": "", "2008-09-30": "", "2008-06-30": "", "2008-03-31": "", "2007-12-31": "", "2007-09-30": "", "2007-06-30": "", "2007-03-31": "", "2006-12-31": "", "2006-09-30": "", "2006-06-30": "", "2006-03-31": "", "2005-12-31": "", "2005-09-30": "", "2005-06-30": "", "2005-03-31": ""}, "Goodwill And Intangible Assets": {"2020-12-31": "", "2020-09-30": "", "2020-06-30": "", "2020-03-31": "", "2019-12-31": "", "2019-09-30": "", "2019-06-30": "", "2019-03-31": "", "2018-12-31": "", "2018-09-30": "", "2018-06-30": "", "2018-03-31": "", "2017-12-31": "", "2017-09-30": "", "2017-06-30": "", "2017-03-31": "", "2016-12-31": "", "2016-09-30": "", "2016-06-30": "", "2016-03-31": "", "2015-12-31": "", "2015-09-30": "", "2015-06-30": "", "2015-03-31": "", "2014-12-31": "", "2014-09-30": "", "2014-06-30": "", "2014-03-31": "", "2013-12-31": "", "2013-09-30": "", "2013-06-30": "", "2013-03-31": "", "2012-12-31": "", "2012-09-30": "", "2012-06-30": "", "2012-03-31": "", "2011-12-31": "", "2011-09-30": "", "2011-06-30": "", "2011-03-31": "", "2010-12-31": "", "2010-09-30": "", "2010-06-30": "", "2010-03-31": "", "2009-12-31": "", "2009-09-30": "", "2009-06-30": "", "2009-03-31": "", "2008-12-31": "", "2008-09-30": "", "2008-06-30": "", "2008-03-31": "", "2007-12-31": "", "2007-09-30": "", "2007-06-30": "", "2007-03-31": "", "2006-12-31": "", "2006-09-30": "", "2006-06-30": "", "2006-03-31": "", "2005-12-31": "", "2005-09-30": "", "2005-06-30": "", "2005-03-31": ""}, "Other Long-Term Assets": {"2020-12-31": "", "2020-09-30": "4642.64300", "2020-06-30": "4538.39900", "2020-03-31": "5010.69600", "2019-12-31": "5247.50000", "2019-09-30": "5583.31400", "2019-06-30": "5431.39800", "2019-03-31": "5681.64400", "2018-12-31": "5442.73000", "2018-09-30": "6073.61900", "2018-06-30": "6141.79400", "2018-03-31": "5577.09400", "2017-12-31": "5154.65100", "2017-09-30": "4618.61200", "2017-06-30": "4714.62800", "2017-03-31": "4157.85300", "2016-12-31": "4229.77500", "2016-09-30": "4112.49500", "2016-06-30": "3542.12200", "2016-03-31": "5515.45800", "2015-12-31": "3804.93600", "2015-09-30": "3816.96700", "2015-06-30": "4559.49700", "2015-03-31": "3819.31000", "2014-12-31": "3730.01600", "2014-09-30": "3952.08100", "2014-06-30": "3579.29500", "2014-03-31": "3467.35700", "2013-12-31": "3200.22900", "2013-09-30": "3187.65500", "2013-06-30": "3246.40100", "2013-03-31": "3262.91000", "2012-12-31": "3125.33300", "2012-09-30": "2980.41300", "2012-06-30": "2896.22800", "2012-03-31": "2844.74000", "2011-12-31": "2719.66000", "2011-09-30": "2626.44100", "2011-06-30": "2109.60300", "2011-03-31": "2358.73900", "2010-12-31": "2448.83700", "2010-09-30": "2052.10000", "2010-06-30": "2048.96400", "2010-03-31": "2224.68200", "2009-12-31": "2193.39800", "2009-09-30": "1943.06800", "2009-06-30": "1906.77500", "2009-03-31": "2021.70200", "2008-12-31": "2179.09500", "2008-09-30": "2580.15800", "2008-06-30": "2376.53800", "2008-03-31": "2635.23800", "2007-12-31": "2704.60700", "2007-09-30": "1864.53900", "2007-06-30": "1704.66200", "2007-03-31": "1735.44600", "2006-12-31": "1250.90200", "2006-09-30": "1136.53600", "2006-06-30": "1166.10100", "2006-03-31": "1105.62100", "2005-12-31": "1035.14500", "2005-09-30": "1136.07100", "2005-06-30": "1080.40700", "2005-03-31": "1057.10800"}, "Total Long-Term Assets": {"2020-12-31": "", "2020-09-30": "11914.85000", "2020-06-30": "11862.99000", "2020-03-31": "12484.91000", "2019-12-31": "12459.80000", "2019-09-30": "13013.46000", "2019-06-30": "13326.84000", "2019-03-31": "13012.78000", "2018-12-31": "12402.62000", "2018-09-30": "13130.37000", "2018-06-30": "13258.61000", "2018-03-31": "12921.75000", "2017-12-31": "13652.20000", "2017-09-30": "14681.89000", "2017-06-30": "14854.11000", "2017-03-31": "15266.76000", "2016-12-31": "15418.19000", "2016-09-30": "15214.04000", "2016-06-30": "17030.48000", "2016-03-31": "19019.24000", "2015-12-31": "19164.53000", "2015-09-30": "18888.63000", "2015-06-30": "16846.56000", "2015-03-31": "16558.88000", "2014-12-31": "16596.90000", "2014-09-30": "16746.84000", "2014-06-30": "16191.65000", "2014-03-31": "14694.39000", "2013-12-31": "14541.34000", "2013-09-30": "13949.82000", "2013-06-30": "14013.98000", "2013-03-31": "14140.51000", "2012-12-31": "13996.85000", "2012-09-30": "13944.20000", "2012-06-30": "13703.30000", "2012-03-31": "13492.80000", "2011-12-31": "13222.97000", "2011-09-30": "12631.18000", "2011-06-30": "12137.45000", "2011-03-31": "11070.55000", "2010-12-31": "10796.44000", "2010-09-30": "10126.85000", "2010-06-30": "9882.18200", "2010-03-31": "10150.07000", "2009-12-31": "10018.31000", "2009-09-30": "9772.03800", "2009-06-30": "9789.94300", "2009-03-31": "9922.50000", "2008-12-31": "10112.95000", "2008-09-30": "10624.64000", "2008-06-30": "10943.20000", "2008-03-31": "11200.07000", "2007-12-31": "11216.54000", "2007-09-30": "10216.77000", "2007-06-30": "9188.19800", "2007-03-31": "8929.85500", "2006-12-31": "4221.09900", "2006-09-30": "3781.28000", "2006-06-30": "3580.66000", "2006-03-31": "3375.16800", "2005-12-31": "3193.49400", "2005-09-30": "3256.39600", "2005-06-30": "3068.74200", "2005-03-31": "2842.07000"}, "Total Assets": {"2020-12-31": "0.00000", "2020-09-30": "12324.04000", "2020-06-30": "13071.56000", "2020-03-31": "13220.61000", "2019-12-31": "12766.32000", "2019-09-30": "13294.98000", "2019-06-30": "13629.94000", "2019-03-31": "13385.77000", "2018-12-31": "12751.36000", "2018-09-30": "13455.00000", "2018-06-30": "13713.93000", "2018-03-31": "13380.87000", "2017-12-31": "13982.90000", "2017-09-30": "15109.87000", "2017-06-30": "15309.71000", "2017-03-31": "15877.27000", "2016-12-31": "15857.79000", "2016-09-30": "15790.94000", "2016-06-30": "17544.22000", "2016-03-31": "19585.97000", "2015-12-31": "19727.65000", "2015-09-30": "19490.57000", "2015-06-30": "17266.96000", "2015-03-31": "17080.73000", "2014-12-31": "17096.59000", "2014-09-30": "17237.11000", "2014-06-30": "16717.74000", "2014-03-31": "15363.29000", "2013-12-31": "14959.00000", "2013-09-30": "14574.92000", "2013-06-30": "14401.92000", "2013-03-31": "14543.96000", "2012-12-31": "14386.30000", "2012-09-30": "14284.94000", "2012-06-30": "14139.11000", "2012-03-31": "13761.71000", "2011-12-31": "13483.85000", "2011-09-30": "13162.64000", "2011-06-30": "12644.08000", "2011-03-31": "11442.37000", "2010-12-31": "11300.29000", "2010-09-30": "10587.88000", "2010-06-30": "10408.03000", "2010-03-31": "10514.24000", "2009-12-31": "10487.58000", "2009-09-30": "10533.93000", "2009-06-30": "10595.05000", "2009-03-31": "10501.13000", "2008-12-31": "10984.35000", "2008-09-30": "11491.23000", "2008-06-30": "11149.59000", "2008-03-31": "11449.03000", "2007-12-31": "11430.08000", "2007-09-30": "10516.19000", "2007-06-30": "9452.34500", "2007-03-31": "9625.78500", "2006-12-31": "4632.22700", "2006-09-30": "4226.80600", "2006-06-30": "3691.95200", "2006-03-31": "3482.53200", "2005-12-31": "3309.77700", "2005-09-30": "3352.33000", "2005-06-30": "3154.84500", "2005-03-31": "2932.96200"}, "Total Current Liabilities": {"2020-12-31": "", "2020-09-30": "176.42100", "2020-06-30": "180.46800", "2020-03-31": "185.12700", "2019-12-31": "189.05300", "2019-09-30": "170.92900", "2019-06-30": "159.03700", "2019-03-31": "140.82900", "2018-12-31": "170.21400", "2018-09-30": "168.29300", "2018-06-30": "166.84300", "2018-03-31": "168.60500", "2017-12-31": "175.28400", "2017-09-30": "179.13400", "2017-06-30": "170.77200", "2017-03-31": "203.10300", "2016-12-31": "226.63500", "2016-09-30": "209.68000", "2016-06-30": "226.06800", "2016-03-31": "205.26300", "2015-12-31": "238.61900", "2015-09-30": "377.45200", "2015-06-30": "308.21600", "2015-03-31": "314.33700", "2014-12-31": "310.88000", "2014-09-30": "310.81200", "2014-06-30": "292.94500", "2014-03-31": "253.19800", "2013-12-31": "260.51100", "2013-09-30": "237.07800", "2013-06-30": "210.44400", "2013-03-31": "217.47800", "2012-12-31": "240.67800", "2012-09-30": "247.98000", "2012-06-30": "254.91300", "2012-03-31": "253.99800", "2011-12-31": "268.56300", "2011-09-30": "272.85000", "2011-06-30": "233.44500", "2011-03-31": "274.62300", "2010-12-31": "171.53800", "2010-09-30": "166.17100", "2010-06-30": "168.81300", "2010-03-31": "160.28000", "2009-12-31": "160.71600", "2009-09-30": "166.61200", "2009-06-30": "163.44400", "2009-03-31": "188.41500", "2008-12-31": "203.79200", "2008-09-30": "187.52500", "2008-06-30": "171.76400", "2008-03-31": "174.77800", "2007-12-31": "226.09200", "2007-09-30": "219.54500", "2007-06-30": "190.44400", "2007-03-31": "206.52000", "2006-12-31": "148.18900", "2006-09-30": "106.09400", "2006-06-30": "92.96800", "2006-03-31": "76.78500", "2005-12-31": "95.10100", "2005-09-30": "84.91800", "2005-06-30": "73.66800", "2005-03-31": "66.63700"}, "Long Term Debt": {"2020-12-31": "", "2020-09-30": "5594.15500", "2020-06-30": "6277.23700", "2020-03-31": "6123.26700", "2019-12-31": "5552.58500", "2019-09-30": "5880.01900", "2019-06-30": "6126.82300", "2019-03-31": "5933.88700", "2018-12-31": "5585.31700", "2018-09-30": "5584.21400", "2018-06-30": "5900.63200", "2018-03-31": "5465.26500", "2017-12-31": "5897.97500", "2017-09-30": "6467.71600", "2017-06-30": "6418.73400", "2017-03-31": "6621.79000", "2016-12-31": "6523.79800", "2016-09-30": "6399.76300", "2016-06-30": "8003.97100", "2016-03-31": "8550.08100", "2015-12-31": "10316.81000", "2015-09-30": "10171.67000", "2015-06-30": "8226.99700", "2015-03-31": "8110.00100", "2014-12-31": "8199.60900", "2014-09-30": "8309.67800", "2014-06-30": "8187.01700", "2014-03-31": "7215.96000", "2013-12-31": "6967.57900", "2013-09-30": "6867.11900", "2013-06-30": "6757.67600", "2013-03-31": "6721.47700", "2012-12-31": "6557.93800", "2012-09-30": "6342.65200", "2012-06-30": "6232.38000", "2012-03-31": "6098.17600", "2011-12-31": "6052.50900", "2011-09-30": "5903.53500", "2011-06-30": "5614.66200", "2011-03-31": "4915.81800", "2010-12-31": "5268.05700", "2010-09-30": "4645.23500", "2010-06-30": "4575.92600", "2010-03-31": "4793.33100", "2009-12-31": "4909.57100", "2009-09-30": "4932.50400", "2009-06-30": "4979.42200", "2009-03-31": "5242.96200", "2008-12-31": "5598.26300", "2008-09-30": "5892.63000", "2008-06-30": "5422.09400", "2008-03-31": "5774.80100", "2007-12-31": "5739.62400", "2007-09-30": "5346.13300", "2007-06-30": "4669.84000", "2007-03-31": "4965.73500", "2006-12-31": "1831.77300", "2006-09-30": "1896.68400", "2006-06-30": "1774.96900", "2006-03-31": "1710.19900", "2005-12-31": "1558.51200", "2005-09-30": "1642.86800", "2005-06-30": "1509.91900", "2005-03-31": "1331.42100"}, "Other Non-Current Liabilities": {"2020-12-31": "", "2020-09-30": "863.80900", "2020-06-30": "823.94700", "2020-03-31": "943.33500", "2019-12-31": "814.33700", "2019-09-30": "792.58800", "2019-06-30": "776.47100", "2019-03-31": "769.08900", "2018-12-31": "359.74000", "2018-09-30": "666.29400", "2018-06-30": "616.40200", "2018-03-31": "431.97900", "2017-12-31": "556.50200", "2017-09-30": "506.18500", "2017-06-30": "583.01600", "2017-03-31": "555.38600", "2016-12-31": "580.55100", "2016-09-30": "666.10100", "2016-06-30": "778.15300", "2016-03-31": "2423.68600", "2015-12-31": "746.17500", "2015-09-30": "563.74800", "2015-06-30": "651.22100", "2015-03-31": "503.22200", "2014-12-31": "586.24300", "2014-09-30": "798.77700", "2014-06-30": "536.17200", "2014-03-31": "428.13900", "2013-12-31": "399.00900", "2013-09-30": "404.03200", "2013-06-30": "417.11600", "2013-03-31": "429.60700", "2012-12-31": "418.12000", "2012-09-30": "519.63900", "2012-06-30": "511.25300", "2012-03-31": "469.82900", "2011-12-31": "512.44100", "2011-09-30": "458.90700", "2011-06-30": "376.30800", "2011-03-31": "492.34600", "2010-12-31": "378.81700", "2010-09-30": "391.13800", "2010-06-30": "397.21300", "2010-03-31": "416.99900", "2009-12-31": "419.54300", "2009-09-30": "439.25500", "2009-06-30": "442.72500", "2009-03-31": "480.87300", "2008-12-31": "613.00800", "2008-09-30": "874.83200", "2008-06-30": "892.39100", "2008-03-31": "911.53000", "2007-12-31": "923.08000", "2007-09-30": "485.74000", "2007-06-30": "146.24300", "2007-03-31": "222.34300", "2006-12-31": "129.48900", "2006-09-30": "237.13400", "2006-06-30": "222.84900", "2006-03-31": "106.85400", "2005-12-31": "97.66200", "2005-09-30": "93.91300", "2005-06-30": "85.23700", "2005-03-31": "85.33700"}, "Total Long Term Liabilities": {"2020-12-31": "", "2020-09-30": "6457.96400", "2020-06-30": "7101.18400", "2020-03-31": "7066.60200", "2019-12-31": "6366.92200", "2019-09-30": "6672.60700", "2019-06-30": "6903.29400", "2019-03-31": "6702.97600", "2018-12-31": "5945.05700", "2018-09-30": "6250.50800", "2018-06-30": "6517.03400", "2018-03-31": "5897.24400", "2017-12-31": "6454.47700", "2017-09-30": "6973.90100", "2017-06-30": "7001.75000", "2017-03-31": "7177.17600", "2016-12-31": "7104.34900", "2016-09-30": "7065.86400", "2016-06-30": "8782.12400", "2016-03-31": "10973.77000", "2015-12-31": "11062.99000", "2015-09-30": "10735.42000", "2015-06-30": "8878.21800", "2015-03-31": "8613.22300", "2014-12-31": "8785.85300", "2014-09-30": "9108.45500", "2014-06-30": "8723.18800", "2014-03-31": "7644.09900", "2013-12-31": "7366.58800", "2013-09-30": "7271.15100", "2013-06-30": "7174.79200", "2013-03-31": "7151.08400", "2012-12-31": "6976.05800", "2012-09-30": "6862.29100", "2012-06-30": "6743.63300", "2012-03-31": "6568.00500", "2011-12-31": "6564.95000", "2011-09-30": "6362.44200", "2011-06-30": "5990.97000", "2011-03-31": "5408.16400", "2010-12-31": "5646.87400", "2010-09-30": "5036.37300", "2010-06-30": "4973.13900", "2010-03-31": "5210.33000", "2009-12-31": "5329.11400", "2009-09-30": "5371.75900", "2009-06-30": "5422.14700", "2009-03-31": "5723.83500", "2008-12-31": "6211.27100", "2008-09-30": "6767.46200", "2008-06-30": "6314.48500", "2008-03-31": "6686.33100", "2007-12-31": "6662.70400", "2007-09-30": "5831.87300", "2007-06-30": "4816.08300", "2007-03-31": "5188.07800", "2006-12-31": "1961.26200", "2006-09-30": "2133.81800", "2006-06-30": "1997.81800", "2006-03-31": "1817.05300", "2005-12-31": "1656.17400", "2005-09-30": "1736.78100", "2005-06-30": "1595.15600", "2005-03-31": "1416.75800"}, "Total Liabilities": {"2020-12-31": "", "2020-09-30": "6634.38500", "2020-06-30": "7281.65200", "2020-03-31": "7251.72800", "2019-12-31": "6555.97500", "2019-09-30": "6843.53600", "2019-06-30": "7062.33100", "2019-03-31": "6843.80500", "2018-12-31": "6115.27100", "2018-09-30": "6418.80100", "2018-06-30": "6683.87700", "2018-03-31": "6065.84900", "2017-12-31": "6629.76100", "2017-09-30": "7153.03500", "2017-06-30": "7172.52200", "2017-03-31": "7380.27900", "2016-12-31": "7330.98400", "2016-09-30": "7275.54400", "2016-06-30": "9008.19200", "2016-03-31": "11179.03000", "2015-12-31": "11301.61000", "2015-09-30": "11112.87000", "2015-06-30": "9186.43400", "2015-03-31": "8927.56000", "2014-12-31": "9096.73200", "2014-09-30": "9419.26700", "2014-06-30": "9016.13400", "2014-03-31": "7897.29700", "2013-12-31": "7627.09900", "2013-09-30": "7508.22900", "2013-06-30": "7385.23600", "2013-03-31": "7368.56200", "2012-12-31": "7216.73600", "2012-09-30": "7110.27100", "2012-06-30": "6998.54600", "2012-03-31": "6822.00300", "2011-12-31": "6833.51300", "2011-09-30": "6635.29200", "2011-06-30": "6224.41500", "2011-03-31": "5682.78700", "2010-12-31": "5818.41200", "2010-09-30": "5202.54400", "2010-06-30": "5141.95200", "2010-03-31": "5370.61000", "2009-12-31": "5489.83000", "2009-09-30": "5538.37100", "2009-06-30": "5585.59100", "2009-03-31": "5912.25000", "2008-12-31": "6415.06300", "2008-09-30": "6954.98700", "2008-06-30": "6486.24900", "2008-03-31": "6861.10900", "2007-12-31": "6888.79600", "2007-09-30": "6051.41800", "2007-06-30": "5006.52700", "2007-03-31": "5394.59800", "2006-12-31": "2109.45100", "2006-09-30": "2239.91200", "2006-06-30": "2090.78600", "2006-03-31": "1893.83800", "2005-12-31": "1751.27500", "2005-09-30": "1821.69900", "2005-06-30": "1668.82400", "2005-03-31": "1483.39500"}, "Common Stock Net": {"2020-12-31": "", "2020-09-30": "0.74100", "2020-06-30": "0.74800", "2020-03-31": "0.77600", "2019-12-31": "0.80300", "2019-09-30": "0.82600", "2019-06-30": "0.83500", "2019-03-31": "0.84300", "2018-12-31": "0.84700", "2018-09-30": "0.86700", "2018-06-30": "0.86800", "2018-03-31": "0.90200", "2017-12-31": "0.93900", "2017-09-30": "0.98500", "2017-06-30": "0.99500", "2017-03-31": "1.01900", "2016-12-31": "1.01700", "2016-09-30": "1.01300", "2016-06-30": "1.00300", "2016-03-31": "1.00200", "2015-12-31": "1.00100", "2015-09-30": "1.03400", "2015-06-30": "1.03300", "2015-03-31": "1.03200", "2014-12-31": "0.97400", "2014-09-30": "0.99600", "2014-06-30": "0.99300", "2014-03-31": "0.99000", "2013-12-31": "0.98600", "2013-09-30": "0.95900", "2013-06-30": "0.95500", "2013-03-31": "0.95300", "2012-12-31": "0.95000", "2012-09-30": "0.94000", "2012-06-30": "0.93600", "2012-03-31": "0.92500", "2011-12-31": "0.89200", "2011-09-30": "0.89200", "2011-06-30": "0.87800", "2011-03-31": "0.84400", "2010-12-31": "0.81700", "2010-09-30": "0.81600", "2010-06-30": "0.81600", "2010-03-31": "0.81300", "2009-12-31": "0.80900", "2009-09-30": "0.80200", "2009-06-30": "0.80200", "2009-03-31": "0.60600", "2008-12-31": "0.60400", "2008-09-30": "0.60400", "2008-06-30": "0.60400", "2008-03-31": "0.60200", "2007-12-31": "0.60100", "2007-09-30": "0.59800", "2007-06-30": "0.59800", "2007-03-31": "0.59200", "2006-12-31": "0.49800", "2006-09-30": "0.45800", "2006-06-30": "0.43200", "2006-03-31": "0.43100", "2005-12-31": "0.42500", "2005-09-30": "0.41900", "2005-06-30": "0.41800", "2005-03-31": "0.41600"}, "Retained Earnings (Accumulated Deficit)": {"2020-12-31": "", "2020-09-30": "1035.17200", "2020-06-30": "1081.82100", "2020-03-31": "1099.36900", "2019-12-31": "1084.71900", "2019-09-30": "1225.90400", "2019-06-30": "1288.39000", "2019-03-31": "1210.49700", "2018-12-31": "1278.99800", "2018-09-30": "1476.95900", "2018-06-30": "1457.83500", "2018-03-31": "1583.83300", "2017-12-31": "1139.32900", "2017-09-30": "1410.33200", "2017-06-30": "1431.44200", "2017-03-31": "1496.75900", "2016-12-31": "1578.89300", "2016-09-30": "1612.70700", "2016-06-30": "1655.32000", "2016-03-31": "1620.66900", "2015-12-31": "1643.54600", "2015-09-30": "1772.83300", "2015-06-30": "1657.91100", "2015-03-31": "1690.57800", "2014-12-31": "1607.68900", "2014-09-30": "1813.95600", "2014-06-30": "1797.58000", "2014-03-31": "1688.21100", "2013-12-31": "1619.15000", "2013-09-30": "1636.58400", "2013-06-30": "1631.28700", "2013-03-31": "1665.46800", "2012-12-31": "1701.09200", "2012-09-30": "1728.15000", "2012-06-30": "1741.16000", "2012-03-31": "1665.54700", "2011-12-31": "1704.50600", "2011-09-30": "1763.40300", "2011-06-30": "1721.44000", "2011-03-31": "1207.50400", "2010-12-31": "1172.96300", "2010-09-30": "1180.66700", "2010-06-30": "1081.89500", "2010-03-31": "949.08300", "2009-12-31": "949.66900", "2009-09-30": "973.55400", "2009-06-30": "996.05100", "2009-03-31": "989.47600", "2008-12-31": "979.93900", "2008-09-30": "952.91200", "2008-06-30": "964.70400", "2008-03-31": "871.73100", "2007-12-31": "791.86100", "2007-09-30": "709.47400", "2007-06-30": "652.35600", "2007-03-31": "428.21300", "2006-12-31": "322.21900", "2006-09-30": "327.74400", "2006-06-30": "236.52000", "2006-03-31": "233.39200", "2005-12-31": "235.54000", "2005-09-30": "240.17800", "2005-06-30": "225.49800", "2005-03-31": "191.61600"}, "Comprehensive Income": {"2020-12-31": "", "2020-09-30": "-76.20000", "2020-06-30": "-82.37100", "2020-03-31": "-80.86800", "2019-12-31": "-28.48500", "2019-09-30": "-40.13200", "2019-06-30": "-28.39500", "2019-03-31": "-4.00500", "2018-12-31": "15.10800", "2018-09-30": "36.29900", "2018-06-30": "32.62200", "2018-03-31": "28.57300", "2017-12-31": "18.60400", "2017-09-30": "14.18500", "2017-06-30": "14.35400", "2017-03-31": "16.51100", "2016-12-31": "22.13700", "2016-09-30": "-14.07400", "2016-06-30": "-16.55800", "2016-03-31": "-17.22200", "2015-12-31": "-8.74900", "2015-09-30": "-15.82100", "2015-06-30": "-10.90600", "2015-03-31": "-11.81000", "2014-12-31": "-6.98000", "2014-09-30": "-2.89600", "2014-06-30": "-6.19600", "2014-03-31": "-14.87200", "2013-12-31": "-15.21100", "2013-09-30": "-19.24900", "2013-06-30": "-18.62200", "2013-03-31": "-26.11700", "2012-12-31": "-29.58700", "2012-09-30": "-29.28100", "2012-06-30": "-28.41300", "2012-03-31": "-24.37600", "2011-12-31": "-28.44500", "2011-09-30": "-24.46200", "2011-06-30": "-21.58900", "2011-03-31": "-13.01100", "2010-12-31": "-22.65900", "2010-09-30": "-30.93600", "2010-06-30": "-30.30500", "2010-03-31": "-21.90200", "2009-12-31": "-33.53800", "2009-09-30": "-42.49700", "2009-06-30": "-32.28500", "2009-03-31": "-53.08900", "2008-12-31": "-54.74700", "2008-09-30": "-13.72800", "2008-06-30": "-7.57600", "2008-03-31": "2.14300", "2007-12-31": "4.94300", "2007-09-30": "6.96100", "2007-06-30": "9.28700", "2007-03-31": "11.56800", "2006-12-31": "13.97100", "2006-09-30": "13.06000", "2006-06-30": "20.00900", "2006-03-31": "19.75000", "2005-12-31": "15.31600", "2005-09-30": "13.69100", "2005-06-30": "6.11800", "2005-03-31": "15.16400"}, "Other Share Holders Equity": {"2020-12-31": "", "2020-09-30": "", "2020-06-30": "", "2020-03-31": "", "2019-12-31": "", "2019-09-30": "", "2019-06-30": "", "2019-03-31": "", "2018-12-31": "", "2018-09-30": "", "2018-06-30": "", "2018-03-31": "", "2017-12-31": "", "2017-09-30": "", "2017-06-30": "", "2017-03-31": "", "2016-12-31": "", "2016-09-30": "", "2016-06-30": "", "2016-03-31": "", "2015-12-31": "", "2015-09-30": "", "2015-06-30": "", "2015-03-31": "", "2014-12-31": "", "2014-09-30": "", "2014-06-30": "", "2014-03-31": "", "2013-12-31": "", "2013-09-30": "", "2013-06-30": "", "2013-03-31": "", "2012-12-31": "", "2012-09-30": "", "2012-06-30": "", "2012-03-31": "", "2011-12-31": "", "2011-09-30": "", "2011-06-30": "", "2011-03-31": "", "2010-12-31": "", "2010-09-30": "", "2010-06-30": "", "2010-03-31": "", "2009-12-31": "", "2009-09-30": "", "2009-06-30": "", "2009-03-31": "", "2008-12-31": "", "2008-09-30": "", "2008-06-30": "", "2008-03-31": "", "2007-12-31": "", "2007-09-30": "", "2007-06-30": "", "2007-03-31": "", "2006-12-31": "", "2006-09-30": "", "2006-06-30": "", "2006-03-31": "", "2005-12-31": "", "2005-09-30": "", "2005-06-30": "", "2005-03-31": ""}, "Share Holder Equity": {"2020-12-31": "", "2020-09-30": "5689.65400", "2020-06-30": "5789.91200", "2020-03-31": "5968.87900", "2019-12-31": "6210.34500", "2019-09-30": "6451.44800", "2019-06-30": "6567.61000", "2019-03-31": "6541.96900", "2018-12-31": "6636.08700", "2018-09-30": "7036.20300", "2018-06-30": "7030.05100", "2018-03-31": "7315.02100", "2017-12-31": "7353.14300", "2017-09-30": "7956.83500", "2017-06-30": "8137.18500", "2017-03-31": "8496.99200", "2016-12-31": "8526.80300", "2016-09-30": "8515.39800", "2016-06-30": "8536.03100", "2016-03-31": "8406.93800", "2015-12-31": "8426.03900", "2015-09-30": "8377.69500", "2015-06-30": "8080.52400", "2015-03-31": "8153.17200", "2014-12-31": "7999.85500", "2014-09-30": "7817.84200", "2014-06-30": "7701.60200", "2014-03-31": "7465.99200", "2013-12-31": "7331.90200", "2013-09-30": "7066.69000", "2013-06-30": "7016.68400", "2013-03-31": "7175.40300", "2012-12-31": "7169.56000", "2012-09-30": "7174.66800", "2012-06-30": "7140.56700", "2012-03-31": "6939.71000", "2011-12-31": "6650.33900", "2011-09-30": "6527.35300", "2011-06-30": "6419.66300", "2011-03-31": "5759.57900", "2010-12-31": "5481.88200", "2010-09-30": "5385.33100", "2010-06-30": "5266.08200", "2010-03-31": "5143.63000", "2009-12-31": "4997.74700", "2009-09-30": "4995.56300", "2009-06-30": "5009.45900", "2009-03-31": "4588.88300", "2008-12-31": "4569.29000", "2008-09-30": "4536.24200", "2008-06-30": "4663.33800", "2008-03-31": "4587.92500", "2007-12-31": "4541.28200", "2007-09-30": "4464.77100", "2007-06-30": "4445.81800", "2007-03-31": "4231.18700", "2006-12-31": "2522.77600", "2006-09-30": "1986.89400", "2006-06-30": "1601.16600", "2006-03-31": "1588.69400", "2005-12-31": "1558.50200", "2005-09-30": "1530.63100", "2005-06-30": "1486.02100", "2005-03-31": "1449.56700"}, "Total Liabilities And Share Holders Equity": {"2020-12-31": "", "2020-09-30": "12324.04000", "2020-06-30": "13071.56000", "2020-03-31": "13220.61000", "2019-12-31": "12766.32000", "2019-09-30": "13294.98000", "2019-06-30": "13629.94000", "2019-03-31": "13385.77000", "2018-12-31": "12751.36000", "2018-09-30": "13455.00000", "2018-06-30": "13713.93000", "2018-03-31": "13380.87000", "2017-12-31": "13982.90000", "2017-09-30": "15109.87000", "2017-06-30": "15309.71000", "2017-03-31": "15877.27000", "2016-12-31": "15857.79000", "2016-09-30": "15790.94000", "2016-06-30": "17544.22000", "2016-03-31": "19585.97000", "2015-12-31": "19727.65000", "2015-09-30": "19490.57000", "2015-06-30": "17266.96000", "2015-03-31": "17080.73000", "2014-12-31": "17096.59000", "2014-09-30": "17237.11000", "2014-06-30": "16717.74000", "2014-03-31": "15363.29000", "2013-12-31": "14959.00000", "2013-09-30": "14574.92000", "2013-06-30": "14401.92000", "2013-03-31": "14543.96000", "2012-12-31": "14386.30000", "2012-09-30": "14284.94000", "2012-06-30": "14139.11000", "2012-03-31": "13761.71000", "2011-12-31": "13483.85000", "2011-09-30": "13162.64000", "2011-06-30": "12644.08000", "2011-03-31": "11442.37000", "2010-12-31": "11300.29000", "2010-09-30": "10587.88000", "2010-06-30": "10408.03000", "2010-03-31": "10514.24000", "2009-12-31": "10487.58000", "2009-09-30": "10533.93000", "2009-06-30": "10595.05000", "2009-03-31": "10501.13000", "2008-12-31": "10984.35000", "2008-09-30": "11491.23000", "2008-06-30": "11149.59000", "2008-03-31": "11449.03000", "2007-12-31": "11430.08000", "2007-09-30": "10516.19000", "2007-06-30": "9452.34500", "2007-03-31": "9625.78500", "2006-12-31": "4632.22700", "2006-09-30": "4226.80600", "2006-06-30": "3691.95200", "2006-03-31": "3482.53200", "2005-12-31": "3309.77700", "2005-09-30": "3352.33000", "2005-06-30": "3154.84500", "2005-03-31": "2932.96200"}}, "cash flow statement": {"Net Income/Loss": {"2020-12-31": "0.00000", "2019-12-31": "291.48700", "2018-12-31": "270.85600", "2017-12-31": "101.06900", "2016-12-31": "278.91100", "2015-12-31": "317.45900", "2014-12-31": "545.86300", "2013-12-31": "151.28300", "2012-12-31": "209.70000", "2011-12-31": "677.12200", "2010-12-31": "319.15600", "2009-12-31": "71.66500", "2008-12-31": "404.04800", "2007-12-31": "682.69700", "2006-12-31": "220.71900", "2005-12-31": "157.41900"}, "Total Depreciation And Amortization - Cash Flow": {"2020-12-31": "", "2019-12-31": "284.01100", "2018-12-31": "289.89900", "2017-12-31": "418.79800", "2016-12-31": "855.99200", "2015-12-31": "588.23800", "2014-12-31": "400.00100", "2013-12-31": "359.74900", "2012-12-31": "351.53900", "2011-12-31": "298.10000", "2010-12-31": "243.19500", "2009-12-31": "235.20000", "2008-12-31": "229.51000", "2007-12-31": "204.83100", "2006-12-31": "80.23000", "2005-12-31": "65.21800"}, "Other Non-Cash Items": {"2020-12-31": "", "2019-12-31": "-86.98500", "2018-12-31": "-83.50900", "2017-12-31": "83.58000", "2016-12-31": "-446.34400", "2015-12-31": "-260.44200", "2014-12-31": "-326.96600", "2013-12-31": "-52.99700", "2012-12-31": "-45.21900", "2011-12-31": "-556.48400", "2010-12-31": "-157.38000", "2009-12-31": "2.17200", "2008-12-31": "-258.54800", "2007-12-31": "-534.23000", "2006-12-31": "-56.16800", "2005-12-31": "-88.57400"}, "Total Non-Cash Items": {"2020-12-31": "", "2019-12-31": "197.02600", "2018-12-31": "206.39000", "2017-12-31": "502.37800", "2016-12-31": "409.64810", "2015-12-31": "327.79600", "2014-12-31": "73.03500", "2013-12-31": "306.75200", "2012-12-31": "306.32000", "2011-12-31": "-258.38400", "2010-12-31": "85.81500", "2009-12-31": "237.37200", "2008-12-31": "-29.03800", "2007-12-31": "-329.39900", "2006-12-31": "24.06200", "2005-12-31": "-23.35600"}, "Change In Accounts Receivable": {"2020-12-31": "", "2019-12-31": "2.83400", "2018-12-31": "5.92400", "2017-12-31": "-12.92600", "2016-12-31": "-0.40300", "2015-12-31": "-5.12700", "2014-12-31": "-1.69500", "2013-12-31": "-8.48700", "2012-12-31": "-14.52700", "2011-12-31": "-2.25900", "2010-12-31": "2.66900", "2009-12-31": "10.13200", "2008-12-31": "17.05800", "2007-12-31": "-23.60000", "2006-12-31": "-11.64700", "2005-12-31": "-10.95500"}, "Change In Inventories": {"2020-12-31": "", "2019-12-31": "", "2018-12-31": "", "2017-12-31": "", "2016-12-31": "", "2015-12-31": "", "2014-12-31": "", "2013-12-31": "", "2012-12-31": "", "2011-12-31": "", "2010-12-31": "", "2009-12-31": "", "2008-12-31": "", "2007-12-31": "", "2006-12-31": "", "2005-12-31": ""}, "Change In Accounts Payable": {"2020-12-31": "", "2019-12-31": "-25.59700", "2018-12-31": "4.41000", "2017-12-31": "-12.44000", "2016-12-31": "-35.62800", "2015-12-31": "8.63400", "2014-12-31": "-7.79600", "2013-12-31": "-1.47300", "2012-12-31": "9.38900", "2011-12-31": "10.70400", "2010-12-31": "-3.70600", "2009-12-31": "-14.76100", "2008-12-31": "-49.29500", "2007-12-31": "83.31400", "2006-12-31": "43.41700", "2005-12-31": "26.26400"}, "Change In Assets/Liabilities": {"2020-12-31": "", "2019-12-31": "-89.94400", "2018-12-31": "-40.12000", "2017-12-31": "-18.40000", "2016-12-31": "-59.57100", "2015-12-31": "-26.11300", "2014-12-31": "-34.10500", "2013-12-31": "-40.13000", "2012-12-31": "-98.05000", "2011-12-31": "-33.35800", "2010-12-31": "-34.90400", "2009-12-31": "-41.07300", "2008-12-31": "-46.39800", "2007-12-31": "-6.39700", "2006-12-31": "-47.61400", "2005-12-31": "-47.29200"}, "Total Change In Assets/Liabilities": {"2020-12-31": "", "2019-12-31": "-112.70700", "2018-12-31": "-29.78600", "2017-12-31": "-43.76600", "2016-12-31": "-95.60200", "2015-12-31": "-22.60600", "2014-12-31": "-43.59600", "2013-12-31": "-50.09000", "2012-12-31": "-103.18800", "2011-12-31": "-24.91300", "2010-12-31": "-35.94100", "2009-12-31": "-45.70200", "2008-12-31": "-78.63500", "2007-12-31": "53.31700", "2006-12-31": "-15.84400", "2005-12-31": "-31.98300"}, "Cash Flow From Operating Activities": {"2020-12-31": "", "2019-12-31": "376.47300", "2018-12-31": "441.53700", "2017-12-31": "543.00100", "2016-12-31": "644.01000", "2015-12-31": "526.48400", "2014-12-31": "490.38100", "2013-12-31": "386.20300", "2012-12-31": "346.75300", "2011-12-31": "307.11800", "2010-12-31": "321.05800", "2009-12-31": "275.21100", "2008-12-31": "296.01100", "2007-12-31": "406.70500", "2006-12-31": "225.64400", "2005-12-31": "138.39800"}, "Net Change In Property, Plant, And Equipment": {"2020-12-31": "", "2019-12-31": "-307.27500", "2018-12-31": "916.05800", "2017-12-31": "328.11500", "2016-12-31": "2024.11400", "2015-12-31": "-1943.96800", "2014-12-31": "-597.27910", "2013-12-31": "-571.22300", "2012-12-31": "-584.31100", "2011-12-31": "-375.77900", "2010-12-31": "204.14700", "2009-12-31": "-84.40200", "2008-12-31": "18.03200", "2007-12-31": "-1146.11300", "2006-12-31": "-605.81100", "2005-12-31": "-417.34100"}, "Net Change In Intangible Assets": {"2020-12-31": "", "2019-12-31": "", "2018-12-31": "", "2017-12-31": "", "2016-12-31": "", "2015-12-31": "", "2014-12-31": "", "2013-12-31": "", "2012-12-31": "", "2011-12-31": "", "2010-12-31": "", "2009-12-31": "", "2008-12-31": "", "2007-12-31": "", "2006-12-31": "", "2005-12-31": ""}, "Net Acquisitions/Divestitures": {"2020-12-31": "", "2019-12-31": "", "2018-12-31": "", "2017-12-31": "", "2016-12-31": "", "2015-12-31": "", "2014-12-31": "", "2013-12-31": "", "2012-12-31": "", "2011-12-31": "", "2010-12-31": "", "2009-12-31": "", "2008-12-31": "", "2007-12-31": "", "2006-12-31": "", "2005-12-31": ""}, "Net Change In Short-term Investments": {"2020-12-31": "", "2019-12-31": "", "2018-12-31": "", "2017-12-31": "", "2016-12-31": "", "2015-12-31": "", "2014-12-31": "", "2013-12-31": "", "2012-12-31": "", "2011-12-31": "", "2010-12-31": "", "2009-12-31": "", "2008-12-31": "", "2007-12-31": "", "2006-12-31": "", "2005-12-31": ""}, "Net Change In Long-Term Investments": {"2020-12-31": "", "2019-12-31": "355.85710", "2018-12-31": "-428.60200", "2017-12-31": "-651.17600", "2016-12-31": "-254.64700", "2015-12-31": "-404.77600", "2014-12-31": "-428.28910", "2013-12-31": "-56.76900", "2012-12-31": "-670.21800", "2011-12-31": "-470.97200", "2010-12-31": "-270.85900", "2009-12-31": "-252.10400", "2008-12-31": "-88.21700", "2007-12-31": "-1173.71800", "2006-12-31": "-222.94900", "2005-12-31": "-200.89000"}, "Net Change In Investments - Total": {"2020-12-31": "", "2019-12-31": "355.85710", "2018-12-31": "-428.60200", "2017-12-31": "-651.17600", "2016-12-31": "-254.64700", "2015-12-31": "-404.77600", "2014-12-31": "-428.28910", "2013-12-31": "-56.76900", "2012-12-31": "-670.21800", "2011-12-31": "-470.97200", "2010-12-31": "-270.85900", "2009-12-31": "-252.10400", "2008-12-31": "-88.21700", "2007-12-31": "-1173.71800", "2006-12-31": "-222.94900", "2005-12-31": "-200.89000"}, "Investing Activities - Other": {"2020-12-31": "", "2019-12-31": "65.91200", "2018-12-31": "194.20600", "2017-12-31": "345.07500", "2016-12-31": "203.91500", "2015-12-31": "82.83300", "2014-12-31": "228.73300", "2013-12-31": "-0.44300", "2012-12-31": "91.12600", "2011-12-31": "112.89600", "2010-12-31": "85.52700", "2009-12-31": "-8.87300", "2008-12-31": "466.40400", "2007-12-31": "-14.50600", "2006-12-31": "41.84800", "2005-12-31": "152.55700"}, "Cash Flow From Investing Activities": {"2020-12-31": "", "2019-12-31": "114.49400", "2018-12-31": "681.66200", "2017-12-31": "22.01400", "2016-12-31": "1973.38200", "2015-12-31": "-2265.91100", "2014-12-31": "-796.83500", "2013-12-31": "-628.43500", "2012-12-31": "-1163.40300", "2011-12-31": "-733.85500", "2010-12-31": "18.81500", "2009-12-31": "-345.37900", "2008-12-31": "396.21900", "2007-12-31": "-2334.33700", "2006-12-31": "-786.91200", "2005-12-31": "-465.67400"}, "Net Long-Term Debt": {"2020-12-31": "", "2019-12-31": "262.90780", "2018-12-31": "255.54910", "2017-12-31": "475.81620", "2016-12-31": "-2364.16400", "2015-12-31": "1902.05000", "2014-12-31": "471.01610", "2013-12-31": "315.73680", "2012-12-31": "723.93700", "2011-12-31": "-45.60380", "2010-12-31": "-357.10600", "2009-12-31": "-593.17300", "2008-12-31": "365.20200", "2007-12-31": "1682.10100", "2006-12-31": "-70.00210", "2005-12-31": "391.87600"}, "Net Current Debt": {"2020-12-31": "", "2019-12-31": "", "2018-12-31": "", "2017-12-31": "", "2016-12-31": "", "2015-12-31": "", "2014-12-31": "", "2013-12-31": "", "2012-12-31": "", "2011-12-31": "", "2010-12-31": "", "2009-12-31": "", "2008-12-31": "", "2007-12-31": "", "2006-12-31": "", "2005-12-31": ""}, "Debt Issuance/Retirement Net - Total": {"2020-12-31": "", "2019-12-31": "262.90780", "2018-12-31": "255.54910", "2017-12-31": "475.81620", "2016-12-31": "-2364.16400", "2015-12-31": "1902.05000", "2014-12-31": "471.01610", "2013-12-31": "315.73680", "2012-12-31": "723.93700", "2011-12-31": "-45.60380", "2010-12-31": "-357.10600", "2009-12-31": "-593.17300", "2008-12-31": "365.20200", "2007-12-31": "1682.10100", "2006-12-31": "-70.00210", "2005-12-31": "391.87600"}, "Net Common Equity Issued/Repurchased": {"2020-12-31": "", "2019-12-31": "-384.06500", "2018-12-31": "-950.49300", "2017-12-31": "-782.76500", "2016-12-31": "15.10900", "2015-12-31": "240.67800", "2014-12-31": "210.59600", "2013-12-31": "310.79000", "2012-12-31": "299.87200", "2011-12-31": "520.89300", "2010-12-31": "14.53500", "2009-12-31": "387.75700", "2008-12-31": "-144.61400", "2007-12-31": "-137.80200", "2006-12-31": "814.72600", "2005-12-31": "24.18400"}, "Net Total Equity Issued/Repurchased": {"2020-12-31": "", "2019-12-31": "-429.70200", "2018-12-31": "-985.67300", "2017-12-31": "-783.04000", "2016-12-31": "11.81000", "2015-12-31": "240.47800", "2014-12-31": "208.59600", "2013-12-31": "118.25700", "2012-12-31": "321.82400", "2011-12-31": "520.89300", "2010-12-31": "136.57600", "2009-12-31": "387.75700", "2008-12-31": "-144.61400", "2007-12-31": "-137.80200", "2006-12-31": "814.72600", "2005-12-31": "24.18400"}, "Total Common And Preferred Stock Dividends Paid": {"2020-12-31": "", "2019-12-31": "-306.86400", "2018-12-31": "-321.59400", "2017-12-31": "-385.98900", "2016-12-31": "-329.49800", "2015-12-31": "-377.16200", "2014-12-31": "-214.82300", "2013-12-31": "-152.55300", "2012-12-31": "-124.53400", "2011-12-31": "-207.44400", "2010-12-31": "-72.47300", "2009-12-31": "-97.93800", "2008-12-31": "-203.13400", "2007-12-31": "-181.31500", "2006-12-31": "-118.14600", "2005-12-31": "-94.74000"}, "Financial Activities - Other": {"2020-12-31": "", "2019-12-31": "-54.99200", "2018-12-31": "-42.39400", "2017-12-31": "8.25700", "2016-12-31": "-54.55000", "2015-12-31": "-51.94900", "2014-12-31": "-83.61800", "2013-12-31": "-22.50100", "2012-12-31": "-52.78500", "2011-12-31": "-35.74600", "2010-12-31": "-57.75500", "2009-12-31": "-9.65200", "2008-12-31": "-28.75900", "2007-12-31": "493.43400", "2006-12-31": "27.76400", "2005-12-31": "-5.73500"}, "Cash Flow From Financial Activities": {"2020-12-31": "", "2019-12-31": "-528.65000", "2018-12-31": "-1094.11200", "2017-12-31": "-684.95600", "2016-12-31": "-2736.40200", "2015-12-31": "1713.41700", "2014-12-31": "381.17100", "2013-12-31": "258.94000", "2012-12-31": "868.44200", "2011-12-31": "232.09900", "2010-12-31": "-350.75800", "2009-12-31": "-313.00600", "2008-12-31": "-11.30500", "2007-12-31": "1856.41800", "2006-12-31": "654.34200", "2005-12-31": "315.58500"}, "Net Cash Flow": {"2020-12-31": "", "2019-12-31": "-37.68300", "2018-12-31": "29.08700", "2017-12-31": "-119.94100", "2016-12-31": "-119.01000", "2015-12-31": "-26.01000", "2014-12-31": "74.71700", "2013-12-31": "16.70800", "2012-12-31": "51.79200", "2011-12-31": "-194.63800", "2010-12-31": "-10.88500", "2009-12-31": "-383.17400", "2008-12-31": "680.92500", "2007-12-31": "-71.21400", "2006-12-31": "93.07400", "2005-12-31": "-11.69100"}, "Stock-Based Compensation": {"2020-12-31": "", "2019-12-31": "", "2018-12-31": "", "2017-12-31": "", "2016-12-31": "", "2015-12-31": "", "2014-12-31": "", "2013-12-31": "", "2012-12-31": "", "2011-12-31": "", "2010-12-31": "", "2009-12-31": "", "2008-12-31": "", "2007-12-31": "", "2006-12-31": "", "2005-12-31": ""}, "Common Stock Dividends Paid": {"2020-12-31": "", "2019-12-31": "-306.86400", "2018-12-31": "-321.59400", "2017-12-31": "-385.98900", "2016-12-31": "-329.49800", "2015-12-31": "-377.16200", "2014-12-31": "-214.82300", "2013-12-31": "-152.55300", "2012-12-31": "-124.53400", "2011-12-31": "-207.44400", "2010-12-31": "-72.47300", "2009-12-31": "-97.93800", "2008-12-31": "-203.13400", "2007-12-31": "-181.31500", "2006-12-31": "-118.14600", "2005-12-31": "-94.74000"}}, "cash flow statement, quarterly": {"Net Income/Loss": {"2020-12-31": -214.418, "2020-09-30": 20.677, "2020-06-30": 66.627, "2020-03-31": "127.11400", "2019-12-31": 24.255, "2019-09-30": 40.722, "2019-06-30": 173.741, "2019-03-31": "52.76900", "2018-12-31": -58.32, "2018-09-30": 99.454, "2018-06-30": 115.899, "2018-03-31": "113.82300", "2017-12-31": 38.335, "2017-09-30": 45.795, "2017-06-30": 16.015, "2017-03-31": "0.92400", "2016-12-31": 53.97, "2016-09-30": 43.343, "2016-06-30": 149.095, "2016-03-31": "32.50300", "2015-12-31": 114.249, "2015-09-30": 176.753, "2015-06-30": -29.179, "2015-03-31": "55.63600", "2014-12-31": 65.325, "2014-09-30": 73.595, "2014-06-30": 250.331, "2014-03-31": "156.61200", "2013-12-31": 44.362, "2013-09-30": 45.336, "2013-06-30": 31.248, "2013-03-31": "30.33700", "2012-12-31": 27.457, "2012-09-30": 28.629, "2012-06-30": 118.457, "2012-03-31": "35.15700", "2011-12-31": 17.555, "2011-09-30": 16.489, "2011-06-30": 549.184, "2011-03-31": "93.89400", "2010-12-31": 17.959, "2010-09-30": 124.565, "2010-06-30": 150.498, "2010-03-31": "26.13400", "2009-12-31": 2.962, "2009-09-30": 4.593, "2009-06-30": 21.576, "2009-03-31": "42.53400", "2008-12-31": 88.051, "2008-09-30": 33.54, "2008-06-30": 148, "2008-03-31": "134.45700", "2007-12-31": 155.914, "2007-09-30": 103.537, "2007-06-30": 270.85, "2007-03-31": "152.39600", "2006-12-31": 34.332, "2006-09-30": 123.657, "2006-06-30": 34.029, "2006-03-31": "28.70100", "2005-12-31": 25.805, "2005-09-30": 42.297, "2005-06-30": 61.438, "2005-03-31": "27.87900"}, "Total Depreciation And Amortization - Cash Flow": {"2020-12-31": -271.675, "2020-09-30": 102.294, "2020-06-30": 98.602, "2020-03-31": "70.77900", "2019-12-31": 60.13, "2019-09-30": 80.623, "2019-06-30": 72.173, "2019-03-31": "71.08500", "2018-12-31": 72.137, "2018-09-30": 73.377, "2018-06-30": 71.46, "2018-03-31": "72.92500", "2017-12-31": 2.345, "2017-09-30": 95.736, "2017-06-30": 165.55, "2017-03-31": "155.16700", "2016-12-31": 108.41, "2016-09-30": 117.4799, "2016-06-30": 442.8621, "2016-03-31": "187.24000", "2015-12-31": 114.421, "2015-09-30": 153.345, "2015-06-30": 205.517, "2015-03-31": "114.95500", "2014-12-31": 104.124, "2014-09-30": 101.848, "2014-06-30": 100.349, "2014-03-31": "93.68000", "2013-12-31": 92.766, "2013-09-30": 93.954, "2013-06-30": 87.883, "2013-03-31": "85.14600", "2012-12-31": 101.589, "2012-09-30": 93.711, "2012-06-30": 75.576, "2012-03-31": "80.66300", "2011-12-31": 85.542, "2011-09-30": 76.203, "2011-06-30": 68.376, "2011-03-31": "67.97900", "2010-12-31": 64.791, "2010-09-30": 60.139, "2010-06-30": 58.697, "2010-03-31": "59.56800", "2009-12-31": 62.204, "2009-09-30": 60.1, "2009-06-30": 55.979, "2009-03-31": "56.91700", "2008-12-31": 57.319, "2008-09-30": 56.992, "2008-06-30": 57.705, "2008-03-31": "57.49400", "2007-12-31": 58.848, "2007-09-30": 49.957, "2007-06-30": 54.015, "2007-03-31": "42.01100", "2006-12-31": 27.321, "2006-09-30": 21.116, "2006-06-30": 16.157, "2006-03-31": "15.63600", "2005-12-31": 18.853, "2005-09-30": 16.649, "2005-06-30": 14.882, "2005-03-31": "14.83400"}, "Other Non-Cash Items": {"2020-12-31": 111.426, "2020-09-30": -14.628, "2020-06-30": -52.724, "2020-03-31": "-44.07400", "2019-12-31": 28.178, "2019-09-30": 9.025, "2019-06-30": -127.754, "2019-03-31": "3.56600", "2018-12-31": 118.783, "2018-09-30": -68.2, "2018-06-30": -75.837, "2018-03-31": "-58.25500", "2017-12-31": 94.247, "2017-09-30": -18.239, "2017-06-30": -3.183, "2017-03-31": "10.75500", "2016-12-31": -43.873, "2016-09-30": 31.375, "2016-06-30": -385.142, "2016-03-31": "-48.70400", "2015-12-31": -64.189, "2015-09-30": -175.526, "2015-06-30": -3.763, "2015-03-31": "-16.96400", "2014-12-31": -16.482, "2014-09-30": 12.409, "2014-06-30": -212.122, "2014-03-31": "-110.77100", "2013-12-31": -41.047, "2013-09-30": -41.997, "2013-06-30": 42.402, "2013-03-31": "-12.35500", "2012-12-31": -21.473, "2012-09-30": -9.54, "2012-06-30": -6.851, "2012-03-31": "-7.35500", "2011-12-31": 9.508, "2011-09-30": -1.853, "2011-06-30": -519.282, "2011-03-31": "-44.85700", "2010-12-31": 36.418, "2010-09-30": -54.307, "2010-06-30": -130.513, "2010-03-31": "-8.97800", "2009-12-31": 11.344, "2009-09-30": -0.203, "2009-06-30": 5.122, "2009-03-31": "-14.09100", "2008-12-31": -22.36, "2008-09-30": -14.375, "2008-06-30": -101.023, "2008-03-31": "-120.79000", "2007-12-31": -152.05, "2007-09-30": -56.785, "2007-06-30": -248.126, "2007-03-31": "-77.26900", "2006-12-31": 51.906, "2006-09-30": -97.348, "2006-06-30": -4.036, "2006-03-31": "-6.69000", "2005-12-31": -13.422, "2005-09-30": -21.989, "2005-06-30": -42.813, "2005-03-31": "-10.35000"}, "Total Non-Cash Items": {"2020-12-31": -160.249, "2020-09-30": 87.666, "2020-06-30": 45.878, "2020-03-31": "26.70500", "2019-12-31": 88.308, "2019-09-30": 89.648, "2019-06-30": -55.581, "2019-03-31": "74.65100", "2018-12-31": 190.92, "2018-09-30": 5.177, "2018-06-30": -4.377, "2018-03-31": "14.67000", "2017-12-31": 96.592, "2017-09-30": 77.497, "2017-06-30": 162.367, "2017-03-31": "165.92200", "2016-12-31": 64.5371, "2016-09-30": 148.8549, "2016-06-30": 57.7201, "2016-03-31": "138.53600", "2015-12-31": 50.232, "2015-09-30": -22.181, "2015-06-30": 201.754, "2015-03-31": "97.99100", "2014-12-31": 87.642, "2014-09-30": 114.257, "2014-06-30": -111.773, "2014-03-31": "-17.09100", "2013-12-31": 51.719, "2013-09-30": 51.957, "2013-06-30": 130.285, "2013-03-31": "72.79100", "2012-12-31": 80.116, "2012-09-30": 84.171, "2012-06-30": 68.725, "2012-03-31": "73.30800", "2011-12-31": 95.05, "2011-09-30": 74.35, "2011-06-30": -450.906, "2011-03-31": "23.12200", "2010-12-31": 101.209, "2010-09-30": 5.832, "2010-06-30": -71.816, "2010-03-31": "50.59000", "2009-12-31": 73.548, "2009-09-30": 59.897, "2009-06-30": 61.101, "2009-03-31": "42.82600", "2008-12-31": 34.959, "2008-09-30": 42.617, "2008-06-30": -43.318, "2008-03-31": "-63.29600", "2007-12-31": -93.202, "2007-09-30": -6.828, "2007-06-30": -194.111, "2007-03-31": "-35.25800", "2006-12-31": 79.227, "2006-09-30": -76.232, "2006-06-30": 12.121, "2006-03-31": "8.94600", "2005-12-31": 5.431, "2005-09-30": -5.34, "2005-06-30": -27.931, "2005-03-31": "4.48400"}, "Change In Accounts Receivable": {"2020-12-31": 38.874, "2020-09-30": 14.056, "2020-06-30": -3.259, "2020-03-31": "-49.67100", "2019-12-31": 1.477, "2019-09-30": -2.015, "2019-06-30": 9.401, "2019-03-31": "-6.02900", "2018-12-31": -2.448, "2018-09-30": 9.885, "2018-06-30": 4.901, "2018-03-31": "-6.41400", "2017-12-31": -2.37, "2017-09-30": -4.134, "2017-06-30": -4.483, "2017-03-31": "-1.93900", "2016-12-31": 1.05, "2016-09-30": -3.887, "2016-06-30": -0.892, "2016-03-31": "3.32600", "2015-12-31": 2.725, "2015-09-30": -1.366, "2015-06-30": -13.229, "2015-03-31": "6.74300", "2014-12-31": 10.841, "2014-09-30": -17.573, "2014-06-30": 5.023, "2014-03-31": "0.01400", "2013-12-31": -5.282, "2013-09-30": -8.869, "2013-06-30": 1.893, "2013-03-31": "3.77100", "2012-12-31": -2.235, "2012-09-30": -3.494, "2012-06-30": -5.148, "2012-03-31": "-3.65000", "2011-12-31": 0.347, "2011-09-30": -2.922, "2011-06-30": -3.158, "2011-03-31": "3.47400", "2010-12-31": 4.412, "2010-09-30": -8.307, "2010-06-30": 0.799, "2010-03-31": "5.76500", "2009-12-31": 4.831, "2009-09-30": 5.65, "2009-06-30": 5.774, "2009-03-31": "-6.12300", "2008-12-31": 9.436, "2008-09-30": -0.878, "2008-06-30": 4.601, "2008-03-31": "3.89900", "2007-12-31": 18.3, "2007-09-30": -29.351, "2007-06-30": 14.786, "2007-03-31": "-27.33500", "2006-12-31": 1.451, "2006-09-30": -6.081, "2006-06-30": -11.296, "2006-03-31": "4.27900", "2005-12-31": -4.479, "2005-09-30": -3.33, "2005-06-30": -2.218, "2005-03-31": "-0.92800"}, "Change In Inventories": {"2020-12-31": 0, "2020-09-30": 0, "2020-06-30": 0, "2020-03-31": "", "2019-12-31": 0, "2019-09-30": 0, "2019-06-30": 0, "2019-03-31": "", "2018-12-31": 0, "2018-09-30": 0, "2018-06-30": 0, "2018-03-31": "", "2017-12-31": 0, "2017-09-30": 0, "2017-06-30": 0, "2017-03-31": "", "2016-12-31": 0, "2016-09-30": 0, "2016-06-30": 0, "2016-03-31": "", "2015-12-31": 0, "2015-09-30": 0, "2015-06-30": 0, "2015-03-31": "", "2014-12-31": 0, "2014-09-30": 0, "2014-06-30": 0, "2014-03-31": "", "2013-12-31": 0, "2013-09-30": 0, "2013-06-30": 0, "2013-03-31": "", "2012-12-31": 0, "2012-09-30": 0, "2012-06-30": 0, "2012-03-31": "", "2011-12-31": 0, "2011-09-30": 0, "2011-06-30": 0, "2011-03-31": "", "2010-12-31": 0, "2010-09-30": 0, "2010-06-30": 0, "2010-03-31": "", "2009-12-31": 0, "2009-09-30": 0, "2009-06-30": 0, "2009-03-31": "", "2008-12-31": 0, "2008-09-30": 0, "2008-06-30": 0, "2008-03-31": "", "2007-12-31": 0, "2007-09-30": 0, "2007-06-30": 0, "2007-03-31": "", "2006-12-31": 0, "2006-09-30": 0, "2006-06-30": 0, "2006-03-31": "", "2005-12-31": 0, "2005-09-30": 0, "2005-06-30": 0, "2005-03-31": ""}, "Change In Accounts Payable": {"2020-12-31": -43.256, "2020-09-30": 3.938, "2020-06-30": 53.195, "2020-03-31": "-13.87700", "2019-12-31": -44.334, "2019-09-30": 13.438, "2019-06-30": 18.214, "2019-03-31": "-12.91500", "2018-12-31": -16.305, "2018-09-30": -2.152, "2018-06-30": 3.977, "2018-03-31": "18.89000", "2017-12-31": -13.213, "2017-09-30": 12.083, "2017-06-30": 5.017, "2017-03-31": "-16.32700", "2016-12-31": -7.539, "2016-09-30": 5.546, "2016-06-30": -13.005, "2016-03-31": "-20.63000", "2015-12-31": 2.515, "2015-09-30": 23.106, "2015-06-30": 3.243, "2015-03-31": "-20.23000", "2014-12-31": -25.241, "2014-09-30": 4.472, "2014-06-30": 14.794, "2014-03-31": "-1.82100", "2013-12-31": -25.108, "2013-09-30": 21.842, "2013-06-30": 0.924, "2013-03-31": "0.86900", "2012-12-31": -1.92, "2012-09-30": 1.7, "2012-06-30": 5.491, "2012-03-31": "4.11800", "2011-12-31": -1.988, "2011-09-30": 18.015, "2011-06-30": 0.51, "2011-03-31": "-5.83300", "2010-12-31": -13.978, "2010-09-30": -6.433, "2010-06-30": 4.412, "2010-03-31": "12.29300", "2009-12-31": -8.32, "2009-09-30": 1.541, "2009-06-30": -5.799, "2009-03-31": "-2.18300", "2008-12-31": -18.253, "2008-09-30": 21.006, "2008-06-30": -0.38, "2008-03-31": "-51.66800", "2007-12-31": -0.355, "2007-09-30": 25.734, "2007-06-30": -8.147, "2007-03-31": "66.08200", "2006-12-31": 29.249, "2006-09-30": 11.453, "2006-06-30": 18.616, "2006-03-31": "-15.90100", "2005-12-31": 9.86, "2005-09-30": 11.745, "2005-06-30": 13.637, "2005-03-31": "-8.97800"}, "Change In Assets/Liabilities": {"2020-12-31": 63.097, "2020-09-30": -31.907, "2020-06-30": 20.88, "2020-03-31": "-52.07000", "2019-12-31": -14.456, "2019-09-30": -44.26, "2019-06-30": 14.246, "2019-03-31": "-45.47400", "2018-12-31": 26.242, "2018-09-30": -45.685, "2018-06-30": 30.136, "2018-03-31": "-50.81300", "2017-12-31": 15.786, "2017-09-30": -40.777, "2017-06-30": 35.768, "2017-03-31": "-29.17700", "2016-12-31": 12.203, "2016-09-30": -30.197, "2016-06-30": 6.307, "2016-03-31": "-47.88400", "2015-12-31": 64.055, "2015-09-30": -67.286, "2015-06-30": 14.011, "2015-03-31": "-36.89300", "2014-12-31": -9.912, "2014-09-30": -16.748, "2014-06-30": 25.865, "2014-03-31": "-33.31000", "2013-12-31": -12.297, "2013-09-30": -23.53, "2013-06-30": -0.014, "2013-03-31": "-4.28900", "2012-12-31": -11.69, "2012-09-30": -21.396, "2012-06-30": -28.431, "2012-03-31": "-36.53300", "2011-12-31": -9.648, "2011-09-30": -26.748, "2011-06-30": 17.761, "2011-03-31": "-14.72300", "2010-12-31": -5.67, "2010-09-30": -18.276, "2010-06-30": 6.488, "2010-03-31": "-17.44600", "2009-12-31": -13.577, "2009-09-30": -15.638, "2009-06-30": 9.321, "2009-03-31": "-21.17900", "2008-12-31": -2.958, "2008-09-30": -21.353, "2008-06-30": -5.617, "2008-03-31": "-16.47000", "2007-12-31": 4.5, "2007-09-30": -0.184, "2007-06-30": 24.359, "2007-03-31": "-35.07200", "2006-12-31": -30.971, "2006-09-30": -19.877, "2006-06-30": 4.933, "2006-03-31": "-1.69900", "2005-12-31": -28.851, "2005-09-30": -12.384, "2005-06-30": -3.759, "2005-03-31": "-2.29800"}, "Total Change In Assets/Liabilities": {"2020-12-31": 58.715, "2020-09-30": -13.913, "2020-06-30": 70.816, "2020-03-31": "-115.61800", "2019-12-31": -57.313, "2019-09-30": -32.837, "2019-06-30": 41.861, "2019-03-31": "-64.41800", "2018-12-31": 7.489, "2018-09-30": -37.952, "2018-06-30": 39.014, "2018-03-31": "-38.33700", "2017-12-31": 0.203, "2017-09-30": -32.828, "2017-06-30": 36.302, "2017-03-31": "-47.44300", "2016-12-31": 5.714, "2016-09-30": -28.538, "2016-06-30": -7.59, "2016-03-31": "-65.18800", "2015-12-31": 69.295, "2015-09-30": -45.546, "2015-06-30": 4.025, "2015-03-31": "-50.38000", "2014-12-31": -24.312, "2014-09-30": -29.849, "2014-06-30": 45.682, "2014-03-31": "-35.11700", "2013-12-31": -42.687, "2013-09-30": -10.557, "2013-06-30": 2.803, "2013-03-31": "0.35100", "2012-12-31": -15.845, "2012-09-30": -23.19, "2012-06-30": -28.088, "2012-03-31": "-36.06500", "2011-12-31": -11.289, "2011-09-30": -11.655, "2011-06-30": 15.113, "2011-03-31": "-17.08200", "2010-12-31": -15.236, "2010-09-30": -33.016, "2010-06-30": 11.699, "2010-03-31": "0.61200", "2009-12-31": -17.066, "2009-09-30": -8.447, "2009-06-30": 9.296, "2009-03-31": "-29.48500", "2008-12-31": -11.775, "2008-09-30": -1.225, "2008-06-30": -1.396, "2008-03-31": "-64.23900", "2007-12-31": 22.445, "2007-09-30": -3.801, "2007-06-30": 30.998, "2007-03-31": "3.67500", "2006-12-31": -0.271, "2006-09-30": -14.505, "2006-06-30": 12.253, "2006-03-31": "-13.32100", "2005-12-31": -23.47, "2005-09-30": -3.969, "2005-06-30": 7.66, "2005-03-31": "-12.20400"}, "Cash Flow From Operating Activities": {"2020-12-31": -327.943, "2020-09-30": 103.638, "2020-06-30": 182.279, "2020-03-31": "42.02600", "2019-12-31": 77.04, "2019-09-30": 81.518, "2019-06-30": 155.602, "2019-03-31": "62.31300", "2018-12-31": 123.992, "2018-09-30": 71.333, "2018-06-30": 151.666, "2018-03-31": "94.54600", "2017-12-31": 130.749, "2017-09-30": 101.402, "2017-06-30": 197.701, "2017-03-31": "113.14900", "2016-12-31": 135.218, "2016-09-30": 135.414, "2016-06-30": 259.288, "2016-03-31": "114.09000", "2015-12-31": 203.485, "2015-09-30": 89.54, "2015-06-30": 142.5, "2015-03-31": "90.95900", "2014-12-31": 113.175, "2014-09-30": 100.644, "2014-06-30": 188.414, "2014-03-31": "88.14800", "2013-12-31": 75.673, "2013-09-30": 100.842, "2013-06-30": 120.132, "2013-03-31": "89.55600", "2012-12-31": 76.559, "2012-09-30": 72.259, "2012-06-30": 141.104, "2012-03-31": "56.83100", "2011-12-31": 69.422, "2011-09-30": 60.848, "2011-06-30": 100.189, "2011-03-31": "76.65900", "2010-12-31": 67.009, "2010-09-30": 101.395, "2010-06-30": 85.972, "2010-03-31": "66.68200", "2009-12-31": 60.399, "2009-09-30": 62.438, "2009-06-30": 96.925, "2009-03-31": "55.44900", "2008-12-31": 82.673, "2008-09-30": 75.74, "2008-06-30": 117.221, "2008-03-31": "20.37700", "2007-12-31": 88.318, "2007-09-30": 68.916, "2007-06-30": 114.224, "2007-03-31": "135.24700", "2006-12-31": 83.333, "2006-09-30": 39.235, "2006-06-30": 69.677, "2006-03-31": "33.39900", "2005-12-31": 19.403, "2005-09-30": 43.72, "2005-06-30": 47.758, "2005-03-31": "27.51700"}, "Net Change In Property, Plant, And Equipment": {"2020-12-31": 35.46, "2020-09-30": -15.137, "2020-06-30": 77.093, "2020-03-31": "-97.41600", "2019-12-31": -33.885, "2019-09-30": -56.56, "2019-06-30": -191.795, "2019-03-31": "-25.03500", "2018-12-31": 227.737, "2018-09-30": 34.296, "2018-06-30": 300.085, "2018-03-31": "353.94000", "2017-12-31": 444.486, "2017-09-30": -12.338, "2017-06-30": -5.943, "2017-03-31": "-98.09000", "2016-12-31": -174.523, "2016-09-30": 400.951, "2016-06-30": 1698.261, "2016-03-31": "99.42500", "2015-12-31": -104.67, "2015-09-30": -1935.967, "2015-06-30": -332.38, "2015-03-31": "429.04900", "2014-12-31": 107.5469, "2014-09-30": -581.812, "2014-06-30": -149.136, "2014-03-31": "26.12200", "2013-12-31": -376.208, "2013-09-30": -86.408, "2013-06-30": -54.533, "2013-03-31": "-54.07400", "2012-12-31": -73.243, "2012-09-30": -147.084, "2012-06-30": -207.42, "2012-03-31": "-156.56400", "2011-12-31": -132.756, "2011-09-30": -51.363, "2011-06-30": -206.239, "2011-03-31": "14.57900", "2010-12-31": -173.856, "2010-09-30": -37.499, "2010-06-30": 441.365, "2010-03-31": "-25.86300", "2009-12-31": -35.356, "2009-09-30": -22.351, "2009-06-30": -26.816, "2009-03-31": "0.12100", "2008-12-31": 24.02, "2008-09-30": -29.018, "2008-06-30": -28.974, "2008-03-31": "52.00400", "2007-12-31": 2118.377, "2007-09-30": 255.641, "2007-06-30": 2.873, "2007-03-31": "-3523.00400", "2006-12-31": -92.124, "2006-09-30": -243.592, "2006-06-30": -25.619, "2006-03-31": "-244.47600", "2005-12-31": -32.02, "2005-09-30": -115.385, "2005-06-30": -122.939, "2005-03-31": "-146.99700"}, "Net Change In Intangible Assets": {"2020-12-31": 0, "2020-09-30": 0, "2020-06-30": 0, "2020-03-31": "", "2019-12-31": 0, "2019-09-30": 0, "2019-06-30": 0, "2019-03-31": "", "2018-12-31": 0, "2018-09-30": 0, "2018-06-30": 0, "2018-03-31": "", "2017-12-31": 0, "2017-09-30": 0, "2017-06-30": 0, "2017-03-31": "", "2016-12-31": 0, "2016-09-30": 0, "2016-06-30": 0, "2016-03-31": "", "2015-12-31": 0, "2015-09-30": 0, "2015-06-30": 0, "2015-03-31": "", "2014-12-31": 0, "2014-09-30": 0, "2014-06-30": 0, "2014-03-31": "", "2013-12-31": 0, "2013-09-30": 0, "2013-06-30": 0, "2013-03-31": "", "2012-12-31": 0, "2012-09-30": 0, "2012-06-30": 0, "2012-03-31": "", "2011-12-31": 0, "2011-09-30": 0, "2011-06-30": 0, "2011-03-31": "", "2010-12-31": 0, "2010-09-30": 0, "2010-06-30": 0, "2010-03-31": "", "2009-12-31": 0, "2009-09-30": 0, "2009-06-30": 0, "2009-03-31": "", "2008-12-31": 0, "2008-09-30": 0, "2008-06-30": 0, "2008-03-31": "", "2007-12-31": 0, "2007-09-30": 0, "2007-06-30": 0, "2007-03-31": "", "2006-12-31": 0, "2006-09-30": 0, "2006-06-30": 0, "2006-03-31": "", "2005-12-31": 0, "2005-09-30": 0, "2005-06-30": 0, "2005-03-31": ""}, "Net Acquisitions/Divestitures": {"2020-12-31": 0, "2020-09-30": 0, "2020-06-30": 0, "2020-03-31": "", "2019-12-31": 0, "2019-09-30": 0, "2019-06-30": 0, "2019-03-31": "", "2018-12-31": 0, "2018-09-30": 0, "2018-06-30": 0, "2018-03-31": "", "2017-12-31": 0, "2017-09-30": 0, "2017-06-30": 0, "2017-03-31": "", "2016-12-31": 0, "2016-09-30": 0, "2016-06-30": 0, "2016-03-31": "", "2015-12-31": 0, "2015-09-30": 0, "2015-06-30": 0, "2015-03-31": "", "2014-12-31": 0, "2014-09-30": 0, "2014-06-30": 0, "2014-03-31": "", "2013-12-31": 0, "2013-09-30": 0, "2013-06-30": 0, "2013-03-31": "", "2012-12-31": 0, "2012-09-30": 0, "2012-06-30": 0, "2012-03-31": "", "2011-12-31": 0, "2011-09-30": 0, "2011-06-30": 0, "2011-03-31": "", "2010-12-31": 0, "2010-09-30": 0, "2010-06-30": 0, "2010-03-31": "", "2009-12-31": 0, "2009-09-30": 0, "2009-06-30": 0, "2009-03-31": "", "2008-12-31": 0, "2008-09-30": 0, "2008-06-30": 0, "2008-03-31": "", "2007-12-31": 0, "2007-09-30": 0, "2007-06-30": 0, "2007-03-31": "", "2006-12-31": 0, "2006-09-30": 0, "2006-06-30": 0, "2006-03-31": "", "2005-12-31": 0, "2005-09-30": 0, "2005-06-30": 0, "2005-03-31": ""}, "Net Change In Short-term Investments": {"2020-12-31": 0, "2020-09-30": 0, "2020-06-30": 0, "2020-03-31": "", "2019-12-31": 0, "2019-09-30": 0, "2019-06-30": 0, "2019-03-31": "", "2018-12-31": 0, "2018-09-30": 0, "2018-06-30": 0, "2018-03-31": "", "2017-12-31": 0, "2017-09-30": 0, "2017-06-30": 0, "2017-03-31": "", "2016-12-31": 0, "2016-09-30": 0, "2016-06-30": 0, "2016-03-31": "", "2015-12-31": 0, "2015-09-30": 0, "2015-06-30": 0, "2015-03-31": "", "2014-12-31": 0, "2014-09-30": 0, "2014-06-30": 0, "2014-03-31": "", "2013-12-31": 0, "2013-09-30": 0, "2013-06-30": 0, "2013-03-31": "", "2012-12-31": 0, "2012-09-30": 0, "2012-06-30": 0, "2012-03-31": "", "2011-12-31": 0, "2011-09-30": 0, "2011-06-30": 0, "2011-03-31": "", "2010-12-31": 0, "2010-09-30": 0, "2010-06-30": 0, "2010-03-31": "", "2009-12-31": 0, "2009-09-30": 0, "2009-06-30": 0, "2009-03-31": "", "2008-12-31": 0, "2008-09-30": 0, "2008-06-30": 0, "2008-03-31": "", "2007-12-31": 0, "2007-09-30": 0, "2007-06-30": 0, "2007-03-31": "", "2006-12-31": 0, "2006-09-30": 0, "2006-06-30": 0, "2006-03-31": "", "2005-12-31": 0, "2005-09-30": 0, "2005-06-30": 0, "2005-03-31": ""}, "Net Change In Long-Term Investments": {"2020-12-31": -310.104, "2020-09-30": -45.271, "2020-06-30": 436.107, "2020-03-31": "-80.73200", "2019-12-31": 383.2241, "2019-09-30": 266.164, "2019-06-30": -9.025, "2019-03-31": "-284.50600", "2018-12-31": -30.798, "2018-09-30": 142.739, "2018-06-30": -521.598, "2018-03-31": "-18.94500", "2017-12-31": -365.56, "2017-09-30": -55.36, "2017-06-30": -286.135, "2017-03-31": "55.87900", "2016-12-31": -281.479, "2016-09-30": -143.803, "2016-06-30": 22.104, "2016-03-31": "148.53100", "2015-12-31": -180.483, "2015-09-30": 169.748, "2015-06-30": -155.167, "2015-03-31": "-238.87400", "2014-12-31": -133.0631, "2014-09-30": 78.094, "2014-06-30": -204.412, "2014-03-31": "-168.90800", "2013-12-31": -4.322, "2013-09-30": -120.209, "2013-06-30": 177.951, "2013-03-31": "-110.18900", "2012-12-31": -338.283, "2012-09-30": -124.906, "2012-06-30": -92.765, "2012-03-31": "-114.26400", "2011-12-31": -121.097, "2011-09-30": -374.082, "2011-06-30": -47.923, "2011-03-31": "72.13000", "2010-12-31": -60.497, "2010-09-30": -39.031, "2010-06-30": -129.927, "2010-03-31": "-41.40400", "2009-12-31": -278.188, "2009-09-30": -17.103, "2009-06-30": 51.091, "2009-03-31": "-7.90400", "2008-12-31": 80.399, "2008-09-30": -91.344, "2008-06-30": -69.375, "2008-03-31": "-7.89700", "2007-12-31": -646.496, "2007-09-30": -113.915, "2007-06-30": -92.722, "2007-03-31": "-320.58500", "2006-12-31": -208.005, "2006-09-30": -12.082, "2006-06-30": 80.571, "2006-03-31": "-83.43300", "2005-12-31": -35.105, "2005-09-30": -21.707, "2005-06-30": -96.499, "2005-03-31": "-47.57900"}, "Net Change In Investments - Total": {"2020-12-31": -310.104, "2020-09-30": -45.271, "2020-06-30": 436.107, "2020-03-31": "-80.73200", "2019-12-31": 383.2241, "2019-09-30": 266.164, "2019-06-30": -9.025, "2019-03-31": "-284.50600", "2018-12-31": -30.798, "2018-09-30": 142.739, "2018-06-30": -521.598, "2018-03-31": "-18.94500", "2017-12-31": -365.56, "2017-09-30": -55.36, "2017-06-30": -286.135, "2017-03-31": "55.87900", "2016-12-31": -281.479, "2016-09-30": -143.803, "2016-06-30": 22.104, "2016-03-31": "148.53100", "2015-12-31": -180.483, "2015-09-30": 169.748, "2015-06-30": -155.167, "2015-03-31": "-238.87400", "2014-12-31": -133.0631, "2014-09-30": 78.094, "2014-06-30": -204.412, "2014-03-31": "-168.90800", "2013-12-31": -4.322, "2013-09-30": -120.209, "2013-06-30": 177.951, "2013-03-31": "-110.18900", "2012-12-31": -338.283, "2012-09-30": -124.906, "2012-06-30": -92.765, "2012-03-31": "-114.26400", "2011-12-31": -121.097, "2011-09-30": -374.082, "2011-06-30": -47.923, "2011-03-31": "72.13000", "2010-12-31": -60.497, "2010-09-30": -39.031, "2010-06-30": -129.927, "2010-03-31": "-41.40400", "2009-12-31": -278.188, "2009-09-30": -17.103, "2009-06-30": 51.091, "2009-03-31": "-7.90400", "2008-12-31": 80.399, "2008-09-30": -91.344, "2008-06-30": -69.375, "2008-03-31": "-7.89700", "2007-12-31": -646.496, "2007-09-30": -113.915, "2007-06-30": -92.722, "2007-03-31": "-320.58500", "2006-12-31": -208.005, "2006-09-30": -12.082, "2006-06-30": 80.571, "2006-03-31": "-83.43300", "2005-12-31": -35.105, "2005-09-30": -21.707, "2005-06-30": -96.499, "2005-03-31": "-47.57900"}, "Investing Activities - Other": {"2020-12-31": -100.379, "2020-09-30": 31.612, "2020-06-30": 20.037, "2020-03-31": "48.73000", "2019-12-31": 6.055, "2019-09-30": 15.9, "2019-06-30": 26.259, "2019-03-31": "17.69800", "2018-12-31": -15.509, "2018-09-30": 55.133, "2018-06-30": 33.575, "2018-03-31": "121.00700", "2017-12-31": 18.642, "2017-09-30": 229.731, "2017-06-30": 37.17, "2017-03-31": "59.53200", "2016-12-31": 24.211, "2016-09-30": 21.278, "2016-06-30": 67.525, "2016-03-31": "90.90100", "2015-12-31": 5.668, "2015-09-30": 37.726, "2015-06-30": -0.683, "2015-03-31": "40.12200", "2014-12-31": 53.944, "2014-09-30": -3.504, "2014-06-30": 107.308, "2014-03-31": "70.98500", "2013-12-31": -5.364, "2013-09-30": 6.798, "2013-06-30": 2.936, "2013-03-31": "-4.81300", "2012-12-31": 71.527, "2012-09-30": 6.633, "2012-06-30": 36.33, "2012-03-31": "-23.36400", "2011-12-31": 21.517, "2011-09-30": -11.341, "2011-06-30": 155.28, "2011-03-31": "-52.56000", "2010-12-31": 78.178, "2010-09-30": 4.621, "2010-06-30": -4.296, "2010-03-31": "7.02400", "2009-12-31": 5.578, "2009-09-30": -23.129, "2009-06-30": 4.131, "2009-03-31": "4.54700", "2008-12-31": 24.991, "2008-09-30": 41.175, "2008-06-30": 402.453, "2008-03-31": "-2.21500", "2007-12-31": -1892.38, "2007-09-30": -98.708, "2007-06-30": 39.783, "2007-03-31": "1936.79900", "2006-12-31": 18.034, "2006-09-30": 0.958, "2006-06-30": 1.45, "2006-03-31": "21.40600", "2005-12-31": 146.095, "2005-09-30": 3.016, "2005-06-30": 2.005, "2005-03-31": "1.44100"}, "Cash Flow From Investing Activities": {"2020-12-31": -375.023, "2020-09-30": -28.796, "2020-06-30": 533.237, "2020-03-31": "-129.41800", "2019-12-31": 355.394, "2019-09-30": 225.504, "2019-06-30": -174.561, "2019-03-31": "-291.84300", "2018-12-31": 181.43, "2018-09-30": 232.168, "2018-06-30": -187.938, "2018-03-31": "456.00200", "2017-12-31": 97.568, "2017-09-30": 162.033, "2017-06-30": -254.908, "2017-03-31": "17.32100", "2016-12-31": -431.791, "2016-09-30": 278.426, "2016-06-30": 1787.89, "2016-03-31": "338.85700", "2015-12-31": -279.485, "2015-09-30": -1728.493, "2015-06-30": -488.23, "2015-03-31": "230.29700", "2014-12-31": 28.428, "2014-09-30": -507.222, "2014-06-30": -246.24, "2014-03-31": "-71.80100", "2013-12-31": -385.894, "2013-09-30": -199.819, "2013-06-30": 126.354, "2013-03-31": "-169.07600", "2012-12-31": -339.999, "2012-09-30": -265.357, "2012-06-30": -263.855, "2012-03-31": "-294.19200", "2011-12-31": -232.336, "2011-09-30": -436.786, "2011-06-30": -98.882, "2011-03-31": "34.14900", "2010-12-31": -156.175, "2010-09-30": -71.909, "2010-06-30": 307.142, "2010-03-31": "-60.24300", "2009-12-31": -307.966, "2009-09-30": -62.583, "2009-06-30": 28.406, "2009-03-31": "-3.23600", "2008-12-31": 129.41, "2008-09-30": -79.187, "2008-06-30": 304.104, "2008-03-31": "41.89200", "2007-12-31": -420.499, "2007-09-30": 43.018, "2007-06-30": -50.066, "2007-03-31": "-1906.79000", "2006-12-31": -282.095, "2006-09-30": -254.716, "2006-06-30": 56.402, "2006-03-31": "-306.50300", "2005-12-31": 78.97, "2005-09-30": -134.076, "2005-06-30": -217.433, "2005-03-31": "-193.13500"}, "Net Long-Term Debt": {"2020-12-31": -117.8428, "2020-09-30": -717.2281, "2020-06-30": 26.7449, "2020-03-31": "808.32600", "2019-12-31": -109.1402, "2019-09-30": -181.674, "2019-06-30": 154.977, "2019-03-31": "398.74500", "2018-12-31": 62.4881, "2018-09-30": -314.6469, "2018-06-30": 457.9989, "2018-03-31": "49.70900", "2017-12-31": 208.4892, "2017-09-30": -26.1751, "2017-06-30": 195.6291, "2017-03-31": "97.87300", "2016-12-31": 115.817, "2016-09-30": -179.083, "2016-06-30": -2003.299, "2016-03-31": "-297.59900", "2015-12-31": 188.325, "2015-09-30": 1751.449, "2015-06-30": 283.884, "2015-03-31": "-321.60800", "2014-12-31": -172.533, "2014-09-30": 375.86, "2014-06-30": -5.0649, "2014-03-31": "272.75400", "2013-12-31": 97.5748, "2013-09-30": 106.527, "2013-06-30": -43.406, "2013-03-31": "155.04100", "2012-12-31": 347.409, "2012-09-30": 107.7701, "2012-06-30": 226.2379, "2012-03-31": "42.52000", "2011-12-31": -39.17, "2011-09-30": 285.7552, "2011-06-30": 51.395, "2011-03-31": "-343.58400", "2010-12-31": 180.523, "2010-09-30": -78.261, "2010-06-30": -201.824, "2010-03-31": "-257.54400", "2009-12-31": -23.974, "2009-09-30": -44.314, "2009-06-30": -213.727, "2009-03-31": "-311.15800", "2008-12-31": -80.7429, "2008-09-30": 763.9339, "2008-06-30": -352.937, "2008-03-31": "34.94800", "2007-12-31": 393.266, "2007-09-30": -0.545, "2007-06-30": -394.544, "2007-03-31": "1683.92400", "2006-12-31": -363.0431, "2006-09-30": 121.68, "2006-06-30": -101.153, "2006-03-31": "272.51400", "2005-12-31": -84.388, "2005-09-30": 132.887, "2005-06-30": 178.438, "2005-03-31": "164.93900"}, "Net Current Debt": {"2020-12-31": 0, "2020-09-30": 0, "2020-06-30": 0, "2020-03-31": "", "2019-12-31": 0, "2019-09-30": 0, "2019-06-30": 0, "2019-03-31": "", "2018-12-31": 0, "2018-09-30": 0, "2018-06-30": 0, "2018-03-31": "", "2017-12-31": 0, "2017-09-30": 0, "2017-06-30": 0, "2017-03-31": "", "2016-12-31": 0, "2016-09-30": 0, "2016-06-30": 0, "2016-03-31": "", "2015-12-31": 0, "2015-09-30": 0, "2015-06-30": 0, "2015-03-31": "", "2014-12-31": 0, "2014-09-30": 0, "2014-06-30": 0, "2014-03-31": "", "2013-12-31": 0, "2013-09-30": 0, "2013-06-30": 0, "2013-03-31": "", "2012-12-31": 0, "2012-09-30": 0, "2012-06-30": 0, "2012-03-31": "", "2011-12-31": 0, "2011-09-30": 0, "2011-06-30": 0, "2011-03-31": "", "2010-12-31": 0, "2010-09-30": 0, "2010-06-30": 0, "2010-03-31": "", "2009-12-31": 0, "2009-09-30": 0, "2009-06-30": 0, "2009-03-31": "", "2008-12-31": 0, "2008-09-30": 0, "2008-06-30": 0, "2008-03-31": "", "2007-12-31": 0, "2007-09-30": 0, "2007-06-30": 0, "2007-03-31": "", "2006-12-31": 0, "2006-09-30": 0, "2006-06-30": 0, "2006-03-31": "", "2005-12-31": 0, "2005-09-30": 0, "2005-06-30": 0, "2005-03-31": ""}, "Debt Issuance/Retirement Net - Total": {"2020-12-31": -117.8428, "2020-09-30": -717.2281, "2020-06-30": 26.7449, "2020-03-31": "808.32600", "2019-12-31": -109.1402, "2019-09-30": -181.674, "2019-06-30": 154.977, "2019-03-31": "398.74500", "2018-12-31": 62.4881, "2018-09-30": -314.6469, "2018-06-30": 457.9989, "2018-03-31": "49.70900", "2017-12-31": 208.4892, "2017-09-30": -26.1751, "2017-06-30": 195.6291, "2017-03-31": "97.87300", "2016-12-31": 115.817, "2016-09-30": -179.083, "2016-06-30": -2003.299, "2016-03-31": "-297.59900", "2015-12-31": 188.325, "2015-09-30": 1751.449, "2015-06-30": 283.884, "2015-03-31": "-321.60800", "2014-12-31": -172.533, "2014-09-30": 375.86, "2014-06-30": -5.0649, "2014-03-31": "272.75400", "2013-12-31": 97.5748, "2013-09-30": 106.527, "2013-06-30": -43.406, "2013-03-31": "155.04100", "2012-12-31": 347.409, "2012-09-30": 107.7701, "2012-06-30": 226.2379, "2012-03-31": "42.52000", "2011-12-31": -39.17, "2011-09-30": 285.7552, "2011-06-30": 51.395, "2011-03-31": "-343.58400", "2010-12-31": 180.523, "2010-09-30": -78.261, "2010-06-30": -201.824, "2010-03-31": "-257.54400", "2009-12-31": -23.974, "2009-09-30": -44.314, "2009-06-30": -213.727, "2009-03-31": "-311.15800", "2008-12-31": -80.7429, "2008-09-30": 763.9339, "2008-06-30": -352.937, "2008-03-31": "34.94800", "2007-12-31": 393.266, "2007-09-30": -0.545, "2007-06-30": -394.544, "2007-03-31": "1683.92400", "2006-12-31": -363.0431, "2006-09-30": 121.68, "2006-06-30": -101.153, "2006-03-31": "272.51400", "2005-12-31": -84.388, "2005-09-30": 132.887, "2005-06-30": 178.438, "2005-03-31": "164.93900"}, "Net Common Equity Issued/Repurchased": {"2020-12-31": 381.426, "2020-09-30": -29.742, "2020-06-30": -132.274, "2020-03-31": "-219.41000", "2019-12-31": -209.362, "2019-09-30": -65.653, "2019-06-30": -74.854, "2019-03-31": "-34.19600", "2018-12-31": -206.109, "2018-09-30": -25.389, "2018-06-30": -337.087, "2018-03-31": "-381.90800", "2017-12-31": -445.249, "2017-09-30": -137.623, "2017-06-30": -208.599, "2017-03-31": "8.70600", "2016-12-31": 2.705, "2016-09-30": 7.973, "2016-06-30": 3.175, "2016-03-31": "1.25600", "2015-12-31": 3.485, "2015-09-30": 0.887, "2015-06-30": 5.869, "2015-03-31": "230.43700", "2014-12-31": 147.349, "2014-09-30": 34.72, "2014-06-30": 19.511, "2014-03-31": "9.01600", "2013-12-31": 252.491, "2013-09-30": 40.817, "2013-06-30": 12.96, "2013-03-31": "4.52200", "2012-12-31": -224.922, "2012-09-30": 229.45, "2012-06-30": 81.46, "2012-03-31": "213.88400", "2011-12-31": 0.578, "2011-09-30": 97.952, "2011-06-30": 256.847, "2011-03-31": "165.51600", "2010-12-31": 0.807, "2010-09-30": -0.261, "2010-06-30": 1.825, "2010-03-31": "12.16400", "2009-12-31": 0.249, "2009-09-30": 0.184, "2009-06-30": 387.324, "2009-03-31": "", "2008-12-31": -35.298, "2008-09-30": -48.368, "2008-06-30": -11.635, "2008-03-31": "-49.31300", "2007-12-31": -54.679, "2007-09-30": -53.262, "2007-06-30": -38.585, "2007-03-31": "8.72400", "2006-12-31": 532.711, "2006-09-30": 269.011, "2006-06-30": 1.427, "2006-03-31": "11.57700", "2005-12-31": 8.396, "2005-09-30": 0.289, "2005-06-30": 1.571, "2005-03-31": "13.92800"}, "Net Total Equity Issued/Repurchased": {"2020-12-31": 483.089, "2020-09-30": -53.539, "2020-06-30": -172.682, "2020-03-31": "-256.86800", "2019-12-31": -223.939, "2019-09-30": -65.72, "2019-06-30": -75.008, "2019-03-31": "-65.03500", "2018-12-31": -240.9391, "2018-09-30": -25.3889, "2018-06-30": -337.287, "2018-03-31": "-382.05800", "2017-12-31": -445.399, "2017-09-30": -137.623, "2017-06-30": -208.724, "2017-03-31": "8.70600", "2016-12-31": 2.405, "2016-09-30": 7.823, "2016-06-30": 0.766, "2016-03-31": "0.81600", "2015-12-31": 3.485, "2015-09-30": 0.887, "2015-06-30": 5.869, "2015-03-31": "230.23700", "2014-12-31": 145.349, "2014-09-30": 34.72, "2014-06-30": 19.511, "2014-03-31": "9.01600", "2013-12-31": 252.458, "2013-09-30": 40.826, "2013-06-30": -179.516, "2013-03-31": "4.48900", "2012-12-31": -2.957, "2012-09-30": 29.437, "2012-06-30": 81.46, "2012-03-31": "213.88400", "2011-12-31": 0.578, "2011-09-30": 97.952, "2011-06-30": 256.847, "2011-03-31": "165.51600", "2010-12-31": 0.829, "2010-09-30": -0.261, "2010-06-30": 1.676, "2010-03-31": "134.33200", "2009-12-31": 0.249, "2009-09-30": 0.184, "2009-06-30": 387.324, "2009-03-31": "", "2008-12-31": -35.298, "2008-09-30": -48.368, "2008-06-30": -11.635, "2008-03-31": "-49.31300", "2007-12-31": -54.679, "2007-09-30": -53.262, "2007-06-30": -38.585, "2007-03-31": "8.72400", "2006-12-31": 532.711, "2006-09-30": 269.011, "2006-06-30": 1.427, "2006-03-31": "11.57700", "2005-12-31": 8.396, "2005-09-30": 0.289, "2005-06-30": 1.571, "2005-03-31": "13.92800"}, "Total Common And Preferred Stock Dividends Paid": {"2020-12-31": 237.273, "2020-09-30": -78.689, "2020-06-30": -158.092, "2020-03-31": "-0.49200", "2019-12-31": -75.582, "2019-09-30": -69.469, "2019-06-30": -161.605, "2019-03-31": "-0.20800", "2018-12-31": -73.118, "2018-09-30": -80.065, "2018-06-30": -82.841, "2018-03-31": "-85.57000", "2017-12-31": -123.649, "2017-09-30": -86.55, "2017-06-30": -88.074, "2017-03-31": "-87.71600", "2016-12-31": -83.674, "2016-09-30": -79.724, "2016-06-30": -80.092, "2016-03-31": "-86.00800", "2015-12-31": -178.225, "2015-09-30": -66.934, "2015-06-30": 41.767, "2015-03-31": "-173.77000", "2014-12-31": -54.434, "2014-09-30": -53.848, "2014-06-30": -53.389, "2014-03-31": "-53.15200", "2013-12-31": -36.666, "2013-09-30": -34.578, "2013-06-30": -37.839, "2013-03-31": "-43.47000", "2012-12-31": -17.64, "2012-09-30": -35.74, "2012-06-30": -35.584, "2012-03-31": "-35.57000", "2011-12-31": -16.286, "2011-09-30": -25.784, "2011-06-30": -147.482, "2011-03-31": "-17.89200", "2010-12-31": -17.527, "2010-09-30": -19.647, "2010-06-30": -19.016, "2010-03-31": "-16.28300", "2009-12-31": -16.349, "2009-09-30": -17.188, "2009-06-30": -31.769, "2009-03-31": "-32.63200", "2008-12-31": -20.731, "2008-09-30": -56.644, "2008-06-30": -66.651, "2008-03-31": "-59.10800", "2007-12-31": -47.658, "2007-09-30": -48.237, "2007-06-30": -45.744, "2007-03-31": "-39.67600", "2006-12-31": -30.458, "2006-09-30": -28.191, "2006-06-30": -30.977, "2006-03-31": "-28.52000", "2005-12-31": -22.308, "2005-09-30": -22.941, "2005-06-30": -22.227, "2005-03-31": "-27.26400"}, "Financial Activities - Other": {"2020-12-31": 37.428, "2020-09-30": -22.22, "2020-06-30": 68.774, "2020-03-31": "-83.98200", "2019-12-31": 1.113, "2019-09-30": -14.762, "2019-06-30": 46.031, "2019-03-31": "-87.37400", "2018-12-31": -33.332, "2018-09-30": -4.788, "2018-06-30": 0.116, "2018-03-31": "-4.39000", "2017-12-31": 33.016, "2017-09-30": -44.759, "2017-06-30": 0.05, "2017-03-31": "19.95000", "2016-12-31": -7.482, "2016-09-30": -33.186, "2016-06-30": -4.532, "2016-03-31": "-9.35000", "2015-12-31": 73.454, "2015-09-30": -17.985, "2015-06-30": -100.664, "2015-03-31": "-6.75400", "2014-12-31": -32.096, "2014-09-30": -4.737, "2014-06-30": -42.29, "2014-03-31": "-4.49500", "2013-12-31": -5.552, "2013-09-30": -3.669, "2013-06-30": -6.86, "2013-03-31": "-6.42000", "2012-12-31": -35.751, "2012-09-30": -2.805, "2012-06-30": -26.229, "2012-03-31": "12.00000", "2011-12-31": -38.521, "2011-09-30": 22.291, "2011-06-30": -5.847, "2011-03-31": "-13.66900", "2010-12-31": -12.632, "2010-09-30": -0.091, "2010-06-30": -2.027, "2010-03-31": "-43.00500", "2009-12-31": -2.716, "2009-09-30": 18.767, "2009-06-30": -24.045, "2009-03-31": "-1.65800", "2008-12-31": -59.569, "2008-09-30": 2.106, "2008-06-30": 16.671, "2008-03-31": "12.03300", "2007-12-31": -10.883, "2007-09-30": 7.909, "2007-06-30": -4.713, "2007-03-31": "501.12100", "2006-12-31": 0.286, "2006-09-30": 15.241, "2006-06-30": -1.727, "2006-03-31": "13.96400", "2005-12-31": 9.838, "2005-09-30": -7.664, "2005-06-30": -2.918, "2005-03-31": "-4.99100"}, "Cash Flow From Financial Activities": {"2020-12-31": 639.947, "2020-09-30": -871.676, "2020-06-30": -235.255, "2020-03-31": "466.98400", "2019-12-31": -407.548, "2019-09-30": -331.625, "2019-06-30": -35.605, "2019-03-31": "246.12800", "2018-12-31": -284.901, "2018-09-30": -424.889, "2018-06-30": 37.987, "2018-03-31": "-422.30900", "2017-12-31": -327.543, "2017-09-30": -295.107, "2017-06-30": -101.119, "2017-03-31": "38.81300", "2016-12-31": 27.066, "2016-09-30": -284.17, "2016-06-30": -2087.157, "2016-03-31": "-392.14100", "2015-12-31": 87.039, "2015-09-30": 1667.417, "2015-06-30": 230.856, "2015-03-31": "-271.89500", "2014-12-31": -113.714, "2014-09-30": 351.995, "2014-06-30": -81.233, "2014-03-31": "224.12300", "2013-12-31": 307.815, "2013-09-30": 109.106, "2013-06-30": -267.621, "2013-03-31": "109.64000", "2012-12-31": 291.061, "2012-09-30": 98.662, "2012-06-30": 245.885, "2012-03-31": "232.83400", "2011-12-31": -93.399, "2011-09-30": 380.214, "2011-06-30": 154.913, "2011-03-31": "-209.62900", "2010-12-31": 151.193, "2010-09-30": -98.26, "2010-06-30": -221.191, "2010-03-31": "-182.50000", "2009-12-31": -42.79, "2009-09-30": -42.551, "2009-06-30": 117.783, "2009-03-31": "-345.44800", "2008-12-31": -196.341, "2008-09-30": 661.027, "2008-06-30": -414.551, "2008-03-31": "-61.44000", "2007-12-31": 280.046, "2007-09-30": -94.135, "2007-06-30": -483.586, "2007-03-31": "2154.09300", "2006-12-31": 139.496, "2006-09-30": 377.741, "2006-06-30": -132.43, "2006-03-31": "269.53500", "2005-12-31": -88.462, "2005-09-30": 102.571, "2005-06-30": 154.864, "2005-03-31": "146.61200"}, "Net Cash Flow": {"2020-12-31": -63.019, "2020-09-30": -796.834, "2020-06-30": 480.261, "2020-03-31": "379.59200", "2019-12-31": 24.886, "2019-09-30": -24.603, "2019-06-30": -54.564, "2019-03-31": "16.59800", "2018-12-31": 20.521, "2018-09-30": -121.388, "2018-06-30": 1.715, "2018-03-31": "128.23900", "2017-12-31": -99.226, "2017-09-30": -31.672, "2017-06-30": -158.326, "2017-03-31": "169.28300", "2016-12-31": -269.507, "2016-09-30": 129.67, "2016-06-30": -39.979, "2016-03-31": "60.80600", "2015-12-31": 11.039, "2015-09-30": 28.464, "2015-06-30": -114.874, "2015-03-31": "49.36100", "2014-12-31": 27.889, "2014-09-30": -54.583, "2014-06-30": -139.059, "2014-03-31": "240.47000", "2013-12-31": -2.406, "2013-09-30": 10.129, "2013-06-30": -21.135, "2013-03-31": "30.12000", "2012-12-31": 27.621, "2012-09-30": -94.436, "2012-06-30": 123.134, "2012-03-31": "-4.52700", "2011-12-31": -256.313, "2011-09-30": 4.276, "2011-06-30": 156.22, "2011-03-31": "-98.82100", "2010-12-31": 62.027, "2010-09-30": -68.774, "2010-06-30": 171.923, "2010-03-31": "-176.06100", "2009-12-31": -290.357, "2009-09-30": -42.696, "2009-06-30": 243.114, "2009-03-31": "-293.23500", "2008-12-31": 15.742, "2008-09-30": 657.58, "2008-06-30": 6.774, "2008-03-31": "0.82900", "2007-12-31": -52.135, "2007-09-30": 17.799, "2007-06-30": -419.428, "2007-03-31": "382.55000", "2006-12-31": -59.266, "2006-09-30": 162.26, "2006-06-30": -6.351, "2006-03-31": "-3.56900", "2005-12-31": 9.911, "2005-09-30": 12.215, "2005-06-30": -14.811, "2005-03-31": "-19.00600"}, "Stock-Based Compensation": {"2020-12-31": 0, "2020-09-30": 0, "2020-06-30": 0, "2020-03-31": "", "2019-12-31": 0, "2019-09-30": 0, "2019-06-30": 0, "2019-03-31": "", "2018-12-31": 0, "2018-09-30": 0, "2018-06-30": 0, "2018-03-31": "", "2017-12-31": 0, "2017-09-30": 0, "2017-06-30": 0, "2017-03-31": "", "2016-12-31": 0, "2016-09-30": 0, "2016-06-30": 0, "2016-03-31": "", "2015-12-31": 0, "2015-09-30": 0, "2015-06-30": 0, "2015-03-31": "", "2014-12-31": 0, "2014-09-30": 0, "2014-06-30": 0, "2014-03-31": "", "2013-12-31": 0, "2013-09-30": 0, "2013-06-30": 0, "2013-03-31": "", "2012-12-31": 0, "2012-09-30": 0, "2012-06-30": 0, "2012-03-31": "", "2011-12-31": 0, "2011-09-30": 0, "2011-06-30": 0, "2011-03-31": "", "2010-12-31": 0, "2010-09-30": 0, "2010-06-30": 0, "2010-03-31": "", "2009-12-31": 0, "2009-09-30": 0, "2009-06-30": 0, "2009-03-31": "", "2008-12-31": 0, "2008-09-30": 0, "2008-06-30": 0, "2008-03-31": "", "2007-12-31": 0, "2007-09-30": 0, "2007-06-30": 0, "2007-03-31": "", "2006-12-31": 0, "2006-09-30": 0, "2006-06-30": 0, "2006-03-31": "", "2005-12-31": 0, "2005-09-30": 0, "2005-06-30": 0, "2005-03-31": ""}, "Common Stock Dividends Paid": {"2020-12-31": 237.273, "2020-09-30": -78.689, "2020-06-30": -158.092, "2020-03-31": "-0.49200", "2019-12-31": -75.582, "2019-09-30": -69.469, "2019-06-30": -161.605, "2019-03-31": "-0.20800", "2018-12-31": -73.118, "2018-09-30": -80.065, "2018-06-30": -82.841, "2018-03-31": "-85.57000", "2017-12-31": -123.649, "2017-09-30": -86.55, "2017-06-30": -88.074, "2017-03-31": "-87.71600", "2016-12-31": -83.674, "2016-09-30": -79.724, "2016-06-30": -80.092, "2016-03-31": "-86.00800", "2015-12-31": -178.225, "2015-09-30": -66.934, "2015-06-30": 41.767, "2015-03-31": "-173.77000", "2014-12-31": -54.434, "2014-09-30": -53.848, "2014-06-30": -53.389, "2014-03-31": "-53.15200", "2013-12-31": -36.666, "2013-09-30": -34.578, "2013-06-30": -37.839, "2013-03-31": "-43.47000", "2012-12-31": -17.64, "2012-09-30": -35.74, "2012-06-30": -35.584, "2012-03-31": "-35.57000", "2011-12-31": -16.286, "2011-09-30": -25.784, "2011-06-30": -147.482, "2011-03-31": "-17.89200", "2010-12-31": -17.527, "2010-09-30": -19.647, "2010-06-30": -19.016, "2010-03-31": "-16.28300", "2009-12-31": -16.349, "2009-09-30": -17.188, "2009-06-30": -31.769, "2009-03-31": "-32.63200", "2008-12-31": -20.731, "2008-09-30": -56.644, "2008-06-30": -66.651, "2008-03-31": "-59.10800", "2007-12-31": -47.658, "2007-09-30": -48.237, "2007-06-30": -45.744, "2007-03-31": "-39.67600", "2006-12-31": -30.458, "2006-09-30": -28.191, "2006-06-30": -30.977, "2006-03-31": "-28.52000", "2005-12-31": -22.308, "2005-09-30": -22.941, "2005-06-30": -22.227, "2005-03-31": "-27.26400"}}, "financial ratios": {"Current Ratio": {"2019-12-31": "", "2018-12-31": "", "2017-12-31": "", "2016-12-31": "", "2015-12-31": "", "2014-12-31": "", "2013-12-31": "", "2012-12-31": "", "2011-12-31": "", "2010-12-31": "", "2009-12-31": "", "2008-12-31": "", "2007-12-31": "", "2006-12-31": "", "2005-12-31": ""}, "Long-term Debt / Capital": {"2019-12-31": "0.47200", "2018-12-31": "0.45700", "2017-12-31": "0.44510", "2016-12-31": "0.43350", "2015-12-31": "0.55040", "2014-12-31": "0.50620", "2013-12-31": "0.48730", "2012-12-31": "0.47770", "2011-12-31": "0.47650", "2010-12-31": "0.49010", "2009-12-31": "0.49560", "2008-12-31": "0.55060", "2007-12-31": "0.55830", "2006-12-31": "0.42070", "2005-12-31": "0.50000"}, "Debt/Equity Ratio": {"2019-12-31": "0.89410", "2018-12-31": "0.84170", "2017-12-31": "0.80210", "2016-12-31": "0.76510", "2015-12-31": "1.22440", "2014-12-31": "1.02500", "2013-12-31": "0.95030", "2012-12-31": "0.91470", "2011-12-31": "0.91010", "2010-12-31": "0.96100", "2009-12-31": "0.98240", "2008-12-31": "1.22520", "2007-12-31": "1.26390", "2006-12-31": "0.72610", "2005-12-31": "1.00000"}, "Gross Margin": {"2019-12-31": "", "2018-12-31": "", "2017-12-31": "", "2016-12-31": "", "2015-12-31": "", "2014-12-31": "", "2013-12-31": "", "2012-12-31": "", "2011-12-31": "", "2010-12-31": "", "2009-12-31": "", "2008-12-31": "", "2007-12-31": "", "2006-12-31": "", "2005-12-31": ""}, "Operating Margin": {"2019-12-31": "31.86070", "2018-12-31": "31.46880", "2017-12-31": "27.92460", "2016-12-31": "16.98410", "2015-12-31": "24.12340", "2014-12-31": "32.39280", "2013-12-31": "31.28630", "2012-12-31": "28.60980", "2011-12-31": "32.48550", "2010-12-31": "31.62040", "2009-12-31": "15.19520", "2008-12-31": "22.86440", "2007-12-31": "33.88240", "2006-12-31": "32.25530", "2005-12-31": "32.69470"}, "EBIT Margin": {"2019-12-31": "31.86070", "2018-12-31": "31.46880", "2017-12-31": "27.92460", "2016-12-31": "16.98410", "2015-12-31": "24.12340", "2014-12-31": "32.39280", "2013-12-31": "31.28630", "2012-12-31": "28.60980", "2011-12-31": "32.48550", "2010-12-31": "31.62040", "2009-12-31": "15.19520", "2008-12-31": "22.86440", "2007-12-31": "33.88240", "2006-12-31": "32.25530", "2005-12-31": "32.69470"}, "EBITDA Margin": {"2019-12-31": "54.78340", "2018-12-31": "55.08790", "2017-12-31": "55.63260", "2016-12-31": "62.90690", "2015-12-31": "59.49910", "2014-12-31": "58.70900", "2013-12-31": "57.52500", "2012-12-31": "55.85980", "2011-12-31": "56.39360", "2010-12-31": "54.04740", "2009-12-31": "39.23540", "2008-12-31": "44.41430", "2007-12-31": "54.89440", "2006-12-31": "49.33090", "2005-12-31": "50.38410"}, "Pre-Tax Profit Margin": {"2019-12-31": "18.72930", "2018-12-31": "-0.19180", "2017-12-31": "0.77160", "2016-12-31": "-0.17240", "2015-12-31": "7.63370", "2014-12-31": "23.92990", "2013-12-31": "8.07370", "2012-12-31": "13.24230", "2011-12-31": "49.92360", "2010-12-31": "25.50820", "2009-12-31": "6.59240", "2008-12-31": "-5.45440", "2007-12-31": "12.32220", "2006-12-31": "21.90870", "2005-12-31": "26.61820"}, "Net Profit Margin": {"2019-12-31": "20.62030", "2018-12-31": "18.92730", "2017-12-31": "5.71790", "2016-12-31": "12.60450", "2015-12-31": "16.18520", "2014-12-31": "33.09940", "2013-12-31": "7.39060", "2012-12-31": "12.09130", "2011-12-31": "49.50300", "2010-12-31": "24.97510", "2009-12-31": "3.85020", "2008-12-31": "33.89010", "2007-12-31": "64.25270", "2006-12-31": "42.74600", "2005-12-31": "37.30680"}, "Asset Turnover": {"2019-12-31": "0.09710", "2018-12-31": "0.09630", "2017-12-31": "0.10810", "2016-12-31": "0.11750", "2015-12-31": "0.08430", "2014-12-31": "0.08890", "2013-12-31": "0.09170", "2012-12-31": "0.08970", "2011-12-31": "0.09250", "2010-12-31": "0.09600", "2009-12-31": "0.09330", "2008-12-31": "0.09700", "2007-12-31": "0.08530", "2006-12-31": "0.10140", "2005-12-31": "0.11140"}, "Inventory Turnover Ratio": {"2019-12-31": "", "2018-12-31": "", "2017-12-31": "", "2016-12-31": "", "2015-12-31": "", "2014-12-31": "", "2013-12-31": "", "2012-12-31": "", "2011-12-31": "", "2010-12-31": "", "2009-12-31": "", "2008-12-31": "", "2007-12-31": "", "2006-12-31": "", "2005-12-31": ""}, "Receiveable Turnover": {"2019-12-31": "", "2018-12-31": "", "2017-12-31": "", "2016-12-31": "", "2015-12-31": "", "2014-12-31": "", "2013-12-31": "", "2012-12-31": "", "2011-12-31": "", "2010-12-31": "", "2009-12-31": "", "2008-12-31": "", "2007-12-31": "", "2006-12-31": "", "2005-12-31": ""}, "Days Sales In Receivables": {"2019-12-31": "", "2018-12-31": "", "2017-12-31": "", "2016-12-31": "", "2015-12-31": "", "2014-12-31": "", "2013-12-31": "", "2012-12-31": "", "2011-12-31": "", "2010-12-31": "", "2009-12-31": "", "2008-12-31": "", "2007-12-31": "", "2006-12-31": "", "2005-12-31": ""}, "ROE - Return On Equity": {"2019-12-31": "5.10920", "2018-12-31": "4.43030", "2017-12-31": "1.47990", "2016-12-31": "3.48510", "2015-12-31": "3.82390", "2014-12-31": "4.71960", "2013-12-31": "1.56780", "2012-12-31": "2.54300", "2011-12-31": "9.91520", "2010-12-31": "5.41140", "2009-12-31": "1.49890", "2008-12-31": "1.04060", "2007-12-31": "3.53200", "2006-12-31": "4.25300", "2005-12-31": "7.92670"}, "Return On Tangible Equity": {"2019-12-31": "4.69360", "2018-12-31": "4.08160", "2017-12-31": "1.37450", "2016-12-31": "3.27100", "2015-12-31": "3.59490", "2014-12-31": "4.54670", "2013-12-31": "1.50980", "2012-12-31": "2.38280", "2011-12-31": "9.36010", "2010-12-31": "5.04580", "2009-12-31": "1.42440", "2008-12-31": "0.98410", "2007-12-31": "3.33890", "2006-12-31": "3.83440", "2005-12-31": "6.66380"}, "ROA - Return On Assets": {"2019-12-31": "2.28330", "2018-12-31": "2.12410", "2017-12-31": "0.72280", "2016-12-31": "1.75880", "2015-12-31": "1.53550", "2014-12-31": "2.12750", "2013-12-31": "0.74000", "2012-12-31": "1.18750", "2011-12-31": "4.61650", "2010-12-31": "2.44780", "2009-12-31": "0.67880", "2008-12-31": "0.40940", "2007-12-31": "1.32660", "2006-12-31": "2.08830", "2005-12-31": "3.13780"}, "ROI - Return On Investment": {"2019-12-31": "2.47800", "2018-12-31": "2.21620", "2017-12-31": "0.76270", "2016-12-31": "1.85320", "2015-12-31": "1.61610", "2014-12-31": "2.24530", "2013-12-31": "0.77410", "2012-12-31": "1.24450", "2011-12-31": "4.90030", "2010-12-31": "2.57310", "2009-12-31": "0.71850", "2008-12-31": "0.44230", "2007-12-31": "1.47490", "2006-12-31": "2.22140", "2005-12-31": "3.33190"}, "Book Value Per Share": {"2019-12-31": "80.70350", "2018-12-31": "81.61730", "2017-12-31": "81.54990", "2016-12-31": "87.27000", "2015-12-31": "86.74420", "2014-12-31": "84.67570", "2013-12-31": "79.43970", "2012-12-31": "80.86720", "2011-12-31": "79.79120", "2010-12-31": "69.08010", "2009-12-31": "63.60230", "2008-12-31": "77.85660", "2007-12-31": "77.80830", "2006-12-31": "52.09710", "2005-12-31": "37.78160"}, "Operating Cash Flow Per Share": {"2019-12-31": -0.4887, "2018-12-31": -0.4398, "2017-12-31": -0.9151, "2016-12-31": 1.0962, "2015-12-31": 0.1612, "2014-12-31": 0.8901, "2013-12-31": 0.3296, "2012-12-31": 0.1777, "2011-12-31": -0.4778, "2010-12-31": 0.2112, "2009-12-31": -1.0959, "2008-12-31": -1.7364, "2007-12-31": 1.9751, "2006-12-31": 1.6586, "2005-12-31": 3.1303}, "Free Cash Flow Per Share": {"2019-12-31": -14.443, "2018-12-31": 6.5951, "2017-12-31": -17.5124, "2016-12-31": 40.2471, "2015-12-31": -12.9604, "2014-12-31": 0.8953, "2013-12-31": 0.6337, "2012-12-31": -1.8132, "2011-12-31": -7.5966, "2010-12-31": 4.0513, "2009-12-31": -2.608, "2008-12-31": 17.6313, "2007-12-31": -4.229, "2006-12-31": -1.7591, "2005-12-31": -6.3093}}, "financial ratios, quarterly": {"Current Ratio": {"2020-09-30": "", "2020-06-30": "", "2020-03-31": "", "2019-12-31": "", "2019-09-30": "", "2019-06-30": "", "2019-03-31": "", "2018-12-31": "", "2018-09-30": "", "2018-06-30": "", "2018-03-31": "", "2017-12-31": "", "2017-09-30": "", "2017-06-30": "", "2017-03-31": "", "2016-12-31": "", "2016-09-30": "", "2016-06-30": "", "2016-03-31": "", "2015-12-31": "", "2015-09-30": "", "2015-06-30": "", "2015-03-31": "", "2014-12-31": "", "2014-09-30": "", "2014-06-30": "", "2014-03-31": "", "2013-12-31": "", "2013-09-30": "", "2013-06-30": "", "2013-03-31": "", "2012-12-31": "", "2012-09-30": "", "2012-06-30": "", "2012-03-31": "", "2011-12-31": "", "2011-09-30": "", "2011-06-30": "", "2011-03-31": "", "2010-12-31": "", "2010-09-30": "", "2010-06-30": "", "2010-03-31": "", "2009-12-31": "", "2009-09-30": "", "2009-06-30": "", "2009-03-31": "", "2008-12-31": "", "2008-09-30": "", "2008-06-30": "", "2008-03-31": "", "2007-12-31": "", "2007-09-30": "", "2007-06-30": "", "2007-03-31": "", "2006-12-31": "", "2006-09-30": "", "2006-06-30": "", "2006-03-31": "", "2005-12-31": "", "2005-09-30": "", "2005-06-30": "", "2005-03-31": ""}, "Long-term Debt / Capital": {"2020-09-30": "0.49580", "2020-06-30": "0.52020", "2020-03-31": "0.50640", "2019-12-31": "0.47200", "2019-09-30": "0.47680", "2019-06-30": "0.48260", "2019-03-31": "0.47560", "2018-12-31": "0.45700", "2018-09-30": "0.44250", "2018-06-30": "0.45630", "2018-03-31": "0.42760", "2017-12-31": "0.44510", "2017-09-30": "0.44840", "2017-06-30": "0.44100", "2017-03-31": "0.43800", "2016-12-31": "0.43350", "2016-09-30": "0.42910", "2016-06-30": "0.48390", "2016-03-31": "0.50420", "2015-12-31": "0.55040", "2015-09-30": "0.54840", "2015-06-30": "0.50450", "2015-03-31": "0.49870", "2014-12-31": "0.50620", "2014-09-30": "0.51520", "2014-06-30": "0.51530", "2014-03-31": "0.49150", "2013-12-31": "0.48730", "2013-09-30": "0.49280", "2013-06-30": "0.49060", "2013-03-31": "0.48370", "2012-12-31": "0.47770", "2012-09-30": "0.46920", "2012-06-30": "0.46600", "2012-03-31": "0.46770", "2011-12-31": "0.47650", "2011-09-30": "0.47490", "2011-06-30": "0.46660", "2011-03-31": "0.46050", "2010-12-31": "0.49010", "2010-09-30": "0.46310", "2010-06-30": "0.46490", "2010-03-31": "0.48240", "2009-12-31": "0.49560", "2009-09-30": "0.49680", "2009-06-30": "0.49850", "2009-03-31": "0.53330", "2008-12-31": "0.55060", "2008-09-30": "0.56500", "2008-06-30": "0.53760", "2008-03-31": "0.55730", "2007-12-31": "0.55830", "2007-09-30": "0.54490", "2007-06-30": "0.51230", "2007-03-31": "0.53990", "2006-12-31": "0.42070", "2006-09-30": "0.48840", "2006-06-30": "0.52570", "2006-03-31": "0.51840", "2005-12-31": "0.50000", "2005-09-30": "0.51770", "2005-06-30": "0.50400", "2005-03-31": "0.47880"}, "Debt/Equity Ratio": {"2020-09-30": "0.98320", "2020-06-30": "1.08420", "2020-03-31": "1.02590", "2019-12-31": "0.89410", "2019-09-30": "0.91140", "2019-06-30": "0.93290", "2019-03-31": "0.90700", "2018-12-31": "0.84170", "2018-09-30": "0.79360", "2018-06-30": "0.83930", "2018-03-31": "0.74710", "2017-12-31": "0.80210", "2017-09-30": "0.81290", "2017-06-30": "0.78880", "2017-03-31": "0.77930", "2016-12-31": "0.76510", "2016-09-30": "0.75160", "2016-06-30": "0.93770", "2016-03-31": "1.01700", "2015-12-31": "1.22440", "2015-09-30": "1.21410", "2015-06-30": "1.01810", "2015-03-31": "0.99470", "2014-12-31": "1.02500", "2014-09-30": "1.06290", "2014-06-30": "1.06300", "2014-03-31": "0.96650", "2013-12-31": "0.95030", "2013-09-30": "0.97180", "2013-06-30": "0.96310", "2013-03-31": "0.93670", "2012-12-31": "0.91470", "2012-09-30": "0.88400", "2012-06-30": "0.87280", "2012-03-31": "0.87870", "2011-12-31": "0.91010", "2011-09-30": "0.90440", "2011-06-30": "0.87460", "2011-03-31": "0.85350", "2010-12-31": "0.96100", "2010-09-30": "0.86260", "2010-06-30": "0.86890", "2010-03-31": "0.93190", "2009-12-31": "0.98240", "2009-09-30": "0.98740", "2009-06-30": "0.99400", "2009-03-31": "1.14250", "2008-12-31": "1.22520", "2008-09-30": "1.29900", "2008-06-30": "1.16270", "2008-03-31": "1.25870", "2007-12-31": "1.26390", "2007-09-30": "1.19740", "2007-06-30": "1.05040", "2007-03-31": "1.17360", "2006-12-31": "0.72610", "2006-09-30": "0.95460", "2006-06-30": "1.10850", "2006-03-31": "1.07650", "2005-12-31": "1.00000", "2005-09-30": "1.07330", "2005-06-30": "1.01610", "2005-03-31": "0.91850"}, "Gross Margin": {"2020-09-30": "", "2020-06-30": "", "2020-03-31": "", "2019-12-31": "", "2019-09-30": "", "2019-06-30": "", "2019-03-31": "", "2018-12-31": "", "2018-09-30": "", "2018-06-30": "", "2018-03-31": "", "2017-12-31": "", "2017-09-30": "", "2017-06-30": "", "2017-03-31": "", "2016-12-31": "", "2016-09-30": "", "2016-06-30": "", "2016-03-31": "", "2015-12-31": "", "2015-09-30": "", "2015-06-30": "", "2015-03-31": "", "2014-12-31": "", "2014-09-30": "", "2014-06-30": "", "2014-03-31": "", "2013-12-31": "", "2013-09-30": "", "2013-06-30": "", "2013-03-31": "", "2012-12-31": "", "2012-09-30": "", "2012-06-30": "", "2012-03-31": "", "2011-12-31": "", "2011-09-30": "", "2011-06-30": "", "2011-03-31": "", "2010-12-31": "", "2010-09-30": "", "2010-06-30": "", "2010-03-31": "", "2009-12-31": "", "2009-09-30": "", "2009-06-30": "", "2009-03-31": "", "2008-12-31": "", "2008-09-30": "", "2008-06-30": "", "2008-03-31": "", "2007-12-31": "", "2007-09-30": "", "2007-06-30": "", "2007-03-31": "", "2006-12-31": "", "2006-09-30": "", "2006-06-30": "", "2006-03-31": "", "2005-12-31": "", "2005-09-30": "", "2005-06-30": "", "2005-03-31": ""}, "Operating Margin": {"2020-09-30": "10.07350", "2020-06-30": "13.40640", "2020-03-31": "33.33920", "2019-12-31": "32.48940", "2019-09-30": "31.37570", "2019-06-30": "32.52180", "2019-03-31": "31.04370", "2018-12-31": "31.96230", "2018-09-30": "31.59210", "2018-06-30": "32.02220", "2018-03-31": "30.27200", "2017-12-31": "29.93480", "2017-09-30": "28.38250", "2017-06-30": "24.42720", "2017-03-31": "29.23520", "2016-12-31": "25.41640", "2016-09-30": "27.66770", "2016-06-30": "2.07010", "2016-03-31": "20.50550", "2015-12-31": "33.56140", "2015-09-30": "23.49360", "2015-06-30": "10.46360", "2015-03-31": "28.77930", "2014-12-31": "31.14090", "2014-09-30": "32.89300", "2014-06-30": "33.45520", "2014-03-31": "32.07380", "2013-12-31": "28.22770", "2013-09-30": "29.44520", "2013-06-30": "32.95100", "2013-03-31": "34.08780", "2012-12-31": "19.32810", "2012-09-30": "29.20080", "2012-06-30": "32.94410", "2012-03-31": "30.40930", "2011-12-31": "29.03140", "2011-09-30": "28.94080", "2011-06-30": "30.58130", "2011-03-31": "40.79120", "2010-12-31": "27.34130", "2010-09-30": "42.53750", "2010-06-30": "27.64180", "2010-03-31": "26.20410", "2009-12-31": "14.76230", "2009-09-30": "22.36730", "2009-06-30": "14.11440", "2009-03-31": "9.87630", "2008-12-31": "-11.14460", "2008-09-30": "31.04470", "2008-06-30": "37.40170", "2008-03-31": "31.20550", "2007-12-31": "21.40840", "2007-09-30": "32.46960", "2007-06-30": "32.01770", "2007-03-31": "45.10660", "2006-12-31": "29.07040", "2006-09-30": "32.59100", "2006-06-30": "35.23700", "2006-03-31": "31.45760", "2005-12-31": "27.54430", "2005-09-30": "33.60270", "2005-06-30": "32.78590", "2005-03-31": "34.17270"}, "EBIT Margin": {"2020-09-30": "10.07350", "2020-06-30": "13.40640", "2020-03-31": "33.33920", "2019-12-31": "32.48940", "2019-09-30": "31.37570", "2019-06-30": "32.52180", "2019-03-31": "31.04370", "2018-12-31": "31.96230", "2018-09-30": "31.59210", "2018-06-30": "32.02220", "2018-03-31": "30.27200", "2017-12-31": "29.93480", "2017-09-30": "28.38250", "2017-06-30": "24.42720", "2017-03-31": "29.23520", "2016-12-31": "25.41640", "2016-09-30": "27.66770", "2016-06-30": "2.07010", "2016-03-31": "20.50550", "2015-12-31": "33.56140", "2015-09-30": "23.49360", "2015-06-30": "10.46360", "2015-03-31": "28.77930", "2014-12-31": "31.14090", "2014-09-30": "32.89300", "2014-06-30": "33.45520", "2014-03-31": "32.07380", "2013-12-31": "28.22770", "2013-09-30": "29.44520", "2013-06-30": "32.95100", "2013-03-31": "34.08780", "2012-12-31": "19.32810", "2012-09-30": "29.20080", "2012-06-30": "32.94410", "2012-03-31": "30.40930", "2011-12-31": "29.03140", "2011-09-30": "28.94080", "2011-06-30": "30.58130", "2011-03-31": "40.79120", "2010-12-31": "27.34130", "2010-09-30": "42.53750", "2010-06-30": "27.64180", "2010-03-31": "26.20410", "2009-12-31": "14.76230", "2009-09-30": "22.36730", "2009-06-30": "14.11440", "2009-03-31": "9.87630", "2008-12-31": "-11.14460", "2008-09-30": "31.04470", "2008-06-30": "37.40170", "2008-03-31": "31.20550", "2007-12-31": "21.40840", "2007-09-30": "32.46960", "2007-06-30": "32.01770", "2007-03-31": "45.10660", "2006-12-31": "29.07040", "2006-09-30": "32.59100", "2006-06-30": "35.23700", "2006-03-31": "31.45760", "2005-12-31": "27.54430", "2005-09-30": "33.60270", "2005-06-30": "32.78590", "2005-03-31": "34.17270"}, "EBITDA Margin": {"2020-09-30": "", "2020-06-30": "", "2020-03-31": "", "2019-12-31": "", "2019-09-30": "", "2019-06-30": "", "2019-03-31": "", "2018-12-31": "", "2018-09-30": "", "2018-06-30": "", "2018-03-31": "", "2017-12-31": "", "2017-09-30": "", "2017-06-30": "", "2017-03-31": "", "2016-12-31": "", "2016-09-30": "", "2016-06-30": "", "2016-03-31": "", "2015-12-31": "", "2015-09-30": "", "2015-06-30": "", "2015-03-31": "", "2014-12-31": "", "2014-09-30": "", "2014-06-30": "", "2014-03-31": "", "2013-12-31": "", "2013-09-30": "", "2013-06-30": "", "2013-03-31": "", "2012-12-31": "", "2012-09-30": "", "2012-06-30": "", "2012-03-31": "", "2011-12-31": "", "2011-09-30": "", "2011-06-30": "", "2011-03-31": "", "2010-12-31": "", "2010-09-30": "", "2010-06-30": "", "2010-03-31": "", "2009-12-31": "", "2009-09-30": "", "2009-06-30": "", "2009-03-31": "", "2008-12-31": "", "2008-09-30": "", "2008-06-30": "", "2008-03-31": "", "2007-12-31": "", "2007-09-30": "", "2007-06-30": "", "2007-03-31": "", "2006-12-31": "", "2006-09-30": "", "2006-06-30": "", "2006-03-31": "", "2005-12-31": "", "2005-09-30": "", "2005-06-30": "", "2005-03-31": ""}, "Pre-Tax Profit Margin": {"2020-09-30": "-2.17220", "2020-06-30": "0.68700", "2020-03-31": "17.33300", "2019-12-31": "-10.60920", "2019-09-30": "11.85490", "2019-06-30": "55.50410", "2019-03-31": "17.68850", "2018-12-31": "-101.02830", "2018-09-30": "32.83650", "2018-06-30": "43.40160", "2018-03-31": "28.59380", "2017-12-31": "-14.75000", "2017-09-30": "11.95010", "2017-06-30": "4.98250", "2017-03-31": "0.09460", "2016-12-31": "-57.17830", "2016-09-30": "10.30670", "2016-06-30": "24.14050", "2016-03-31": "4.11250", "2015-12-31": "23.61760", "2015-09-30": "3.10650", "2015-06-30": "-7.13290", "2015-03-31": "10.65510", "2014-12-31": "11.09130", "2014-09-30": "10.26250", "2014-06-30": "34.14110", "2014-03-31": "41.61820", "2013-12-31": "9.65620", "2013-09-30": "7.11790", "2013-06-30": "7.74420", "2013-03-31": "7.89770", "2012-12-31": "-1.24110", "2012-09-30": "7.75300", "2012-06-30": "34.12080", "2012-03-31": "8.46010", "2011-12-31": "7.00070", "2011-09-30": "5.01330", "2011-06-30": "167.86660", "2011-03-31": "25.45860", "2010-12-31": "9.50140", "2010-09-30": "24.85530", "2010-06-30": "58.86820", "2010-03-31": "9.65280", "2009-12-31": "-0.79940", "2009-09-30": "5.92390", "2009-06-30": "9.91050", "2009-03-31": "10.17650", "2008-12-31": "-62.81730", "2008-09-30": "8.92350", "2008-06-30": "18.21430", "2008-03-31": "8.97520", "2007-12-31": "-8.06260", "2007-09-30": "10.09950", "2007-06-30": "11.94870", "2007-03-31": "28.23570", "2006-12-31": "12.66110", "2006-09-30": "22.01360", "2006-06-30": "26.39520", "2006-03-31": "24.99270", "2005-12-31": "20.09510", "2005-09-30": "27.26170", "2005-06-30": "26.76470", "2005-03-31": "29.04350"}, "Net Profit Margin": {"2020-09-30": "5.54710", "2020-06-30": "22.11720", "2020-03-31": "36.52560", "2019-12-31": "5.75300", "2019-09-30": "10.57190", "2019-06-30": "51.37340", "2019-03-31": "14.39320", "2018-12-31": "-19.30980", "2018-09-30": "28.68170", "2018-06-30": "34.39070", "2018-03-31": "33.73140", "2017-12-31": "7.74390", "2017-09-30": "10.37610", "2017-06-30": "2.06510", "2017-03-31": "3.00780", "2016-12-31": "11.76140", "2016-09-30": "8.22020", "2016-06-30": "21.60850", "2016-03-31": "5.09850", "2015-12-31": "23.81420", "2015-09-30": "37.87800", "2015-06-30": "-9.55960", "2015-03-31": "10.92030", "2014-12-31": "14.68730", "2014-09-30": "16.57500", "2014-06-30": "61.88160", "2014-03-31": "40.30680", "2013-12-31": "11.65880", "2013-09-30": "10.92890", "2013-06-30": "2.33820", "2013-03-31": "5.25320", "2012-12-31": "8.00250", "2012-09-30": "2.16580", "2012-06-30": "29.90700", "2012-03-31": "7.44720", "2011-12-31": "0.89910", "2011-09-30": "2.30870", "2011-06-30": "176.24680", "2011-03-31": "24.56920", "2010-12-31": "2.74330", "2010-09-30": "34.93640", "2010-06-30": "54.47270", "2010-03-31": "6.01040", "2009-12-31": "-2.34790", "2009-09-30": "-1.02540", "2009-06-30": "4.97730", "2009-03-31": "12.48600", "2008-12-31": "30.57290", "2008-09-30": "10.74380", "2008-06-30": "46.15780", "2008-03-31": "47.54340", "2007-12-31": "59.67110", "2007-09-30": "40.19070", "2007-06-30": "105.58750", "2007-03-31": "51.56270", "2006-12-31": "29.28690", "2006-09-30": "91.58950", "2006-06-30": "23.50370", "2006-03-31": "20.39430", "2005-12-31": "40.91680", "2005-09-30": "32.29300", "2005-06-30": "55.33240", "2005-03-31": "22.88440"}, "Asset Turnover": {"2020-09-30": "0.02030", "2020-06-30": "0.01940", "2020-03-31": "0.02380", "2019-12-31": "0.02410", "2019-09-30": "0.02360", "2019-06-30": "0.02300", "2019-03-31": "0.02270", "2018-12-31": "0.02490", "2018-09-30": "0.02290", "2018-06-30": "0.02200", "2018-03-31": "0.02250", "2017-12-31": "0.02580", "2017-09-30": "0.02480", "2017-06-30": "0.02600", "2017-03-31": "0.02380", "2016-12-31": "0.02360", "2016-09-30": "0.02640", "2016-06-30": "0.03520", "2016-03-31": "0.02330", "2015-12-31": "0.02160", "2015-09-30": "0.02220", "2015-06-30": "0.02370", "2015-03-31": "0.02320", "2014-12-31": "0.02260", "2014-09-30": "0.02260", "2014-06-30": "0.02280", "2014-03-31": "0.02360", "2013-12-31": "0.02130", "2013-09-30": "0.02320", "2013-06-30": "0.02460", "2013-03-31": "0.02470", "2012-12-31": "0.01730", "2012-09-30": "0.02500", "2012-06-30": "0.02440", "2012-03-31": "0.02460", "2011-12-31": "0.02320", "2011-09-30": "0.02330", "2011-06-30": "0.02360", "2011-03-31": "0.02880", "2010-12-31": "0.02330", "2010-09-30": "0.03010", "2010-06-30": "0.02420", "2010-03-31": "0.02390", "2009-12-31": "0.02080", "2009-09-30": "0.02330", "2009-06-30": "0.02380", "2009-03-31": "0.02500", "2008-12-31": "0.02290", "2008-09-30": "0.02330", "2008-06-30": "0.02610", "2008-03-31": "0.02220", "2007-12-31": "0.01680", "2007-09-30": "0.02330", "2007-06-30": "0.02660", "2007-03-31": "0.02970", "2006-12-31": "0.02160", "2006-09-30": "0.03070", "2006-06-30": "0.03350", "2006-03-31": "0.03340", "2005-12-31": "0.01540", "2005-09-30": "0.03450", "2005-06-30": "0.03230", "2005-03-31": "0.03410"}, "Inventory Turnover Ratio": {"2020-09-30": "", "2020-06-30": "", "2020-03-31": "", "2019-12-31": "", "2019-09-30": "", "2019-06-30": "", "2019-03-31": "", "2018-12-31": "", "2018-09-30": "", "2018-06-30": "", "2018-03-31": "", "2017-12-31": "", "2017-09-30": "", "2017-06-30": "", "2017-03-31": "", "2016-12-31": "", "2016-09-30": "", "2016-06-30": "", "2016-03-31": "", "2015-12-31": "", "2015-09-30": "", "2015-06-30": "", "2015-03-31": "", "2014-12-31": "", "2014-09-30": "", "2014-06-30": "", "2014-03-31": "", "2013-12-31": "", "2013-09-30": "", "2013-06-30": "", "2013-03-31": "", "2012-12-31": "", "2012-09-30": "", "2012-06-30": "", "2012-03-31": "", "2011-12-31": "", "2011-09-30": "", "2011-06-30": "", "2011-03-31": "", "2010-12-31": "", "2010-09-30": "", "2010-06-30": "", "2010-03-31": "", "2009-12-31": "", "2009-09-30": "", "2009-06-30": "", "2009-03-31": "", "2008-12-31": "", "2008-09-30": "", "2008-06-30": "", "2008-03-31": "", "2007-12-31": "", "2007-09-30": "", "2007-06-30": "", "2007-03-31": "", "2006-12-31": "", "2006-09-30": "", "2006-06-30": "", "2006-03-31": "", "2005-12-31": "", "2005-09-30": "", "2005-06-30": "", "2005-03-31": ""}, "Receiveable Turnover": {"2020-09-30": "", "2020-06-30": "", "2020-03-31": "", "2019-12-31": "", "2019-09-30": "", "2019-06-30": "", "2019-03-31": "", "2018-12-31": "", "2018-09-30": "", "2018-06-30": "", "2018-03-31": "", "2017-12-31": "", "2017-09-30": "", "2017-06-30": "", "2017-03-31": "", "2016-12-31": "", "2016-09-30": "", "2016-06-30": "", "2016-03-31": "", "2015-12-31": "", "2015-09-30": "", "2015-06-30": "", "2015-03-31": "", "2014-12-31": "", "2014-09-30": "", "2014-06-30": "", "2014-03-31": "", "2013-12-31": "", "2013-09-30": "", "2013-06-30": "", "2013-03-31": "", "2012-12-31": "", "2012-09-30": "", "2012-06-30": "", "2012-03-31": "", "2011-12-31": "", "2011-09-30": "", "2011-06-30": "", "2011-03-31": "", "2010-12-31": "", "2010-09-30": "", "2010-06-30": "", "2010-03-31": "", "2009-12-31": "", "2009-09-30": "", "2009-06-30": "", "2009-03-31": "", "2008-12-31": "", "2008-09-30": "", "2008-06-30": "", "2008-03-31": "", "2007-12-31": "", "2007-09-30": "", "2007-06-30": "", "2007-03-31": "", "2006-12-31": "", "2006-09-30": "", "2006-06-30": "", "2006-03-31": "", "2005-12-31": "", "2005-09-30": "", "2005-06-30": "", "2005-03-31": ""}, "Days Sales In Receivables": {"2020-09-30": "", "2020-06-30": "", "2020-03-31": "", "2019-12-31": "", "2019-09-30": "", "2019-06-30": "", "2019-03-31": "", "2018-12-31": "", "2018-09-30": "", "2018-06-30": "", "2018-03-31": "", "2017-12-31": "", "2017-09-30": "", "2017-06-30": "", "2017-03-31": "", "2016-12-31": "", "2016-09-30": "", "2016-06-30": "", "2016-03-31": "", "2015-12-31": "", "2015-09-30": "", "2015-06-30": "", "2015-03-31": "", "2014-12-31": "", "2014-09-30": "", "2014-06-30": "", "2014-03-31": "", "2013-12-31": "", "2013-09-30": "", "2013-06-30": "", "2013-03-31": "", "2012-12-31": "", "2012-09-30": "", "2012-06-30": "", "2012-03-31": "", "2011-12-31": "", "2011-09-30": "", "2011-06-30": "", "2011-03-31": "", "2010-12-31": "", "2010-09-30": "", "2010-06-30": "", "2010-03-31": "", "2009-12-31": "", "2009-09-30": "", "2009-06-30": "", "2009-03-31": "", "2008-12-31": "", "2008-09-30": "", "2008-06-30": "", "2008-03-31": "", "2007-12-31": "", "2007-09-30": "", "2007-06-30": "", "2007-03-31": "", "2006-12-31": "", "2006-09-30": "", "2006-06-30": "", "2006-03-31": "", "2005-12-31": "", "2005-09-30": "", "2005-06-30": "", "2005-03-31": ""}, "ROE - Return On Equity": {"2020-09-30": "0.39270", "2020-06-30": "1.24710", "2020-03-31": "2.31920", "2019-12-31": "0.42510", "2019-09-30": "0.68520", "2019-06-30": "2.86730", "2019-03-31": "0.87440", "2018-12-31": "-0.95390", "2018-09-30": "1.52700", "2018-06-30": "1.78120", "2018-03-31": "1.67600", "2017-12-31": "0.56130", "2017-09-30": "0.61610", "2017-06-30": "0.21040", "2017-03-31": "0.01160", "2016-12-31": "0.67440", "2016-09-30": "0.54240", "2016-06-30": "1.86100", "2016-03-31": "0.41250", "2015-12-31": "1.42790", "2015-09-30": "2.24500", "2015-06-30": "-0.37730", "2015-03-31": "0.54000", "2014-12-31": "0.55640", "2014-09-30": "0.53240", "2014-06-30": "1.74900", "2014-03-31": "2.09660", "2013-12-31": "0.43540", "2013-09-30": "0.35490", "2013-06-30": "0.40640", "2013-03-31": "0.42280", "2012-12-31": "-0.04610", "2012-09-30": "0.41170", "2012-06-30": "1.74920", "2012-03-31": "0.44010", "2011-12-31": "0.21760", "2011-09-30": "0.24970", "2011-06-30": "8.28900", "2011-03-31": "1.70750", "2010-12-31": "0.34090", "2010-09-30": "1.73220", "2010-06-30": "3.02500", "2010-03-31": "0.50740", "2009-12-31": "-0.04000", "2009-09-30": "0.30670", "2009-06-30": "0.46800", "2009-03-31": "0.83510", "2008-12-31": "-3.65200", "2008-09-30": "0.78070", "2008-06-30": "3.31670", "2008-03-31": "0.52680", "2007-12-31": "-0.98760", "2007-09-30": "0.49270", "2007-06-30": "0.58220", "2007-03-31": "3.73640", "2006-12-31": "0.59750", "2006-09-30": "1.48910", "2006-06-30": "2.23310", "2006-03-31": "2.01750", "2005-12-31": "0.72180", "2005-09-30": "3.18830", "2005-06-30": "2.10180", "2005-03-31": "2.28930"}, "Return On Tangible Equity": {"2020-09-30": "0.36340", "2020-06-30": "1.15070", "2020-03-31": "2.12960", "2019-12-31": "0.39060", "2019-09-30": "0.63120", "2019-06-30": "2.64540", "2019-03-31": "0.80660", "2018-12-31": "-0.87880", "2018-09-30": "1.41350", "2018-06-30": "1.64860", "2018-03-31": "1.55600", "2017-12-31": "0.52130", "2017-09-30": "0.57550", "2017-06-30": "0.19680", "2017-03-31": "0.01090", "2016-12-31": "0.63290", "2016-09-30": "0.50900", "2016-06-30": "1.74670", "2016-03-31": "0.38660", "2015-12-31": "1.34240", "2015-09-30": "2.10980", "2015-06-30": "-0.36110", "2015-03-31": "0.51790", "2014-12-31": "0.53600", "2014-09-30": "0.51230", "2014-06-30": "1.68730", "2014-03-31": "2.02040", "2013-12-31": "0.41930", "2013-09-30": "0.34120", "2013-06-30": "0.39060", "2013-03-31": "0.39620", "2012-12-31": "-0.04320", "2012-09-30": "0.38580", "2012-06-30": "1.64630", "2012-03-31": "0.41340", "2011-12-31": "0.20540", "2011-09-30": "0.23550", "2011-06-30": "7.81080", "2011-03-31": "1.59770", "2010-12-31": "0.31780", "2010-09-30": "1.61310", "2010-06-30": "2.81230", "2010-03-31": "0.47080", "2009-12-31": "-0.03800", "2009-09-30": "0.29140", "2009-06-30": "0.44480", "2009-03-31": "0.78990", "2008-12-31": "-3.45360", "2008-09-30": "0.73800", "2008-06-30": "3.14010", "2008-03-31": "0.49830", "2007-12-31": "-0.93360", "2007-09-30": "0.46530", "2007-06-30": "0.54960", "2007-03-31": "3.51710", "2006-12-31": "0.53870", "2006-09-30": "1.30300", "2006-06-30": "1.88680", "2006-03-31": "1.70220", "2005-12-31": "0.60680", "2005-09-30": "2.67110", "2005-06-30": "1.75060", "2005-03-31": "1.89710"}, "ROA - Return On Assets": {"2020-09-30": "0.16780", "2020-06-30": "0.50970", "2020-03-31": "0.96150", "2019-12-31": "0.19000", "2019-09-30": "0.30630", "2019-06-30": "1.27470", "2019-03-31": "0.39420", "2018-12-31": "-0.45740", "2018-09-30": "0.73920", "2018-06-30": "0.84510", "2018-03-31": "0.85060", "2017-12-31": "0.27420", "2017-09-30": "0.30310", "2017-06-30": "0.10460", "2017-03-31": "0.00580", "2016-12-31": "0.34030", "2016-09-30": "0.27450", "2016-06-30": "0.84980", "2016-03-31": "0.16600", "2015-12-31": "0.57340", "2015-09-30": "0.90690", "2015-06-30": "-0.16900", "2015-03-31": "0.24720", "2014-12-31": "0.25080", "2014-09-30": "0.23240", "2014-06-30": "0.77730", "2014-03-31": "0.98180", "2013-12-31": "0.20550", "2013-09-30": "0.16540", "2013-06-30": "0.19030", "2013-03-31": "0.19550", "2012-12-31": "-0.02150", "2012-09-30": "0.19380", "2012-06-30": "0.83140", "2012-03-31": "0.20850", "2011-12-31": "0.10130", "2011-09-30": "0.11680", "2011-06-30": "3.96570", "2011-03-31": "0.80420", "2010-12-31": "0.15420", "2010-09-30": "0.82050", "2010-06-30": "1.42290", "2010-03-31": "0.23030", "2009-12-31": "-0.01810", "2009-09-30": "0.13820", "2009-06-30": "0.21030", "2009-03-31": "0.34520", "2008-12-31": "-1.43660", "2008-09-30": "0.29130", "2008-06-30": "1.31340", "2008-03-31": "0.19970", "2007-12-31": "-0.37090", "2007-09-30": "0.19760", "2007-06-30": "0.25850", "2007-03-31": "1.54600", "2006-12-31": "0.29340", "2006-09-30": "0.61250", "2006-06-30": "0.81830", "2006-03-31": "0.77650", "2005-12-31": "0.28570", "2005-09-30": "1.21960", "2005-06-30": "0.82460", "2005-03-31": "0.93760"}, "ROI - Return On Investment": {"2020-09-30": "0.18320", "2020-06-30": "0.55210", "2020-03-31": "1.05120", "2019-12-31": "0.20620", "2019-09-30": "0.33020", "2019-06-30": "1.36860", "2019-03-31": "0.42300", "2018-12-31": "-0.47720", "2018-09-30": "0.78800", "2018-06-30": "0.89630", "2018-03-31": "0.89060", "2017-12-31": "0.28930", "2017-09-30": "0.31750", "2017-06-30": "0.11000", "2017-03-31": "0.00610", "2016-12-31": "0.35860", "2016-09-30": "0.29060", "2016-06-30": "0.90140", "2016-03-31": "0.19170", "2015-12-31": "0.60350", "2015-09-30": "0.95290", "2015-06-30": "-0.17890", "2015-03-31": "0.25960", "2014-12-31": "0.26470", "2014-09-30": "0.24830", "2014-06-30": "0.81790", "2014-03-31": "1.02740", "2013-12-31": "0.21500", "2013-09-30": "0.17310", "2013-06-30": "0.19900", "2013-03-31": "0.20460", "2012-12-31": "-0.02250", "2012-09-30": "0.20480", "2012-06-30": "0.87910", "2012-03-31": "0.22010", "2011-12-31": "0.10750", "2011-09-30": "0.12370", "2011-06-30": "4.16660", "2011-03-31": "0.86200", "2010-12-31": "0.16210", "2010-09-30": "0.86610", "2010-06-30": "1.50470", "2010-03-31": "0.24370", "2009-12-31": "-0.01920", "2009-09-30": "0.14660", "2009-06-30": "0.22310", "2009-03-31": "0.36870", "2008-12-31": "-1.55200", "2008-09-30": "0.32100", "2008-06-30": "1.45190", "2008-03-31": "0.22060", "2007-12-31": "-0.41240", "2007-09-30": "0.21180", "2007-06-30": "0.26810", "2007-03-31": "1.61810", "2006-12-31": "0.31210", "2006-09-30": "0.66660", "2006-06-30": "0.89480", "2006-03-31": "0.81970", "2005-12-31": "0.30340", "2005-09-30": "1.28830", "2005-06-30": "0.86830", "2005-03-31": "0.98890"}, "Book Value Per Share": {"2020-09-30": "80.17470", "2020-06-30": "80.88430", "2020-03-31": "80.26750", "2019-12-31": "80.70350", "2019-09-30": "81.45770", "2019-06-30": "82.02380", "2019-03-31": "80.85680", "2018-12-31": "81.61730", "2018-09-30": "84.60720", "2018-06-30": "84.40410", "2018-03-31": "83.47760", "2017-12-31": "81.54990", "2017-09-30": "84.04050", "2017-06-30": "85.14070", "2017-03-31": "86.78020", "2016-12-31": "87.27000", "2016-09-30": "86.50210", "2016-06-30": "87.78780", "2016-03-31": "86.45670", "2015-12-31": "86.74420", "2015-09-30": "86.52080", "2015-06-30": "83.50960", "2015-03-31": "84.30860", "2014-12-31": "84.67570", "2014-09-30": "80.82970", "2014-06-30": "79.91610", "2014-03-31": "80.61590", "2013-12-31": "79.43970", "2013-09-30": "78.87360", "2013-06-30": "78.65750", "2013-03-31": "80.66340", "2012-12-31": "80.86720", "2012-09-30": "81.71910", "2012-06-30": "78.56590", "2012-03-31": "77.25030", "2011-12-31": "79.79120", "2011-09-30": "75.37220", "2011-06-30": "75.32020", "2011-03-31": "70.28950", "2010-12-31": "69.08010", "2010-09-30": "67.90830", "2010-06-30": "66.44610", "2010-03-31": "65.12940", "2009-12-31": "63.60230", "2009-09-30": "64.10870", "2009-06-30": "64.30390", "2009-03-31": "77.91310", "2008-12-31": "77.85660", "2008-09-30": "77.29860", "2008-06-30": "82.35070", "2008-03-31": "78.45080", "2007-12-31": "77.80830", "2007-09-30": "76.60200", "2007-06-30": "76.36080", "2007-03-31": "73.58430", "2006-12-31": "52.09710", "2006-09-30": "44.67540", "2006-06-30": "38.12450", "2006-03-31": "37.90910", "2005-12-31": "37.78160", "2005-09-30": "37.56070", "2005-06-30": "36.56370", "2005-03-31": "35.84490"}, "Operating Cash Flow Per Share": {"2020-09-30": 1.4778, "2020-06-30": 2.354, "2020-03-31": "0.52390", "2019-12-31": 0.9223, "2019-09-30": 0.9878, "2019-06-30": 1.8358, "2019-03-31": "0.73040", "2018-12-31": 1.3508, "2018-09-30": 0.8622, "2018-06-30": 1.7304, "2018-03-31": "1.02160", "2017-12-31": 1.2681, "2017-09-30": 1.0819, "2017-06-30": 1.9515, "2017-03-31": "1.10330", "2016-12-31": 1.3394, "2016-09-30": 1.3133, "2016-06-30": 2.5409, "2016-03-31": "1.12630", "2015-12-31": 2.025, "2015-09-30": 0.7857, "2015-06-30": 1.5043, "2015-03-31": "0.90870", "2014-12-31": 1.1687, "2014-09-30": 1.0326, "2014-06-30": 1.9422, "2014-03-31": "0.91900", "2013-12-31": 0.8087, "2013-09-30": 1.0808, "2013-06-30": 1.3055, "2013-03-31": "0.97740", "2012-12-31": 0.8809, "2012-09-30": 0.7796, "2012-06-30": 1.5336, "2012-03-31": "0.64870", "2011-12-31": 0.8876, "2011-09-30": 0.6613, "2011-06-30": 1.1498, "2011-03-31": "0.96640", "2010-12-31": 0.8655, "2010-09-30": 1.3083, "2010-06-30": 1.1086, "2010-03-31": "0.86050", "2009-12-31": 1.139, "2009-09-30": 0.544, "2009-06-30": 1.2904, "2009-03-31": "0.95830", "2008-12-31": 1.4112, "2008-09-30": 1.2953, "2008-06-30": 1.9785, "2008-03-31": "0.34260", "2007-12-31": 1.5134, "2007-09-30": 1.1927, "2007-06-30": 1.7733, "2007-03-31": "2.28460", "2006-12-31": 1.8128, "2006-09-30": 0.7141, "2006-06-30": 1.5245, "2006-03-31": "0.73750", "2005-12-31": 0.4488, "2005-09-30": 0.9789, "2005-06-30": 1.0755, "2005-03-31": "0.62710"}, "Free Cash Flow Per Share": {"2020-09-30": 1.2676, "2020-06-30": 3.3076, "2020-03-31": "-0.69050", "2019-12-31": 0.5137, "2019-09-30": 0.2963, "2019-06-30": -0.4241, "2019-03-31": "0.43690", "2018-12-31": 3.8173, "2018-09-30": 1.3864, "2018-06-30": 5.2163, "2018-03-31": "4.84580", "2017-12-31": 5.7017, "2017-09-30": 0.9366, "2017-06-30": 1.8856, "2017-03-31": "0.14680", "2016-12-31": -0.3195, "2016-09-30": 5.1792, "2016-06-30": 19.2156, "2016-03-31": "2.10780", "2015-12-31": 0.9522, "2015-09-30": -18.4283, "2015-06-30": -1.7831, "2015-03-31": "5.19520", "2014-12-31": 2.2783, "2014-09-30": -4.9705, "2014-06-30": 0.3972, "2014-03-31": "1.19140", "2013-12-31": -3.2502, "2013-09-30": 0.1508, "2013-06-30": 0.7132, "2013-03-31": "0.38730", "2012-12-31": 0.0079, "2012-09-30": -0.8097, "2012-06-30": -0.6925, "2012-03-31": "-1.13830", "2011-12-31": -0.7572, "2011-09-30": 0.115, "2011-06-30": -1.3274, "2011-03-31": "1.15020", "2010-12-31": -1.3767, "2010-09-30": 0.8252, "2010-06-30": 6.802, "2010-03-31": "0.52670", "2009-12-31": 0.5708, "2009-09-30": 0.3004, "2009-06-30": 0.8943, "2009-03-31": "0.96040", "2008-12-31": 1.819, "2008-09-30": 0.8053, "2008-06-30": 1.4928, "2008-03-31": "1.21680", "2007-12-31": 36.2873, "2007-09-30": 4.6158, "2007-06-30": 4.0255, "2007-03-31": "-57.22600", "2006-12-31": -0.3018, "2006-09-30": -4.1014, "2006-06-30": 0.9959, "2006-03-31": "-4.66110", "2005-12-31": -0.3078, "2005-09-30": -1.5987, "2005-06-30": -1.6798, "2005-03-31": "-2.72300"}}, "revenue": {"SL Green Realty Annual Revenue (Millions of US $)": {"2020": "$1,053", "2019": "$1,239", "2018": "$1,227", "2017": "$1,511", "2016": "$1,864", "2015": "$1,663", "2014": "$1,520", "2013": "$1,371", "2012": "$1,290", "2011": "$1,247", "2010": "$1,084", "2009": "$978", "2008": "$1,065", "2007": "$975", "2006": "$470", "2005": "$369"}, "SL Green Realty Quarterly Revenue (Millions of US $)": {"2020-12-31": "$235", "2020-09-30": "$250", "2020-06-30": "$254", "2020-03-31": "$314", "2019-12-31": "$308", "2019-09-30": "$314", "2019-06-30": "$313", "2019-03-31": "$304", "2018-12-31": "$317", "2018-09-30": "$308", "2018-06-30": "$301", "2018-03-31": "$302", "2017-12-31": "$361", "2017-09-30": "$375", "2017-06-30": "$398", "2017-03-31": "$377", "2016-12-31": "$374", "2016-09-30": "$417", "2016-06-30": "$618", "2016-03-31": "$455", "2015-12-31": "$425", "2015-09-30": "$432", "2015-06-30": "$409", "2015-03-31": "$396", "2014-12-31": "$387", "2014-09-30": "$390", "2014-06-30": "$381", "2014-03-31": "$362", "2013-12-31": "$318", "2013-09-30": "$339", "2013-06-30": "$354", "2013-03-31": "$360", "2012-12-31": "$249", "2012-09-30": "$357", "2012-06-30": "$345", "2012-03-31": "$339", "2011-12-31": "$312", "2011-09-30": "$307", "2011-06-30": "$299", "2011-03-31": "$329", "2010-12-31": "$263", "2010-09-30": "$319", "2010-06-30": "$252", "2010-03-31": "$251", "2009-12-31": "$218", "2009-09-30": "$246", "2009-06-30": "$252", "2009-03-31": "$262", "2008-12-31": "$251", "2008-09-30": "$268", "2008-06-30": "$291", "2008-03-31": "$255", "2007-12-31": "$192", "2007-09-30": "$245", "2007-06-30": "$252", "2007-03-31": "$286", "2006-12-31": "$100", "2006-09-30": "$130", "2006-06-30": "$124", "2006-03-31": "$116", "2005-12-31": "$51", "2005-09-30": "$116", "2005-06-30": "$102", "2005-03-31": "$100"}}, "gross-profit": {"SL Green Realty Annual Gross Profit (Millions of US $)": {"2020": "$664", "2019": "$780", "2018": "$779", "2017": "$941", "2016": "$1,269", "2015": "$1,096", "2014": "$988", "2013": "$859", "2012": "$788", "2011": "$783", "2010": "$683", "2009": "$601", "2008": "$685", "2007": "$613", "2006": "$284", "2005": "$218"}, "SL Green Realty Quarterly Gross Profit (Millions of US $)": {"2020-12-31": "$141", "2020-09-30": "$153", "2020-06-30": "$163", "2020-03-31": "$206", "2019-12-31": "$193", "2019-09-30": "$196", "2019-06-30": "$200", "2019-03-31": "$192", "2018-12-31": "$208", "2018-09-30": "$192", "2018-06-30": "$191", "2018-03-31": "$188", "2017-12-31": "$223", "2017-09-30": "$226", "2017-06-30": "$258", "2017-03-31": "$233", "2016-12-31": "$227", "2016-09-30": "$265", "2016-06-30": "$472", "2016-03-31": "$306", "2015-12-31": "$281", "2015-09-30": "$284", "2015-06-30": "$275", "2015-03-31": "$256", "2014-12-31": "$249", "2014-09-30": "$255", "2014-06-30": "$252", "2014-03-31": "$232", "2013-12-31": "$199", "2013-09-30": "$207", "2013-06-30": "$226", "2013-03-31": "$228", "2012-12-31": "$154", "2012-09-30": "$212", "2012-06-30": "$216", "2012-03-31": "$206", "2011-12-31": "$193", "2011-09-30": "$184", "2011-06-30": "$185", "2011-03-31": "$221", "2010-12-31": "$162", "2010-09-30": "$217", "2010-06-30": "$154", "2010-03-31": "$149", "2009-12-31": "$133", "2009-09-30": "$149", "2009-06-30": "$155", "2009-03-31": "$163", "2008-12-31": "$160", "2008-09-30": "$169", "2008-06-30": "$195", "2008-03-31": "$160", "2007-12-31": "$103", "2007-09-30": "$151", "2007-06-30": "$157", "2007-03-31": "$203", "2006-12-31": "$68", "2006-09-30": "$75", "2006-06-30": "$75", "2006-03-31": "$66", "2005-12-31": "$33", "2005-09-30": "$69", "2005-06-30": "$59", "2005-03-31": "$57"}}, "operating-income": {"SL Green Realty Annual Operating Income (Millions of US $)": {"2020": "$211", "2019": "$395", "2018": "$386", "2017": "$422", "2016": "$317", "2015": "$401", "2014": "$492", "2013": "$429", "2012": "$369", "2011": "$405", "2010": "$343", "2009": "$149", "2008": "$244", "2007": "$330", "2006": "$152", "2005": "$121"}, "SL Green Realty Quarterly Operating Income (Millions of US $)": {"2020-12-31": "$47", "2020-09-30": "$25", "2020-06-30": "$34", "2020-03-31": "$105", "2019-12-31": "$100", "2019-09-30": "$98", "2019-06-30": "$102", "2019-03-31": "$94", "2018-12-31": "$101", "2018-09-30": "$97", "2018-06-30": "$96", "2018-03-31": "$91", "2017-12-31": "$108", "2017-09-30": "$106", "2017-06-30": "$97", "2017-03-31": "$110", "2016-12-31": "$95", "2016-09-30": "$115", "2016-06-30": "$13", "2016-03-31": "$93", "2015-12-31": "$143", "2015-09-30": "$102", "2015-06-30": "$43", "2015-03-31": "$114", "2014-12-31": "$120", "2014-09-30": "$128", "2014-06-30": "$127", "2014-03-31": "$116", "2013-12-31": "$90", "2013-09-30": "$100", "2013-06-30": "$117", "2013-03-31": "$123", "2012-12-31": "$48", "2012-09-30": "$104", "2012-06-30": "$114", "2012-03-31": "$103", "2011-12-31": "$91", "2011-09-30": "$89", "2011-06-30": "$91", "2011-03-31": "$134", "2010-12-31": "$72", "2010-09-30": "$136", "2010-06-30": "$70", "2010-03-31": "$66", "2009-12-31": "$32", "2009-09-30": "$55", "2009-06-30": "$36", "2009-03-31": "$26", "2008-12-31": "$-28", "2008-09-30": "$83", "2008-06-30": "$109", "2008-03-31": "$79", "2007-12-31": "$41", "2007-09-30": "$80", "2007-06-30": "$81", "2007-03-31": "$129", "2006-12-31": "$29", "2006-09-30": "$42", "2006-06-30": "$44", "2006-03-31": "$37", "2005-12-31": "$14", "2005-09-30": "$39", "2005-06-30": "$33", "2005-03-31": "$34"}}, "ebitda": {"SL Green Realty Annual EBITDA (Millions of US $)": {"2019": "$679", "2018": "$676", "2017": "$841", "2016": "$1,173", "2015": "$989", "2014": "$892", "2013": "$789", "2012": "$721", "2011": "$703", "2010": "$586", "2009": "$384", "2008": "$473", "2007": "$535", "2006": "$232", "2005": "$186"}, "SL Green Realty Quarterly EBITDA (Millions of US $)": {"2020-09-30": "$127", "2020-06-30": "$133", "2020-03-31": "$176", "2019-12-31": "$160", "2019-09-30": "$179", "2019-06-30": "$174", "2019-03-31": "$166", "2018-12-31": "$173", "2018-09-30": "$171", "2018-06-30": "$168", "2018-03-31": "$164", "2017-12-31": "$111", "2017-09-30": "$202", "2017-06-30": "$263", "2017-03-31": "$265", "2016-12-31": "$204", "2016-09-30": "$233", "2016-06-30": "$456", "2016-03-31": "$281", "2015-12-31": "$257", "2015-09-30": "$255", "2015-06-30": "$248", "2015-03-31": "$229", "2014-12-31": "$225", "2014-09-30": "$230", "2014-06-30": "$228", "2014-03-31": "$210", "2013-12-31": "$183", "2013-09-30": "$194", "2013-06-30": "$205", "2013-03-31": "$208", "2012-12-31": "$150", "2012-09-30": "$198", "2012-06-30": "$189", "2012-03-31": "$184", "2011-12-31": "$176", "2011-09-30": "$165", "2011-06-30": "$160", "2011-03-31": "$202", "2010-12-31": "$137", "2010-09-30": "$196", "2010-06-30": "$128", "2010-03-31": "$125", "2009-12-31": "$94", "2009-09-30": "$115", "2009-06-30": "$92", "2009-03-31": "$83", "2008-12-31": "$29", "2008-09-30": "$140", "2008-06-30": "$166", "2008-03-31": "$137", "2007-12-31": "$100", "2007-09-30": "$130", "2007-06-30": "$135", "2007-03-31": "$171", "2006-12-31": "$56", "2006-09-30": "$63", "2006-06-30": "$60", "2006-03-31": "$52", "2005-12-31": "$33", "2005-09-30": "$55", "2005-06-30": "$48", "2005-03-31": "$49"}}, "net-income": {"SL Green Realty Annual Net Income (Millions of US $)": {"2020": "$356", "2019": "$255", "2018": "$232", "2017": "$86", "2016": "$235", "2015": "$269", "2014": "$503", "2013": "$101", "2012": "$156", "2011": "$617", "2010": "$271", "2009": "$38", "2008": "$361", "2007": "$626", "2006": "$201", "2005": "$138"}, "SL Green Realty Quarterly Net Income (Millions of US $)": {"2020-12-31": "$171", "2020-09-30": "$14", "2020-06-30": "$56", "2020-03-31": "$115", "2019-12-31": "$18", "2019-09-30": "$33", "2019-06-30": "$161", "2019-03-31": "$44", "2018-12-31": "$-61", "2018-09-30": "$88", "2018-06-30": "$104", "2018-03-31": "$102", "2017-12-31": "$28", "2017-09-30": "$39", "2017-06-30": "$8", "2017-03-31": "$11", "2016-12-31": "$44", "2016-09-30": "$34", "2016-06-30": "$133", "2016-03-31": "$23", "2015-12-31": "$101", "2015-09-30": "$164", "2015-06-30": "$-39", "2015-03-31": "$43", "2014-12-31": "$57", "2014-09-30": "$65", "2014-06-30": "$236", "2014-03-31": "$146", "2013-12-31": "$37", "2013-09-30": "$37", "2013-06-30": "$8", "2013-03-31": "$19", "2012-12-31": "$20", "2012-09-30": "$8", "2012-06-30": "$103", "2012-03-31": "$25", "2011-12-31": "$3", "2011-09-30": "$7", "2011-06-30": "$526", "2011-03-31": "$81", "2010-12-31": "$7", "2010-09-30": "$112", "2010-06-30": "$137", "2010-03-31": "$15", "2009-12-31": "$-5", "2009-09-30": "$-3", "2009-06-30": "$13", "2009-03-31": "$33", "2008-12-31": "$77", "2008-09-30": "$29", "2008-06-30": "$134", "2008-03-31": "$121", "2007-12-31": "$114", "2007-09-30": "$99", "2007-06-30": "$266", "2007-03-31": "$147", "2006-12-31": "$29", "2006-09-30": "$119", "2006-06-30": "$29", "2006-03-31": "$24", "2005-12-31": "$21", "2005-09-30": "$37", "2005-06-30": "$56", "2005-03-31": "$23"}}, "eps-earnings-per-share-diluted": {"SL Green Realty Annual EPS": {"2020": "$4.87", "2019": "$3.19", "2018": "$2.75", "2017": "$0.90", "2016": "$2.41", "2015": "$2.78", "2014": "$5.38", "2013": "$1.13", "2012": "$1.79", "2011": "$7.54", "2010": "$3.55", "2009": "$0.56", "2008": "$6.38", "2007": "$10.85", "2006": "$4.51", "2005": "$3.29"}, "SL Green Realty Quarterly EPS": {"2020-12-31": "$2.41", "2020-09-30": "$0.20", "2020-06-30": "$0.76", "2020-03-31": "$1.51", "2019-12-31": "$0.25", "2019-09-30": "$0.41", "2019-06-30": "$2.00", "2019-03-31": "$0.54", "2018-12-31": "$-0.69", "2018-09-30": "$1.06", "2018-06-30": "$1.23", "2018-03-31": "$1.15", "2017-12-31": "$0.29", "2017-09-30": "$0.41", "2017-06-30": "$0.08", "2017-03-31": "$0.11", "2016-12-31": "$0.45", "2016-09-30": "$0.35", "2016-06-30": "$1.37", "2016-03-31": "$0.24", "2015-12-31": "$1.04", "2015-09-30": "$1.69", "2015-06-30": "$-0.40", "2015-03-31": "$0.45", "2014-12-31": "$0.58", "2014-09-30": "$0.70", "2014-06-30": "$2.53", "2014-03-31": "$1.58", "2013-12-31": "$0.41", "2013-09-30": "$0.41", "2013-06-30": "$0.09", "2013-03-31": "$0.22", "2012-12-31": "$0.23", "2012-09-30": "$0.09", "2012-06-30": "$1.17", "2012-03-31": "$0.30", "2011-12-31": "$-0.02", "2011-09-30": "$0.08", "2011-06-30": "$6.44", "2011-03-31": "$1.04", "2010-12-31": "$0.09", "2010-09-30": "$1.46", "2010-06-30": "$1.80", "2010-03-31": "$0.20", "2009-12-31": "$-0.19", "2009-09-30": "$-0.03", "2009-06-30": "$0.19", "2009-03-31": "$0.59", "2008-12-31": "$1.40", "2008-09-30": "$0.50", "2008-06-30": "$2.36", "2008-03-31": "$2.12", "2007-12-31": "$2.05", "2007-09-30": "$1.69", "2007-06-30": "$4.51", "2007-03-31": "$2.60", "2006-12-31": "$0.68", "2006-09-30": "$2.60", "2006-06-30": "$0.67", "2006-03-31": "$0.56", "2005-12-31": "$0.49", "2005-09-30": "$0.90", "2005-06-30": "$1.35", "2005-03-31": "$0.56"}}, "shares-outstanding": {"SL Green Realty Annual Shares Outstanding (Millions of Shares)": {"2020": "77", "2019": "84", "2018": "89", "2017": "100", "2016": "102", "2015": "101", "2014": "97", "2013": "93", "2012": "90", "2011": "84", "2010": "77", "2009": "70", "2008": "59", "2007": "60", "2006": "47", "2005": "44"}, "SL Green Realty Quarterly Shares Outstanding (Millions of Shares)": {"2020-12-31": "75", "2020-09-30": "75", "2020-06-30": "78", "2020-03-31": "80", "2019-12-31": "84", "2019-09-30": "84", "2019-06-30": "85", "2019-03-31": "85", "2018-12-31": "89", "2018-09-30": "88", "2018-06-30": "89", "2018-03-31": "93", "2017-12-31": "100", "2017-09-30": "100", "2017-06-30": "102", "2017-03-31": "103", "2016-12-31": "102", "2016-09-30": "102", "2016-06-30": "102", "2016-03-31": "101", "2015-12-31": "101", "2015-09-30": "101", "2015-06-30": "97", "2015-03-31": "100", "2014-12-31": "97", "2014-09-30": "97", "2014-06-30": "97", "2014-03-31": "96", "2013-12-31": "93", "2013-09-30": "92", "2013-06-30": "92", "2013-03-31": "92", "2012-12-31": "90", "2012-09-30": "91", "2012-06-30": "91", "2012-03-31": "88", "2011-12-31": "84", "2011-09-30": "86", "2011-06-30": "84", "2011-03-31": "79", "2010-12-31": "77", "2010-09-30": "78", "2010-06-30": "78", "2010-03-31": "77", "2009-12-31": "70", "2009-09-30": "77", "2009-06-30": "68", "2009-03-31": "58", "2008-12-31": "59", "2008-09-30": "59", "2008-06-30": "59", "2008-03-31": "59", "2007-12-31": "60", "2007-09-30": "61", "2007-06-30": "61", "2007-03-31": "59", "2006-12-31": "47", "2006-09-30": "48", "2006-06-30": "46", "2006-03-31": "45", "2005-12-31": "44", "2005-09-30": "44", "2005-06-30": "44", "2005-03-31": "44"}}, "total-assets": {"SL Green Realty Annual Total Assets (Millions of US $)": {"2019": "$12,766", "2018": "$12,751", "2017": "$13,983", "2016": "$15,858", "2015": "$19,728", "2014": "$17,097", "2013": "$14,959", "2012": "$14,386", "2011": "$13,484", "2010": "$11,300", "2009": "$10,488", "2008": "$10,984", "2007": "$11,430", "2006": "$4,632", "2005": "$3,310"}, "SL Green Realty Quarterly Total Assets (Millions of US $)": {"2020-09-30": "$12,324", "2020-06-30": "$13,072", "2020-03-31": "$13,221", "2019-12-31": "$12,766", "2019-09-30": "$13,295", "2019-06-30": "$13,630", "2019-03-31": "$13,386", "2018-12-31": "$12,751", "2018-09-30": "$13,455", "2018-06-30": "$13,714", "2018-03-31": "$13,381", "2017-12-31": "$13,983", "2017-09-30": "$15,110", "2017-06-30": "$15,310", "2017-03-31": "$15,877", "2016-12-31": "$15,858", "2016-09-30": "$15,791", "2016-06-30": "$17,544", "2016-03-31": "$19,586", "2015-12-31": "$19,728", "2015-09-30": "$19,491", "2015-06-30": "$17,267", "2015-03-31": "$17,081", "2014-12-31": "$17,097", "2014-09-30": "$17,237", "2014-06-30": "$16,718", "2014-03-31": "$15,363", "2013-12-31": "$14,959", "2013-09-30": "$14,575", "2013-06-30": "$14,402", "2013-03-31": "$14,544", "2012-12-31": "$14,386", "2012-09-30": "$14,285", "2012-06-30": "$14,139", "2012-03-31": "$13,762", "2011-12-31": "$13,484", "2011-09-30": "$13,163", "2011-06-30": "$12,644", "2011-03-31": "$11,442", "2010-12-31": "$11,300", "2010-09-30": "$10,588", "2010-06-30": "$10,408", "2010-03-31": "$10,514", "2009-12-31": "$10,488", "2009-09-30": "$10,534", "2009-06-30": "$10,595", "2009-03-31": "$10,501", "2008-12-31": "$10,984", "2008-09-30": "$11,491", "2008-06-30": "$11,150", "2008-03-31": "$11,449", "2007-12-31": "$11,430", "2007-09-30": "$10,516", "2007-06-30": "$9,452", "2007-03-31": "$9,626", "2006-12-31": "$4,632", "2006-09-30": "$4,227", "2006-06-30": "$3,692", "2006-03-31": "$3,483", "2005-12-31": "$3,310", "2005-09-30": "$3,352", "2005-06-30": "$3,155", "2005-03-31": "$2,933"}}, "cash-on-hand": {"SL Green Realty Annual Cash on Hand (Millions of US $)": {"2019": "$241", "2018": "$279", "2017": "$250", "2016": "$370", "2015": "$489", "2014": "$431", "2013": "$349", "2012": "$326", "2011": "$225", "2010": "$471", "2009": "$438", "2008": "$833", "2007": "$151", "2006": "$369", "2005": "$85"}, "SL Green Realty Quarterly Cash on Hand (Millions of US $)": {"2020-09-30": "$304", "2020-06-30": "$1,101", "2020-03-31": "$621", "2019-12-31": "$241", "2019-09-30": "$217", "2019-06-30": "$241", "2019-03-31": "$296", "2018-12-31": "$279", "2018-09-30": "$259", "2018-06-30": "$380", "2018-03-31": "$378", "2017-12-31": "$250", "2017-09-30": "$349", "2017-06-30": "$381", "2017-03-31": "$539", "2016-12-31": "$370", "2016-09-30": "$506", "2016-06-30": "$443", "2016-03-31": "$496", "2015-12-31": "$489", "2015-09-30": "$524", "2015-06-30": "$344", "2015-03-31": "$460", "2014-12-31": "$431", "2014-09-30": "$413", "2014-06-30": "$465", "2014-03-31": "$602", "2013-12-31": "$349", "2013-09-30": "$566", "2013-06-30": "$329", "2013-03-31": "$350", "2012-12-31": "$326", "2012-09-30": "$305", "2012-06-30": "$395", "2012-03-31": "$232", "2011-12-31": "$225", "2011-09-30": "$497", "2011-06-30": "$476", "2011-03-31": "$342", "2010-12-31": "$471", "2010-09-30": "$424", "2010-06-30": "$497", "2010-03-31": "$338", "2009-12-31": "$438", "2009-09-30": "$725", "2009-06-30": "$764", "2009-03-31": "$531", "2008-12-31": "$833", "2008-09-30": "$817", "2008-06-30": "$155", "2008-03-31": "$191", "2007-12-31": "$151", "2007-09-30": "$218", "2007-06-30": "$212", "2007-03-31": "$628", "2006-12-31": "$369", "2006-09-30": "$404", "2006-06-30": "$76", "2006-03-31": "$80", "2005-12-31": "$85", "2005-09-30": "$70", "2005-06-30": "$64", "2005-03-31": "$70"}}, "long-term-debt": {"SL Green Realty Annual Long Term Debt (Millions of US $)": {"2019": "$5,553", "2018": "$5,585", "2017": "$5,898", "2016": "$6,524", "2015": "$10,317", "2014": "$8,200", "2013": "$6,968", "2012": "$6,558", "2011": "$6,053", "2010": "$5,268", "2009": "$4,910", "2008": "$5,598", "2007": "$5,740", "2006": "$1,832", "2005": "$1,559"}, "SL Green Realty Quarterly Long Term Debt (Millions of US $)": {"2020-09-30": "$5,594", "2020-06-30": "$6,277", "2020-03-31": "$6,123", "2019-12-31": "$5,553", "2019-09-30": "$5,880", "2019-06-30": "$6,127", "2019-03-31": "$5,934", "2018-12-31": "$5,585", "2018-09-30": "$5,584", "2018-06-30": "$5,901", "2018-03-31": "$5,465", "2017-12-31": "$5,898", "2017-09-30": "$6,468", "2017-06-30": "$6,419", "2017-03-31": "$6,622", "2016-12-31": "$6,524", "2016-09-30": "$6,400", "2016-06-30": "$8,004", "2016-03-31": "$8,550", "2015-12-31": "$10,317", "2015-09-30": "$10,172", "2015-06-30": "$8,227", "2015-03-31": "$8,110", "2014-12-31": "$8,200", "2014-09-30": "$8,310", "2014-06-30": "$8,187", "2014-03-31": "$7,216", "2013-12-31": "$6,968", "2013-09-30": "$6,867", "2013-06-30": "$6,758", "2013-03-31": "$6,721", "2012-12-31": "$6,558", "2012-09-30": "$6,343", "2012-06-30": "$6,232", "2012-03-31": "$6,098", "2011-12-31": "$6,053", "2011-09-30": "$5,904", "2011-06-30": "$5,615", "2011-03-31": "$4,916", "2010-12-31": "$5,268", "2010-09-30": "$4,645", "2010-06-30": "$4,576", "2010-03-31": "$4,793", "2009-12-31": "$4,910", "2009-09-30": "$4,933", "2009-06-30": "$4,979", "2009-03-31": "$5,243", "2008-12-31": "$5,598", "2008-09-30": "$5,893", "2008-06-30": "$5,422", "2008-03-31": "$5,775", "2007-12-31": "$5,740", "2007-09-30": "$5,346", "2007-06-30": "$4,670", "2007-03-31": "$4,966", "2006-12-31": "$1,832", "2006-09-30": "$1,897", "2006-06-30": "$1,775", "2006-03-31": "$1,710", "2005-12-31": "$1,559", "2005-09-30": "$1,643", "2005-06-30": "$1,510", "2005-03-31": "$1,331"}}, "total-liabilities": {"SL Green Realty Annual Total Liabilities (Millions of US $)": {"2019": "$6,556", "2018": "$6,115", "2017": "$6,630", "2016": "$7,331", "2015": "$11,302", "2014": "$9,097", "2013": "$7,627", "2012": "$7,217", "2011": "$6,834", "2010": "$5,818", "2009": "$5,490", "2008": "$6,415", "2007": "$6,889", "2006": "$2,109", "2005": "$1,751"}, "SL Green Realty Quarterly Total Liabilities (Millions of US $)": {"2020-09-30": "$6,634", "2020-06-30": "$7,282", "2020-03-31": "$7,252", "2019-12-31": "$6,556", "2019-09-30": "$6,844", "2019-06-30": "$7,062", "2019-03-31": "$6,844", "2018-12-31": "$6,115", "2018-09-30": "$6,419", "2018-06-30": "$6,684", "2018-03-31": "$6,066", "2017-12-31": "$6,630", "2017-09-30": "$7,153", "2017-06-30": "$7,173", "2017-03-31": "$7,380", "2016-12-31": "$7,331", "2016-09-30": "$7,276", "2016-06-30": "$9,008", "2016-03-31": "$11,179", "2015-12-31": "$11,302", "2015-09-30": "$11,113", "2015-06-30": "$9,186", "2015-03-31": "$8,928", "2014-12-31": "$9,097", "2014-09-30": "$9,419", "2014-06-30": "$9,016", "2014-03-31": "$7,897", "2013-12-31": "$7,627", "2013-09-30": "$7,508", "2013-06-30": "$7,385", "2013-03-31": "$7,369", "2012-12-31": "$7,217", "2012-09-30": "$7,110", "2012-06-30": "$6,999", "2012-03-31": "$6,822", "2011-12-31": "$6,834", "2011-09-30": "$6,635", "2011-06-30": "$6,224", "2011-03-31": "$5,683", "2010-12-31": "$5,818", "2010-09-30": "$5,203", "2010-06-30": "$5,142", "2010-03-31": "$5,371", "2009-12-31": "$5,490", "2009-09-30": "$5,538", "2009-06-30": "$5,586", "2009-03-31": "$5,912", "2008-12-31": "$6,415", "2008-09-30": "$6,955", "2008-06-30": "$6,486", "2008-03-31": "$6,861", "2007-12-31": "$6,889", "2007-09-30": "$6,051", "2007-06-30": "$5,007", "2007-03-31": "$5,395", "2006-12-31": "$2,109", "2006-09-30": "$2,240", "2006-06-30": "$2,091", "2006-03-31": "$1,894", "2005-12-31": "$1,751", "2005-09-30": "$1,822", "2005-06-30": "$1,669", "2005-03-31": "$1,483"}}, "total-share-holder-equity": {"SL Green Realty Annual Share Holder Equity (Millions of US $)": {"2019": "$6,210", "2018": "$6,636", "2017": "$7,353", "2016": "$8,527", "2015": "$8,426", "2014": "$8,000", "2013": "$7,332", "2012": "$7,170", "2011": "$6,650", "2010": "$5,482", "2009": "$4,998", "2008": "$4,569", "2007": "$4,541", "2006": "$2,523", "2005": "$1,559"}, "SL Green Realty Quarterly Share Holder Equity (Millions of US $)": {"2020-09-30": "$5,690", "2020-06-30": "$5,790", "2020-03-31": "$5,969", "2019-12-31": "$6,210", "2019-09-30": "$6,451", "2019-06-30": "$6,568", "2019-03-31": "$6,542", "2018-12-31": "$6,636", "2018-09-30": "$7,036", "2018-06-30": "$7,030", "2018-03-31": "$7,315", "2017-12-31": "$7,353", "2017-09-30": "$7,957", "2017-06-30": "$8,137", "2017-03-31": "$8,497", "2016-12-31": "$8,527", "2016-09-30": "$8,515", "2016-06-30": "$8,536", "2016-03-31": "$8,407", "2015-12-31": "$8,426", "2015-09-30": "$8,378", "2015-06-30": "$8,081", "2015-03-31": "$8,153", "2014-12-31": "$8,000", "2014-09-30": "$7,818", "2014-06-30": "$7,702", "2014-03-31": "$7,466", "2013-12-31": "$7,332", "2013-09-30": "$7,067", "2013-06-30": "$7,017", "2013-03-31": "$7,175", "2012-12-31": "$7,170", "2012-09-30": "$7,175", "2012-06-30": "$7,141", "2012-03-31": "$6,940", "2011-12-31": "$6,650", "2011-09-30": "$6,527", "2011-06-30": "$6,420", "2011-03-31": "$5,760", "2010-12-31": "$5,482", "2010-09-30": "$5,385", "2010-06-30": "$5,266", "2010-03-31": "$5,144", "2009-12-31": "$4,998", "2009-09-30": "$4,996", "2009-06-30": "$5,009", "2009-03-31": "$4,589", "2008-12-31": "$4,569", "2008-09-30": "$4,536", "2008-06-30": "$4,663", "2008-03-31": "$4,588", "2007-12-31": "$4,541", "2007-09-30": "$4,465", "2007-06-30": "$4,446", "2007-03-31": "$4,231", "2006-12-31": "$2,523", "2006-09-30": "$1,987", "2006-06-30": "$1,601", "2006-03-31": "$1,589", "2005-12-31": "$1,559", "2005-09-30": "$1,531", "2005-06-30": "$1,486", "2005-03-31": "$1,450"}}, "profit-margins": {"current": "35.25%"}, "gross margin": {"2020-12-31": "62.96%", "2020-09-30": "63.50%", "2020-06-30": "63.70%", "2020-03-31": "63.65%", "2019-12-31": "63.03%", "2019-09-30": "63.78%", "2019-06-30": "63.77%", "2019-03-31": "63.66%", "2018-12-31": "63.44%", "2018-09-30": "62.42%", "2018-06-30": "61.84%", "2018-03-31": "62.33%", "2017-12-31": "62.21%", "2017-09-30": "61.94%", "2017-06-30": "62.77%", "2017-03-31": "67.02%", "2016-12-31": "68.13%", "2016-09-30": "69.14%", "2016-06-30": "69.59%", "2016-03-31": "66.59%", "2015-12-31": "65.94%", "2015-09-30": "65.52%", "2015-06-30": "65.42%", "2015-03-31": "65.12%", "2014-12-31": "65.00%", "2014-09-30": "64.65%", "2014-06-30": "63.57%", "2014-03-31": "62.93%", "2013-12-31": "62.73%", "2013-09-30": "62.60%", "2013-06-30": "62.12%", "2013-03-31": "61.78%", "2012-12-31": "61.09%", "2012-09-30": "61.12%", "2012-06-30": "61.32%", "2012-03-31": "61.10%", "2011-12-31": "62.79%", "2011-09-30": "62.77%", "2011-06-30": "64.88%", "2011-03-31": "64.83%", "2010-12-31": "62.86%", "2010-09-30": "62.79%", "2010-06-30": "60.50%", "2010-03-31": "60.60%", "2009-12-31": "61.35%", "2009-09-30": "62.02%", "2009-06-30": "62.63%", "2009-03-31": "64.09%", "2008-12-31": "64.23%", "2008-09-30": "62.33%", "2008-06-30": "61.95%", "2008-03-31": "60.49%", "2007-12-31": "62.97%", "2007-09-30": "65.57%", "2007-06-30": "65.49%", "2007-03-31": "65.78%", "2006-12-31": "60.43%", "2006-09-30": "59.14%", "2006-06-30": "59.71%", "2006-03-31": "58.96%", "2005-12-31": "59.08%"}, "operating margin": {"2020-12-31": "20.04%", "2020-09-30": "23.45%", "2020-06-30": "28.32%", "2020-03-31": "32.43%", "2019-12-31": "31.80%", "2019-09-30": "31.65%", "2019-06-30": "31.72%", "2019-03-31": "31.54%", "2018-12-31": "31.35%", "2018-09-30": "30.82%", "2018-06-30": "29.95%", "2018-03-31": "27.99%", "2017-12-31": "27.86%", "2017-09-30": "26.77%", "2017-06-30": "26.63%", "2017-03-31": "18.65%", "2016-12-31": "16.95%", "2016-09-30": "19.01%", "2016-06-30": "18.19%", "2016-03-31": "22.14%", "2015-12-31": "24.19%", "2015-09-30": "23.34%", "2015-06-30": "25.60%", "2015-03-31": "31.47%", "2014-12-31": "32.30%", "2014-09-30": "31.77%", "2014-06-30": "30.93%", "2014-03-31": "30.81%", "2013-12-31": "31.36%", "2013-09-30": "29.80%", "2013-06-30": "29.70%", "2013-03-31": "29.67%", "2012-12-31": "28.60%", "2012-09-30": "30.45%", "2012-06-30": "30.47%", "2012-03-31": "29.75%", "2011-12-31": "32.48%", "2011-09-30": "32.22%", "2011-06-30": "35.79%", "2011-03-31": "35.43%", "2010-12-31": "31.71%", "2010-09-30": "29.23%", "2010-06-30": "23.06%", "2010-03-31": "19.54%", "2009-12-31": "15.24%", "2009-09-30": "8.80%", "2009-06-30": "11.33%", "2009-03-31": "17.72%", "2008-12-31": "22.82%", "2008-09-30": "31.01%", "2008-06-30": "31.43%", "2008-03-31": "29.77%", "2007-12-31": "33.95%", "2007-09-30": "36.13%", "2007-06-30": "36.59%", "2007-03-31": "38.13%", "2006-12-31": "32.34%", "2006-09-30": "32.54%", "2006-06-30": "32.92%", "2006-03-31": "31.95%", "2005-12-31": "32.52%"}, "ebitda margin": {"2020-09-30": "52.93%", "2020-06-30": "54.45%", "2020-03-31": "55.16%", "2019-12-31": "54.80%", "2019-09-30": "55.45%", "2019-06-30": "55.07%", "2019-03-31": "55.12%", "2018-12-31": "55.05%", "2018-09-30": "48.27%", "2018-06-30": "48.17%", "2018-03-31": "51.53%", "2017-12-31": "55.66%", "2017-09-30": "61.29%", "2017-06-30": "61.62%", "2017-03-31": "64.84%", "2016-12-31": "62.98%", "2016-09-30": "64.07%", "2016-06-30": "64.72%", "2016-03-31": "60.49%", "2015-12-31": "59.51%", "2015-09-30": "58.93%", "2015-06-30": "58.91%", "2015-03-31": "58.69%", "2014-12-31": "58.75%", "2014-09-30": "58.65%", "2014-06-30": "58.21%", "2014-03-31": "57.68%", "2013-12-31": "57.62%", "2013-09-30": "58.14%", "2013-06-30": "57.65%", "2013-03-31": "56.83%", "2012-12-31": "55.89%", "2012-09-30": "55.21%", "2012-06-30": "54.80%", "2012-03-31": "54.49%", "2011-12-31": "56.38%", "2011-09-30": "55.43%", "2011-06-30": "57.44%", "2011-03-31": "57.01%", "2010-12-31": "54.01%", "2010-09-30": "52.21%", "2010-06-30": "47.78%", "2010-03-31": "44.05%", "2009-12-31": "39.26%", "2009-09-30": "31.55%", "2009-06-30": "33.30%", "2009-03-31": "38.99%", "2008-12-31": "44.32%", "2008-09-30": "53.98%", "2008-06-30": "54.22%", "2008-03-31": "53.18%", "2007-12-31": "54.97%", "2007-09-30": "55.72%", "2007-06-30": "55.34%", "2007-03-31": "54.69%", "2006-12-31": "49.15%", "2006-09-30": "49.41%", "2006-06-30": "49.14%", "2006-03-31": "48.83%", "2005-12-31": "50.14%"}, "pre tax profit margin": {"2020-12-31": "18.90%", "2020-09-30": "1.60%", "2020-06-30": "5.04%", "2020-03-31": "18.57%", "2019-12-31": "18.72%", "2019-09-30": "-4.41%", "2019-06-30": "0.72%", "2019-03-31": "-2.76%", "2018-12-31": "-0.16%", "2018-09-30": "20.83%", "2018-06-30": "15.61%", "2018-03-31": "6.82%", "2017-12-31": "0.79%", "2017-09-30": "-9.78%", "2017-06-30": "-9.64%", "2017-03-31": "-1.23%", "2016-12-31": "-0.16%", "2016-09-30": "16.24%", "2016-06-30": "14.56%", "2016-03-31": "5.98%", "2015-12-31": "7.58%", "2015-09-30": "4.25%", "2015-06-30": "6.07%", "2015-03-31": "16.41%", "2014-12-31": "23.95%", "2014-09-30": "24.26%", "2014-06-30": "24.00%", "2014-03-31": "16.97%", "2013-12-31": "8.02%", "2013-09-30": "5.84%", "2013-06-30": "6.06%", "2013-03-31": "13.04%", "2012-12-31": "13.33%", "2012-09-30": "14.56%", "2012-06-30": "14.12%", "2012-03-31": "45.11%", "2011-12-31": "49.88%", "2011-09-30": "52.17%", "2011-06-30": "56.94%", "2011-03-31": "28.89%", "2010-12-31": "25.44%", "2010-09-30": "23.94%", "2010-06-30": "19.13%", "2010-03-31": "6.41%", "2009-12-31": "6.65%", "2009-09-30": "-9.00%", "2009-06-30": "-7.94%", "2009-03-31": "-5.04%", "2008-12-31": "-5.45%", "2008-09-30": "8.45%", "2008-06-30": "8.75%", "2008-03-31": "6.67%", "2007-12-31": "12.41%", "2007-09-30": "16.87%", "2007-06-30": "19.92%", "2007-03-31": "24.38%", "2006-12-31": "22.13%", "2006-09-30": "23.99%", "2006-06-30": "25.55%", "2006-03-31": "25.45%", "2005-12-31": "26.56%"}, "net profit margin": {"2020-12-31": "33.81%", "2020-09-30": "18.03%", "2020-06-30": "18.66%", "2020-03-31": "26.18%", "2019-12-31": "20.66%", "2019-09-30": "14.18%", "2019-06-30": "18.68%", "2019-03-31": "14.23%", "2018-12-31": "18.97%", "2018-09-30": "25.31%", "2018-06-30": "20.39%", "2018-03-31": "12.33%", "2017-12-31": "5.69%", "2017-09-30": "6.69%", "2017-06-30": "6.19%", "2017-03-31": "12.43%", "2016-12-31": "12.55%", "2016-09-30": "15.20%", "2016-06-30": "21.81%", "2016-03-31": "14.47%", "2015-12-31": "16.19%", "2015-09-30": "13.85%", "2015-06-30": "7.96%", "2015-03-31": "25.80%", "2014-12-31": "33.16%", "2014-09-30": "33.36%", "2014-06-30": "32.57%", "2014-03-31": "16.61%", "2013-12-31": "7.37%", "2013-09-30": "6.45%", "2013-06-30": "4.17%", "2013-03-31": "11.44%", "2012-12-31": "12.09%", "2012-09-30": "10.27%", "2012-06-30": "10.59%", "2012-03-31": "44.63%", "2011-12-31": "49.48%", "2011-09-30": "51.84%", "2011-06-30": "60.00%", "2011-03-31": "28.98%", "2010-12-31": "24.98%", "2010-09-30": "24.90%", "2010-06-30": "14.89%", "2010-03-31": "2.07%", "2009-12-31": "3.89%", "2009-09-30": "11.87%", "2009-06-30": "14.71%", "2009-03-31": "25.47%", "2008-12-31": "33.90%", "2008-09-30": "39.56%", "2008-06-30": "47.61%", "2008-03-31": "63.56%", "2007-12-31": "64.21%", "2007-09-30": "61.27%", "2007-06-30": "73.05%", "2007-03-31": "50.63%", "2006-12-31": "42.77%", "2006-09-30": "45.84%", "2006-06-30": "27.27%", "2006-03-31": "35.84%", "2005-12-31": "37.13%"}, "pe ratio": {"current": "8.79", "2021-02-05": "25.81", "2020-12-31": "24.71", "2020-09-30": "16.75", "2020-06-30": "16.18", "2020-03-31": "9.76", "2019-12-31": "27.04", "2019-09-30": "34.46", "2019-06-30": "25.87", "2019-03-31": "39.33", "2018-12-31": "26.39", "2018-09-30": "23.40", "2018-06-30": "28.94", "2018-03-31": "43.89", "2017-12-31": "97.44", "2017-09-30": "82.91", "2017-06-30": "91.23", "2017-03-31": "39.88", "2016-12-31": "37.88", "2016-09-30": "30.39", "2016-06-30": "20.56", "2016-03-31": "31.40", "2015-12-31": "33.52", "2015-09-30": "37.76", "2015-06-30": "65.90", "2015-03-31": "24.24", "2014-12-31": "17.73", "2014-09-30": "15.62", "2014-06-30": "17.76", "2014-03-31": "32.26", "2013-12-31": "65.15", "2013-09-30": "73.83", "2013-06-30": "110.14", "2013-03-31": "39.37", "2012-12-31": "33.30", "2012-09-30": "38.88", "2012-06-30": "39.09", "2012-03-31": "8.84", "2011-12-31": "6.82", "2011-09-30": "5.88", "2011-06-30": "7.08", "2011-03-31": "13.04", "2010-12-31": "14.47", "2010-09-30": "14.21", "2010-06-30": "22.05", "2010-03-31": "156.05", "2009-12-31": "56.78", "2009-09-30": "13.86", "2009-06-30": "5.73", "2009-03-31": "1.54", "2008-12-31": "2.74", "2008-09-30": "6.22", "2008-06-30": "6.85", "2008-03-31": "5.38", "2007-12-31": "5.89", "2007-09-30": "8.53", "2007-06-30": "8.20", "2007-03-31": "14.34", "2006-12-31": "20.14"}, "price sales": {"2021-02-05": "4.68", "2020-12-31": "4.48", "2020-09-30": "3.19", "2020-06-30": "3.24", "2020-03-31": "2.70", "2019-12-31": "5.86", "2019-09-30": "5.20", "2019-06-30": "5.13", "2019-03-31": "5.81", "2018-12-31": "5.18", "2018-09-30": "6.37", "2018-06-30": "6.39", "2018-03-31": "5.88", "2017-12-31": "5.90", "2017-09-30": "5.85", "2017-06-30": "5.94", "2017-03-31": "5.21", "2016-12-31": "4.98", "2016-09-30": "4.83", "2016-06-30": "4.67", "2016-03-31": "4.67", "2015-12-31": "5.58", "2015-09-30": "5.38", "2015-06-30": "5.52", "2015-03-31": "6.54", "2014-12-31": "6.10", "2014-09-30": "5.36", "2014-06-30": "5.89", "2014-03-31": "5.43", "2013-12-31": "4.91", "2013-09-30": "4.92", "2013-06-30": "4.78", "2013-03-31": "4.67", "2012-12-31": "4.16", "2012-09-30": "4.05", "2012-06-30": "4.14", "2012-03-31": "4.05", "2011-12-31": "3.40", "2011-09-30": "3.02", "2011-06-30": "4.15", "2011-03-31": "3.85", "2010-12-31": "3.67", "2010-09-30": "3.51", "2010-06-30": "3.26", "2010-03-31": "3.27", "2009-12-31": "2.61", "2009-09-30": "2.11", "2009-06-30": "1.01", "2009-03-31": "0.44", "2008-12-31": "1.05", "2008-09-30": "2.74", "2008-06-30": "3.57", "2008-03-31": "3.66", "2007-12-31": "4.02", "2007-09-30": "5.33", "2007-06-30": "6.17", "2007-03-31": "7.55", "2006-12-31": "8.89"}, "price book": {"current": "0.89", "2021-02-05": "0.80", "2020-09-30": "0.56", "2020-06-30": "0.58", "2020-03-31": "0.50", "2019-12-31": "1.06", "2019-09-30": "0.93", "2019-06-30": "0.90", "2019-03-31": "1.01", "2018-12-31": "0.87", "2018-09-30": "1.03", "2018-06-30": "1.06", "2018-03-31": "1.02", "2017-12-31": "1.08", "2017-09-30": "1.05", "2017-06-30": "1.07", "2017-03-31": "1.05", "2016-12-31": "1.05", "2016-09-30": "1.05", "2016-06-30": "1.01", "2016-03-31": "0.93", "2015-12-31": "1.07", "2015-09-30": "1.02", "2015-06-30": "1.07", "2015-03-31": "1.23", "2014-12-31": "1.13", "2014-09-30": "1.01", "2014-06-30": "1.09", "2014-03-31": "0.99", "2013-12-31": "0.92", "2013-09-30": "0.89", "2013-06-30": "0.88", "2013-03-31": "0.83", "2012-12-31": "0.74", "2012-09-30": "0.76", "2012-06-30": "0.79", "2012-03-31": "0.77", "2011-12-31": "0.64", "2011-09-30": "0.59", "2011-06-30": "0.84", "2011-03-31": "0.82", "2010-12-31": "0.74", "2010-09-30": "0.71", "2010-06-30": "0.63", "2010-03-31": "0.67", "2009-12-31": "0.60", "2009-09-30": "0.52", "2009-06-30": "0.27", "2009-03-31": "0.10", "2008-12-31": "0.24", "2008-09-30": "0.60", "2008-06-30": "0.71", "2008-03-31": "0.73", "2007-12-31": "0.83", "2007-09-30": "1.05", "2007-06-30": "1.11", "2007-03-31": "1.27", "2006-12-31": "1.73", "2006-09-30": "1.69", "2006-06-30": "1.93", "2006-03-31": "1.78"}, "price fcf": {"2021-02-05": "", "2020-09-30": "$4.40", "2020-06-30": "$3.43", "2020-03-31": "$-0.30", "2019-12-31": "$0.82", "2019-09-30": "$4.13", "2019-06-30": "$5.22", "2019-03-31": "$10.86", "2018-12-31": "$15.27", "2018-09-30": "$17.15", "2018-06-30": "$16.70", "2018-03-31": "$13.37", "2017-12-31": "$8.67", "2017-09-30": "$2.65", "2017-06-30": "$6.89", "2017-03-31": "$24.22", "2016-12-31": "$26.18", "2016-09-30": "$27.45", "2016-06-30": "$3.85", "2016-03-31": "$-17.15", "2015-12-31": "$-14.06", "2015-09-30": "$-12.74", "2015-06-30": "$0.72", "2015-03-31": "$2.90", "2014-12-31": "$-1.10", "2014-09-30": "$-6.63", "2014-06-30": "$-1.51", "2014-03-31": "$-1.19", "2013-12-31": "$-2.00", "2013-09-30": "$1.26", "2013-06-30": "$0.30", "2013-03-31": "$-1.11", "2012-12-31": "$-2.63", "2012-09-30": "$-3.40", "2012-06-30": "$-2.47", "2012-03-31": "$-3.11", "2011-12-31": "$-0.82", "2011-09-30": "$-1.44", "2011-06-30": "$-0.73", "2011-03-31": "$7.40", "2010-12-31": "$6.78", "2010-09-30": "$8.72", "2010-06-30": "$8.20", "2010-03-31": "$2.29", "2009-12-31": "$2.73", "2009-09-30": "$3.97", "2009-06-30": "$4.48", "2009-03-31": "$5.08", "2008-12-31": "$5.33", "2008-09-30": "$39.80", "2008-06-30": "$43.61", "2008-03-31": "$46.15", "2007-12-31": "$-12.30", "2007-09-30": "$-48.89", "2007-06-30": "$-57.60", "2007-03-31": "$-60.63", "2006-12-31": "$-8.07"}, "net worth": {"value": "$4.49B"}, "current ratio": {"2020-12-31": "0.00", "2020-09-30": "2.32", "2020-06-30": "6.70", "2020-03-31": "3.97", "2019-12-31": "1.62", "2019-09-30": "1.65", "2019-06-30": "1.91", "2019-03-31": "2.65", "2018-12-31": "2.05", "2018-09-30": "1.93", "2018-06-30": "2.73", "2018-03-31": "2.72", "2017-12-31": "1.89", "2017-09-30": "2.39", "2017-06-30": "2.67", "2017-03-31": "3.01", "2016-12-31": "1.94", "2016-09-30": "2.75", "2016-06-30": "2.27", "2016-03-31": "2.76", "2015-12-31": "2.36", "2015-09-30": "1.60", "2015-06-30": "1.36", "2015-03-31": "1.66", "2014-12-31": "1.61", "2014-09-30": "1.58", "2014-06-30": "1.80", "2014-03-31": "2.64", "2013-12-31": "1.60", "2013-09-30": "2.64", "2013-06-30": "1.84", "2013-03-31": "1.86", "2012-12-31": "1.62", "2012-09-30": "1.37", "2012-06-30": "1.71", "2012-03-31": "1.06", "2011-12-31": "0.97", "2011-09-30": "1.95", "2011-06-30": "2.17", "2011-03-31": "1.35", "2010-12-31": "2.94", "2010-09-30": "2.77", "2010-06-30": "3.12", "2010-03-31": "2.27", "2009-12-31": "2.92", "2009-09-30": "4.57", "2009-06-30": "4.93", "2009-03-31": "3.07", "2008-12-31": "4.28", "2008-09-30": "4.62", "2008-06-30": "1.20", "2008-03-31": "1.42", "2007-12-31": "0.94", "2007-09-30": "1.36", "2007-06-30": "1.39", "2007-03-31": "3.37", "2006-12-31": "2.77", "2006-09-30": "4.20", "2006-06-30": "1.20", "2006-03-31": "1.40", "2005-12-31": "1.22", "2005-09-30": "1.13", "2005-06-30": "1.17", "2005-03-31": "1.36"}, "quick ratio": {"2020-12-31": "0.00", "2020-09-30": "0.00", "2020-06-30": "0.00", "2020-03-31": "0.00", "2019-12-31": "0.00", "2019-09-30": "0.00", "2019-06-30": "0.00", "2019-03-31": "0.00", "2018-12-31": "0.00", "2018-09-30": "0.00", "2018-06-30": "0.00", "2018-03-31": "0.00", "2017-12-31": "0.00", "2017-09-30": "0.00", "2017-06-30": "0.00", "2017-03-31": "0.00", "2016-12-31": "0.00", "2016-09-30": "0.00", "2016-06-30": "0.00", "2016-03-31": "0.00", "2015-12-31": "0.00", "2015-09-30": "0.00", "2015-06-30": "0.00", "2015-03-31": "0.00", "2014-12-31": "0.00", "2014-09-30": "0.00", "2014-06-30": "0.00", "2014-03-31": "0.00", "2013-12-31": "0.00", "2013-09-30": "0.00", "2013-06-30": "0.00", "2013-03-31": "0.00", "2012-12-31": "0.00", "2012-09-30": "0.00", "2012-06-30": "0.00", "2012-03-31": "0.00", "2011-12-31": "0.00", "2011-09-30": "0.00", "2011-06-30": "0.00", "2011-03-31": "0.00", "2010-12-31": "0.00", "2010-09-30": "0.00", "2010-06-30": "0.00", "2010-03-31": "0.00", "2009-12-31": "0.00", "2009-09-30": "0.00", "2009-06-30": "0.00", "2009-03-31": "0.00", "2008-12-31": "0.00", "2008-09-30": "0.00", "2008-06-30": "0.00", "2008-03-31": "0.00", "2007-12-31": "0.00", "2007-09-30": "0.00", "2007-06-30": "0.00", "2007-03-31": "0.00", "2006-12-31": "0.00", "2006-09-30": "0.00", "2006-06-30": "0.00", "2006-03-31": "0.00", "2005-12-31": "0.00", "2005-09-30": "0.00", "2005-06-30": "0.00", "2005-03-31": "0.00"}, "debt equity ratio": {"current": "1.01", "2020-12-31": "0.00", "2020-09-30": "1.17", "2020-06-30": "1.26", "2020-03-31": "1.22", "2019-12-31": "1.06", "2019-09-30": "1.06", "2019-06-30": "1.08", "2019-03-31": "1.05", "2018-12-31": "0.92", "2018-09-30": "0.91", "2018-06-30": "0.95", "2018-03-31": "0.83", "2017-12-31": "0.90", "2017-09-30": "0.90", "2017-06-30": "0.88", "2017-03-31": "0.87", "2016-12-31": "0.86", "2016-09-30": "0.85", "2016-06-30": "1.06", "2016-03-31": "1.33", "2015-12-31": "1.34", "2015-09-30": "1.33", "2015-06-30": "1.14", "2015-03-31": "1.10", "2014-12-31": "1.14", "2014-09-30": "1.21", "2014-06-30": "1.17", "2014-03-31": "1.06", "2013-12-31": "1.04", "2013-09-30": "1.06", "2013-06-30": "1.05", "2013-03-31": "1.03", "2012-12-31": "1.01", "2012-09-30": "0.99", "2012-06-30": "0.98", "2012-03-31": "0.98", "2011-12-31": "1.03", "2011-09-30": "1.02", "2011-06-30": "0.97", "2011-03-31": "0.99", "2010-12-31": "1.06", "2010-09-30": "0.97", "2010-06-30": "0.98", "2010-03-31": "1.04", "2009-12-31": "1.10", "2009-09-30": "1.11", "2009-06-30": "1.12", "2009-03-31": "1.29", "2008-12-31": "1.40", "2008-09-30": "1.53", "2008-06-30": "1.39", "2008-03-31": "1.50", "2007-12-31": "1.52", "2007-09-30": "1.36", "2007-06-30": "1.13", "2007-03-31": "1.28", "2006-12-31": "0.84", "2006-09-30": "1.13", "2006-06-30": "1.31", "2006-03-31": "1.19", "2005-12-31": "1.12", "2005-09-30": "1.19", "2005-06-30": "1.12", "2005-03-31": "1.02"}, "return on equity": {"2020-12-31": "8.16%", "2020-09-30": "3.43%", "2020-06-30": "3.64%", "2020-03-31": "5.19%", "2019-12-31": "3.97%", "2019-09-30": "2.70%", "2019-06-30": "3.47%", "2019-03-31": "2.57%", "2018-12-31": "3.33%", "2018-09-30": "4.48%", "2018-06-30": "3.68%", "2018-03-31": "2.30%", "2017-12-31": "1.08%", "2017-09-30": "1.23%", "2017-06-30": "1.15%", "2017-03-31": "2.61%", "2016-12-31": "2.75%", "2016-09-30": "3.44%", "2016-06-30": "4.99%", "2016-03-31": "2.99%", "2015-12-31": "3.26%", "2015-09-30": "2.76%", "2015-06-30": "1.57%", "2015-03-31": "5.06%", "2014-12-31": "6.51%", "2014-09-30": "6.39%", "2014-06-30": "6.17%", "2014-03-31": "3.16%", "2013-12-31": "1.41%", "2013-09-30": "1.18%", "2013-06-30": "0.77%", "2013-03-31": "2.09%", "2012-12-31": "2.20%", "2012-09-30": "1.99%", "2012-06-30": "2.03%", "2012-03-31": "8.46%", "2011-12-31": "9.73%", "2011-09-30": "10.27%", "2011-06-30": "12.60%", "2011-03-31": "6.16%", "2010-12-31": "5.09%", "2010-09-30": "4.98%", "2010-06-30": "2.82%", "2010-03-31": "0.40%", "2009-12-31": "0.78%", "2009-09-30": "2.50%", "2009-06-30": "3.25%", "2009-03-31": "5.95%", "2008-12-31": "7.87%", "2008-09-30": "8.69%", "2008-06-30": "10.25%", "2008-03-31": "13.30%", "2007-12-31": "14.16%", "2007-09-30": "13.81%", "2007-06-30": "17.02%", "2007-03-31": "12.53%", "2006-12-31": "10.44%", "2006-09-30": "11.46%", "2006-06-30": "7.07%", "2006-03-31": "8.95%", "2005-12-31": "9.09%"}, "return on assets": {"2020-12-31": "3.69%", "2020-09-30": "1.58%", "2020-06-30": "1.70%", "2020-03-31": "2.47%", "2019-12-31": "1.93%", "2019-09-30": "1.33%", "2019-06-30": "1.74%", "2019-03-31": "1.31%", "2018-12-31": "1.75%", "2018-09-30": "2.36%", "2018-06-30": "1.94%", "2018-03-31": "1.23%", "2017-12-31": "0.57%", "2017-09-30": "0.66%", "2017-06-30": "0.62%", "2017-03-31": "1.36%", "2016-12-31": "1.36%", "2016-09-30": "1.60%", "2016-06-30": "2.21%", "2016-03-31": "1.31%", "2015-12-31": "1.46%", "2015-09-30": "1.27%", "2015-06-30": "0.73%", "2015-03-31": "2.35%", "2014-12-31": "3.04%", "2014-09-30": "3.01%", "2014-06-30": "2.96%", "2014-03-31": "1.54%", "2013-12-31": "0.69%", "2013-09-30": "0.58%", "2013-06-30": "0.38%", "2013-03-31": "1.05%", "2012-12-31": "1.10%", "2012-09-30": "1.00%", "2012-06-30": "1.01%", "2012-03-31": "4.23%", "2011-12-31": "4.86%", "2011-09-30": "5.12%", "2011-06-30": "6.32%", "2011-03-31": "3.08%", "2010-12-31": "2.53%", "2010-09-30": "2.47%", "2010-06-30": "1.37%", "2010-03-31": "0.19%", "2009-12-31": "0.36%", "2009-09-30": "1.13%", "2009-06-30": "1.40%", "2009-03-31": "2.47%", "2008-12-31": "3.20%", "2008-09-30": "3.50%", "2008-06-30": "4.20%", "2008-03-31": "5.60%", "2007-12-31": "6.10%", "2007-09-30": "6.32%", "2007-06-30": "8.03%", "2007-03-31": "5.84%", "2006-12-31": "5.01%", "2006-09-30": "5.25%", "2006-06-30": "3.21%", "2006-03-31": "4.15%", "2005-12-31": "4.30%"}, "return on investments": {"2020-12-31": "2.38%", "2020-09-30": "2.24%", "2020-06-30": "2.79%", "2020-03-31": "3.31%", "2019-12-31": "3.20%", "2019-09-30": "3.18%", "2019-06-30": "3.15%", "2019-03-31": "3.09%", "2018-12-31": "3.05%", "2018-09-30": "3.04%", "2018-06-30": "3.00%", "2018-03-31": "2.92%", "2017-12-31": "2.94%", "2017-09-30": "2.76%", "2017-06-30": "2.80%", "2017-03-31": "2.16%", "2016-12-31": "1.99%", "2016-09-30": "2.17%", "2016-06-30": "1.98%", "2016-03-31": "2.16%", "2015-12-31": "2.30%", "2015-09-30": "2.25%", "2015-06-30": "2.50%", "2015-03-31": "3.03%", "2014-12-31": "3.12%", "2014-09-30": "3.02%", "2014-06-30": "2.95%", "2014-03-31": "2.98%", "2013-12-31": "3.08%", "2013-09-30": "2.80%", "2013-06-30": "2.86%", "2013-03-31": "2.85%", "2012-12-31": "2.75%", "2012-09-30": "3.13%", "2012-06-30": "3.08%", "2012-03-31": "2.98%", "2011-12-31": "3.39%", "2011-09-30": "3.36%", "2011-06-30": "3.98%", "2011-03-31": "3.99%", "2010-12-31": "3.39%", "2010-09-30": "3.06%", "2010-06-30": "2.25%", "2010-03-31": "1.90%", "2009-12-31": "1.50%", "2009-09-30": "0.89%", "2009-06-30": "1.16%", "2009-03-31": "1.88%", "2008-12-31": "2.37%", "2008-09-30": "3.03%", "2008-06-30": "3.05%", "2008-03-31": "2.84%", "2007-12-31": "3.45%", "2007-09-30": "3.93%", "2007-06-30": "4.23%", "2007-03-31": "4.69%", "2006-12-31": "4.08%", "2006-09-30": "4.01%", "2006-06-30": "4.13%", "2006-03-31": "3.91%", "2005-12-31": "3.98%"}, "return on tangible equity": {"2020-09-30": "3.43%", "2020-06-30": "3.64%", "2020-03-31": "5.19%", "2019-12-31": "3.97%", "2019-09-30": "2.70%", "2019-06-30": "3.47%", "2019-03-31": "2.57%", "2018-12-31": "3.33%", "2018-09-30": "4.48%", "2018-06-30": "3.68%", "2018-03-31": "2.30%", "2017-12-31": "1.08%", "2017-09-30": "1.23%", "2017-06-30": "1.15%", "2017-03-31": "2.61%", "2016-12-31": "2.75%", "2016-09-30": "3.44%", "2016-06-30": "4.99%", "2016-03-31": "2.99%", "2015-12-31": "3.26%", "2015-09-30": "2.76%", "2015-06-30": "1.57%", "2015-03-31": "5.06%", "2014-12-31": "6.51%", "2014-09-30": "6.39%", "2014-06-30": "6.17%", "2014-03-31": "3.16%", "2013-12-31": "1.41%", "2013-09-30": "1.18%", "2013-06-30": "0.77%", "2013-03-31": "2.09%", "2012-12-31": "2.20%", "2012-09-30": "1.99%", "2012-06-30": "2.03%", "2012-03-31": "8.46%", "2011-12-31": "9.73%", "2011-09-30": "10.27%", "2011-06-30": "12.60%", "2011-03-31": "6.16%", "2010-12-31": "5.09%", "2010-09-30": "4.98%", "2010-06-30": "2.82%", "2010-03-31": "0.40%", "2009-12-31": "0.78%", "2009-09-30": "2.50%", "2009-06-30": "3.25%", "2009-03-31": "5.95%", "2008-12-31": "7.87%", "2008-09-30": "8.69%", "2008-06-30": "10.25%", "2008-03-31": "13.30%", "2007-12-31": "14.16%", "2007-09-30": "13.81%", "2007-06-30": "17.02%", "2007-03-31": "12.53%", "2006-12-31": "10.44%", "2006-09-30": "11.46%", "2006-06-30": "7.07%", "2006-03-31": "8.95%", "2005-12-31": "9.09%"}, "dividend yield history": {"last payout": "$3.64", "last yield": "5.71%"}}