{"ticker": "SM", "price": {"title": "SM Energy Historical Annual Stock Price Data", "value": 11.29, "historical": {"2021": {"Average Stock Price": "8.8471", "Year Open": "6.3600", "Year High": "11.2900", "Year Low": "6.3600", "Year Close": "11.2900", "Annual % Change": "84.48%"}, "2020": {"Average Stock Price": "4.1075", "Year Open": "11.1900", "Year High": "12.3900", "Year Low": "1.0300", "Year Close": "6.1200", "Annual % Change": "-45.55%"}, "2019": {"Average Stock Price": "12.8061", "Year Open": "15.3400", "Year High": "21.1400", "Year Low": "7.2000", "Year Close": "11.2400", "Annual % Change": "-27.39%"}, "2018": {"Average Stock Price": "24.2213", "Year Open": "23.2600", "Year High": "33.4700", "Year Low": "13.4900", "Year Close": "15.4800", "Annual % Change": "-29.89%"}, "2017": {"Average Stock Price": "20.8124", "Year Open": "34.3000", "Year High": "36.0800", "Year Low": "12.7900", "Year Close": "22.0800", "Annual % Change": "-35.96%"}, "2016": {"Average Stock Price": "27.6319", "Year Open": "19.9600", "Year High": "41.2700", "Year Low": "7.6000", "Year Close": "34.4800", "Annual % Change": "75.38%"}, "2015": {"Average Stock Price": "40.6515", "Year Open": "38.3700", "Year High": "59.0100", "Year Low": "18.2200", "Year Close": "19.6600", "Annual % Change": "-49.04%"}, "2014": {"Average Stock Price": "71.5523", "Year Open": "82.5500", "Year High": "89.5800", "Year Low": "30.1700", "Year Close": "38.5800", "Annual % Change": "-53.58%"}, "2013": {"Average Stock Price": "68.4467", "Year Open": "54.6300", "Year High": "91.9800", "Year Low": "53.7700", "Year Close": "83.1100", "Annual % Change": "59.18%"}, "2012": {"Average Stock Price": "59.1920", "Year Open": "76.2900", "Year High": "83.3500", "Year Low": "41.8000", "Year Close": "52.2100", "Annual % Change": "-28.58%"}, "2011": {"Average Stock Price": "70.9799", "Year Open": "60.3200", "Year High": "86.8500", "Year Low": "56.0400", "Year Close": "73.1000", "Annual % Change": "24.05%"}, "2010": {"Average Stock Price": "41.1222", "Year Open": "36.1300", "Year High": "58.9300", "Year Low": "31.6400", "Year Close": "58.9300", "Annual % Change": "72.11%"}, "2009": {"Average Stock Price": "24.2086", "Year Open": "21.9300", "Year High": "37.2200", "Year Low": "11.5800", "Year Close": "34.2400", "Annual % Change": "68.59%"}, "2008": {"Average Stock Price": "37.7448", "Year Open": "39.3400", "Year High": "64.6400", "Year Low": "15.3100", "Year Close": "20.3100", "Annual % Change": "-47.40%"}, "2007": {"Average Stock Price": "36.9453", "Year Open": "35.0100", "Year High": "44.0700", "Year Low": "31.8000", "Year Close": "38.6100", "Annual % Change": "4.80%"}, "2006": {"Average Stock Price": "39.3196", "Year Open": "38.5600", "Year High": "45.2800", "Year Low": "34.3400", "Year Close": "36.8400", "Annual % Change": "0.08%"}, "2005": {"Average Stock Price": "29.4026", "Year Open": "20.2600", "Year High": "40.2800", "Year Low": "19.5700", "Year Close": "36.8100", "Annual % Change": "76.38%"}, "2004": {"Average Stock Price": "17.5853", "Year Open": "14.5150", "Year High": "21.4950", "Year Low": "14.0150", "Year Close": "20.8700", "Annual % Change": "46.46%"}, "2003": {"Average Stock Price": "13.1681", "Year Open": "12.8250", "Year High": "14.8450", "Year Low": "11.9150", "Year Close": "14.2500", "Annual % Change": "14.00%"}, "2002": {"Average Stock Price": "11.5096", "Year Open": "10.7400", "Year High": "13.5000", "Year Low": "9.7250", "Year Close": "12.5000", "Annual % Change": "17.98%"}, "2001": {"Average Stock Price": "11.1023", "Year Open": "15.2500", "Year High": "17.3100", "Year Low": "7.3950", "Year Close": "10.5950", "Annual % Change": "-36.39%"}, "2000": {"Average Stock Price": "9.4029", "Year Open": "5.8750", "Year High": "16.9050", "Year Low": "5.6250", "Year Close": "16.6550", "Annual % Change": "169.17%"}, "1999": {"Average Stock Price": "5.4904", "Year Open": "4.7800", "Year High": "7.4375", "Year Low": "3.7775", "Year Close": "6.1875", "Annual % Change": "33.78%"}, "1998": {"Average Stock Price": "6.4417", "Year Open": "8.7025", "Year High": "9.7650", "Year Low": "3.9225", "Year Close": "4.6250", "Annual % Change": "-47.14%"}, "1997": {"Average Stock Price": "8.2358", "Year Open": "6.3125", "Year High": "11.3450", "Year Low": "6.0625", "Year Close": "8.7500", "Annual % Change": "40.68%"}, "1996": {"Average Stock Price": "4.2558", "Year Open": "3.6550", "Year High": "6.8450", "Year Low": "3.3750", "Year Close": "6.2200", "Annual % Change": "77.71%"}, "1995": {"Average Stock Price": "3.2836", "Year Open": "3.3750", "Year High": "3.6875", "Year Low": "2.7500", "Year Close": "3.5000", "Annual % Change": "5.66%"}, "1994": {"Average Stock Price": "3.1751", "Year Open": "3.0625", "Year High": "3.5950", "Year Low": "2.7500", "Year Close": "3.3125", "Annual % Change": "8.16%"}, "1993": {"Average Stock Price": "3.5257", "Year Open": "3.0625", "Year High": "4.3750", "Year Low": "2.8125", "Year Close": "3.0625", "Annual % Change": "6.52%"}}}, "market cap": {"value": "$1.29B"}, "income statement": {"Revenue": {"2019-12-31": "1590.10500", "2018-12-31": "2067.07200", "2017-12-31": "1129.37600", "2016-12-31": "1217.45000", "2015-12-31": "1556.96500", "2014-12-31": "2522.30700", "2013-12-31": "2293.37400", "2012-12-31": "1505.10200", "2011-12-31": "1603.31800", "2010-12-31": "1092.83400", "2009-12-31": "832.20100", "2008-12-31": "1301.30100", "2007-12-31": "990.09400", "2006-12-31": "787.70100", "2005-12-31": "739.59000"}, "Cost Of Goods Sold": {"2019-12-31": "500.70900", "2018-12-31": "487.36700", "2017-12-31": "507.90600", "2016-12-31": "597.56500", "2015-12-31": "723.63300", "2014-12-31": "715.87800", "2013-12-31": "597.04500", "2012-12-31": "391.87200", "2011-12-31": "290.11100", "2010-12-31": "195.07500", "2009-12-31": "206.80000", "2008-12-31": "271.35500", "2007-12-31": "218.20800", "2006-12-31": "176.59000", "2005-12-31": "142.87300"}, "Gross Profit": {"2019-12-31": "1089.39600", "2018-12-31": "1579.70500", "2017-12-31": "621.47000", "2016-12-31": "619.88490", "2015-12-31": "833.33200", "2014-12-31": "1806.42900", "2013-12-31": "1696.32900", "2012-12-31": "1113.23000", "2011-12-31": "1313.20700", "2010-12-31": "897.75900", "2009-12-31": "625.40100", "2008-12-31": "1029.94600", "2007-12-31": "771.88600", "2006-12-31": "611.11100", "2005-12-31": "596.71700"}, "Research And Development Expenses": {"2019-12-31": "51.50000", "2018-12-31": "55.16600", "2017-12-31": "54.71300", "2016-12-31": "64.97000", "2015-12-31": "120.56900", "2014-12-31": "129.85700", "2013-12-31": "74.10400", "2012-12-31": "90.24800", "2011-12-31": "53.53700", "2010-12-31": "63.86000", "2009-12-31": "62.23500", "2008-12-31": "60.12100", "2007-12-31": "58.68600", "2006-12-31": "51.88900", "2005-12-31": "44.93100"}, "SG&A Expenses": {"2019-12-31": "132.79700", "2018-12-31": "116.50400", "2017-12-31": "117.28300", "2016-12-31": "124.82800", "2015-12-31": "157.66800", "2014-12-31": "167.10300", "2013-12-31": "149.55100", "2012-12-31": "119.81500", "2011-12-31": "118.52600", "2010-12-31": "106.66300", "2009-12-31": "76.03600", "2008-12-31": "79.50300", "2007-12-31": "60.14900", "2006-12-31": "38.87300", "2005-12-31": "32.75600"}, "Other Operating Income Or Expenses": {"2019-12-31": "-151.26900", "2018-12-31": "93.61500", "2017-12-31": "-56.15900", "2016-12-31": "-696.38600", "2015-12-31": "-212.86900", "2014-12-31": "423.87700", "2013-12-31": "-281.54700", "2012-12-31": "-195.30700", "2011-12-31": "-245.65700", "2010-12-31": "-52.32400", "2009-12-31": "-313.76400", "2008-12-31": "-395.33900", "2007-12-31": "-106.04400", "2006-12-31": "-63.56100", "2005-12-31": "-140.27800"}, "Operating Expenses": {"2019-12-31": "1660.07300", "2018-12-31": "1230.73500", "2017-12-31": "1293.09700", "2016-12-31": "2274.49400", "2015-12-31": "2135.74800", "2014-12-31": "1356.49300", "2013-12-31": "1925.11900", "2012-12-31": "1525.11900", "2011-12-31": "1218.93400", "2010-12-31": "754.06300", "2009-12-31": "963.03600", "2008-12-31": "1130.10000", "2007-12-31": "670.68300", "2006-12-31": "485.43500", "2005-12-31": "493.59600"}, "Operating Income": {"2019-12-31": "-69.96800", "2018-12-31": "836.33700", "2017-12-31": "-163.72110", "2016-12-31": "-1057.04400", "2015-12-31": "-578.78280", "2014-12-31": "1165.81400", "2013-12-31": "368.25500", "2012-12-31": "-20.01700", "2011-12-31": "384.38400", "2010-12-31": "338.77100", "2009-12-31": "-130.83500", "2008-12-31": "171.20120", "2007-12-31": "319.41100", "2006-12-31": "302.26600", "2005-12-31": "245.99400"}, "Total Non-Operating Income/Expense": {"2019-12-31": "-161.07600", "2018-12-31": "-184.56000", "2017-12-31": "-180.09200", "2016-12-31": "-144.87200", "2015-12-31": "-144.07800", "2014-12-31": "-101.11500", "2013-12-31": "-89.64400", "2012-12-31": "-63.50000", "2011-12-31": "-45.38300", "2010-12-31": "-23.87500", "2009-12-31": "-28.62900", "2008-12-31": "-26.46500", "2007-12-31": "-23.30000", "2006-12-31": "-6.94500", "2005-12-31": "-7.75700"}, "Pre-Tax Income": {"2019-12-31": "-231.04400", "2018-12-31": "651.77700", "2017-12-31": "-343.81300", "2016-12-31": "-1201.91600", "2015-12-31": "-722.86100", "2014-12-31": "1064.69900", "2013-12-31": "278.61100", "2012-12-31": "-83.51700", "2011-12-31": "339.00100", "2010-12-31": "314.89600", "2009-12-31": "-159.46400", "2008-12-31": "144.73600", "2007-12-31": "296.11100", "2006-12-31": "295.32100", "2005-12-31": "238.23700"}, "Income Taxes": {"2019-12-31": "-44.04300", "2018-12-31": "143.37000", "2017-12-31": "-182.97000", "2016-12-31": "-444.17200", "2015-12-31": "-275.15100", "2014-12-31": "398.64800", "2013-12-31": "107.67600", "2012-12-31": "-29.26800", "2011-12-31": "123.58500", "2010-12-31": "118.05900", "2009-12-31": "-60.09400", "2008-12-31": "57.38800", "2007-12-31": "109.01300", "2006-12-31": "105.30600", "2005-12-31": "86.30100"}, "Income After Taxes": {"2019-12-31": "-187.00100", "2018-12-31": "508.40700", "2017-12-31": "-160.84300", "2016-12-31": "-757.74400", "2015-12-31": "-447.71000", "2014-12-31": "666.05100", "2013-12-31": "170.93500", "2012-12-31": "-54.24900", "2011-12-31": "215.41600", "2010-12-31": "196.83700", "2009-12-31": "-99.37000", "2008-12-31": "87.34800", "2007-12-31": "187.09800", "2006-12-31": "190.01500", "2005-12-31": "151.93600"}, "Other Income": {"2019-12-31": "", "2018-12-31": "", "2017-12-31": "", "2016-12-31": "", "2015-12-31": "", "2014-12-31": "", "2013-12-31": "", "2012-12-31": "", "2011-12-31": "", "2010-12-31": "", "2009-12-31": "", "2008-12-31": "", "2007-12-31": "", "2006-12-31": "", "2005-12-31": ""}, "Income From Continuous Operations": {"2019-12-31": "-187.00100", "2018-12-31": "508.40700", "2017-12-31": "-160.84300", "2016-12-31": "-757.74400", "2015-12-31": "-447.71000", "2014-12-31": "666.05100", "2013-12-31": "170.93500", "2012-12-31": "-54.24900", "2011-12-31": "215.41600", "2010-12-31": "196.83700", "2009-12-31": "-99.37000", "2008-12-31": "87.34800", "2007-12-31": "187.09800", "2006-12-31": "190.01500", "2005-12-31": "151.93600"}, "Income From Discontinued Operations": {"2019-12-31": "", "2018-12-31": "", "2017-12-31": "", "2016-12-31": "", "2015-12-31": "", "2014-12-31": "", "2013-12-31": "", "2012-12-31": "", "2011-12-31": "", "2010-12-31": "", "2009-12-31": "", "2008-12-31": "", "2007-12-31": "", "2006-12-31": "", "2005-12-31": ""}, "Net Income": {"2019-12-31": "-187.00100", "2018-12-31": "508.40700", "2017-12-31": "-160.84300", "2016-12-31": "-757.74400", "2015-12-31": "-447.71000", "2014-12-31": "666.05100", "2013-12-31": "170.93500", "2012-12-31": "-54.24900", "2011-12-31": "215.41600", "2010-12-31": "196.83700", "2009-12-31": "-99.37000", "2008-12-31": "87.34800", "2007-12-31": "187.09800", "2006-12-31": "190.01500", "2005-12-31": "151.93600"}, "EBITDA": {"2019-12-31": "769.30400", "2018-12-31": "1516.90800", "2017-12-31": "409.59090", "2016-12-31": "-256.36120", "2015-12-31": "349.93620", "2014-12-31": "1939.49200", "2013-12-31": "1196.51700", "2012-12-31": "714.62900", "2011-12-31": "913.78600", "2010-12-31": "688.37600", "2009-12-31": "185.57900", "2008-12-31": "504.32710", "2007-12-31": "552.42000", "2006-12-31": "456.78800", "2005-12-31": "378.75200"}, "EBIT": {"2019-12-31": "-69.96800", "2018-12-31": "836.33700", "2017-12-31": "-163.72110", "2016-12-31": "-1057.04400", "2015-12-31": "-578.78280", "2014-12-31": "1165.81400", "2013-12-31": "368.25500", "2012-12-31": "-20.01700", "2011-12-31": "384.38400", "2010-12-31": "338.77100", "2009-12-31": "-130.83500", "2008-12-31": "171.20120", "2007-12-31": "319.41100", "2006-12-31": "302.26600", "2005-12-31": "245.99400"}, "Basic Shares Outstanding": {"2019-12-31": "112.54400", "2018-12-31": "111.91200", "2017-12-31": "111.42800", "2016-12-31": "76.56800", "2015-12-31": "67.72300", "2014-12-31": "67.23000", "2013-12-31": "66.61500", "2012-12-31": "65.13800", "2011-12-31": "63.75500", "2010-12-31": "62.96900", "2009-12-31": "62.45700", "2008-12-31": "62.24300", "2007-12-31": "61.85200", "2006-12-31": "56.29100", "2005-12-31": "56.90700"}, "Shares Outstanding": {"2019-12-31": "112.54400", "2018-12-31": "113.50200", "2017-12-31": "111.42800", "2016-12-31": "76.56800", "2015-12-31": "67.72300", "2014-12-31": "68.04400", "2013-12-31": "67.99800", "2012-12-31": "65.13800", "2011-12-31": "67.56400", "2010-12-31": "64.68900", "2009-12-31": "62.45700", "2008-12-31": "63.13300", "2007-12-31": "64.85000", "2006-12-31": "65.96200", "2005-12-31": "66.89400"}, "Basic EPS": {"2019-12-31": "-1.66000", "2018-12-31": "4.54000", "2017-12-31": "-1.44000", "2016-12-31": "-9.90000", "2015-12-31": "-6.61000", "2014-12-31": "9.91000", "2013-12-31": "2.57000", "2012-12-31": "-0.83000", "2011-12-31": "3.38000", "2010-12-31": "3.13000", "2009-12-31": "-1.59000", "2008-12-31": "1.40000", "2007-12-31": "3.02000", "2006-12-31": "3.38000", "2005-12-31": "2.67000"}, "EPS - Earnings Per Share": {"2019-12-31": "-1.66000", "2018-12-31": "4.48000", "2017-12-31": "-1.44000", "2016-12-31": "-9.90000", "2015-12-31": "-6.61000", "2014-12-31": "9.79000", "2013-12-31": "2.51000", "2012-12-31": "-0.83000", "2011-12-31": "3.19000", "2010-12-31": "3.04000", "2009-12-31": "-1.59000", "2008-12-31": "1.38000", "2007-12-31": "2.90000", "2006-12-31": "2.94000", "2005-12-31": "2.33000"}}, "income statement, quarterly": {"Revenue": {"2020-09-30": "281.01500", "2020-06-30": "169.63200", "2020-03-31": "355.73400", "2019-12-31": "451.68600", "2019-09-30": "390.31700", "2019-06-30": "407.17200", "2019-03-31": "340.93000", "2018-12-31": "394.19200", "2018-09-30": "459.36900", "2018-06-30": "443.91600", "2018-03-31": "769.59500", "2017-12-31": "340.53790", "2017-09-30": "295.37900", "2017-06-30": "120.72100", "2017-03-31": "372.73800", "2016-12-31": "379.90000", "2016-09-30": "352.66000", "2016-06-30": "341.81400", "2016-03-31": "143.07600", "2015-12-31": "303.73400", "2015-09-30": "371.15100", "2015-06-30": "516.14600", "2015-03-31": "365.93400", "2014-12-31": "595.82090", "2014-09-30": "618.78600", "2014-06-30": "674.98000", "2014-03-31": "632.72000", "2013-12-31": "636.72710", "2013-09-30": "613.10700", "2013-06-30": "559.36000", "2013-03-31": "484.18000", "2012-12-31": "444.30810", "2012-09-30": "378.95100", "2012-06-30": "304.42000", "2012-03-31": "377.42300", "2011-12-31": "379.54200", "2011-09-30": "530.57400", "2011-06-30": "377.87300", "2011-03-31": "315.32900", "2010-12-31": "294.11790", "2010-09-30": "226.88400", "2010-06-30": "211.69700", "2010-03-31": "360.13500", "2009-12-31": "241.99600", "2009-09-30": "185.78700", "2009-06-30": "205.19800", "2009-03-31": "199.22000", "2008-12-31": "258.16900", "2008-09-30": "324.08800", "2008-06-30": "356.94200", "2008-03-31": "362.10200", "2007-12-31": "275.24700", "2007-09-30": "246.68700", "2007-06-30": "247.15400", "2007-03-31": "221.00600", "2006-12-31": "202.69200", "2006-09-30": "198.04000", "2006-06-30": "193.38100", "2006-03-31": "193.58800", "2005-12-31": "227.89400", "2005-09-30": "203.30400", "2005-06-30": "164.57400", "2005-03-31": "143.81800"}, "Cost Of Goods Sold": {"2020-09-30": "95.25700", "2020-06-30": "80.44500", "2020-03-31": "119.55200", "2019-12-31": "127.31200", "2019-09-30": "129.04200", "2019-06-30": "123.05000", "2019-03-31": "121.30500", "2018-12-31": "121.45000", "2018-09-30": "127.63800", "2018-06-30": "117.40000", "2018-03-31": "120.87900", "2017-12-31": "122.83300", "2017-09-30": "122.65100", "2017-06-30": "124.37600", "2017-03-31": "138.04600", "2016-12-31": "151.90700", "2016-09-30": "152.52400", "2016-06-30": "148.59100", "2016-03-31": "144.54300", "2015-12-31": "169.22900", "2015-09-30": "184.56800", "2015-06-30": "173.68500", "2015-03-31": "196.15100", "2014-12-31": "196.18100", "2014-09-30": "178.39000", "2014-06-30": "177.59800", "2014-03-31": "163.70900", "2013-12-31": "162.75400", "2013-09-30": "158.92100", "2013-06-30": "149.73700", "2013-03-31": "125.63300", "2012-12-31": "111.15900", "2012-09-30": "102.44700", "2012-06-30": "91.13400", "2012-03-31": "87.13200", "2011-12-31": "93.20400", "2011-09-30": "77.75300", "2011-06-30": "53.34200", "2011-03-31": "65.81200", "2010-12-31": "56.96100", "2010-09-30": "44.60600", "2010-06-30": "45.16800", "2010-03-31": "48.34000", "2009-12-31": "52.87200", "2009-09-30": "48.63400", "2009-06-30": "49.46500", "2009-03-31": "55.82900", "2008-12-31": "65.53000", "2008-09-30": "72.72400", "2008-06-30": "73.62500", "2008-03-31": "59.47600", "2007-12-31": "60.59000", "2007-09-30": "54.97000", "2007-06-30": "50.32800", "2007-03-31": "52.32000", "2006-12-31": "47.10000", "2006-09-30": "44.99800", "2006-06-30": "43.27800", "2006-03-31": "41.21400", "2005-12-31": "42.45500", "2005-09-30": "38.07100", "2005-06-30": "30.18800", "2005-03-31": "32.15900"}, "Gross Profit": {"2020-09-30": "185.75800", "2020-06-30": "89.18700", "2020-03-31": "236.18200", "2019-12-31": "324.37400", "2019-09-30": "261.27500", "2019-06-30": "284.12200", "2019-03-31": "219.62500", "2018-12-31": "272.74200", "2018-09-30": "331.73100", "2018-06-30": "326.51600", "2018-03-31": "648.71590", "2017-12-31": "217.70490", "2017-09-30": "172.72800", "2017-06-30": "-3.65500", "2017-03-31": "234.69200", "2016-12-31": "227.99300", "2016-09-30": "200.13600", "2016-06-30": "193.22300", "2016-03-31": "-1.46700", "2015-12-31": "134.50500", "2015-09-30": "186.58300", "2015-06-30": "342.46100", "2015-03-31": "169.78300", "2014-12-31": "399.64000", "2014-09-30": "440.39600", "2014-06-30": "497.38200", "2014-03-31": "469.01100", "2013-12-31": "473.97310", "2013-09-30": "454.18600", "2013-06-30": "409.62300", "2013-03-31": "358.54700", "2012-12-31": "333.14900", "2012-09-30": "276.50400", "2012-06-30": "213.28600", "2012-03-31": "290.29100", "2011-12-31": "286.33800", "2011-09-30": "452.82100", "2011-06-30": "324.53100", "2011-03-31": "249.51700", "2010-12-31": "237.15690", "2010-09-30": "182.27800", "2010-06-30": "166.52900", "2010-03-31": "311.79500", "2009-12-31": "189.12400", "2009-09-30": "137.15300", "2009-06-30": "155.73300", "2009-03-31": "143.39100", "2008-12-31": "192.63900", "2008-09-30": "251.36400", "2008-06-30": "283.31700", "2008-03-31": "302.62600", "2007-12-31": "214.65700", "2007-09-30": "191.71700", "2007-06-30": "196.82600", "2007-03-31": "168.68600", "2006-12-31": "155.59200", "2006-09-30": "153.04200", "2006-06-30": "150.10300", "2006-03-31": "152.37400", "2005-12-31": "185.43900", "2005-09-30": "165.23300", "2005-06-30": "134.38600", "2005-03-31": "111.65900"}, "Research And Development Expenses": {"2020-09-30": "8.54700", "2020-06-30": "9.78700", "2020-03-31": "11.34900", "2019-12-31": "17.64900", "2019-09-30": "11.62600", "2019-06-30": "10.87700", "2019-03-31": "11.34800", "2018-12-31": "14.32200", "2018-09-30": "13.06100", "2018-06-30": "14.05600", "2018-03-31": "13.72700", "2017-12-31": "15.79400", "2017-09-30": "14.11900", "2017-06-30": "12.98300", "2017-03-31": "11.81700", "2016-12-31": "23.02800", "2016-09-30": "13.48200", "2016-06-30": "13.18700", "2016-03-31": "15.27300", "2015-12-31": "37.94200", "2015-09-30": "19.67900", "2015-06-30": "25.54100", "2015-03-31": "37.40700", "2014-12-31": "49.69600", "2014-09-30": "34.55600", "2014-06-30": "24.27000", "2014-03-31": "21.33500", "2013-12-31": "21.76900", "2013-09-30": "16.28000", "2013-06-30": "20.65700", "2013-03-31": "15.39800", "2012-12-31": "24.21700", "2012-09-30": "25.41700", "2012-06-30": "22.00700", "2012-03-31": "18.60700", "2011-12-31": "19.95000", "2011-09-30": "11.27200", "2011-06-30": "9.60300", "2011-03-31": "12.71200", "2010-12-31": "21.02700", "2010-09-30": "14.43700", "2010-06-30": "14.49800", "2010-03-31": "13.89800", "2009-12-31": "13.41400", "2009-09-30": "15.73300", "2009-06-30": "19.49000", "2009-03-31": "13.59800", "2008-12-31": "17.74300", "2008-09-30": "10.66900", "2008-06-30": "17.40100", "2008-03-31": "14.30800", "2007-12-31": "16.03100", "2007-09-30": "12.56200", "2007-06-30": "11.07400", "2007-03-31": "19.01900", "2006-12-31": "16.01700", "2006-09-30": "9.76600", "2006-06-30": "15.31900", "2006-03-31": "10.78700", "2005-12-31": "17.45700", "2005-09-30": "10.69200", "2005-06-30": "9.69900", "2005-03-31": "7.08300"}, "SG&A Expenses": {"2020-09-30": "24.45200", "2020-06-30": "27.22700", "2020-03-31": "27.44700", "2019-12-31": "37.21300", "2019-09-30": "32.57800", "2019-06-30": "30.92000", "2019-03-31": "32.08600", "2018-12-31": "30.43800", "2018-09-30": "29.46400", "2018-06-30": "28.92000", "2018-03-31": "27.68200", "2017-12-31": "32.66500", "2017-09-30": "27.56400", "2017-06-30": "28.23700", "2017-03-31": "28.81700", "2016-12-31": "31.71100", "2016-09-30": "32.67900", "2016-06-30": "28.20000", "2016-03-31": "32.23800", "2015-12-31": "33.64200", "2015-09-30": "37.78200", "2015-06-30": "42.60500", "2015-03-31": "43.63900", "2014-12-31": "52.24100", "2014-09-30": "41.69600", "2014-06-30": "38.11500", "2014-03-31": "35.05100", "2013-12-31": "47.97700", "2013-09-30": "33.92000", "2013-06-30": "35.37400", "2013-03-31": "32.28000", "2012-12-31": "28.37200", "2012-09-30": "32.17100", "2012-06-30": "31.13000", "2012-03-31": "28.14200", "2011-12-31": "35.56800", "2011-09-30": "29.78700", "2011-06-30": "27.31000", "2011-03-31": "25.86100", "2010-12-31": "31.56000", "2010-09-30": "26.21900", "2010-06-30": "25.39800", "2010-03-31": "23.48600", "2009-12-31": "20.68700", "2009-09-30": "20.79000", "2009-06-30": "18.16000", "2009-03-31": "16.39900", "2008-12-31": "12.36300", "2008-09-30": "24.14500", "2008-06-30": "21.86700", "2008-03-31": "21.12800", "2007-12-31": "15.18700", "2007-09-30": "15.80500", "2007-06-30": "16.26600", "2007-03-31": "12.89100", "2006-12-31": "7.93300", "2006-09-30": "9.72500", "2006-06-30": "10.42900", "2006-03-31": "10.78600", "2005-12-31": "9.51700", "2005-09-30": "9.77200", "2005-06-30": "7.48100", "2005-03-31": "5.98600"}, "Other Operating Income Or Expenses": {"2020-09-30": "-74.18300", "2020-06-30": "-175.24600", "2020-03-31": "-444.98900", "2019-12-31": "-141.63500", "2019-09-30": "93.53100", "2019-06-30": "80.58900", "2019-03-31": "-183.75400", "2018-12-31": "383.75300", "2018-09-30": "-196.74500", "2018-06-30": "-75.62700", "2018-03-31": "-17.76600", "2017-12-31": "-135.25700", "2017-09-30": "-81.59800", "2017-06-30": "50.78100", "2017-03-31": "109.91500", "2016-12-31": "-283.81800", "2016-09-30": "22.33700", "2016-06-30": "-171.36500", "2016-03-31": "-263.54000", "2015-12-31": "-328.46900", "2015-09-30": "146.86100", "2015-06-30": "-105.49000", "2015-03-31": "74.22900", "2014-12-31": "480.05900", "2014-09-30": "176.09400", "2014-06-30": "-125.50000", "2014-03-31": "-106.77600", "2013-12-31": "-161.29800", "2013-09-30": "-70.71000", "2013-06-30": "16.42300", "2013-03-31": "-65.96200", "2012-12-31": "-162.09000", "2012-09-30": "-69.32000", "2012-06-30": "53.85000", "2012-03-31": "-17.74700", "2011-12-31": "-243.66100", "2011-09-30": "84.09300", "2011-06-30": "39.47100", "2011-03-31": "-125.56000", "2010-12-31": "-26.58500", "2010-09-30": "-26.77000", "2010-06-30": "-10.07400", "2010-03-31": "11.10500", "2009-12-31": "-69.84900", "2009-09-30": "-33.21500", "2009-06-30": "-53.55300", "2009-03-31": "-157.14700", "2008-12-31": "-246.53700", "2008-09-30": "0.13800", "2008-06-30": "-109.44400", "2008-03-31": "-39.49600", "2007-12-31": "-61.95500", "2007-09-30": "-8.93800", "2007-06-30": "-16.84600", "2007-03-31": "-18.30500", "2006-12-31": "-17.96500", "2006-09-30": "-6.51200", "2006-06-30": "-23.36000", "2006-03-31": "-15.72400", "2005-12-31": "-45.64000", "2005-09-30": "-63.23400", "2005-06-30": "-20.54500", "2005-03-31": "-10.85900"}, "Operating Expenses": {"2020-09-30": "384.14700", "2020-06-30": "482.31100", "2020-03-31": "836.82600", "2019-12-31": "539.98900", "2019-09-30": "290.84000", "2019-06-30": "303.00500", "2019-03-31": "526.23900", "2018-12-31": "-35.57290", "2018-09-30": "568.01290", "2018-06-30": "387.76800", "2018-03-31": "310.52700", "2017-12-31": "437.94210", "2017-09-30": "380.53100", "2017-06-30": "268.04700", "2017-03-31": "206.57700", "2016-12-31": "662.01610", "2016-09-30": "370.31400", "2016-06-30": "572.36300", "2016-03-31": "669.80100", "2015-12-31": "809.30680", "2015-09-30": "339.04700", "2015-06-30": "567.02500", "2015-03-31": "420.36900", "2014-12-31": "37.33590", "2014-09-30": "261.80700", "2014-06-30": "553.26400", "2014-03-31": "504.08600", "2013-12-31": "596.43800", "2013-09-30": "475.62300", "2013-06-30": "415.07600", "2013-03-31": "437.98200", "2012-12-31": "530.10500", "2012-09-30": "421.78700", "2012-06-30": "252.02900", "2012-03-31": "321.19800", "2011-12-31": "559.68090", "2011-09-30": "157.78600", "2011-06-30": "166.16600", "2011-03-31": "335.30100", "2010-12-31": "230.93890", "2010-09-30": "195.83200", "2010-06-30": "174.90800", "2010-03-31": "152.38400", "2009-12-31": "231.96210", "2009-09-30": "185.33000", "2009-06-30": "211.05900", "2009-03-31": "334.68500", "2008-12-31": "446.88480", "2008-09-30": "179.76200", "2008-06-30": "298.69100", "2008-03-31": "204.76200", "2007-12-31": "218.68200", "2007-09-30": "151.33600", "2007-06-30": "149.17100", "2007-03-31": "151.49400", "2006-12-31": "133.41900", "2006-09-30": "110.81800", "2006-06-30": "128.29600", "2006-03-31": "112.90200", "2005-12-31": "146.89400", "2005-09-30": "158.72100", "2005-06-30": "101.82000", "2005-03-31": "86.16100"}, "Operating Income": {"2020-09-30": "-103.13200", "2020-06-30": "-312.67900", "2020-03-31": "-481.09200", "2019-12-31": "-88.30300", "2019-09-30": "99.47700", "2019-06-30": "104.16700", "2019-03-31": "-185.30900", "2018-12-31": "429.76500", "2018-09-30": "-108.64400", "2018-06-30": "56.14800", "2018-03-31": "459.06800", "2017-12-31": "-97.40410", "2017-09-30": "-85.15200", "2017-06-30": "-147.32600", "2017-03-31": "166.16100", "2016-12-31": "-282.11610", "2016-09-30": "-17.65400", "2016-06-30": "-230.54900", "2016-03-31": "-526.72500", "2015-12-31": "-505.57280", "2015-09-30": "32.10400", "2015-06-30": "-50.87900", "2015-03-31": "-54.43500", "2014-12-31": "558.48500", "2014-09-30": "356.97900", "2014-06-30": "121.71590", "2014-03-31": "128.63400", "2013-12-31": "40.28910", "2013-09-30": "137.48400", "2013-06-30": "144.28400", "2013-03-31": "46.19800", "2012-12-31": "-85.79690", "2012-09-30": "-42.83600", "2012-06-30": "52.39100", "2012-03-31": "56.22500", "2011-12-31": "-180.13890", "2011-09-30": "372.78800", "2011-06-30": "211.70700", "2011-03-31": "-19.97200", "2010-12-31": "63.17900", "2010-09-30": "31.05200", "2010-06-30": "36.78900", "2010-03-31": "207.75100", "2009-12-31": "10.03390", "2009-09-30": "0.45700", "2009-06-30": "-5.86100", "2009-03-31": "-135.46500", "2008-12-31": "-188.71580", "2008-09-30": "144.32600", "2008-06-30": "58.25100", "2008-03-31": "157.34000", "2007-12-31": "56.56500", "2007-09-30": "95.35100", "2007-06-30": "97.98300", "2007-03-31": "69.51200", "2006-12-31": "69.27300", "2006-09-30": "87.22200", "2006-06-30": "65.08500", "2006-03-31": "80.68600", "2005-12-31": "81.00000", "2005-09-30": "44.58300", "2005-06-30": "62.75400", "2005-03-31": "57.65700"}, "Total Non-Operating Income/Expense": {"2020-09-30": "-18.12900", "2020-06-30": "186.74200", "2020-03-31": "-29.81100", "2019-12-31": "-41.45800", "2019-09-30": "-41.13200", "2019-06-30": "-40.18900", "2019-03-31": "-38.29700", "2018-12-31": "-38.00500", "2018-09-30": "-64.02700", "2018-06-30": "-39.85200", "2018-03-31": "-42.67600", "2017-12-31": "-45.99900", "2017-09-30": "-43.23000", "2017-06-30": "-43.64200", "2017-03-31": "-47.22100", "2016-12-31": "-48.49700", "2016-09-30": "-46.98500", "2016-06-30": "-34.03000", "2016-03-31": "-15.36000", "2015-12-31": "-31.54000", "2015-09-30": "-33.13000", "2015-06-30": "-47.33200", "2015-03-31": "-32.07600", "2014-12-31": "-27.77100", "2014-09-30": "-23.29300", "2014-06-30": "-25.88700", "2014-03-31": "-24.16400", "2013-12-31": "-24.53800", "2013-09-30": "-24.46000", "2013-06-30": "-21.55700", "2013-03-31": "-19.08900", "2012-12-31": "-18.34900", "2012-09-30": "-18.23600", "2012-06-30": "-12.70700", "2012-03-31": "-14.20800", "2011-12-31": "-12.12900", "2011-09-30": "-9.34500", "2011-06-30": "-14.32300", "2011-03-31": "-9.58600", "2010-12-31": "-4.67400", "2010-09-30": "-6.25400", "2010-06-30": "-6.28900", "2010-03-31": "-6.65800", "2009-12-31": "-7.52200", "2009-09-30": "-7.47500", "2009-06-30": "-7.55800", "2009-03-31": "-6.07400", "2008-12-31": "-5.99800", "2008-09-30": "-6.78700", "2008-06-30": "-7.18400", "2008-03-31": "-6.49600", "2007-12-31": "-10.02700", "2007-09-30": "-3.72700", "2007-06-30": "-3.59600", "2007-03-31": "-5.95000", "2006-12-31": "-3.30100", "2006-09-30": "-2.08000", "2006-06-30": "-1.00900", "2006-03-31": "-0.55500", "2005-12-31": "-1.45800", "2005-09-30": "-2.26100", "2005-06-30": "-2.17600", "2005-03-31": "-1.86200"}, "Pre-Tax Income": {"2020-09-30": "-121.26100", "2020-06-30": "-125.93700", "2020-03-31": "-510.90300", "2019-12-31": "-129.76100", "2019-09-30": "58.34500", "2019-06-30": "63.97800", "2019-03-31": "-223.60600", "2018-12-31": "391.76000", "2018-09-30": "-172.67100", "2018-06-30": "16.29600", "2018-03-31": "416.39200", "2017-12-31": "-143.40300", "2017-09-30": "-128.38200", "2017-06-30": "-190.96800", "2017-03-31": "118.94000", "2016-12-31": "-330.61300", "2016-09-30": "-64.63900", "2016-06-30": "-264.57900", "2016-03-31": "-542.08500", "2015-12-31": "-537.11300", "2015-09-30": "-1.02600", "2015-06-30": "-98.21100", "2015-03-31": "-86.51100", "2014-12-31": "530.71400", "2014-09-30": "333.68600", "2014-06-30": "95.82900", "2014-03-31": "104.47000", "2013-12-31": "15.75100", "2013-09-30": "113.02400", "2013-06-30": "122.72700", "2013-03-31": "27.10900", "2012-12-31": "-104.14600", "2012-09-30": "-61.07200", "2012-06-30": "39.68400", "2012-03-31": "42.01700", "2011-12-31": "-192.26800", "2011-09-30": "363.44300", "2011-06-30": "197.38400", "2011-03-31": "-29.55800", "2010-12-31": "58.50500", "2010-09-30": "24.79800", "2010-06-30": "30.50000", "2010-03-31": "201.09300", "2009-12-31": "2.51200", "2009-09-30": "-7.01800", "2009-06-30": "-13.41900", "2009-03-31": "-141.53900", "2008-12-31": "-194.71400", "2008-09-30": "137.53900", "2008-06-30": "51.06700", "2008-03-31": "150.84400", "2007-12-31": "46.53800", "2007-09-30": "91.62400", "2007-06-30": "94.38700", "2007-03-31": "63.56200", "2006-12-31": "65.97200", "2006-09-30": "85.14200", "2006-06-30": "64.07600", "2006-03-31": "80.13100", "2005-12-31": "79.54200", "2005-09-30": "42.32200", "2005-06-30": "60.57800", "2005-03-31": "55.79500"}, "Income Taxes": {"2020-09-30": "-22.96900", "2020-06-30": "-36.68500", "2020-03-31": "-99.00800", "2019-12-31": "-27.70600", "2019-09-30": "16.11100", "2019-06-30": "13.59000", "2019-03-31": "-46.03800", "2018-12-31": "82.02800", "2018-09-30": "-36.74800", "2018-06-30": "-0.90100", "2018-03-31": "98.99100", "2017-12-31": "-117.14500", "2017-09-30": "-39.27000", "2017-06-30": "-71.06100", "2017-03-31": "44.50600", "2016-12-31": "-129.66700", "2016-09-30": "-23.73200", "2016-06-30": "-95.89800", "2016-03-31": "-194.87500", "2015-12-31": "-196.85500", "2015-09-30": "-4.14000", "2015-06-30": "-40.70300", "2015-03-31": "-33.45300", "2014-12-31": "198.98800", "2014-09-30": "124.74800", "2014-06-30": "36.04900", "2014-03-31": "38.86300", "2013-12-31": "8.75500", "2013-09-30": "42.33400", "2013-06-30": "46.20500", "2013-03-31": "10.38200", "2012-12-31": "-37.00800", "2012-09-30": "-22.73600", "2012-06-30": "14.79500", "2012-03-31": "15.68100", "2011-12-31": "-71.55700", "2011-09-30": "133.34600", "2011-06-30": "72.85100", "2011-03-31": "-11.05500", "2010-12-31": "21.36600", "2010-09-30": "9.34600", "2010-06-30": "12.43200", "2010-03-31": "74.91500", "2009-12-31": "1.52200", "2009-09-30": "-2.60300", "2009-06-30": "-5.09700", "2009-03-31": "-53.91600", "2008-12-31": "-67.62200", "2008-09-30": "50.54200", "2008-06-30": "18.59800", "2008-03-31": "55.87000", "2007-12-31": "16.27800", "2007-09-30": "33.97100", "2007-06-30": "35.15200", "2007-03-31": "23.61200", "2006-12-31": "22.44000", "2006-09-30": "29.26500", "2006-06-30": "23.99600", "2006-03-31": "29.60500", "2005-12-31": "28.30400", "2005-09-30": "14.98800", "2005-06-30": "22.31700", "2005-03-31": "20.69200"}, "Income After Taxes": {"2020-09-30": "-98.29200", "2020-06-30": "-89.25200", "2020-03-31": "-411.89500", "2019-12-31": "-102.05500", "2019-09-30": "42.23400", "2019-06-30": "50.38800", "2019-03-31": "-177.56800", "2018-12-31": "309.73190", "2018-09-30": "-135.92300", "2018-06-30": "17.19700", "2018-03-31": "317.40100", "2017-12-31": "-26.25800", "2017-09-30": "-89.11200", "2017-06-30": "-119.90700", "2017-03-31": "74.43400", "2016-12-31": "-200.94600", "2016-09-30": "-40.90700", "2016-06-30": "-168.68100", "2016-03-31": "-347.21000", "2015-12-31": "-340.25800", "2015-09-30": "3.11400", "2015-06-30": "-57.50800", "2015-03-31": "-53.05800", "2014-12-31": "331.72600", "2014-09-30": "208.93800", "2014-06-30": "59.78000", "2014-03-31": "65.60700", "2013-12-31": "6.99600", "2013-09-30": "70.69000", "2013-06-30": "76.52200", "2013-03-31": "16.72700", "2012-12-31": "-67.13800", "2012-09-30": "-38.33600", "2012-06-30": "24.88900", "2012-03-31": "26.33600", "2011-12-31": "-120.71100", "2011-09-30": "230.09700", "2011-06-30": "124.53300", "2011-03-31": "-18.50300", "2010-12-31": "37.13900", "2010-09-30": "15.45200", "2010-06-30": "18.06800", "2010-03-31": "126.17800", "2009-12-31": "0.99000", "2009-09-30": "-4.41500", "2009-06-30": "-8.32200", "2009-03-31": "-87.62300", "2008-12-31": "-127.09200", "2008-09-30": "86.99700", "2008-06-30": "32.46900", "2008-03-31": "94.97400", "2007-12-31": "30.26000", "2007-09-30": "57.65300", "2007-06-30": "59.23500", "2007-03-31": "39.95000", "2006-12-31": "43.53200", "2006-09-30": "55.87700", "2006-06-30": "40.08000", "2006-03-31": "50.52600", "2005-12-31": "51.23800", "2005-09-30": "27.33400", "2005-06-30": "38.26100", "2005-03-31": "35.10300"}, "Other Income": {"2020-09-30": "", "2020-06-30": "", "2020-03-31": "", "2019-12-31": "", "2019-09-30": "", "2019-06-30": "", "2019-03-31": "", "2018-12-31": "", "2018-09-30": "", "2018-06-30": "", "2018-03-31": "", "2017-12-31": "", "2017-09-30": "", "2017-06-30": "", "2017-03-31": "", "2016-12-31": "", "2016-09-30": "", "2016-06-30": "", "2016-03-31": "", "2015-12-31": "", "2015-09-30": "", "2015-06-30": "", "2015-03-31": "", "2014-12-31": "", "2014-09-30": "", "2014-06-30": "", "2014-03-31": "", "2013-12-31": "", "2013-09-30": "", "2013-06-30": "", "2013-03-31": "", "2012-12-31": "", "2012-09-30": "", "2012-06-30": "", "2012-03-31": "", "2011-12-31": "", "2011-09-30": "", "2011-06-30": "", "2011-03-31": "", "2010-12-31": "", "2010-09-30": "", "2010-06-30": "", "2010-03-31": "", "2009-12-31": "", "2009-09-30": "", "2009-06-30": "", "2009-03-31": "", "2008-12-31": "", "2008-09-30": "", "2008-06-30": "", "2008-03-31": "", "2007-12-31": "", "2007-09-30": "", "2007-06-30": "", "2007-03-31": "", "2006-12-31": "", "2006-09-30": "", "2006-06-30": "", "2006-03-31": "", "2005-12-31": "", "2005-09-30": "", "2005-06-30": "", "2005-03-31": ""}, "Income From Continuous Operations": {"2020-09-30": "-98.29200", "2020-06-30": "-89.25200", "2020-03-31": "-411.89500", "2019-12-31": "-102.05500", "2019-09-30": "42.23400", "2019-06-30": "50.38800", "2019-03-31": "-177.56800", "2018-12-31": "309.73190", "2018-09-30": "-135.92300", "2018-06-30": "17.19700", "2018-03-31": "317.40100", "2017-12-31": "-26.25800", "2017-09-30": "-89.11200", "2017-06-30": "-119.90700", "2017-03-31": "74.43400", "2016-12-31": "-200.94600", "2016-09-30": "-40.90700", "2016-06-30": "-168.68100", "2016-03-31": "-347.21000", "2015-12-31": "-340.25800", "2015-09-30": "3.11400", "2015-06-30": "-57.50800", "2015-03-31": "-53.05800", "2014-12-31": "331.72600", "2014-09-30": "208.93800", "2014-06-30": "59.78000", "2014-03-31": "65.60700", "2013-12-31": "6.99600", "2013-09-30": "70.69000", "2013-06-30": "76.52200", "2013-03-31": "16.72700", "2012-12-31": "-67.13800", "2012-09-30": "-38.33600", "2012-06-30": "24.88900", "2012-03-31": "26.33600", "2011-12-31": "-120.71100", "2011-09-30": "230.09700", "2011-06-30": "124.53300", "2011-03-31": "-18.50300", "2010-12-31": "37.13900", "2010-09-30": "15.45200", "2010-06-30": "18.06800", "2010-03-31": "126.17800", "2009-12-31": "0.99000", "2009-09-30": "-4.41500", "2009-06-30": "-8.32200", "2009-03-31": "-87.62300", "2008-12-31": "-127.09200", "2008-09-30": "86.99700", "2008-06-30": "32.46900", "2008-03-31": "94.97400", "2007-12-31": "30.26000", "2007-09-30": "57.65300", "2007-06-30": "59.23500", "2007-03-31": "39.95000", "2006-12-31": "43.53200", "2006-09-30": "55.87700", "2006-06-30": "40.08000", "2006-03-31": "50.52600", "2005-12-31": "51.23800", "2005-09-30": "27.33400", "2005-06-30": "38.26100", "2005-03-31": "35.10300"}, "Income From Discontinued Operations": {"2020-09-30": "", "2020-06-30": "", "2020-03-31": "", "2019-12-31": "", "2019-09-30": "", "2019-06-30": "", "2019-03-31": "", "2018-12-31": "", "2018-09-30": "", "2018-06-30": "", "2018-03-31": "", "2017-12-31": "", "2017-09-30": "", "2017-06-30": "", "2017-03-31": "", "2016-12-31": "", "2016-09-30": "", "2016-06-30": "", "2016-03-31": "", "2015-12-31": "", "2015-09-30": "", "2015-06-30": "", "2015-03-31": "", "2014-12-31": "", "2014-09-30": "", "2014-06-30": "", "2014-03-31": "", "2013-12-31": "", "2013-09-30": "", "2013-06-30": "", "2013-03-31": "", "2012-12-31": "", "2012-09-30": "", "2012-06-30": "", "2012-03-31": "", "2011-12-31": "", "2011-09-30": "", "2011-06-30": "", "2011-03-31": "", "2010-12-31": "", "2010-09-30": "", "2010-06-30": "", "2010-03-31": "", "2009-12-31": "", "2009-09-30": "", "2009-06-30": "", "2009-03-31": "", "2008-12-31": "", "2008-09-30": "", "2008-06-30": "", "2008-03-31": "", "2007-12-31": "", "2007-09-30": "", "2007-06-30": "", "2007-03-31": "", "2006-12-31": "", "2006-09-30": "", "2006-06-30": "", "2006-03-31": "", "2005-12-31": "", "2005-09-30": "", "2005-06-30": "", "2005-03-31": ""}, "Net Income": {"2020-09-30": "-98.29200", "2020-06-30": "-89.25200", "2020-03-31": "-411.89500", "2019-12-31": "-102.05500", "2019-09-30": "42.23400", "2019-06-30": "50.38800", "2019-03-31": "-177.56800", "2018-12-31": "309.73200", "2018-09-30": "-135.92300", "2018-06-30": "17.19700", "2018-03-31": "317.40100", "2017-12-31": "-26.25800", "2017-09-30": "-89.11200", "2017-06-30": "-119.90700", "2017-03-31": "74.43400", "2016-12-31": "-200.94600", "2016-09-30": "-40.90700", "2016-06-30": "-168.68100", "2016-03-31": "-347.21000", "2015-12-31": "-340.25800", "2015-09-30": "3.11400", "2015-06-30": "-57.50800", "2015-03-31": "-53.05800", "2014-12-31": "331.72600", "2014-09-30": "208.93800", "2014-06-30": "59.78000", "2014-03-31": "65.60700", "2013-12-31": "6.99600", "2013-09-30": "70.69000", "2013-06-30": "76.52200", "2013-03-31": "16.72700", "2012-12-31": "-67.13800", "2012-09-30": "-38.33600", "2012-06-30": "24.88900", "2012-03-31": "26.33600", "2011-12-31": "-120.71100", "2011-09-30": "230.09700", "2011-06-30": "124.53300", "2011-03-31": "-18.50300", "2010-12-31": "37.13900", "2010-09-30": "15.45200", "2010-06-30": "18.06800", "2010-03-31": "126.17800", "2009-12-31": "0.99000", "2009-09-30": "-4.41500", "2009-06-30": "-8.32200", "2009-03-31": "-87.62300", "2008-12-31": "-127.09200", "2008-09-30": "86.99700", "2008-06-30": "32.46900", "2008-03-31": "94.97400", "2007-12-31": "30.26000", "2007-09-30": "57.65300", "2007-06-30": "59.23500", "2007-03-31": "39.95000", "2006-12-31": "43.53200", "2006-09-30": "55.87700", "2006-06-30": "40.08000", "2006-03-31": "50.52600", "2005-12-31": "51.23800", "2005-09-30": "27.33400", "2005-06-30": "38.26100", "2005-03-31": "35.10300"}, "EBITDA": {"2020-09-30": "83.08200", "2020-06-30": "-127.23700", "2020-03-31": "-243.61100", "2019-12-31": "144.21390", "2019-09-30": "314.52300", "2019-06-30": "314.34090", "2019-03-31": "-3.77400", "2018-12-31": "615.45090", "2018-09-30": "96.25300", "2018-06-30": "211.79700", "2018-03-31": "593.40700", "2017-12-31": "37.78690", "2017-09-30": "53.24600", "2017-06-30": "9.63900", "2017-03-31": "308.91900", "2016-12-31": "-106.31320", "2016-09-30": "180.06900", "2016-06-30": "-16.67910", "2016-03-31": "-313.43800", "2015-12-31": "-263.64080", "2015-09-30": "277.89400", "2015-06-30": "170.76000", "2015-03-31": "164.92300", "2014-12-31": "779.47500", "2014-09-30": "541.71700", "2014-06-30": "310.97390", "2014-03-31": "307.32600", "2013-12-31": "244.40520", "2013-09-30": "334.75000", "2013-06-30": "371.37800", "2013-03-31": "245.98400", "2012-12-31": "119.54710", "2012-09-30": "150.67200", "2012-06-30": "214.95000", "2012-03-31": "229.46000", "2011-12-31": "-9.23990", "2011-09-30": "499.25890", "2011-06-30": "334.76300", "2011-03-31": "89.00400", "2010-12-31": "161.42700", "2010-09-30": "118.21700", "2010-06-30": "119.92500", "2010-03-31": "288.80700", "2009-12-31": "88.46490", "2009-09-30": "70.63400", "2009-06-30": "68.14100", "2009-03-31": "-41.66100", "2008-12-31": "-81.60190", "2008-09-30": "219.02400", "2008-06-30": "137.36500", "2008-03-31": "229.54000", "2007-12-31": "126.89700", "2007-09-30": "154.41200", "2007-06-30": "152.64000", "2007-03-31": "118.47100", "2006-12-31": "113.67700", "2006-09-30": "127.03900", "2006-06-30": "100.99500", "2006-03-31": "115.07700", "2005-12-31": "112.82500", "2005-09-30": "81.53500", "2005-06-30": "96.66100", "2005-03-31": "87.73100"}, "EBIT": {"2020-09-30": "-103.13200", "2020-06-30": "-312.67900", "2020-03-31": "-481.09200", "2019-12-31": "-88.30300", "2019-09-30": "99.47700", "2019-06-30": "104.16700", "2019-03-31": "-185.30900", "2018-12-31": "429.76500", "2018-09-30": "-108.64400", "2018-06-30": "56.14800", "2018-03-31": "459.06800", "2017-12-31": "-97.40410", "2017-09-30": "-85.15200", "2017-06-30": "-147.32600", "2017-03-31": "166.16100", "2016-12-31": "-282.11600", "2016-09-30": "-17.65400", "2016-06-30": "-230.54900", "2016-03-31": "-526.72500", "2015-12-31": "-505.57280", "2015-09-30": "32.10400", "2015-06-30": "-50.87900", "2015-03-31": "-54.43500", "2014-12-31": "558.48500", "2014-09-30": "356.97900", "2014-06-30": "121.71590", "2014-03-31": "128.63400", "2013-12-31": "40.28910", "2013-09-30": "137.48400", "2013-06-30": "144.28400", "2013-03-31": "46.19800", "2012-12-31": "-85.79700", "2012-09-30": "-42.83600", "2012-06-30": "52.39100", "2012-03-31": "56.22500", "2011-12-31": "-180.13890", "2011-09-30": "372.78800", "2011-06-30": "211.70700", "2011-03-31": "-19.97200", "2010-12-31": "63.17900", "2010-09-30": "31.05200", "2010-06-30": "36.78900", "2010-03-31": "207.75100", "2009-12-31": "10.03400", "2009-09-30": "0.45700", "2009-06-30": "-5.86100", "2009-03-31": "-135.46500", "2008-12-31": "-188.71580", "2008-09-30": "144.32600", "2008-06-30": "58.25100", "2008-03-31": "157.34000", "2007-12-31": "56.56500", "2007-09-30": "95.35100", "2007-06-30": "97.98300", "2007-03-31": "69.51200", "2006-12-31": "69.27300", "2006-09-30": "87.22200", "2006-06-30": "65.08500", "2006-03-31": "80.68600", "2005-12-31": "81.00000", "2005-09-30": "44.58300", "2005-06-30": "62.75400", "2005-03-31": "57.65700"}, "Basic Shares Outstanding": {"2020-09-30": "114.37100", "2020-06-30": "113.00800", "2020-03-31": "113.00900", "2019-12-31": "112.54400", "2019-09-30": "112.80400", "2019-06-30": "112.26200", "2019-03-31": "112.25200", "2018-12-31": "111.91200", "2018-09-30": "112.10700", "2018-06-30": "111.70100", "2018-03-31": "111.69600", "2017-12-31": "111.42800", "2017-09-30": "111.57500", "2017-06-30": "111.27700", "2017-03-31": "111.25800", "2016-12-31": "76.56800", "2016-09-30": "78.46800", "2016-06-30": "68.10200", "2016-03-31": "68.07700", "2015-12-31": "67.72300", "2015-09-30": "67.96100", "2015-06-30": "67.48300", "2015-03-31": "67.46300", "2014-12-31": "67.23000", "2014-09-30": "67.37900", "2014-06-30": "67.06900", "2014-03-31": "67.05600", "2013-12-31": "66.61500", "2013-09-30": "66.94300", "2013-06-30": "66.29500", "2013-03-31": "66.21100", "2012-12-31": "65.13800", "2012-09-30": "65.74500", "2012-06-30": "64.58500", "2012-03-31": "64.10400", "2011-12-31": "63.75500", "2011-09-30": "63.90400", "2011-06-30": "63.63800", "2011-03-31": "63.44700", "2010-12-31": "62.96900", "2010-09-30": "63.03100", "2010-06-30": "62.91700", "2010-03-31": "62.79200", "2009-12-31": "62.45700", "2009-09-30": "62.50500", "2009-06-30": "62.41800", "2009-03-31": "62.33500", "2008-12-31": "62.24300", "2008-09-30": "62.18700", "2008-06-30": "61.71400", "2008-03-31": "62.86100", "2007-12-31": "61.85200", "2007-09-30": "63.42400", "2007-06-30": "63.58300", "2007-03-31": "57.01100", "2006-12-31": "56.29100", "2006-09-30": "55.39800", "2006-06-30": "57.08200", "2006-03-31": "57.23300", "2005-12-31": "56.90700", "2005-09-30": "56.64000", "2005-06-30": "56.96000", "2005-03-31": "57.23100"}, "Shares Outstanding": {"2020-09-30": "114.37100", "2020-06-30": "113.00800", "2020-03-31": "113.00900", "2019-12-31": "112.54400", "2019-09-30": "113.33400", "2019-06-30": "112.93200", "2019-03-31": "112.25200", "2018-12-31": "113.50200", "2018-09-30": "112.10700", "2018-06-30": "113.63000", "2018-03-31": "112.87900", "2017-12-31": "111.42800", "2017-09-30": "111.57500", "2017-06-30": "111.27700", "2017-03-31": "111.32900", "2016-12-31": "76.56800", "2016-09-30": "78.46800", "2016-06-30": "68.10200", "2016-03-31": "68.07700", "2015-12-31": "67.72300", "2015-09-30": "68.11900", "2015-06-30": "67.48300", "2015-03-31": "67.46300", "2014-12-31": "68.04400", "2014-09-30": "68.43000", "2014-06-30": "68.23900", "2014-03-31": "68.12600", "2013-12-31": "67.99800", "2013-09-30": "68.25300", "2013-06-30": "67.89300", "2013-03-31": "67.52100", "2012-12-31": "65.13800", "2012-09-30": "65.74500", "2012-06-30": "67.55600", "2012-03-31": "67.84500", "2011-12-31": "67.56400", "2011-09-30": "67.38600", "2011-06-30": "66.90900", "2011-03-31": "63.44700", "2010-12-31": "64.68900", "2010-09-30": "64.79400", "2010-06-30": "64.56600", "2010-03-31": "64.37700", "2009-12-31": "62.45700", "2009-09-30": "62.50500", "2009-06-30": "62.41800", "2009-03-31": "62.33500", "2008-12-31": "63.13300", "2008-09-30": "63.07800", "2008-06-30": "62.74900", "2008-03-31": "64.04500", "2007-12-31": "64.85000", "2007-09-30": "64.72700", "2007-06-30": "65.12000", "2007-03-31": "64.90800", "2006-12-31": "65.96200", "2006-09-30": "64.92600", "2006-06-30": "66.95000", "2006-03-31": "67.33400", "2005-12-31": "66.89400", "2005-09-30": "66.73800", "2005-06-30": "66.76900", "2005-03-31": "67.04700"}, "Basic EPS": {"2020-09-30": "-0.86000", "2020-06-30": "-0.79000", "2020-03-31": "-3.64000", "2019-12-31": "-0.90000", "2019-09-30": "0.37000", "2019-06-30": "0.45000", "2019-03-31": "-1.58000", "2018-12-31": "2.76000", "2018-09-30": "-1.21000", "2018-06-30": "0.15000", "2018-03-31": "2.84000", "2017-12-31": "-0.23000", "2017-09-30": "-0.80000", "2017-06-30": "-1.08000", "2017-03-31": "0.67000", "2016-12-31": "-1.80000", "2016-09-30": "-0.52000", "2016-06-30": "-2.48000", "2016-03-31": "-5.10000", "2015-12-31": "-5.02000", "2015-09-30": "0.05000", "2015-06-30": "-0.85000", "2015-03-31": "-0.79000", "2014-12-31": "4.94000", "2014-09-30": "3.10000", "2014-06-30": "0.89000", "2014-03-31": "0.98000", "2013-12-31": "0.11000", "2013-09-30": "1.06000", "2013-06-30": "1.15000", "2013-03-31": "0.25000", "2012-12-31": "-1.05000", "2012-09-30": "-0.58000", "2012-06-30": "0.39000", "2012-03-31": "0.41000", "2011-12-31": "-1.89000", "2011-09-30": "3.60000", "2011-06-30": "1.96000", "2011-03-31": "-0.29000", "2010-12-31": "0.58000", "2010-09-30": "0.25000", "2010-06-30": "0.29000", "2010-03-31": "2.01000", "2009-12-31": "0.02000", "2009-09-30": "-0.07000", "2009-06-30": "-0.13000", "2009-03-31": "-1.41000", "2008-12-31": "-2.04000", "2008-09-30": "1.40000", "2008-06-30": "0.53000", "2008-03-31": "1.51000", "2007-12-31": "0.48000", "2007-09-30": "0.91000", "2007-06-30": "0.93000", "2007-03-31": "0.70000", "2006-12-31": "0.79000", "2006-09-30": "1.01000", "2006-06-30": "0.70000", "2006-03-31": "0.88000", "2005-12-31": "0.91000", "2005-09-30": "0.48000", "2005-06-30": "0.67000", "2005-03-31": "0.61000"}, "EPS - Earnings Per Share": {"2020-09-30": "-0.86000", "2020-06-30": "-0.79000", "2020-03-31": "-3.64000", "2019-12-31": "-0.90000", "2019-09-30": "0.37000", "2019-06-30": "0.45000", "2019-03-31": "-1.58000", "2018-12-31": "2.73000", "2018-09-30": "-1.21000", "2018-06-30": "0.15000", "2018-03-31": "2.81000", "2017-12-31": "-0.23000", "2017-09-30": "-0.80000", "2017-06-30": "-1.08000", "2017-03-31": "0.67000", "2016-12-31": "-1.80000", "2016-09-30": "-0.52000", "2016-06-30": "-2.48000", "2016-03-31": "-5.10000", "2015-12-31": "-5.02000", "2015-09-30": "0.05000", "2015-06-30": "-0.85000", "2015-03-31": "-0.79000", "2014-12-31": "4.90000", "2014-09-30": "3.05000", "2014-06-30": "0.88000", "2014-03-31": "0.96000", "2013-12-31": "0.09000", "2013-09-30": "1.04000", "2013-06-30": "1.13000", "2013-03-31": "0.25000", "2012-12-31": "-1.01000", "2012-09-30": "-0.58000", "2012-06-30": "0.37000", "2012-03-31": "0.39000", "2011-12-31": "-1.79000", "2011-09-30": "3.41000", "2011-06-30": "1.86000", "2011-03-31": "-0.29000", "2010-12-31": "0.56000", "2010-09-30": "0.24000", "2010-06-30": "0.28000", "2010-03-31": "1.96000", "2009-12-31": "0.02000", "2009-09-30": "-0.07000", "2009-06-30": "-0.13000", "2009-03-31": "-1.41000", "2008-12-31": "-2.00000", "2008-09-30": "1.38000", "2008-06-30": "0.52000", "2008-03-31": "1.48000", "2007-12-31": "0.47000", "2007-09-30": "0.89000", "2007-06-30": "0.91000", "2007-03-31": "0.63000", "2006-12-31": "0.69000", "2006-09-30": "0.88000", "2006-06-30": "0.61000", "2006-03-31": "0.76000", "2005-12-31": "0.78000", "2005-09-30": "0.42000", "2005-06-30": "0.59000", "2005-03-31": "0.54000"}}, "balance sheet": {"Cash On Hand": {"2019-12-31": "0.01000", "2018-12-31": "77.96500", "2017-12-31": "313.94300", "2016-12-31": "9.37200", "2015-12-31": "0.01800", "2014-12-31": "0.12000", "2013-12-31": "282.24800", "2012-12-31": "5.92600", "2011-12-31": "119.19400", "2010-12-31": "5.07700", "2009-12-31": "10.64900", "2008-12-31": "7.13300", "2007-12-31": "44.68300", "2006-12-31": "2.91400", "2005-12-31": "16.40000"}, "Receivables": {"2019-12-31": "184.73200", "2018-12-31": "167.53600", "2017-12-31": "160.15400", "2016-12-31": "151.95000", "2015-12-31": "134.12400", "2014-12-31": "322.63000", "2013-12-31": "318.37100", "2012-12-31": "258.16900", "2011-12-31": "215.94900", "2010-12-31": "171.67200", "2009-12-31": "148.90900", "2008-12-31": "170.85100", "2007-12-31": "160.08200", "2006-12-31": "150.40500", "2005-12-31": "165.19700"}, "Inventory": {"2019-12-31": "", "2018-12-31": "", "2017-12-31": "", "2016-12-31": "", "2015-12-31": "", "2014-12-31": "", "2013-12-31": "", "2012-12-31": "", "2011-12-31": "", "2010-12-31": "", "2009-12-31": "", "2008-12-31": "", "2007-12-31": "", "2006-12-31": "", "2005-12-31": ""}, "Pre-Paid Expenses": {"2019-12-31": "12.70800", "2018-12-31": "8.63200", "2017-12-31": "10.75200", "2016-12-31": "8.79900", "2015-12-31": "17.13700", "2014-12-31": "19.62500", "2013-12-31": "14.57400", "2012-12-31": "30.01700", "2011-12-31": "68.02600", "2010-12-31": "45.52200", "2009-12-31": "14.25900", "2008-12-31": "22.16100", "2007-12-31": "14.12900", "2006-12-31": "17.48500", "2005-12-31": "7.28300"}, "Other Current Assets": {"2019-12-31": "55.18400", "2018-12-31": "175.13000", "2017-12-31": "64.26600", "2016-12-31": "54.52100", "2015-12-31": "367.71000", "2014-12-31": "402.66800", "2013-12-31": "21.55900", "2012-12-31": "37.87300", "2011-12-31": "55.81300", "2010-12-31": "43.49100", "2009-12-31": "30.29500", "2008-12-31": "111.64900", "2007-12-31": "17.83600", "2006-12-31": "56.13600", "2005-12-31": "6.79900"}, "Total Current Assets": {"2019-12-31": "252.63400", "2018-12-31": "429.26300", "2017-12-31": "549.11500", "2016-12-31": "224.64200", "2015-12-31": "518.98900", "2014-12-31": "745.04300", "2013-12-31": "647.50100", "2012-12-31": "340.56400", "2011-12-31": "463.20400", "2010-12-31": "274.64500", "2009-12-31": "209.04600", "2008-12-31": "311.79400", "2007-12-31": "269.94100", "2006-12-31": "226.94000", "2005-12-31": "203.93100"}, "Property, Plant, And Equipment": {"2019-12-31": "5953.64800", "2018-12-31": "5831.16500", "2017-12-31": "5554.79200", "2016-12-31": "6081.35400", "2015-12-31": "4950.28000", "2014-12-31": "5503.90300", "2013-12-31": "3859.79200", "2012-12-31": "3677.19700", "2011-12-31": "3096.63600", "2010-12-31": "2434.05200", "2009-12-31": "2127.59800", "2008-12-31": "2339.33200", "2007-12-31": "2274.39800", "2006-12-31": "1638.46400", "2005-12-31": "1049.56600"}, "Long-Term Investments": {"2019-12-31": "", "2018-12-31": "", "2017-12-31": "", "2016-12-31": "", "2015-12-31": "", "2014-12-31": "", "2013-12-31": "", "2012-12-31": "", "2011-12-31": "", "2010-12-31": "", "2009-12-31": "", "2008-12-31": "", "2007-12-31": "", "2006-12-31": "", "2005-12-31": ""}, "Goodwill And Intangible Assets": {"2019-12-31": "", "2018-12-31": "", "2017-12-31": "", "2016-12-31": "", "2015-12-31": "", "2014-12-31": "", "2013-12-31": "", "2012-12-31": "", "2011-12-31": "", "2010-12-31": "", "2009-12-31": "", "2008-12-31": "", "2007-12-31": "9.45200", "2006-12-31": "9.45200", "2005-12-31": "9.45200"}, "Other Long-Term Assets": {"2019-12-31": "85.95000", "2018-12-31": "92.43400", "2017-12-31": "72.86900", "2016-12-31": "87.51500", "2015-12-31": "152.37400", "2014-12-31": "234.19900", "2013-12-31": "197.87200", "2012-12-31": "181.76800", "2011-12-31": "239.14000", "2010-12-31": "35.62400", "2009-12-31": "24.29200", "2008-12-31": "46.12100", "2007-12-31": "17.88900", "2006-12-31": "24.24100", "2005-12-31": "5.79800"}, "Total Long-Term Assets": {"2019-12-31": "6039.59800", "2018-12-31": "5923.59900", "2017-12-31": "5627.66100", "2016-12-31": "6168.86900", "2015-12-31": "5102.65400", "2014-12-31": "5738.10200", "2013-12-31": "4057.66400", "2012-12-31": "3858.96500", "2011-12-31": "3335.77600", "2010-12-31": "2469.67600", "2009-12-31": "2151.89000", "2008-12-31": "2385.45300", "2007-12-31": "2301.73900", "2006-12-31": "1672.15700", "2005-12-31": "1064.81600"}, "Total Assets": {"2019-12-31": "6292.23200", "2018-12-31": "6352.86200", "2017-12-31": "6176.77600", "2016-12-31": "6393.51100", "2015-12-31": "5621.64300", "2014-12-31": "6483.14500", "2013-12-31": "4705.16500", "2012-12-31": "4199.52900", "2011-12-31": "3798.98000", "2010-12-31": "2744.32100", "2009-12-31": "2360.93600", "2008-12-31": "2697.24700", "2007-12-31": "2571.68000", "2006-12-31": "1899.09700", "2005-12-31": "1268.74700"}, "Total Current Liabilities": {"2019-12-31": "472.04300", "2018-12-31": "466.05200", "2017-12-31": "559.21200", "2016-12-31": "415.17200", "2015-12-31": "302.52500", "2014-12-31": "784.66000", "2013-12-31": "639.13100", "2012-12-31": "541.54600", "2011-12-31": "505.80500", "2010-12-31": "502.05300", "2009-12-31": "296.67100", "2008-12-31": "296.60100", "2007-12-31": "362.54500", "2006-12-31": "204.07000", "2005-12-31": "198.99400"}, "Long Term Debt": {"2019-12-31": "2732.79800", "2018-12-31": "2596.33300", "2017-12-31": "2908.77000", "2016-12-31": "2897.57500", "2015-12-31": "2517.97000", "2014-12-31": "2332.44500", "2013-12-31": "1600.00000", "2012-12-31": "1440.00000", "2011-12-31": "985.06900", "2010-12-31": "323.67300", "2009-12-31": "454.90200", "2008-12-31": "558.71300", "2007-12-31": "572.50000", "2006-12-31": "433.98000", "2005-12-31": "99.88500"}, "Other Non-Current Liabilities": {"2019-12-31": "149.01100", "2018-12-31": "146.87700", "2017-12-31": "234.19700", "2016-12-31": "267.95900", "2015-12-31": "190.46800", "2014-12-31": "187.70400", "2013-12-31": "209.08800", "2012-12-31": "266.13400", "2011-12-31": "276.90300", "2010-12-31": "256.93400", "2009-12-31": "327.60400", "2008-12-31": "325.09600", "2007-12-31": "515.68700", "2006-12-31": "293.15500", "2005-12-31": "272.25200"}, "Total Long Term Liabilities": {"2019-12-31": "3071.19500", "2018-12-31": "2966.48800", "2017-12-31": "3222.95600", "2016-12-31": "3481.20600", "2015-12-31": "3466.71700", "2014-12-31": "3411.83000", "2013-12-31": "2459.21300", "2012-12-31": "2243.51700", "2011-12-31": "1830.23500", "2010-12-31": "1023.74200", "2009-12-31": "1090.69500", "2008-12-31": "1238.13700", "2007-12-31": "1345.79000", "2006-12-31": "951.65310", "2005-12-31": "500.43300"}, "Total Liabilities": {"2019-12-31": "3543.23800", "2018-12-31": "3432.54000", "2017-12-31": "3782.16800", "2016-12-31": "3896.37800", "2015-12-31": "3769.24200", "2014-12-31": "4196.49000", "2013-12-31": "3098.34400", "2012-12-31": "2785.06300", "2011-12-31": "2336.04000", "2010-12-31": "1525.79500", "2009-12-31": "1387.36600", "2008-12-31": "1534.73800", "2007-12-31": "1708.33500", "2006-12-31": "1155.72300", "2005-12-31": "699.42700"}, "Common Stock Net": {"2019-12-31": "1.13000", "2018-12-31": "1.12200", "2017-12-31": "1.11700", "2016-12-31": "1.11300", "2015-12-31": "0.68100", "2014-12-31": "0.67500", "2013-12-31": "0.67100", "2012-12-31": "0.66200", "2011-12-31": "0.64100", "2010-12-31": "0.63400", "2009-12-31": "0.62900", "2008-12-31": "0.62500", "2007-12-31": "0.64000", "2006-12-31": "0.55300", "2005-12-31": "0.57000"}, "Retained Earnings (Accumulated Deficit)": {"2019-12-31": "967.58700", "2018-12-31": "1165.84200", "2017-12-31": "665.65700", "2016-12-31": "794.02000", "2015-12-31": "1559.51500", "2014-12-31": "2013.99700", "2013-12-31": "1354.66900", "2012-12-31": "1190.39700", "2011-12-31": "1251.15700", "2010-12-31": "1042.12300", "2009-12-31": "851.58300", "2008-12-31": "957.20000", "2007-12-31": "878.65200", "2006-12-31": "695.22400", "2005-12-31": "510.81200"}, "Comprehensive Income": {"2019-12-31": "-11.31900", "2018-12-31": "-12.38000", "2017-12-31": "-13.78900", "2016-12-31": "-14.55600", "2015-12-31": "-13.40200", "2014-12-31": "-11.31200", "2013-12-31": "-5.41600", "2012-12-31": "-9.01400", "2011-12-31": "-4.28000", "2010-12-31": "-15.48200", "2009-12-31": "-37.95400", "2008-12-31": "65.29300", "2007-12-31": "-156.96800", "2006-12-31": "12.92900", "2005-12-31": "-54.59900"}, "Other Share Holders Equity": {"2019-12-31": "", "2018-12-31": "", "2017-12-31": "", "2016-12-31": "", "2015-12-31": "", "2014-12-31": "", "2013-12-31": "", "2012-12-31": "", "2011-12-31": "", "2010-12-31": "", "2009-12-31": "", "2008-12-31": "", "2007-12-31": "", "2006-12-31": "", "2005-12-31": ""}, "Share Holder Equity": {"2019-12-31": "2748.99400", "2018-12-31": "2920.32200", "2017-12-31": "2394.60800", "2016-12-31": "2497.13300", "2015-12-31": "1852.40100", "2014-12-31": "2286.65500", "2013-12-31": "1606.82100", "2012-12-31": "1414.46600", "2011-12-31": "1462.94000", "2010-12-31": "1218.52600", "2009-12-31": "973.57000", "2008-12-31": "1162.50900", "2007-12-31": "863.34500", "2006-12-31": "743.37400", "2005-12-31": "569.32000"}, "Total Liabilities And Share Holders Equity": {"2019-12-31": "6292.23200", "2018-12-31": "6352.86200", "2017-12-31": "6176.77600", "2016-12-31": "6393.51100", "2015-12-31": "5621.64300", "2014-12-31": "6483.14500", "2013-12-31": "4705.16500", "2012-12-31": "4199.52900", "2011-12-31": "3798.98000", "2010-12-31": "2744.32100", "2009-12-31": "2360.93600", "2008-12-31": "2697.24700", "2007-12-31": "2571.68000", "2006-12-31": "1899.09700", "2005-12-31": "1268.74700"}}, "balance sheet, quarterly": {"Cash On Hand": {"2020-09-30": "0.01000", "2020-06-30": "0.01000", "2020-03-31": "0.01500", "2019-12-31": "0.01000", "2019-09-30": "0.01000", "2019-06-30": "0.01200", "2019-03-31": "0.01400", "2018-12-31": "77.96500", "2018-09-30": "176.80600", "2018-06-30": "615.90600", "2018-03-31": "643.33700", "2017-12-31": "313.94300", "2017-09-30": "441.41500", "2017-06-30": "559.52100", "2017-03-31": "659.14700", "2016-12-31": "9.37200", "2016-09-30": "980.66600", "2016-06-30": "0.01800", "2016-03-31": "0.05100", "2015-12-31": "0.01800", "2015-09-30": "0.19700", "2015-06-30": "0.08200", "2015-03-31": "0.02200", "2014-12-31": "0.12000", "2014-09-30": "0.26900", "2014-06-30": "163.79400", "2014-03-31": "236.43500", "2013-12-31": "282.24800", "2013-09-30": "0.17600", "2013-06-30": "0.17600", "2013-03-31": "0.08700", "2012-12-31": "5.92600", "2012-09-30": "0.18400", "2012-06-30": "0.18400", "2012-03-31": "0.28600", "2011-12-31": "119.19400", "2011-09-30": "29.92300", "2011-06-30": "101.08000", "2011-03-31": "191.29400", "2010-12-31": "5.07700", "2010-09-30": "7.08900", "2010-06-30": "10.24900", "2010-03-31": "40.42400", "2009-12-31": "10.64900", "2009-09-30": "20.51700", "2009-06-30": "10.38900", "2009-03-31": "3.22100", "2008-12-31": "7.13300", "2008-09-30": "6.40800", "2008-06-30": "37.91900", "2008-03-31": "8.69800", "2007-12-31": "44.68300", "2007-09-30": "18.39800", "2007-06-30": "27.32200", "2007-03-31": "6.18300", "2006-12-31": "2.91400", "2006-09-30": "2.46600", "2006-06-30": "3.30000", "2006-03-31": "62.53700", "2005-12-31": "16.40000", "2005-09-30": "28.07200", "2005-06-30": "12.06800", "2005-03-31": "19.02000"}, "Receivables": {"2020-09-30": "136.61300", "2020-06-30": "127.17300", "2020-03-31": "143.31100", "2019-12-31": "184.73200", "2019-09-30": "146.21100", "2019-06-30": "165.75700", "2019-03-31": "145.29900", "2018-12-31": "167.53600", "2018-09-30": "179.34700", "2018-06-30": "178.68200", "2018-03-31": "192.56200", "2017-12-31": "160.15400", "2017-09-30": "146.05600", "2017-06-30": "105.71300", "2017-03-31": "108.36800", "2016-12-31": "151.95000", "2016-09-30": "140.79900", "2016-06-30": "143.97900", "2016-03-31": "111.14100", "2015-12-31": "134.12400", "2015-09-30": "171.06700", "2015-06-30": "239.98300", "2015-03-31": "270.84100", "2014-12-31": "322.63000", "2014-09-30": "304.17500", "2014-06-30": "312.41500", "2014-03-31": "307.78400", "2013-12-31": "318.37100", "2013-09-30": "280.97900", "2013-06-30": "293.91300", "2013-03-31": "259.00100", "2012-12-31": "258.16900", "2012-09-30": "239.12900", "2012-06-30": "212.23600", "2012-03-31": "226.91000", "2011-12-31": "215.94900", "2011-09-30": "183.94300", "2011-06-30": "176.69100", "2011-03-31": "151.55700", "2010-12-31": "171.67200", "2010-09-30": "122.38100", "2010-06-30": "131.64200", "2010-03-31": "149.07200", "2009-12-31": "148.90900", "2009-09-30": "101.53000", "2009-06-30": "108.38400", "2009-03-31": "113.77900", "2008-12-31": "170.85100", "2008-09-30": "187.18100", "2008-06-30": "204.37100", "2008-03-31": "200.38500", "2007-12-31": "160.08200", "2007-09-30": "153.79600", "2007-06-30": "144.24100", "2007-03-31": "146.92900", "2006-12-31": "150.40500", "2006-09-30": "155.88300", "2006-06-30": "133.84800", "2006-03-31": "138.29900", "2005-12-31": "165.19700", "2005-09-30": "147.88100", "2005-06-30": "107.12800", "2005-03-31": "96.66900"}, "Inventory": {"2020-09-30": "", "2020-06-30": "", "2020-03-31": "", "2019-12-31": "", "2019-09-30": "", "2019-06-30": "", "2019-03-31": "", "2018-12-31": "", "2018-09-30": "", "2018-06-30": "", "2018-03-31": "", "2017-12-31": "", "2017-09-30": "", "2017-06-30": "", "2017-03-31": "", "2016-12-31": "", "2016-09-30": "", "2016-06-30": "", "2016-03-31": "", "2015-12-31": "", "2015-09-30": "", "2015-06-30": "", "2015-03-31": "", "2014-12-31": "", "2014-09-30": "", "2014-06-30": "", "2014-03-31": "", "2013-12-31": "", "2013-09-30": "", "2013-06-30": "", "2013-03-31": "", "2012-12-31": "", "2012-09-30": "", "2012-06-30": "", "2012-03-31": "", "2011-12-31": "", "2011-09-30": "", "2011-06-30": "", "2011-03-31": "", "2010-12-31": "", "2010-09-30": "", "2010-06-30": "", "2010-03-31": "", "2009-12-31": "", "2009-09-30": "", "2009-06-30": "", "2009-03-31": "", "2008-12-31": "", "2008-09-30": "", "2008-06-30": "", "2008-03-31": "", "2007-12-31": "", "2007-09-30": "", "2007-06-30": "", "2007-03-31": "", "2006-12-31": "", "2006-09-30": "", "2006-06-30": "", "2006-03-31": "", "2005-12-31": "", "2005-09-30": "", "2005-06-30": "", "2005-03-31": ""}, "Pre-Paid Expenses": {"2020-09-30": "10.22100", "2020-06-30": "16.70400", "2020-03-31": "17.84200", "2019-12-31": "12.70800", "2019-09-30": "21.75100", "2019-06-30": "8.72300", "2019-03-31": "8.45400", "2018-12-31": "8.63200", "2018-09-30": "15.82600", "2018-06-30": "14.29300", "2018-03-31": "9.99700", "2017-12-31": "10.75200", "2017-09-30": "17.75600", "2017-06-30": "18.12100", "2017-03-31": "8.05300", "2016-12-31": "8.79900", "2016-09-30": "15.32600", "2016-06-30": "14.90100", "2016-03-31": "12.85000", "2015-12-31": "17.13700", "2015-09-30": "19.11400", "2015-06-30": "16.62100", "2015-03-31": "18.14700", "2014-12-31": "19.62500", "2014-09-30": "16.78200", "2014-06-30": "15.00700", "2014-03-31": "14.44600", "2013-12-31": "14.57400", "2013-09-30": "10.49800", "2013-06-30": "30.34000", "2013-03-31": "28.52300", "2012-12-31": "30.01700", "2012-09-30": "39.01400", "2012-06-30": "46.81200", "2012-03-31": "44.14100", "2011-12-31": "68.02600", "2011-09-30": "30.93700", "2011-06-30": "32.28100", "2011-03-31": "18.56500", "2010-12-31": "45.52200", "2010-09-30": "12.84700", "2010-06-30": "14.28400", "2010-03-31": "9.77200", "2009-12-31": "14.25900", "2009-09-30": "16.80200", "2009-06-30": "14.11100", "2009-03-31": "22.93000", "2008-12-31": "22.16100", "2008-09-30": "18.59800", "2008-06-30": "18.21200", "2008-03-31": "12.02200", "2007-12-31": "14.12900", "2007-09-30": "18.58700", "2007-06-30": "21.58700", "2007-03-31": "18.00000", "2006-12-31": "17.48500", "2006-09-30": "22.33100", "2006-06-30": "15.96100", "2006-03-31": "6.86600", "2005-12-31": "7.28300", "2005-09-30": "", "2005-06-30": "8.24400", "2005-03-31": "7.46600"}, "Other Current Assets": {"2020-09-30": "128.04600", "2020-06-30": "211.58200", "2020-03-31": "463.99200", "2019-12-31": "55.18400", "2019-09-30": "143.14200", "2019-06-30": "114.24200", "2019-03-31": "67.56700", "2018-12-31": "175.13000", "2018-09-30": "81.16300", "2018-06-30": "146.32900", "2018-03-31": "77.29600", "2017-12-31": "64.26600", "2017-09-30": "63.68500", "2017-06-30": "85.96200", "2017-03-31": "73.97800", "2016-12-31": "54.52100", "2016-09-30": "109.81800", "2016-06-30": "145.57600", "2016-03-31": "281.59600", "2015-12-31": "367.71000", "2015-09-30": "347.29900", "2015-06-30": "269.02200", "2015-03-31": "380.63300", "2014-12-31": "402.66800", "2014-09-30": "41.29500", "2014-06-30": "3.61300", "2014-03-31": "7.45000", "2013-12-31": "21.55900", "2013-09-30": "43.30500", "2013-06-30": "58.07100", "2013-03-31": "23.36400", "2012-12-31": "37.87300", "2012-09-30": "41.86500", "2012-06-30": "69.20700", "2012-03-31": "67.45700", "2011-12-31": "55.81300", "2011-09-30": "54.69800", "2011-06-30": "28.98500", "2011-03-31": "33.57100", "2010-12-31": "43.49100", "2010-09-30": "56.19900", "2010-06-30": "45.48100", "2010-03-31": "58.36400", "2009-12-31": "30.29500", "2009-09-30": "41.42800", "2009-06-30": "67.14300", "2009-03-31": "119.11100", "2008-12-31": "111.64900", "2008-09-30": "48.15500", "2008-06-30": "31.87400", "2008-03-31": "1.18100", "2007-12-31": "17.83600", "2007-09-30": "32.04500", "2007-06-30": "29.45400", "2007-03-31": "22.64200", "2006-12-31": "56.13600", "2006-09-30": "48.42500", "2006-06-30": "30.22000", "2006-03-31": "24.51200", "2005-12-31": "6.79900", "2005-09-30": "0.49000", "2005-06-30": "4.74200", "2005-03-31": "0.12700"}, "Total Current Assets": {"2020-09-30": "274.89000", "2020-06-30": "355.46900", "2020-03-31": "625.16000", "2019-12-31": "252.63400", "2019-09-30": "311.11400", "2019-06-30": "288.73400", "2019-03-31": "221.33400", "2018-12-31": "429.26300", "2018-09-30": "453.14200", "2018-06-30": "955.21000", "2018-03-31": "923.19200", "2017-12-31": "549.11500", "2017-09-30": "668.91200", "2017-06-30": "769.31700", "2017-03-31": "849.54600", "2016-12-31": "224.64200", "2016-09-30": "1246.60900", "2016-06-30": "304.47400", "2016-03-31": "405.63800", "2015-12-31": "518.98900", "2015-09-30": "537.67700", "2015-06-30": "525.70800", "2015-03-31": "669.64300", "2014-12-31": "745.04300", "2014-09-30": "371.60500", "2014-06-30": "506.91500", "2014-03-31": "577.34200", "2013-12-31": "647.50100", "2013-09-30": "345.87000", "2013-06-30": "395.63600", "2013-03-31": "320.19000", "2012-12-31": "340.56400", "2012-09-30": "325.93800", "2012-06-30": "334.23700", "2012-03-31": "343.74400", "2011-12-31": "463.20400", "2011-09-30": "304.70400", "2011-06-30": "346.12300", "2011-03-31": "403.49000", "2010-12-31": "274.64500", "2010-09-30": "198.51600", "2010-06-30": "201.65600", "2010-03-31": "257.63200", "2009-12-31": "209.04600", "2009-09-30": "180.27700", "2009-06-30": "200.02700", "2009-03-31": "259.04100", "2008-12-31": "311.79400", "2008-09-30": "286.52900", "2008-06-30": "435.52400", "2008-03-31": "281.24200", "2007-12-31": "269.94100", "2007-09-30": "227.01200", "2007-06-30": "222.60400", "2007-03-31": "196.73400", "2006-12-31": "226.94000", "2006-09-30": "229.10500", "2006-06-30": "183.32900", "2006-03-31": "232.21400", "2005-12-31": "203.93100", "2005-09-30": "200.86700", "2005-06-30": "138.19900", "2005-03-31": "130.89700"}, "Property, Plant, And Equipment": {"2020-09-30": "4765.10100", "2020-06-30": "4825.82500", "2020-03-31": "4888.33800", "2019-12-31": "5953.64800", "2019-09-30": "6029.14300", "2019-06-30": "5985.32900", "2019-03-31": "5954.39000", "2018-12-31": "5831.16500", "2018-09-30": "5776.18700", "2018-06-30": "5718.45000", "2018-03-31": "5669.54900", "2017-12-31": "5554.79200", "2017-09-30": "5417.08300", "2017-06-30": "5346.41100", "2017-03-31": "5450.12000", "2016-12-31": "6081.35400", "2016-09-30": "4364.69400", "2016-06-30": "4601.33200", "2016-03-31": "4603.77900", "2015-12-31": "4950.28000", "2015-09-30": "5451.03900", "2015-06-30": "5485.04500", "2015-03-31": "5643.09300", "2014-12-31": "5503.90300", "2014-09-30": "5215.44100", "2014-06-30": "4434.20100", "2014-03-31": "4004.69600", "2013-12-31": "3859.79200", "2013-09-30": "4181.33800", "2013-06-30": "3989.08900", "2013-03-31": "3781.11000", "2012-12-31": "3677.19700", "2012-09-30": "3601.79800", "2012-06-30": "3426.94900", "2012-03-31": "3278.00400", "2011-12-31": "3096.63600", "2011-09-30": "3042.53500", "2011-06-30": "2811.49000", "2011-03-31": "2590.65600", "2010-12-31": "2434.05200", "2010-09-30": "2274.23200", "2010-06-30": "2153.67700", "2010-03-31": "2056.39200", "2009-12-31": "2127.59800", "2009-09-30": "2141.34500", "2009-06-30": "2165.70000", "2009-03-31": "2186.19500", "2008-12-31": "2339.33200", "2008-09-30": "2558.56400", "2008-06-30": "2435.84000", "2008-03-31": "2365.41500", "2007-12-31": "2274.39800", "2007-09-30": "2006.40200", "2007-06-30": "1881.02900", "2007-03-31": "1745.67800", "2006-12-31": "1638.46400", "2006-09-30": "1282.23500", "2006-06-30": "1196.99900", "2006-03-31": "1105.58600", "2005-12-31": "1049.56600", "2005-09-30": "1005.27700", "2005-06-30": "919.51800", "2005-03-31": "882.58200"}, "Long-Term Investments": {"2020-09-30": "", "2020-06-30": "", "2020-03-31": "", "2019-12-31": "", "2019-09-30": "", "2019-06-30": "", "2019-03-31": "", "2018-12-31": "", "2018-09-30": "", "2018-06-30": "", "2018-03-31": "", "2017-12-31": "", "2017-09-30": "", "2017-06-30": "", "2017-03-31": "", "2016-12-31": "", "2016-09-30": "", "2016-06-30": "", "2016-03-31": "", "2015-12-31": "", "2015-09-30": "", "2015-06-30": "", "2015-03-31": "", "2014-12-31": "", "2014-09-30": "", "2014-06-30": "", "2014-03-31": "", "2013-12-31": "", "2013-09-30": "", "2013-06-30": "", "2013-03-31": "", "2012-12-31": "", "2012-09-30": "", "2012-06-30": "", "2012-03-31": "", "2011-12-31": "", "2011-09-30": "", "2011-06-30": "", "2011-03-31": "", "2010-12-31": "", "2010-09-30": "", "2010-06-30": "", "2010-03-31": "", "2009-12-31": "", "2009-09-30": "", "2009-06-30": "", "2009-03-31": "", "2008-12-31": "", "2008-09-30": "", "2008-06-30": "", "2008-03-31": "", "2007-12-31": "", "2007-09-30": "", "2007-06-30": "", "2007-03-31": "", "2006-12-31": "", "2006-09-30": "", "2006-06-30": "", "2006-03-31": "", "2005-12-31": "", "2005-09-30": "", "2005-06-30": "", "2005-03-31": ""}, "Goodwill And Intangible Assets": {"2020-09-30": "", "2020-06-30": "", "2020-03-31": "", "2019-12-31": "", "2019-09-30": "", "2019-06-30": "", "2019-03-31": "", "2018-12-31": "", "2018-09-30": "", "2018-06-30": "", "2018-03-31": "", "2017-12-31": "", "2017-09-30": "", "2017-06-30": "", "2017-03-31": "", "2016-12-31": "", "2016-09-30": "", "2016-06-30": "", "2016-03-31": "", "2015-12-31": "", "2015-09-30": "", "2015-06-30": "", "2015-03-31": "", "2014-12-31": "", "2014-09-30": "", "2014-06-30": "", "2014-03-31": "", "2013-12-31": "", "2013-09-30": "", "2013-06-30": "", "2013-03-31": "", "2012-12-31": "", "2012-09-30": "", "2012-06-30": "", "2012-03-31": "", "2011-12-31": "", "2011-09-30": "", "2011-06-30": "", "2011-03-31": "", "2010-12-31": "", "2010-09-30": "", "2010-06-30": "", "2010-03-31": "", "2009-12-31": "", "2009-09-30": "", "2009-06-30": "", "2009-03-31": "", "2008-12-31": "", "2008-09-30": "9.45200", "2008-06-30": "9.45200", "2008-03-31": "9.45200", "2007-12-31": "9.45200", "2007-09-30": "9.45200", "2007-06-30": "9.45200", "2007-03-31": "9.45200", "2006-12-31": "9.45200", "2006-09-30": "9.45200", "2006-06-30": "9.45200", "2006-03-31": "", "2005-12-31": "9.45200", "2005-09-30": "9.79700", "2005-06-30": "9.61200", "2005-03-31": "9.61200"}, "Other Long-Term Assets": {"2020-09-30": "82.29400", "2020-06-30": "86.33400", "2020-03-31": "101.52700", "2019-12-31": "85.95000", "2019-09-30": "112.82600", "2019-06-30": "117.87600", "2019-03-31": "110.89400", "2018-12-31": "92.43400", "2018-09-30": "44.39200", "2018-06-30": "62.82500", "2018-03-31": "67.24700", "2017-12-31": "72.86900", "2017-09-30": "92.93100", "2017-06-30": "96.87700", "2017-03-31": "100.04200", "2016-12-31": "87.51500", "2016-09-30": "174.13000", "2016-06-30": "138.66900", "2016-03-31": "197.63900", "2015-12-31": "152.37400", "2015-09-30": "225.14500", "2015-06-30": "202.86500", "2015-03-31": "287.95000", "2014-12-31": "234.19900", "2014-09-30": "73.70000", "2014-06-30": "62.91900", "2014-03-31": "106.97300", "2013-12-31": "197.87200", "2013-09-30": "209.63700", "2013-06-30": "205.94300", "2013-03-31": "191.02400", "2012-12-31": "181.76800", "2012-09-30": "196.21600", "2012-06-30": "238.38500", "2012-03-31": "223.35000", "2011-12-31": "239.14000", "2011-09-30": "109.04100", "2011-06-30": "62.28000", "2011-03-31": "59.37800", "2010-12-31": "35.62400", "2010-09-30": "46.24900", "2010-06-30": "62.05200", "2010-03-31": "74.29000", "2009-12-31": "24.29200", "2009-09-30": "22.13700", "2009-06-30": "30.01200", "2009-03-31": "43.94500", "2008-12-31": "46.12100", "2008-09-30": "18.98300", "2008-06-30": "40.02200", "2008-03-31": "14.17800", "2007-12-31": "17.88900", "2007-09-30": "43.13500", "2007-06-30": "18.54600", "2007-03-31": "13.25900", "2006-12-31": "24.24100", "2006-09-30": "23.22200", "2006-06-30": "13.42800", "2006-03-31": "15.88400", "2005-12-31": "5.79800", "2005-09-30": "5.40500", "2005-06-30": "9.72200", "2005-03-31": "5.54400"}, "Total Long-Term Assets": {"2020-09-30": "4847.39500", "2020-06-30": "4912.15900", "2020-03-31": "4989.86500", "2019-12-31": "6039.59800", "2019-09-30": "6141.96900", "2019-06-30": "6103.20500", "2019-03-31": "6065.28400", "2018-12-31": "5923.59900", "2018-09-30": "5820.57900", "2018-06-30": "5781.27500", "2018-03-31": "5736.79600", "2017-12-31": "5627.66100", "2017-09-30": "5510.01400", "2017-06-30": "5443.28800", "2017-03-31": "5550.16200", "2016-12-31": "6168.86900", "2016-09-30": "4538.82400", "2016-06-30": "4740.00100", "2016-03-31": "4801.41800", "2015-12-31": "5102.65400", "2015-09-30": "5676.18400", "2015-06-30": "5687.91000", "2015-03-31": "5931.04300", "2014-12-31": "5738.10200", "2014-09-30": "5289.14100", "2014-06-30": "4497.12000", "2014-03-31": "4111.66900", "2013-12-31": "4057.66400", "2013-09-30": "4390.97500", "2013-06-30": "4195.03200", "2013-03-31": "3972.13400", "2012-12-31": "3858.96500", "2012-09-30": "3798.01400", "2012-06-30": "3665.33400", "2012-03-31": "3501.35400", "2011-12-31": "3335.77600", "2011-09-30": "3151.57600", "2011-06-30": "2873.77000", "2011-03-31": "2650.03400", "2010-12-31": "2469.67600", "2010-09-30": "2320.48100", "2010-06-30": "2215.72900", "2010-03-31": "2130.68200", "2009-12-31": "2151.89000", "2009-09-30": "2163.48200", "2009-06-30": "2195.71200", "2009-03-31": "2230.14000", "2008-12-31": "2385.45300", "2008-09-30": "2586.99900", "2008-06-30": "2485.31400", "2008-03-31": "2389.04500", "2007-12-31": "2301.73900", "2007-09-30": "2058.98900", "2007-06-30": "1909.02700", "2007-03-31": "1768.38900", "2006-12-31": "1672.15700", "2006-09-30": "1314.90900", "2006-06-30": "1219.87900", "2006-03-31": "1121.47000", "2005-12-31": "1064.81600", "2005-09-30": "1020.47900", "2005-06-30": "938.85200", "2005-03-31": "897.73800"}, "Total Assets": {"2020-09-30": "5122.28500", "2020-06-30": "5267.62800", "2020-03-31": "5615.02500", "2019-12-31": "6292.23200", "2019-09-30": "6453.08300", "2019-06-30": "6391.93900", "2019-03-31": "6286.61800", "2018-12-31": "6352.86200", "2018-09-30": "6273.72100", "2018-06-30": "6736.48500", "2018-03-31": "6659.98800", "2017-12-31": "6176.77600", "2017-09-30": "6178.92600", "2017-06-30": "6212.60500", "2017-03-31": "6399.70800", "2016-12-31": "6393.51100", "2016-09-30": "5785.43300", "2016-06-30": "5044.47500", "2016-03-31": "5207.05600", "2015-12-31": "5621.64300", "2015-09-30": "6213.86100", "2015-06-30": "6213.61800", "2015-03-31": "6600.68600", "2014-12-31": "6483.14500", "2014-09-30": "5660.74600", "2014-06-30": "5004.03500", "2014-03-31": "4689.01100", "2013-12-31": "4705.16500", "2013-09-30": "4736.84500", "2013-06-30": "4590.66800", "2013-03-31": "4292.32400", "2012-12-31": "4199.52900", "2012-09-30": "4123.95200", "2012-06-30": "3999.57100", "2012-03-31": "3845.09800", "2011-12-31": "3798.98000", "2011-09-30": "3456.28000", "2011-06-30": "3219.89300", "2011-03-31": "3053.52400", "2010-12-31": "2744.32100", "2010-09-30": "2518.99700", "2010-06-30": "2417.38500", "2010-03-31": "2388.31400", "2009-12-31": "2360.93600", "2009-09-30": "2343.75900", "2009-06-30": "2395.73900", "2009-03-31": "2489.18100", "2008-12-31": "2697.24700", "2008-09-30": "2873.52800", "2008-06-30": "2920.83800", "2008-03-31": "2670.28700", "2007-12-31": "2571.68000", "2007-09-30": "2286.00100", "2007-06-30": "2131.63100", "2007-03-31": "1965.12300", "2006-12-31": "1899.09700", "2006-09-30": "1544.01400", "2006-06-30": "1403.20800", "2006-03-31": "1353.68400", "2005-12-31": "1268.74700", "2005-09-30": "1221.34600", "2005-06-30": "1077.05100", "2005-03-31": "1028.63500"}, "Total Current Liabilities": {"2020-09-30": "377.27800", "2020-06-30": "307.90000", "2020-03-31": "383.46300", "2019-12-31": "472.04300", "2019-09-30": "491.04200", "2019-06-30": "503.94500", "2019-03-31": "545.34200", "2018-12-31": "466.05200", "2018-09-30": "733.85700", "2018-06-30": "1047.95700", "2018-03-31": "649.17600", "2017-12-31": "559.21200", "2017-09-30": "436.67600", "2017-06-30": "347.77200", "2017-03-31": "353.48500", "2016-12-31": "415.17200", "2016-09-30": "328.63000", "2016-06-30": "320.84100", "2016-03-31": "303.15700", "2015-12-31": "302.52500", "2015-09-30": "485.19700", "2015-06-30": "522.15700", "2015-03-31": "696.25500", "2014-12-31": "784.66000", "2014-09-30": "669.57400", "2014-06-30": "684.58100", "2014-03-31": "515.27900", "2013-12-31": "639.13100", "2013-09-30": "629.77900", "2013-06-30": "588.20000", "2013-03-31": "510.15400", "2012-12-31": "541.54600", "2012-09-30": "499.92500", "2012-06-30": "475.76100", "2012-03-31": "471.52500", "2011-12-31": "505.80500", "2011-09-30": "423.52600", "2011-06-30": "483.14800", "2011-03-31": "489.94900", "2010-12-31": "502.05300", "2010-09-30": "371.05400", "2010-06-30": "312.90300", "2010-03-31": "332.29900", "2009-12-31": "296.67100", "2009-09-30": "249.15700", "2009-06-30": "247.86300", "2009-03-31": "244.73900", "2008-12-31": "296.60100", "2008-09-30": "466.86300", "2008-06-30": "685.42400", "2008-03-31": "441.82600", "2007-12-31": "362.54500", "2007-09-30": "279.84000", "2007-06-30": "253.46200", "2007-03-31": "221.40300", "2006-12-31": "204.07000", "2006-09-30": "202.39500", "2006-06-30": "199.69800", "2006-03-31": "189.07400", "2005-12-31": "198.99400", "2005-09-30": "224.68700", "2005-06-30": "137.46000", "2005-03-31": "131.85600"}, "Long Term Debt": {"2020-09-30": "2353.03800", "2020-06-30": "2456.11900", "2020-03-31": "2645.38400", "2019-12-31": "2732.79800", "2019-09-30": "2735.76900", "2019-06-30": "2721.24000", "2019-03-31": "2646.28700", "2018-12-31": "2596.33300", "2018-09-30": "2592.95200", "2018-06-30": "2573.42400", "2018-03-31": "2912.24800", "2017-12-31": "2908.77000", "2017-09-30": "2905.35800", "2017-06-30": "2901.94800", "2017-03-31": "2898.60300", "2016-12-31": "2897.57500", "2016-09-30": "2894.32300", "2016-06-30": "2603.08000", "2016-03-31": "2564.47200", "2015-12-31": "2517.97000", "2015-09-30": "2534.00000", "2015-06-30": "2472.00000", "2015-03-31": "2616.50000", "2014-12-31": "2332.44500", "2014-09-30": "1990.00000", "2014-06-30": "1600.00000", "2014-03-31": "1600.00000", "2013-12-31": "1600.00000", "2013-09-30": "1628.00000", "2013-06-30": "1628.00000", "2013-03-31": "1530.00000", "2012-12-31": "1440.00000", "2012-09-30": "1328.00000", "2012-06-30": "1161.00000", "2012-03-31": "1011.50000", "2011-12-31": "985.06900", "2011-09-30": "632.63900", "2011-06-30": "630.29100", "2011-03-31": "627.94200", "2010-12-31": "323.67300", "2010-09-30": "275.40400", "2010-06-30": "271.21200", "2010-03-31": "269.02000", "2009-12-31": "454.90200", "2009-09-30": "499.78400", "2009-06-30": "537.73700", "2009-03-31": "559.80500", "2008-12-31": "558.71300", "2008-09-30": "457.50000", "2008-06-30": "582.50000", "2008-03-31": "564.00000", "2007-12-31": "572.50000", "2007-09-30": "442.50000", "2007-06-30": "383.50000", "2007-03-31": "350.00000", "2006-12-31": "433.98000", "2006-09-30": "165.95600", "2006-06-30": "150.93300", "2006-03-31": "99.90900", "2005-12-31": "99.88500", "2005-09-30": "151.86200", "2005-06-30": "150.83800", "2005-03-31": "146.81400"}, "Other Non-Current Liabilities": {"2020-09-30": "172.27900", "2020-06-30": "165.72800", "2020-03-31": "150.54300", "2019-12-31": "149.01100", "2019-09-30": "165.05300", "2019-06-30": "174.76500", "2019-03-31": "175.41600", "2018-12-31": "146.87700", "2018-09-30": "206.56400", "2018-06-30": "200.76800", "2018-03-31": "208.04400", "2017-12-31": "234.19700", "2017-09-30": "216.13100", "2017-06-30": "215.55100", "2017-03-31": "227.77400", "2016-12-31": "267.95900", "2016-09-30": "260.85300", "2016-06-30": "299.36300", "2016-03-31": "267.90600", "2015-12-31": "190.46800", "2015-09-30": "174.47500", "2015-06-30": "171.56600", "2015-03-31": "185.97700", "2014-12-31": "187.70400", "2014-09-30": "202.63400", "2014-06-30": "248.09400", "2014-03-31": "209.31900", "2013-12-31": "209.08800", "2013-09-30": "253.28200", "2013-06-30": "248.90300", "2013-03-31": "267.00600", "2012-12-31": "266.13400", "2012-09-30": "248.40800", "2012-06-30": "238.38900", "2012-03-31": "287.98900", "2011-12-31": "276.90300", "2011-09-30": "202.96900", "2011-06-30": "260.88300", "2011-03-31": "298.15600", "2010-12-31": "256.93400", "2010-09-30": "248.06700", "2010-06-30": "241.44000", "2010-03-31": "269.11200", "2009-12-31": "327.60400", "2009-09-30": "313.65900", "2009-06-30": "318.56700", "2009-03-31": "294.29000", "2008-12-31": "325.09600", "2008-09-30": "597.20900", "2008-06-30": "925.94100", "2008-03-31": "571.91500", "2007-12-31": "515.68700", "2007-09-30": "349.21700", "2007-06-30": "349.35700", "2007-03-31": "321.32800", "2006-12-31": "293.15500", "2006-09-30": "285.41200", "2006-06-30": "326.02900", "2006-03-31": "292.46100", "2005-12-31": "272.25200", "2005-09-30": "176.73400", "2005-06-30": "108.00000", "2005-03-31": "95.95100"}, "Total Long Term Liabilities": {"2020-09-30": "2559.89900", "2020-06-30": "2678.89600", "2020-03-31": "2889.84500", "2019-12-31": "3071.19500", "2019-09-30": "3118.29100", "2019-06-30": "3086.15100", "2019-03-31": "2998.05100", "2018-12-31": "2966.48800", "2018-09-30": "2940.46500", "2018-06-30": "2951.90100", "2018-03-31": "3298.71500", "2017-12-31": "3222.95600", "2017-09-30": "3330.20900", "2017-06-30": "3363.00500", "2017-03-31": "3430.70800", "2016-12-31": "3481.20600", "2016-09-30": "3608.88800", "2016-06-30": "3374.79800", "2016-03-31": "3395.48300", "2015-12-31": "3466.71700", "2015-09-30": "3541.82700", "2015-06-30": "3503.15400", "2015-03-31": "3668.20300", "2014-12-31": "3411.83000", "2014-09-30": "3039.33200", "2014-06-30": "2573.50200", "2014-03-31": "2498.31300", "2013-12-31": "2459.21300", "2013-09-30": "2520.28200", "2013-06-30": "2475.56500", "2013-03-31": "2345.34500", "2012-12-31": "2243.51700", "2012-09-30": "2149.98500", "2012-06-30": "1996.11400", "2012-03-31": "1883.14900", "2011-12-31": "1830.23500", "2011-09-30": "1445.00100", "2011-06-30": "1387.57900", "2011-03-31": "1351.12700", "2010-12-31": "1023.74200", "2010-09-30": "945.49200", "2010-06-30": "921.64900", "2010-03-31": "922.42400", "2009-12-31": "1090.69500", "2009-09-30": "1098.48500", "2009-06-30": "1136.44800", "2009-03-31": "1159.56600", "2008-12-31": "1238.13700", "2008-09-30": "1397.75500", "2008-06-30": "1695.03100", "2008-03-31": "1424.96500", "2007-12-31": "1345.79000", "2007-09-30": "1072.96700", "2007-06-30": "979.36500", "2007-03-31": "899.35210", "2006-12-31": "951.65310", "2006-09-30": "655.20500", "2006-06-30": "631.65100", "2006-03-31": "530.45500", "2005-12-31": "500.43300", "2005-09-30": "479.72500", "2005-06-30": "420.17100", "2005-03-31": "396.48900"}, "Total Liabilities": {"2020-09-30": "2937.17700", "2020-06-30": "2986.79600", "2020-03-31": "3273.30800", "2019-12-31": "3543.23800", "2019-09-30": "3609.33300", "2019-06-30": "3590.09600", "2019-03-31": "3543.39300", "2018-12-31": "3432.54000", "2018-09-30": "3674.32200", "2018-06-30": "3999.85800", "2018-03-31": "3947.89100", "2017-12-31": "3782.16800", "2017-09-30": "3766.88500", "2017-06-30": "3710.77700", "2017-03-31": "3784.19300", "2016-12-31": "3896.37800", "2016-09-30": "3937.51800", "2016-06-30": "3695.63900", "2016-03-31": "3698.64000", "2015-12-31": "3769.24200", "2015-09-30": "4027.02400", "2015-06-30": "4025.31100", "2015-03-31": "4364.45800", "2014-12-31": "4196.49000", "2014-09-30": "3708.90600", "2014-06-30": "3258.08300", "2014-03-31": "3013.59200", "2013-12-31": "3098.34400", "2013-09-30": "3150.06100", "2013-06-30": "3063.76500", "2013-03-31": "2855.49900", "2012-12-31": "2785.06300", "2012-09-30": "2649.91000", "2012-06-30": "2471.87500", "2012-03-31": "2354.67400", "2011-12-31": "2336.04000", "2011-09-30": "1868.52700", "2011-06-30": "1870.72700", "2011-03-31": "1841.07600", "2010-12-31": "1525.79500", "2010-09-30": "1316.54600", "2010-06-30": "1234.55200", "2010-03-31": "1254.72300", "2009-12-31": "1387.36600", "2009-09-30": "1347.64200", "2009-06-30": "1384.31100", "2009-03-31": "1404.30500", "2008-12-31": "1534.73800", "2008-09-30": "1864.61800", "2008-06-30": "2380.45500", "2008-03-31": "1866.79100", "2007-12-31": "1708.33500", "2007-09-30": "1352.80700", "2007-06-30": "1232.82700", "2007-03-31": "1120.75500", "2006-12-31": "1155.72300", "2006-09-30": "857.60000", "2006-06-30": "831.34900", "2006-03-31": "719.52900", "2005-12-31": "699.42700", "2005-09-30": "704.41200", "2005-06-30": "558.63100", "2005-03-31": "528.34500"}, "Common Stock Net": {"2020-09-30": "1.14600", "2020-06-30": "1.13600", "2020-03-31": "1.13000", "2019-12-31": "1.13000", "2019-09-30": "1.12900", "2019-06-30": "1.12500", "2019-03-31": "1.12200", "2018-12-31": "1.12200", "2018-09-30": "1.12100", "2018-06-30": "1.11800", "2018-03-31": "1.11700", "2017-12-31": "1.11700", "2017-09-30": "1.11600", "2017-06-30": "1.11500", "2017-03-31": "1.11300", "2016-12-31": "1.11300", "2016-09-30": "0.86900", "2016-06-30": "0.68300", "2016-03-31": "0.68100", "2015-12-31": "0.68100", "2015-09-30": "0.68000", "2015-06-30": "0.67600", "2015-03-31": "0.67500", "2014-12-31": "0.67500", "2014-09-30": "0.67400", "2014-06-30": "0.67100", "2014-03-31": "0.67100", "2013-12-31": "0.67100", "2013-09-30": "0.67000", "2013-06-30": "0.66400", "2013-03-31": "0.66300", "2012-12-31": "0.66200", "2012-09-30": "0.66100", "2012-06-30": "0.65200", "2012-03-31": "0.64200", "2011-12-31": "0.64100", "2011-09-30": "0.64100", "2011-06-30": "0.63800", "2011-03-31": "0.63700", "2010-12-31": "0.63400", "2010-09-30": "0.63100", "2010-06-30": "0.63100", "2010-03-31": "0.63000", "2009-12-31": "0.62900", "2009-09-30": "0.62600", "2009-06-30": "0.62600", "2009-03-31": "0.62600", "2008-12-31": "0.62500", "2008-09-30": "0.62400", "2008-06-30": "0.62300", "2008-03-31": "0.61500", "2007-12-31": "0.64000", "2007-09-30": "0.63700", "2007-06-30": "0.63600", "2007-03-31": "0.63000", "2006-12-31": "0.55300", "2006-09-30": "0.55100", "2006-06-30": "0.58300", "2006-03-31": "0.57200", "2005-12-31": "0.57000", "2005-09-30": "0.58200", "2005-06-30": "0.58000", "2005-03-31": "0.57700"}, "Retained Earnings (Accumulated Deficit)": {"2020-09-30": "365.87200", "2020-06-30": "465.31000", "2020-03-31": "554.56200", "2019-12-31": "967.58700", "2019-09-30": "1069.64200", "2019-06-30": "1033.05100", "2019-03-31": "982.66200", "2018-12-31": "1165.84200", "2018-09-30": "856.11100", "2018-06-30": "997.64100", "2018-03-31": "980.44400", "2017-12-31": "665.65700", "2017-09-30": "691.91500", "2017-06-30": "786.60800", "2017-03-31": "906.51500", "2016-12-31": "794.02000", "2016-09-30": "994.96900", "2016-06-30": "1040.21900", "2016-03-31": "1208.90000", "2015-12-31": "1559.51500", "2015-09-30": "1899.80300", "2015-06-30": "1900.05800", "2015-03-31": "1957.74700", "2014-12-31": "2013.99700", "2014-09-30": "1682.27300", "2014-06-30": "1476.70300", "2014-03-31": "1416.92300", "2013-12-31": "1354.66900", "2013-09-30": "1347.67400", "2013-06-30": "1280.33200", "2013-03-31": "1203.81300", "2012-12-31": "1190.39700", "2012-09-30": "1257.53400", "2012-06-30": "1299.17500", "2012-03-31": "1274.28700", "2011-12-31": "1251.15700", "2011-09-30": "1371.86900", "2011-06-30": "1144.97200", "2011-03-31": "1020.44800", "2010-12-31": "1042.12300", "2010-09-30": "1004.98400", "2010-06-30": "992.68500", "2010-03-31": "974.62000", "2009-12-31": "851.58300", "2009-09-30": "850.59300", "2009-06-30": "858.13500", "2009-03-31": "866.45700", "2008-12-31": "957.20000", "2008-09-30": "1090.05900", "2008-06-30": "1005.12200", "2008-03-31": "971.57000", "2007-12-31": "878.65200", "2007-09-30": "845.78600", "2007-06-30": "791.26900", "2007-03-31": "732.03500", "2006-12-31": "695.22400", "2006-09-30": "651.69300", "2006-06-30": "598.55900", "2006-03-31": "558.49000", "2005-12-31": "510.81200", "2005-09-30": "459.57600", "2005-06-30": "435.06800", "2005-03-31": "396.80800"}, "Comprehensive Income": {"2020-09-30": "-9.74600", "2020-06-30": "-10.94100", "2020-03-31": "-11.12900", "2019-12-31": "-11.31900", "2019-09-30": "-11.80800", "2019-06-30": "-11.99800", "2019-03-31": "-12.11700", "2018-12-31": "-12.38000", "2018-09-30": "-16.03800", "2018-06-30": "-16.30100", "2018-03-31": "-16.49900", "2017-12-31": "-13.78900", "2017-09-30": "-15.20700", "2017-06-30": "-14.99900", "2017-03-31": "-15.12300", "2016-12-31": "-14.55600", "2016-09-30": "-14.16200", "2016-06-30": "-13.90700", "2016-03-31": "-13.63800", "2015-12-31": "-13.40200", "2015-09-30": "-12.08400", "2015-06-30": "-12.06400", "2015-03-31": "-11.48800", "2014-12-31": "-11.31200", "2014-09-30": "-4.89000", "2014-06-30": "-5.08600", "2014-03-31": "-5.41600", "2013-12-31": "-5.41600", "2013-09-30": "-7.90200", "2013-06-30": "-8.21000", "2013-03-31": "-8.95600", "2012-12-31": "-9.01400", "2012-09-30": "-5.74400", "2012-06-30": "-5.43000", "2012-03-31": "-5.31400", "2011-12-31": "-4.28000", "2011-09-30": "-6.33300", "2011-06-30": "-10.60400", "2011-03-31": "-14.55500", "2010-12-31": "-15.48200", "2010-09-30": "14.08900", "2010-06-30": "15.03300", "2010-03-31": "-6.19500", "2009-12-31": "-37.95400", "2009-09-30": "-5.49200", "2009-06-30": "7.95100", "2009-03-31": "77.69400", "2008-12-31": "65.29300", "2008-09-30": "-171.26500", "2008-06-30": "-550.16200", "2008-03-31": "-230.80800", "2007-12-31": "-156.96800", "2007-09-30": "-47.18300", "2007-06-30": "-45.77300", "2007-03-31": "-34.54900", "2006-12-31": "12.92900", "2006-09-30": "4.58700", "2006-06-30": "-52.24600", "2006-03-31": "-45.08800", "2005-12-31": "-54.59900", "2005-09-30": "-49.48000", "2005-06-30": "-17.41900", "2005-03-31": "-19.67500"}, "Other Share Holders Equity": {"2020-09-30": "", "2020-06-30": "", "2020-03-31": "", "2019-12-31": "", "2019-09-30": "", "2019-06-30": "", "2019-03-31": "", "2018-12-31": "", "2018-09-30": "", "2018-06-30": "", "2018-03-31": "", "2017-12-31": "", "2017-09-30": "", "2017-06-30": "", "2017-03-31": "", "2016-12-31": "", "2016-09-30": "", "2016-06-30": "", "2016-03-31": "", "2015-12-31": "", "2015-09-30": "", "2015-06-30": "", "2015-03-31": "", "2014-12-31": "", "2014-09-30": "", "2014-06-30": "", "2014-03-31": "", "2013-12-31": "", "2013-09-30": "", "2013-06-30": "", "2013-03-31": "", "2012-12-31": "", "2012-09-30": "", "2012-06-30": "", "2012-03-31": "", "2011-12-31": "", "2011-09-30": "", "2011-06-30": "", "2011-03-31": "", "2010-12-31": "", "2010-09-30": "", "2010-06-30": "", "2010-03-31": "", "2009-12-31": "", "2009-09-30": "", "2009-06-30": "", "2009-03-31": "", "2008-12-31": "", "2008-09-30": "", "2008-06-30": "", "2008-03-31": "", "2007-12-31": "", "2007-09-30": "", "2007-06-30": "", "2007-03-31": "", "2006-12-31": "", "2006-09-30": "", "2006-06-30": "", "2006-03-31": "", "2005-12-31": "", "2005-09-30": "", "2005-06-30": "", "2005-03-31": ""}, "Share Holder Equity": {"2020-09-30": "2185.10800", "2020-06-30": "2280.83200", "2020-03-31": "2341.71700", "2019-12-31": "2748.99400", "2019-09-30": "2843.75000", "2019-06-30": "2801.84300", "2019-03-31": "2743.22500", "2018-12-31": "2920.32200", "2018-09-30": "2599.39900", "2018-06-30": "2736.62700", "2018-03-31": "2712.09700", "2017-12-31": "2394.60800", "2017-09-30": "2412.04100", "2017-06-30": "2501.82800", "2017-03-31": "2615.51500", "2016-12-31": "2497.13300", "2016-09-30": "1847.91500", "2016-06-30": "1348.83600", "2016-03-31": "1508.41600", "2015-12-31": "1852.40100", "2015-09-30": "2186.83700", "2015-06-30": "2188.30700", "2015-03-31": "2236.22800", "2014-12-31": "2286.65500", "2014-09-30": "1951.84000", "2014-06-30": "1745.95200", "2014-03-31": "1675.41900", "2013-12-31": "1606.82100", "2013-09-30": "1586.78400", "2013-06-30": "1526.90300", "2013-03-31": "1436.82500", "2012-12-31": "1414.46600", "2012-09-30": "1474.04200", "2012-06-30": "1527.69600", "2012-03-31": "1490.42400", "2011-12-31": "1462.94000", "2011-09-30": "1587.75300", "2011-06-30": "1349.16600", "2011-03-31": "1212.44800", "2010-12-31": "1218.52600", "2010-09-30": "1202.45100", "2010-06-30": "1182.83300", "2010-03-31": "1133.59100", "2009-12-31": "973.57000", "2009-09-30": "996.11700", "2009-06-30": "1011.42800", "2009-03-31": "1084.87600", "2008-12-31": "1162.50900", "2008-09-30": "1008.91000", "2008-06-30": "540.38300", "2008-03-31": "803.49600", "2007-12-31": "863.34500", "2007-09-30": "933.19400", "2007-06-30": "898.80400", "2007-03-31": "844.36800", "2006-12-31": "743.37400", "2006-09-30": "686.41400", "2006-06-30": "571.85900", "2006-03-31": "634.15500", "2005-12-31": "569.32000", "2005-09-30": "516.93400", "2005-06-30": "518.42000", "2005-03-31": "500.29000"}, "Total Liabilities And Share Holders Equity": {"2020-09-30": "5122.28500", "2020-06-30": "5267.62800", "2020-03-31": "5615.02500", "2019-12-31": "6292.23200", "2019-09-30": "6453.08300", "2019-06-30": "6391.93900", "2019-03-31": "6286.61800", "2018-12-31": "6352.86200", "2018-09-30": "6273.72100", "2018-06-30": "6736.48500", "2018-03-31": "6659.98800", "2017-12-31": "6176.77600", "2017-09-30": "6178.92600", "2017-06-30": "6212.60500", "2017-03-31": "6399.70800", "2016-12-31": "6393.51100", "2016-09-30": "5785.43300", "2016-06-30": "5044.47500", "2016-03-31": "5207.05600", "2015-12-31": "5621.64300", "2015-09-30": "6213.86100", "2015-06-30": "6213.61800", "2015-03-31": "6600.68600", "2014-12-31": "6483.14500", "2014-09-30": "5660.74600", "2014-06-30": "5004.03500", "2014-03-31": "4689.01100", "2013-12-31": "4705.16500", "2013-09-30": "4736.84500", "2013-06-30": "4590.66800", "2013-03-31": "4292.32400", "2012-12-31": "4199.52900", "2012-09-30": "4123.95200", "2012-06-30": "3999.57100", "2012-03-31": "3845.09800", "2011-12-31": "3798.98000", "2011-09-30": "3456.28000", "2011-06-30": "3219.89300", "2011-03-31": "3053.52400", "2010-12-31": "2744.32100", "2010-09-30": "2518.99700", "2010-06-30": "2417.38500", "2010-03-31": "2388.31400", "2009-12-31": "2360.93600", "2009-09-30": "2343.75900", "2009-06-30": "2395.73900", "2009-03-31": "2489.18100", "2008-12-31": "2697.24700", "2008-09-30": "2873.52800", "2008-06-30": "2920.83800", "2008-03-31": "2670.28700", "2007-12-31": "2571.68000", "2007-09-30": "2286.00100", "2007-06-30": "2131.63100", "2007-03-31": "1965.12300", "2006-12-31": "1899.09700", "2006-09-30": "1544.01400", "2006-06-30": "1403.20800", "2006-03-31": "1353.68400", "2005-12-31": "1268.74700", "2005-09-30": "1221.34600", "2005-06-30": "1077.05100", "2005-03-31": "1028.63500"}}, "cash flow statement": {"Net Income/Loss": {"2019-12-31": "-187.00100", "2018-12-31": "508.40700", "2017-12-31": "-160.84300", "2016-12-31": "-757.74400", "2015-12-31": "-447.71000", "2014-12-31": "666.05100", "2013-12-31": "170.93500", "2012-12-31": "-54.24900", "2011-12-31": "215.41600", "2010-12-31": "196.83700", "2009-12-31": "-99.37000", "2008-12-31": "87.34800", "2007-12-31": "187.09800", "2006-12-31": "190.01500", "2005-12-31": "151.93600"}, "Total Depreciation And Amortization - Cash Flow": {"2019-12-31": "839.27200", "2018-12-31": "680.57100", "2017-12-31": "573.31200", "2016-12-31": "800.68300", "2015-12-31": "928.71900", "2014-12-31": "773.67800", "2013-12-31": "828.26200", "2012-12-31": "734.64600", "2011-12-31": "529.40200", "2010-12-31": "349.60500", "2009-12-31": "316.41400", "2008-12-31": "333.12600", "2007-12-31": "233.00900", "2006-12-31": "154.52200", "2005-12-31": "132.75800"}, "Other Non-Cash Items": {"2019-12-31": "154.44400", "2018-12-31": "-482.02000", "2017-12-31": "33.30800", "2016-12-31": "530.61890", "2015-12-31": "448.07000", "2014-12-31": "26.14800", "2013-12-31": "324.48900", "2012-12-31": "231.09200", "2011-12-31": "56.50800", "2010-12-31": "-43.46400", "2009-12-31": "203.37100", "2008-12-31": "312.99000", "2007-12-31": "161.54200", "2006-12-31": "129.44200", "2005-12-31": "134.53300"}, "Total Non-Cash Items": {"2019-12-31": "993.71590", "2018-12-31": "198.55100", "2017-12-31": "606.62010", "2016-12-31": "1331.30200", "2015-12-31": "1376.78900", "2014-12-31": "799.82600", "2013-12-31": "1152.75100", "2012-12-31": "965.73800", "2011-12-31": "585.91000", "2010-12-31": "306.14100", "2009-12-31": "519.78500", "2008-12-31": "646.11600", "2007-12-31": "394.55100", "2006-12-31": "283.96400", "2005-12-31": "267.29100"}, "Change In Accounts Receivable": {"2019-12-31": "-39.55600", "2018-12-31": "-20.77500", "2017-12-31": "20.41000", "2016-12-31": "-10.56200", "2015-12-31": "140.20000", "2014-12-31": "24.08800", "2013-12-31": "-79.39800", "2012-12-31": "-21.38900", "2011-12-31": "-41.99800", "2010-12-31": "-47.15300", "2009-12-31": "46.74300", "2008-12-31": "-14.32700", "2007-12-31": "-6.55700", "2006-12-31": "22.47600", "2005-12-31": "-57.11300"}, "Change In Inventories": {"2019-12-31": "", "2018-12-31": "", "2017-12-31": "", "2016-12-31": "", "2015-12-31": "", "2014-12-31": "", "2013-12-31": "", "2012-12-31": "", "2011-12-31": "", "2010-12-31": "", "2009-12-31": "", "2008-12-31": "", "2007-12-31": "", "2006-12-31": "", "2005-12-31": ""}, "Change In Accounts Payable": {"2019-12-31": "", "2018-12-31": "", "2017-12-31": "", "2016-12-31": "", "2015-12-31": "", "2014-12-31": "", "2013-12-31": "", "2012-12-31": "", "2011-12-31": "", "2010-12-31": "", "2009-12-31": "", "2008-12-31": "", "2007-12-31": "", "2006-12-31": "", "2005-12-31": ""}, "Change In Assets/Liabilities": {"2019-12-31": "6.13000", "2018-12-31": "-0.72900", "2017-12-31": "-1.95300", "2016-12-31": "8.47800", "2015-12-31": "2.56300", "2014-12-31": "-1.82200", "2013-12-31": "0.09800", "2012-12-31": "0.73300", "2011-12-31": "16.37600", "2010-12-31": "-36.21700", "2009-12-31": "-6.62600", "2008-12-31": "-15.37100", "2007-12-31": "9.44200", "2006-12-31": "-33.97000", "2005-12-31": "4.82700"}, "Total Change In Assets/Liabilities": {"2019-12-31": "16.85200", "2018-12-31": "13.67100", "2017-12-31": "69.61300", "2016-12-31": "-20.75400", "2015-12-31": "61.72800", "2014-12-31": "-9.30200", "2013-12-31": "14.82800", "2012-12-31": "10.48000", "2011-12-31": "-40.79400", "2010-12-31": "-5.88100", "2009-12-31": "15.69100", "2008-12-31": "-54.27400", "2007-12-31": "50.40500", "2006-12-31": "-6.27900", "2005-12-31": "-9.84800"}, "Cash Flow From Operating Activities": {"2019-12-31": "823.56700", "2018-12-31": "720.62900", "2017-12-31": "515.39000", "2016-12-31": "552.80400", "2015-12-31": "990.80700", "2014-12-31": "1456.57500", "2013-12-31": "1338.51400", "2012-12-31": "921.96900", "2011-12-31": "760.53200", "2010-12-31": "497.09700", "2009-12-31": "436.10600", "2008-12-31": "679.19000", "2007-12-31": "632.05400", "2006-12-31": "467.70000", "2005-12-31": "409.37900"}, "Net Change In Property, Plant, And Equipment": {"2019-12-31": "-1013.29100", "2018-12-31": "-587.93400", "2017-12-31": "-201.53000", "2016-12-31": "-1867.63900", "2015-12-31": "-1143.65400", "2014-12-31": "-2475.49300", "2013-12-31": "-1190.29000", "2012-12-31": "-1458.22600", "2011-12-31": "-1268.57100", "2010-12-31": "-357.44800", "2009-12-31": "-339.43100", "2008-12-31": "-649.54200", "2007-12-31": "-821.39800", "2006-12-31": "-724.83500", "2005-12-31": "-343.57300"}, "Net Change In Intangible Assets": {"2019-12-31": "", "2018-12-31": "", "2017-12-31": "", "2016-12-31": "", "2015-12-31": "", "2014-12-31": "", "2013-12-31": "", "2012-12-31": "", "2011-12-31": "", "2010-12-31": "", "2009-12-31": "", "2008-12-31": "", "2007-12-31": "", "2006-12-31": "", "2005-12-31": ""}, "Net Acquisitions/Divestitures": {"2019-12-31": "", "2018-12-31": "", "2017-12-31": "", "2016-12-31": "", "2015-12-31": "", "2014-12-31": "", "2013-12-31": "", "2012-12-31": "", "2011-12-31": "", "2010-12-31": "", "2009-12-31": "", "2008-12-31": "", "2007-12-31": "", "2006-12-31": "", "2005-12-31": ""}, "Net Change In Short-term Investments": {"2019-12-31": "", "2018-12-31": "", "2017-12-31": "", "2016-12-31": "", "2015-12-31": "", "2014-12-31": "", "2013-12-31": "", "2012-12-31": "", "2011-12-31": "", "2010-12-31": "", "2009-12-31": "", "2008-12-31": "", "2007-12-31": "0.28200", "2006-12-31": "", "2005-12-31": "-0.07500"}, "Net Change In Long-Term Investments": {"2019-12-31": "", "2018-12-31": "", "2017-12-31": "", "2016-12-31": "", "2015-12-31": "", "2014-12-31": "", "2013-12-31": "", "2012-12-31": "", "2011-12-31": "", "2010-12-31": "", "2009-12-31": "", "2008-12-31": "", "2007-12-31": "", "2006-12-31": "", "2005-12-31": ""}, "Net Change In Investments - Total": {"2019-12-31": "", "2018-12-31": "", "2017-12-31": "", "2016-12-31": "", "2015-12-31": "", "2014-12-31": "", "2013-12-31": "", "2012-12-31": "", "2011-12-31": "", "2010-12-31": "", "2009-12-31": "", "2008-12-31": "", "2007-12-31": "0.28200", "2006-12-31": "", "2005-12-31": "-0.07500"}, "Investing Activities - Other": {"2019-12-31": "", "2018-12-31": "", "2017-12-31": "", "2016-12-31": "", "2015-12-31": "-0.98500", "2014-12-31": "-3.25600", "2013-12-31": "-2.61300", "2012-12-31": "0.89300", "2011-12-31": "3.66100", "2010-12-31": "-4.12500", "2009-12-31": "35.33900", "2008-12-31": "-24.21200", "2007-12-31": "15.98200", "2006-12-31": "0.11600", "2005-12-31": "3.86900"}, "Cash Flow From Investing Activities": {"2019-12-31": "-1013.29100", "2018-12-31": "-587.93400", "2017-12-31": "-201.53000", "2016-12-31": "-1867.63900", "2015-12-31": "-1144.63900", "2014-12-31": "-2478.74900", "2013-12-31": "-1192.90300", "2012-12-31": "-1457.33300", "2011-12-31": "-1264.91000", "2010-12-31": "-361.57300", "2009-12-31": "-304.09200", "2008-12-31": "-673.75400", "2007-12-31": "-805.13400", "2006-12-31": "-724.71900", "2005-12-31": "-339.77900"}, "Net Long-Term Debt": {"2019-12-31": "122.50000", "2018-12-31": "492.07900", "2017-12-31": "", "2016-12-31": "456.25700", "2015-12-31": "176.95090", "2014-12-31": "755.99100", "2013-12-31": "150.18510", "2012-12-31": "444.63790", "2011-12-31": "636.24200", "2010-12-31": "-140.00000", "2009-12-31": "-112.00000", "2008-12-31": "15.00000", "2007-12-31": "231.65700", "2006-12-31": "334.00000", "2005-12-31": "-37.00000"}, "Net Current Debt": {"2019-12-31": "", "2018-12-31": "", "2017-12-31": "", "2016-12-31": "", "2015-12-31": "", "2014-12-31": "", "2013-12-31": "", "2012-12-31": "", "2011-12-31": "", "2010-12-31": "", "2009-12-31": "", "2008-12-31": "", "2007-12-31": "-4.46900", "2006-12-31": "", "2005-12-31": ""}, "Debt Issuance/Retirement Net - Total": {"2019-12-31": "122.50000", "2018-12-31": "492.07900", "2017-12-31": "", "2016-12-31": "456.25700", "2015-12-31": "176.95090", "2014-12-31": "755.99100", "2013-12-31": "150.18510", "2012-12-31": "444.63790", "2011-12-31": "636.24200", "2010-12-31": "-140.00000", "2009-12-31": "-112.00000", "2008-12-31": "15.00000", "2007-12-31": "227.18800", "2006-12-31": "334.00000", "2005-12-31": "-37.00000"}, "Net Common Equity Issued/Repurchased": {"2019-12-31": "3.20900", "2018-12-31": "3.18700", "2017-12-31": "2.62300", "2016-12-31": "938.26800", "2015-12-31": "-3.83400", "2014-12-31": "-5.74700", "2013-12-31": "-9.36200", "2012-12-31": "-15.80600", "2011-12-31": "-2.64600", "2010-12-31": "4.34700", "2009-12-31": "3.11000", "2008-12-31": "-65.31400", "2007-12-31": "-15.89700", "2006-12-31": "-105.39200", "2005-12-31": "-17.70900"}, "Net Total Equity Issued/Repurchased": {"2019-12-31": "3.20900", "2018-12-31": "3.18700", "2017-12-31": "2.62300", "2016-12-31": "938.26800", "2015-12-31": "-3.83400", "2014-12-31": "-5.74700", "2013-12-31": "-9.36200", "2012-12-31": "-15.80600", "2011-12-31": "-2.64600", "2010-12-31": "4.34700", "2009-12-31": "3.11000", "2008-12-31": "-65.31400", "2007-12-31": "-15.89700", "2006-12-31": "-105.39200", "2005-12-31": "-17.70900"}, "Total Common And Preferred Stock Dividends Paid": {"2019-12-31": "-11.25400", "2018-12-31": "-11.19100", "2017-12-31": "-11.14400", "2016-12-31": "-7.75100", "2015-12-31": "-6.77200", "2014-12-31": "-6.72300", "2013-12-31": "-6.66300", "2012-12-31": "-6.51100", "2011-12-31": "-6.38200", "2010-12-31": "-6.29700", "2009-12-31": "-6.24700", "2008-12-31": "-6.18600", "2007-12-31": "-6.28400", "2006-12-31": "-5.60300", "2005-12-31": "-5.69100"}, "Financial Activities - Other": {"2019-12-31": "-2.68600", "2018-12-31": "-852.74800", "2017-12-31": "-3.76800", "2016-12-31": "-59.58500", "2015-12-31": "-12.61500", "2014-12-31": "-3.47500", "2013-12-31": "-3.44900", "2012-12-31": "-0.22500", "2011-12-31": "-8.71900", "2010-12-31": "0.85400", "2009-12-31": "-12.35900", "2008-12-31": "13.68500", "2007-12-31": "10.11900", "2006-12-31": "20.55300", "2005-12-31": "-0.69300"}, "Cash Flow From Financial Activities": {"2019-12-31": "111.76900", "2018-12-31": "-368.67300", "2017-12-31": "-12.28900", "2016-12-31": "1327.18900", "2015-12-31": "153.73000", "2014-12-31": "740.04600", "2013-12-31": "130.71100", "2012-12-31": "422.09600", "2011-12-31": "618.49500", "2010-12-31": "-141.09600", "2009-12-31": "-127.49600", "2008-12-31": "-42.81500", "2007-12-31": "215.12600", "2006-12-31": "243.55800", "2005-12-31": "-61.09300"}, "Net Cash Flow": {"2019-12-31": "-77.95500", "2018-12-31": "-235.97800", "2017-12-31": "301.57100", "2016-12-31": "12.35400", "2015-12-31": "-0.10200", "2014-12-31": "-282.12800", "2013-12-31": "276.32200", "2012-12-31": "-113.26800", "2011-12-31": "114.11700", "2010-12-31": "-5.57200", "2009-12-31": "4.51800", "2008-12-31": "-37.37900", "2007-12-31": "42.04600", "2006-12-31": "-13.46100", "2005-12-31": "8.50700"}, "Stock-Based Compensation": {"2019-12-31": "24.31800", "2018-12-31": "23.90800", "2017-12-31": "22.70000", "2016-12-31": "26.89700", "2015-12-31": "27.46700", "2014-12-31": "32.69400", "2013-12-31": "32.34700", "2012-12-31": "30.18500", "2011-12-31": "26.82400", "2010-12-31": "26.74300", "2009-12-31": "18.76500", "2008-12-31": "14.81200", "2007-12-31": "10.09500", "2006-12-31": "11.42200", "2005-12-31": "7.16500"}, "Common Stock Dividends Paid": {"2019-12-31": "-11.25400", "2018-12-31": "-11.19100", "2017-12-31": "-11.14400", "2016-12-31": "-7.75100", "2015-12-31": "-6.77200", "2014-12-31": "-6.72300", "2013-12-31": "-6.66300", "2012-12-31": "-6.51100", "2011-12-31": "-6.38200", "2010-12-31": "-6.29700", "2009-12-31": "-6.24700", "2008-12-31": "-6.18600", "2007-12-31": "-6.28400", "2006-12-31": "-5.60300", "2005-12-31": "-5.69100"}}, "cash flow statement, quarterly": {"Net Income/Loss": {"2020-09-30": -98.292, "2020-06-30": -89.252, "2020-03-31": "-411.89500", "2019-12-31": -102.055, "2019-09-30": 42.234, "2019-06-30": 50.388, "2019-03-31": "-177.56800", "2018-12-31": 309.732, "2018-09-30": -135.923, "2018-06-30": 17.197, "2018-03-31": "317.40100", "2017-12-31": -26.258, "2017-09-30": -89.112, "2017-06-30": -119.907, "2017-03-31": "74.43400", "2016-12-31": -200.946, "2016-09-30": -40.907, "2016-06-30": -168.681, "2016-03-31": "-347.21000", "2015-12-31": -340.258, "2015-09-30": 3.114, "2015-06-30": -57.508, "2015-03-31": "-53.05800", "2014-12-31": 331.726, "2014-09-30": 208.938, "2014-06-30": 59.78, "2014-03-31": "65.60700", "2013-12-31": 6.996, "2013-09-30": 70.69, "2013-06-30": 76.522, "2013-03-31": "16.72700", "2012-12-31": -67.138, "2012-09-30": -38.336, "2012-06-30": 24.889, "2012-03-31": "26.33600", "2011-12-31": -120.711, "2011-09-30": 230.097, "2011-06-30": 124.533, "2011-03-31": "-18.50300", "2010-12-31": 37.139, "2010-09-30": 15.452, "2010-06-30": 18.068, "2010-03-31": "126.17800", "2009-12-31": 0.99, "2009-09-30": -4.415, "2009-06-30": -8.322, "2009-03-31": "-87.62300", "2008-12-31": -127.092, "2008-09-30": 86.997, "2008-06-30": 32.469, "2008-03-31": "94.97400", "2007-12-31": 30.26, "2007-09-30": 57.653, "2007-06-30": 59.235, "2007-03-31": "39.95000", "2006-12-31": 43.532, "2006-09-30": 55.877, "2006-06-30": 40.08, "2006-03-31": "50.52600", "2005-12-31": 51.238, "2005-09-30": 27.334, "2005-06-30": 38.261, "2005-03-31": "35.10300"}, "Total Depreciation And Amortization - Cash Flow": {"2020-09-30": 186.214, "2020-06-30": 185.442, "2020-03-31": "237.48100", "2019-12-31": 232.517, "2019-09-30": 215.046, "2019-06-30": 210.174, "2019-03-31": "181.53500", "2018-12-31": 185.686, "2018-09-30": 204.897, "2018-06-30": 155.649, "2018-03-31": "134.33900", "2017-12-31": 135.191, "2017-09-30": 138.398, "2017-06-30": 156.965, "2017-03-31": "142.75800", "2016-12-31": 175.803, "2016-09-30": 197.723, "2016-06-30": 213.87, "2016-03-31": "213.28700", "2015-12-31": 241.932, "2015-09-30": 245.79, "2015-06-30": 221.639, "2015-03-31": "219.35800", "2014-12-31": 220.99, "2014-09-30": 184.738, "2014-06-30": 189.258, "2014-03-31": "178.69200", "2013-12-31": 204.116, "2013-09-30": 197.266, "2013-06-30": 227.094, "2013-03-31": "199.78600", "2012-12-31": 205.344, "2012-09-30": 193.508, "2012-06-30": 162.559, "2012-03-31": "173.23500", "2011-12-31": 170.899, "2011-09-30": 126.471, "2011-06-30": 123.056, "2011-03-31": "108.97600", "2010-12-31": 98.248, "2010-09-30": 87.165, "2010-06-30": 83.136, "2010-03-31": "81.05600", "2009-12-31": 78.431, "2009-09-30": 70.177, "2009-06-30": 74.002, "2009-03-31": "93.80400", "2008-12-31": 107.114, "2008-09-30": 74.698, "2008-06-30": 79.114, "2008-03-31": "72.20000", "2007-12-31": 70.332, "2007-09-30": 59.061, "2007-06-30": 54.657, "2007-03-31": "48.95900", "2006-12-31": 44.404, "2006-09-30": 39.817, "2006-06-30": 35.91, "2006-03-31": "34.39100", "2005-12-31": 31.825, "2005-09-30": 36.952, "2005-06-30": 33.907, "2005-03-31": "30.07400"}, "Other Non-Cash Items": {"2020-09-30": 96.848, "2020-06-30": 56.886, "2020-03-31": "411.06300", "2019-12-31": 106.448, "2019-09-30": -44.451, "2019-06-30": -42.247, "2019-03-31": "134.69400", "2018-12-31": -333.362, "2018-09-30": 142.688, "2018-06-30": 4.146, "2018-03-31": "-295.49200", "2017-12-31": 6.387, "2017-09-30": 67.225, "2017-06-30": 69.835, "2017-03-31": "-110.13900", "2016-12-31": 147.0468, "2016-09-30": -12.3779, "2016-06-30": 127.681, "2016-03-31": "268.26900", "2015-12-31": 283.82, "2015-09-30": -29.388, "2015-06-30": 100.312, "2015-03-31": "93.32600", "2014-12-31": -184.048, "2014-09-30": -26.58, "2014-06-30": 129.697, "2014-03-31": "107.07900", "2013-12-31": 136.739, "2013-09-30": 98.806, "2013-06-30": 7.4, "2013-03-31": "81.54400", "2012-12-31": 127.917, "2012-09-30": 74.841, "2012-06-30": -1.063, "2012-03-31": "29.39700", "2011-12-31": 207.105, "2011-09-30": -181.159, "2011-06-30": -29.22, "2011-03-31": "59.78200", "2010-12-31": 21.955, "2010-09-30": 15.268, "2010-06-30": 5.305, "2010-03-31": "-85.99200", "2009-12-31": 56.26, "2009-09-30": 20.092, "2009-06-30": 38.554, "2009-03-31": "88.46500", "2008-12-31": 168.084, "2008-09-30": 79.851, "2008-06-30": 42.905, "2008-03-31": "22.15000", "2007-12-31": 59.383, "2007-09-30": 29.366, "2007-06-30": 28.792, "2007-03-31": "44.00100", "2006-12-31": 90.651, "2006-09-30": -28.967, "2006-06-30": 40.386, "2006-03-31": "27.37200", "2005-12-31": 40.352, "2005-09-30": 50.514, "2005-06-30": 23.896, "2005-03-31": "19.77100"}, "Total Non-Cash Items": {"2020-09-30": 283.0621, "2020-06-30": 242.3278, "2020-03-31": "648.54410", "2019-12-31": 338.9649, "2019-09-30": 170.595, "2019-06-30": 167.927, "2019-03-31": "316.22900", "2018-12-31": -147.676, "2018-09-30": 347.585, "2018-06-30": 159.795, "2018-03-31": "-161.15300", "2017-12-31": 141.5781, "2017-09-30": 205.623, "2017-06-30": 226.8, "2017-03-31": "32.61900", "2016-12-31": 322.85, "2016-09-30": 185.345, "2016-06-30": 341.551, "2016-03-31": "481.55600", "2015-12-31": 525.752, "2015-09-30": 216.402, "2015-06-30": 321.951, "2015-03-31": "312.68400", "2014-12-31": 36.942, "2014-09-30": 158.158, "2014-06-30": 318.955, "2014-03-31": "285.77100", "2013-12-31": 340.855, "2013-09-30": 296.072, "2013-06-30": 234.494, "2013-03-31": "281.33000", "2012-12-31": 333.2611, "2012-09-30": 268.3489, "2012-06-30": 161.496, "2012-03-31": "202.63200", "2011-12-31": 378.004, "2011-09-30": -54.688, "2011-06-30": 93.836, "2011-03-31": "168.75800", "2010-12-31": 120.203, "2010-09-30": 102.433, "2010-06-30": 88.441, "2010-03-31": "-4.93600", "2009-12-31": 134.691, "2009-09-30": 90.269, "2009-06-30": 112.556, "2009-03-31": "182.26900", "2008-12-31": 275.198, "2008-09-30": 154.549, "2008-06-30": 122.019, "2008-03-31": "94.35000", "2007-12-31": 129.715, "2007-09-30": 88.427, "2007-06-30": 83.449, "2007-03-31": "92.96000", "2006-12-31": 135.055, "2006-09-30": 10.85, "2006-06-30": 76.296, "2006-03-31": "61.76300", "2005-12-31": 72.177, "2005-09-30": 87.466, "2005-06-30": 57.803, "2005-03-31": "49.84500"}, "Change In Accounts Receivable": {"2020-09-30": 0, "2020-06-30": 0, "2020-03-31": "", "2019-12-31": -39.556, "2019-09-30": 0, "2019-06-30": 0, "2019-03-31": "", "2018-12-31": -20.775, "2018-09-30": 0, "2018-06-30": 0, "2018-03-31": "", "2017-12-31": 20.41, "2017-09-30": 0, "2017-06-30": -30.407, "2017-03-31": "30.40700", "2016-12-31": -11.783, "2016-09-30": 12.441, "2016-06-30": -38.142, "2016-03-31": "26.92200", "2015-12-31": 34.864, "2015-09-30": 66.385, "2015-06-30": -30.576, "2015-03-31": "69.52700", "2014-12-31": 17.612, "2014-09-30": 9.034, "2014-06-30": -11.905, "2014-03-31": "9.34700", "2013-12-31": -34.189, "2013-09-30": 14.075, "2013-06-30": -37.12, "2013-03-31": "-22.16400", "2012-12-31": -2.707, "2012-09-30": -19.417, "2012-06-30": 14.702, "2012-03-31": "-13.96700", "2011-12-31": -21.211, "2011-09-30": -10.417, "2011-06-30": -26.755, "2011-03-31": "16.38500", "2010-12-31": -42.216, "2010-09-30": -12.565, "2010-06-30": 20.872, "2010-03-31": "-13.24400", "2009-12-31": -12.101, "2009-09-30": 9.695, "2009-06-30": 5.446, "2009-03-31": "43.70300", "2008-12-31": 25.128, "2008-09-30": 32.399, "2008-06-30": -30.618, "2008-03-31": "-41.23600", "2007-12-31": -6.349, "2007-09-30": -12.715, "2007-06-30": 4.745, "2007-03-31": "7.76200", "2006-12-31": -8.334, "2006-09-30": -18.871, "2006-06-30": 22.782, "2006-03-31": "26.89900", "2005-12-31": -25.676, "2005-09-30": -32.139, "2005-06-30": -10.459, "2005-03-31": "11.16100"}, "Change In Inventories": {"2020-09-30": 0, "2020-06-30": 0, "2020-03-31": "", "2019-12-31": 0, "2019-09-30": 0, "2019-06-30": 0, "2019-03-31": "", "2018-12-31": 0, "2018-09-30": 0, "2018-06-30": 0, "2018-03-31": "", "2017-12-31": 0, "2017-09-30": 0, "2017-06-30": 0, "2017-03-31": "", "2016-12-31": 0, "2016-09-30": 0, "2016-06-30": 0, "2016-03-31": "", "2015-12-31": 0, "2015-09-30": 0, "2015-06-30": 0, "2015-03-31": "", "2014-12-31": 0, "2014-09-30": 0, "2014-06-30": 0, "2014-03-31": "", "2013-12-31": 0, "2013-09-30": 0, "2013-06-30": 0, "2013-03-31": "", "2012-12-31": 0, "2012-09-30": 0, "2012-06-30": 0, "2012-03-31": "", "2011-12-31": 0, "2011-09-30": 0, "2011-06-30": 0, "2011-03-31": "", "2010-12-31": 0, "2010-09-30": 0, "2010-06-30": 0, "2010-03-31": "", "2009-12-31": 0, "2009-09-30": 0, "2009-06-30": 0, "2009-03-31": "", "2008-12-31": 0, "2008-09-30": 0, "2008-06-30": 0, "2008-03-31": "", "2007-12-31": 0, "2007-09-30": 0, "2007-06-30": 0, "2007-03-31": "", "2006-12-31": 0, "2006-09-30": 0, "2006-06-30": 0, "2006-03-31": "", "2005-12-31": 0, "2005-09-30": 0, "2005-06-30": 0, "2005-03-31": ""}, "Change In Accounts Payable": {"2020-09-30": 0, "2020-06-30": 0, "2020-03-31": "", "2019-12-31": 0, "2019-09-30": 0, "2019-06-30": 0, "2019-03-31": "", "2018-12-31": 0, "2018-09-30": 0, "2018-06-30": 0, "2018-03-31": "", "2017-12-31": 0, "2017-09-30": 0, "2017-06-30": 0, "2017-03-31": "", "2016-12-31": 0, "2016-09-30": 0, "2016-06-30": 0, "2016-03-31": "", "2015-12-31": 0, "2015-09-30": 0, "2015-06-30": 0, "2015-03-31": "", "2014-12-31": 0, "2014-09-30": 0, "2014-06-30": 0, "2014-03-31": "", "2013-12-31": 0, "2013-09-30": 0, "2013-06-30": 0, "2013-03-31": "", "2012-12-31": 0, "2012-09-30": 0, "2012-06-30": 0, "2012-03-31": "", "2011-12-31": 0, "2011-09-30": 0, "2011-06-30": 0, "2011-03-31": "", "2010-12-31": 0, "2010-09-30": 0, "2010-06-30": 0, "2010-03-31": "", "2009-12-31": 0, "2009-09-30": 0, "2009-06-30": 0, "2009-03-31": "", "2008-12-31": 0, "2008-09-30": 0, "2008-06-30": 0, "2008-03-31": "", "2007-12-31": 0, "2007-09-30": 0, "2007-06-30": 0, "2007-03-31": "", "2006-12-31": 0, "2006-09-30": 0, "2006-06-30": 0, "2006-03-31": "", "2005-12-31": 0, "2005-09-30": 0, "2005-06-30": 0, "2005-03-31": ""}, "Change In Assets/Liabilities": {"2020-09-30": 16.843, "2020-06-30": -38.737, "2020-03-31": "-18.51700", "2019-12-31": -5.651, "2019-09-30": -9.673, "2019-06-30": 41.613, "2019-03-31": "-20.15900", "2018-12-31": 2.996, "2018-09-30": 17.997, "2018-06-30": -5.609, "2018-03-31": "-16.11300", "2017-12-31": -42.106, "2017-09-30": 11.971, "2017-06-30": 28.004, "2017-03-31": "0.17800", "2016-12-31": 0.826, "2016-09-30": -0.835, "2016-06-30": 3.503, "2016-03-31": "4.98400", "2015-12-31": 1.976, "2015-09-30": -2.346, "2015-06-30": 1.108, "2015-03-31": "1.82500", "2014-12-31": -2.056, "2014-09-30": -1.068, "2014-06-30": 0.417, "2014-03-31": "0.88500", "2013-12-31": 2.559, "2013-09-30": -2.429, "2013-06-30": -0.637, "2013-03-31": "0.60500", "2012-12-31": 6.936, "2012-09-30": -1.444, "2012-06-30": -1.756, "2012-03-31": "-3.00300", "2011-12-31": 16.799, "2011-09-30": -9.324, "2011-06-30": -5.755, "2011-03-31": "14.65600", "2010-12-31": -35.353, "2010-09-30": 0.222, "2010-06-30": -2.575, "2010-03-31": "1.48900", "2009-12-31": 2.034, "2009-09-30": -1.569, "2009-06-30": -1.677, "2009-03-31": "-5.41400", "2008-12-31": -7.119, "2008-09-30": 7.883, "2008-06-30": -14.939, "2008-03-31": "-1.19600", "2007-12-31": -10.935, "2007-09-30": 29.259, "2007-06-30": -10.288, "2007-03-31": "1.40600", "2006-12-31": -3.812, "2006-09-30": -7.244, "2006-06-30": -20.926, "2006-03-31": "-1.98800", "2005-12-31": 3.376, "2005-09-30": 1.085, "2005-06-30": 0.744, "2005-03-31": "-0.37800"}, "Total Change In Assets/Liabilities": {"2020-09-30": 16.843, "2020-06-30": -38.737, "2020-03-31": "-18.51700", "2019-12-31": 5.071, "2019-09-30": -9.673, "2019-06-30": 41.613, "2019-03-31": "-20.15900", "2018-12-31": 17.396, "2018-09-30": 17.997, "2018-06-30": -5.609, "2018-03-31": "-16.11300", "2017-12-31": 29.46, "2017-09-30": 11.971, "2017-06-30": 0.256, "2017-03-31": "27.92600", "2016-12-31": 15.888, "2016-09-30": 13.701, "2016-06-30": -34.273, "2016-03-31": "-16.07000", "2015-12-31": 20.464, "2015-09-30": 15.825, "2015-06-30": 1.143, "2015-03-31": "24.29600", "2014-12-31": 12.785, "2014-09-30": -7.127, "2014-06-30": 36.69, "2014-03-31": "-51.65000", "2013-12-31": -10.206, "2013-09-30": 37.752, "2013-06-30": 3.047, "2013-03-31": "-15.76500", "2012-12-31": 2.26, "2012-09-30": 13.285, "2012-06-30": 35.85, "2012-03-31": "-40.91500", "2011-12-31": 13.492, "2011-09-30": -55.635, "2011-06-30": -5.081, "2011-03-31": "6.43000", "2010-12-31": -78.605, "2010-09-30": 30.325, "2010-06-30": 9.749, "2010-03-31": "32.65000", "2009-12-31": -52.627, "2009-09-30": 25.437, "2009-06-30": 12.352, "2009-03-31": "30.52900", "2008-12-31": -37.68, "2008-09-30": 10.704, "2008-06-30": 19.343, "2008-03-31": "-46.64100", "2007-12-31": -1.903, "2007-09-30": 45.581, "2007-06-30": 13.562, "2007-03-31": "-6.83500", "2006-12-31": -28.436, "2006-09-30": 34.47, "2006-06-30": -29.266, "2006-03-31": "16.95300", "2005-12-31": -16.182, "2005-09-30": 1.77, "2005-06-30": -2.619, "2005-03-31": "7.18300"}, "Cash Flow From Operating Activities": {"2020-09-30": 201.613, "2020-06-30": 114.339, "2020-03-31": "218.13200", "2019-12-31": 241.981, "2019-09-30": 203.156, "2019-06-30": 259.928, "2019-03-31": "118.50200", "2018-12-31": 179.452, "2018-09-30": 229.659, "2018-06-30": 171.383, "2018-03-31": "140.13500", "2017-12-31": 144.78, "2017-09-30": 128.482, "2017-06-30": 107.149, "2017-03-31": "134.97900", "2016-12-31": 137.792, "2016-09-30": 158.139, "2016-06-30": 138.597, "2016-03-31": "118.27600", "2015-12-31": 205.958, "2015-09-30": 235.341, "2015-06-30": 265.586, "2015-03-31": "283.92200", "2014-12-31": 381.453, "2014-09-30": 359.969, "2014-06-30": 415.425, "2014-03-31": "299.72800", "2013-12-31": 337.645, "2013-09-30": 404.514, "2013-06-30": 314.063, "2013-03-31": "282.29200", "2012-12-31": 268.383, "2012-09-30": 243.298, "2012-06-30": 222.235, "2012-03-31": "188.05300", "2011-12-31": 270.785, "2011-09-30": 119.774, "2011-06-30": 213.288, "2011-03-31": "156.68500", "2010-12-31": 78.737, "2010-09-30": 148.21, "2010-06-30": 116.258, "2010-03-31": "153.89200", "2009-12-31": 83.054, "2009-09-30": 111.291, "2009-06-30": 116.586, "2009-03-31": "125.17500", "2008-12-31": 110.426, "2008-09-30": 252.25, "2008-06-30": 173.831, "2008-03-31": "142.68300", "2007-12-31": 158.072, "2007-09-30": 191.661, "2007-06-30": 156.246, "2007-03-31": "126.07500", "2006-12-31": 150.151, "2006-09-30": 101.197, "2006-06-30": 87.11, "2006-03-31": "129.24200", "2005-12-31": 107.233, "2005-09-30": 116.57, "2005-06-30": 93.445, "2005-03-31": "92.13100"}, "Net Change In Property, Plant, And Equipment": {"2020-09-30": -116.643, "2020-06-30": -170.811, "2020-03-31": "-139.30600", "2019-12-31": -234.588, "2019-09-30": -215.096, "2019-06-30": -320.381, "2019-03-31": "-243.22600", "2018-12-31": -273.9739, "2018-09-30": -308.2412, "2018-06-30": -194.9779, "2018-03-31": "189.25900", "2017-12-31": -267.537, "2017-09-30": -245.357, "2017-06-30": -203.463, "2017-03-31": "514.82700", "2016-12-31": -1554.8209, "2016-09-30": 37.5359, "2016-06-30": -160.146, "2016-03-31": "-190.20800", "2015-12-31": -209.798, "2015-09-30": -288.126, "2015-06-30": -112.269, "2015-03-31": "-533.46100", "2014-12-31": -740.222, "2014-09-30": -904.8929, "2014-06-30": -480.6181, "2014-03-31": "-349.76000", "2013-12-31": -27.426, "2013-09-30": -390.014, "2013-06-30": -395.972, "2013-03-31": "-376.87800", "2012-12-31": -374.53, "2012-09-30": -388.4279, "2012-06-30": -361.9321, "2012-03-31": "-333.33600", "2011-12-31": -512.007, "2011-09-30": -192.144, "2011-06-30": -293.752, "2011-03-31": "-270.66800", "2010-12-31": -127.58, "2010-09-30": -173.239, "2010-06-30": -163.431, "2010-03-31": "106.80200", "2009-12-31": -48.044, "2009-09-30": -76.598, "2009-06-30": -82.174, "2009-03-31": "-132.61500", "2008-12-31": -226.157, "2008-09-30": -185.389, "2008-06-30": -153.835, "2008-03-31": "-84.16100", "2007-12-31": -273.651, "2007-09-30": -238.038, "2007-06-30": -173.664, "2007-03-31": "-136.04500", "2006-12-31": -422.108, "2006-09-30": -116.573, "2006-06-30": -98.58, "2006-03-31": "-87.57400", "2005-12-31": -66.509, "2005-09-30": -107.22, "2005-06-30": -71.844, "2005-03-31": "-98.00000"}, "Net Change In Intangible Assets": {"2020-09-30": 0, "2020-06-30": 0, "2020-03-31": "", "2019-12-31": 0, "2019-09-30": 0, "2019-06-30": 0, "2019-03-31": "", "2018-12-31": 0, "2018-09-30": 0, "2018-06-30": 0, "2018-03-31": "", "2017-12-31": 0, "2017-09-30": 0, "2017-06-30": 0, "2017-03-31": "", "2016-12-31": 0, "2016-09-30": 0, "2016-06-30": 0, "2016-03-31": "", "2015-12-31": 0, "2015-09-30": 0, "2015-06-30": 0, "2015-03-31": "", "2014-12-31": 0, "2014-09-30": 0, "2014-06-30": 0, "2014-03-31": "", "2013-12-31": 0, "2013-09-30": 0, "2013-06-30": 0, "2013-03-31": "", "2012-12-31": 0, "2012-09-30": 0, "2012-06-30": 0, "2012-03-31": "", "2011-12-31": 0, "2011-09-30": 0, "2011-06-30": 0, "2011-03-31": "", "2010-12-31": 0, "2010-09-30": 0, "2010-06-30": 0, "2010-03-31": "", "2009-12-31": 0, "2009-09-30": 0, "2009-06-30": 0, "2009-03-31": "", "2008-12-31": 0, "2008-09-30": 0, "2008-06-30": 0, "2008-03-31": "", "2007-12-31": 0, "2007-09-30": 0, "2007-06-30": 0, "2007-03-31": "", "2006-12-31": 0, "2006-09-30": 0, "2006-06-30": 0, "2006-03-31": "", "2005-12-31": 0, "2005-09-30": 0, "2005-06-30": 0, "2005-03-31": ""}, "Net Acquisitions/Divestitures": {"2020-09-30": 0, "2020-06-30": 0, "2020-03-31": "", "2019-12-31": 0, "2019-09-30": 0, "2019-06-30": 0, "2019-03-31": "", "2018-12-31": 0, "2018-09-30": 0, "2018-06-30": 0, "2018-03-31": "", "2017-12-31": 0, "2017-09-30": 0, "2017-06-30": 0, "2017-03-31": "", "2016-12-31": 49, "2016-09-30": -49, "2016-06-30": 0, "2016-03-31": "", "2015-12-31": 0, "2015-09-30": 0, "2015-06-30": 0, "2015-03-31": "", "2014-12-31": 0, "2014-09-30": 0, "2014-06-30": 0, "2014-03-31": "", "2013-12-31": 0, "2013-09-30": 0, "2013-06-30": 0, "2013-03-31": "", "2012-12-31": 0, "2012-09-30": 0, "2012-06-30": 0, "2012-03-31": "", "2011-12-31": 0, "2011-09-30": 0, "2011-06-30": 0, "2011-03-31": "", "2010-12-31": 0, "2010-09-30": 0, "2010-06-30": 0, "2010-03-31": "", "2009-12-31": 0, "2009-09-30": 0, "2009-06-30": 0, "2009-03-31": "", "2008-12-31": 0, "2008-09-30": 0, "2008-06-30": 0, "2008-03-31": "", "2007-12-31": 0, "2007-09-30": 0, "2007-06-30": 0, "2007-03-31": "", "2006-12-31": 0, "2006-09-30": 0, "2006-06-30": 0, "2006-03-31": "", "2005-12-31": 0, "2005-09-30": 0, "2005-06-30": 0, "2005-03-31": ""}, "Net Change In Short-term Investments": {"2020-09-30": 0, "2020-06-30": 0, "2020-03-31": "", "2019-12-31": 0, "2019-09-30": 0, "2019-06-30": 0, "2019-03-31": "", "2018-12-31": 0, "2018-09-30": 0, "2018-06-30": 0, "2018-03-31": "", "2017-12-31": 0, "2017-09-30": 0, "2017-06-30": 0, "2017-03-31": "", "2016-12-31": 0, "2016-09-30": 0, "2016-06-30": 0, "2016-03-31": "", "2015-12-31": 0, "2015-09-30": 0, "2015-06-30": 0, "2015-03-31": "", "2014-12-31": 0, "2014-09-30": 0, "2014-06-30": 0, "2014-03-31": "", "2013-12-31": 0, "2013-09-30": 0, "2013-06-30": 0, "2013-03-31": "", "2012-12-31": 0, "2012-09-30": 0, "2012-06-30": 0, "2012-03-31": "", "2011-12-31": 0, "2011-09-30": 0, "2011-06-30": 0, "2011-03-31": "", "2010-12-31": 0, "2010-09-30": 0, "2010-06-30": 0, "2010-03-31": "", "2009-12-31": -1.002, "2009-09-30": 0, "2009-06-30": 1.002, "2009-03-31": "", "2008-12-31": -0.161, "2008-09-30": -0.012, "2008-06-30": 0.173, "2008-03-31": "", "2007-12-31": -0.015, "2007-09-30": -0.015, "2007-06-30": 0.312, "2007-03-31": "", "2006-12-31": 0, "2006-09-30": 0, "2006-06-30": 0, "2006-03-31": "", "2005-12-31": -0.075, "2005-09-30": 0.1, "2005-06-30": 0, "2005-03-31": "-0.10000"}, "Net Change In Long-Term Investments": {"2020-09-30": 0, "2020-06-30": 0, "2020-03-31": "", "2019-12-31": 0, "2019-09-30": 0, "2019-06-30": 0, "2019-03-31": "", "2018-12-31": 0, "2018-09-30": 0, "2018-06-30": 0, "2018-03-31": "", "2017-12-31": 0, "2017-09-30": 0, "2017-06-30": 0, "2017-03-31": "", "2016-12-31": 0, "2016-09-30": 0, "2016-06-30": 0, "2016-03-31": "", "2015-12-31": 0, "2015-09-30": 0, "2015-06-30": 0, "2015-03-31": "", "2014-12-31": 0, "2014-09-30": 0, "2014-06-30": 0, "2014-03-31": "", "2013-12-31": 0, "2013-09-30": 0, "2013-06-30": 0, "2013-03-31": "", "2012-12-31": 0, "2012-09-30": 0, "2012-06-30": 0, "2012-03-31": "", "2011-12-31": 0, "2011-09-30": 0, "2011-06-30": 0, "2011-03-31": "", "2010-12-31": 0, "2010-09-30": 0, "2010-06-30": 0, "2010-03-31": "", "2009-12-31": 0, "2009-09-30": 0, "2009-06-30": 0, "2009-03-31": "", "2008-12-31": 0, "2008-09-30": 0, "2008-06-30": 0, "2008-03-31": "", "2007-12-31": 0, "2007-09-30": 0, "2007-06-30": 0, "2007-03-31": "", "2006-12-31": 0, "2006-09-30": 0, "2006-06-30": 0, "2006-03-31": "", "2005-12-31": 0, "2005-09-30": 0, "2005-06-30": 0, "2005-03-31": ""}, "Net Change In Investments - Total": {"2020-09-30": 0, "2020-06-30": 0, "2020-03-31": "", "2019-12-31": 0, "2019-09-30": 0, "2019-06-30": 0, "2019-03-31": "", "2018-12-31": 0, "2018-09-30": 0, "2018-06-30": 0, "2018-03-31": "", "2017-12-31": 0, "2017-09-30": 0, "2017-06-30": 0, "2017-03-31": "", "2016-12-31": 0, "2016-09-30": 0, "2016-06-30": 0, "2016-03-31": "", "2015-12-31": 0, "2015-09-30": 0, "2015-06-30": 0, "2015-03-31": "", "2014-12-31": 0, "2014-09-30": 0, "2014-06-30": 0, "2014-03-31": "", "2013-12-31": 0, "2013-09-30": 0, "2013-06-30": 0, "2013-03-31": "", "2012-12-31": 0, "2012-09-30": 0, "2012-06-30": 0, "2012-03-31": "", "2011-12-31": 0, "2011-09-30": 0, "2011-06-30": 0, "2011-03-31": "", "2010-12-31": 0, "2010-09-30": 0, "2010-06-30": 0, "2010-03-31": "", "2009-12-31": -1.002, "2009-09-30": 0, "2009-06-30": 1.002, "2009-03-31": "", "2008-12-31": -0.161, "2008-09-30": -0.012, "2008-06-30": 0.173, "2008-03-31": "", "2007-12-31": -0.015, "2007-09-30": -0.015, "2007-06-30": 0.312, "2007-03-31": "", "2006-12-31": 0, "2006-09-30": 0, "2006-06-30": 0, "2006-03-31": "", "2005-12-31": -0.075, "2005-09-30": 0.1, "2005-06-30": 0, "2005-03-31": "-0.10000"}, "Investing Activities - Other": {"2020-09-30": 0, "2020-06-30": 0, "2020-03-31": "", "2019-12-31": 0, "2019-09-30": -0.319, "2019-06-30": 0.028, "2019-03-31": "0.29100", "2018-12-31": 0, "2018-09-30": 0, "2018-06-30": 0, "2018-03-31": "", "2017-12-31": 0, "2017-09-30": 0, "2017-06-30": 0, "2017-03-31": "", "2016-12-31": 0, "2016-09-30": 0.9, "2016-06-30": -1.785, "2016-03-31": "0.88500", "2015-12-31": 0.005, "2015-09-30": 0.006, "2015-06-30": 0.001, "2015-03-31": "-0.99700", "2014-12-31": -2.542, "2014-09-30": 1.543, "2014-06-30": -6.484, "2014-03-31": "4.22700", "2013-12-31": 0.896, "2013-09-30": 1.431, "2013-06-30": -2.915, "2013-03-31": "-2.02500", "2012-12-31": 0.893, "2012-09-30": -0.111, "2012-06-30": -1.439, "2012-03-31": "1.55000", "2011-12-31": 4.001, "2011-09-30": 2.015, "2011-06-30": 0, "2011-03-31": "-2.35500", "2010-12-31": 2.367, "2010-09-30": 19.595, "2010-06-30": 16.573, "2010-03-31": "-42.66000", "2009-12-31": 5.605, "2009-09-30": 15.336, "2009-06-30": 10.05, "2009-03-31": "4.34800", "2008-12-31": -14.228, "2008-09-30": 25.269, "2008-06-30": -25.246, "2008-03-31": "-10.00700", "2007-12-31": 8.889, "2007-09-30": 0.027, "2007-06-30": 7.05, "2007-03-31": "0.01600", "2006-12-31": 0.037, "2006-09-30": 0.057, "2006-06-30": 0, "2006-03-31": "0.02200", "2005-12-31": 0.077, "2005-09-30": 3.826, "2005-06-30": -3.856, "2005-03-31": "3.82200"}, "Cash Flow From Investing Activities": {"2020-09-30": -116.643, "2020-06-30": -170.811, "2020-03-31": "-139.30600", "2019-12-31": -234.588, "2019-09-30": -215.415, "2019-06-30": -320.353, "2019-03-31": "-242.93500", "2018-12-31": -273.974, "2018-09-30": -308.241, "2018-06-30": -194.978, "2018-03-31": "189.25900", "2017-12-31": -267.537, "2017-09-30": -245.357, "2017-06-30": -203.463, "2017-03-31": "514.82700", "2016-12-31": -1505.821, "2016-09-30": -10.564, "2016-06-30": -161.931, "2016-03-31": "-189.32300", "2015-12-31": -209.793, "2015-09-30": -288.12, "2015-06-30": -112.268, "2015-03-31": "-534.45800", "2014-12-31": -742.764, "2014-09-30": -903.35, "2014-06-30": -487.102, "2014-03-31": "-345.53300", "2013-12-31": -26.53, "2013-09-30": -388.583, "2013-06-30": -398.887, "2013-03-31": "-378.90300", "2012-12-31": -373.637, "2012-09-30": -388.539, "2012-06-30": -363.371, "2012-03-31": "-331.78600", "2011-12-31": -508.006, "2011-09-30": -190.129, "2011-06-30": -293.752, "2011-03-31": "-273.02300", "2010-12-31": -125.213, "2010-09-30": -153.644, "2010-06-30": -146.858, "2010-03-31": "64.14200", "2009-12-31": -43.441, "2009-09-30": -61.262, "2009-06-30": -71.122, "2009-03-31": "-128.26700", "2008-12-31": -240.546, "2008-09-30": -160.132, "2008-06-30": -178.908, "2008-03-31": "-94.16800", "2007-12-31": -264.777, "2007-09-30": -238.026, "2007-06-30": -166.302, "2007-03-31": "-136.02900", "2006-12-31": -422.071, "2006-09-30": -116.516, "2006-06-30": -98.58, "2006-03-31": "-87.55200", "2005-12-31": -66.507, "2005-09-30": -103.294, "2005-06-30": -75.7, "2005-03-31": "-94.27800"}, "Net Long-Term Debt": {"2020-09-30": -80.944, "2020-06-30": 67.492, "2020-03-31": "-78.81800", "2019-12-31": -6.5, "2019-09-30": 11, "2019-06-30": 71.5, "2019-03-31": "46.50000", "2018-12-31": 0, "2018-09-30": 492.079, "2018-06-30": 0, "2018-03-31": "", "2017-12-31": 0, "2017-09-30": 0, "2017-06-30": 0, "2017-03-31": "", "2016-12-31": -0.821, "2016-09-30": 328.578, "2016-06-30": 57.417, "2016-03-31": "71.08300", "2015-12-31": -332, "2015-09-30": 411.3939, "2015-06-30": -152.943, "2015-03-31": "250.50000", "2014-12-31": 365.991, "2014-09-30": 390, "2014-06-30": 0, "2014-03-31": "", "2013-12-31": -28.0889, "2013-09-30": -0.546, "2013-06-30": 88.82, "2013-03-31": "90.00000", "2012-12-31": 111.9149, "2012-09-30": 166.8869, "2012-06-30": 141.8361, "2012-03-31": "24.00000", "2011-12-31": 343.12, "2011-09-30": -0.313, "2011-06-30": 0, "2011-03-31": "293.43500", "2010-12-31": 46, "2010-09-30": 2, "2010-06-30": 0, "2010-03-31": "-188.00000", "2009-12-31": -47, "2009-09-30": -40, "2009-06-30": -24, "2009-03-31": "-1.00000", "2008-12-31": 130, "2008-09-30": -125, "2008-06-30": 18.5, "2008-03-31": "-8.50000", "2007-12-31": 129.993, "2007-09-30": 58.47, "2007-06-30": 27.194, "2007-03-31": "16.00000", "2006-12-31": 268, "2006-09-30": 15, "2006-06-30": 51, "2006-03-31": "", "2005-12-31": -51.307, "2005-09-30": 0.307, "2005-06-30": 4.033, "2005-03-31": "9.96700"}, "Net Current Debt": {"2020-09-30": 0, "2020-06-30": 0, "2020-03-31": "", "2019-12-31": 0, "2019-09-30": 0, "2019-06-30": 0, "2019-03-31": "", "2018-12-31": 0, "2018-09-30": 0, "2018-06-30": 0, "2018-03-31": "", "2017-12-31": 0, "2017-09-30": 0, "2017-06-30": 0, "2017-03-31": "", "2016-12-31": 0, "2016-09-30": 0, "2016-06-30": 0, "2016-03-31": "", "2015-12-31": 0, "2015-09-30": 0, "2015-06-30": 0, "2015-03-31": "", "2014-12-31": 0, "2014-09-30": 0, "2014-06-30": 0, "2014-03-31": "", "2013-12-31": 0, "2013-09-30": 0, "2013-06-30": 0, "2013-03-31": "", "2012-12-31": 0, "2012-09-30": 0, "2012-06-30": 0, "2012-03-31": "", "2011-12-31": 0, "2011-09-30": 0, "2011-06-30": 0, "2011-03-31": "", "2010-12-31": 0, "2010-09-30": 0, "2010-06-30": 0, "2010-03-31": "", "2009-12-31": 0, "2009-09-30": 0, "2009-06-30": 0, "2009-03-31": "", "2008-12-31": 0, "2008-09-30": 0, "2008-06-30": 0, "2008-03-31": "", "2007-12-31": 0, "2007-09-30": 0, "2007-06-30": 0, "2007-03-31": "-4.46900", "2006-12-31": 0, "2006-09-30": 0, "2006-06-30": 0, "2006-03-31": "", "2005-12-31": 0, "2005-09-30": 0, "2005-06-30": 0, "2005-03-31": ""}, "Debt Issuance/Retirement Net - Total": {"2020-09-30": -80.944, "2020-06-30": 67.492, "2020-03-31": "-78.81800", "2019-12-31": -6.5, "2019-09-30": 11, "2019-06-30": 71.5, "2019-03-31": "46.50000", "2018-12-31": 0, "2018-09-30": 492.079, "2018-06-30": 0, "2018-03-31": "", "2017-12-31": 0, "2017-09-30": 0, "2017-06-30": 0, "2017-03-31": "", "2016-12-31": -0.821, "2016-09-30": 328.578, "2016-06-30": 57.417, "2016-03-31": "71.08300", "2015-12-31": -332, "2015-09-30": 411.3939, "2015-06-30": -152.943, "2015-03-31": "250.50000", "2014-12-31": 365.991, "2014-09-30": 390, "2014-06-30": 0, "2014-03-31": "", "2013-12-31": -28.0889, "2013-09-30": -0.546, "2013-06-30": 88.82, "2013-03-31": "90.00000", "2012-12-31": 111.9149, "2012-09-30": 166.8869, "2012-06-30": 141.8361, "2012-03-31": "24.00000", "2011-12-31": 343.12, "2011-09-30": -0.313, "2011-06-30": 0, "2011-03-31": "293.43500", "2010-12-31": 46, "2010-09-30": 2, "2010-06-30": 0, "2010-03-31": "-188.00000", "2009-12-31": -47, "2009-09-30": -40, "2009-06-30": -24, "2009-03-31": "-1.00000", "2008-12-31": 130, "2008-09-30": -125, "2008-06-30": 18.5, "2008-03-31": "-8.50000", "2007-12-31": 129.993, "2007-09-30": 58.47, "2007-06-30": 27.194, "2007-03-31": "11.53100", "2006-12-31": 268, "2006-09-30": 15, "2006-06-30": 51, "2006-03-31": "", "2005-12-31": -51.307, "2005-09-30": 0.307, "2005-06-30": 4.033, "2005-03-31": "9.96700"}, "Net Common Equity Issued/Repurchased": {"2020-09-30": 0, "2020-06-30": 0.947, "2020-03-31": "", "2019-12-31": 1.25, "2019-09-30": 0, "2019-06-30": 1.959, "2019-03-31": "", "2018-12-31": 1.306, "2018-09-30": 0, "2018-06-30": 1.881, "2018-03-31": "", "2017-12-31": 0.885, "2017-09-30": 0, "2017-06-30": 1.738, "2017-03-31": "", "2016-12-31": 405.002, "2016-09-30": 530.912, "2016-06-30": 2.354, "2016-03-31": "", "2015-12-31": 1.511, "2015-09-30": -8.502, "2015-06-30": 3.157, "2015-03-31": "", "2014-12-31": 1.931, "2014-09-30": -10.168, "2014-06-30": 2.49, "2014-03-31": "", "2013-12-31": 2.391, "2013-09-30": -15.405, "2013-06-30": 3.652, "2013-03-31": "", "2012-12-31": 2.378, "2012-09-30": -21.072, "2012-06-30": 1.85, "2012-03-31": "1.03800", "2011-12-31": 1.728, "2011-09-30": -9.303, "2011-06-30": 1.469, "2011-03-31": "3.46000", "2010-12-31": 1.231, "2010-09-30": 0.2, "2010-06-30": 2.648, "2010-03-31": "0.26800", "2009-12-31": 1.931, "2009-09-30": 0.113, "2009-06-30": 0.894, "2009-03-31": "0.17200", "2008-12-31": 0.561, "2008-09-30": 0.643, "2008-06-30": 10.356, "2008-03-31": "-76.87400", "2007-12-31": 3.665, "2007-09-30": -24.94, "2007-06-30": 4.599, "2007-03-31": "0.77900", "2006-12-31": 1.67, "2006-09-30": -1.365, "2006-06-30": -107.74, "2006-03-31": "2.04300", "2005-12-31": 2.43, "2005-09-30": 1.753, "2005-06-30": -25.174, "2005-03-31": "3.28200"}, "Net Total Equity Issued/Repurchased": {"2020-09-30": 0, "2020-06-30": 0.947, "2020-03-31": "", "2019-12-31": 1.25, "2019-09-30": 0, "2019-06-30": 1.959, "2019-03-31": "", "2018-12-31": 1.306, "2018-09-30": 0, "2018-06-30": 1.881, "2018-03-31": "", "2017-12-31": 0.885, "2017-09-30": 0, "2017-06-30": 1.738, "2017-03-31": "", "2016-12-31": 405.002, "2016-09-30": 530.912, "2016-06-30": 2.354, "2016-03-31": "", "2015-12-31": 1.511, "2015-09-30": -8.502, "2015-06-30": 3.157, "2015-03-31": "", "2014-12-31": 1.931, "2014-09-30": -10.168, "2014-06-30": 2.49, "2014-03-31": "", "2013-12-31": 2.391, "2013-09-30": -15.405, "2013-06-30": 3.652, "2013-03-31": "", "2012-12-31": 2.378, "2012-09-30": -21.072, "2012-06-30": 1.85, "2012-03-31": "1.03800", "2011-12-31": 1.728, "2011-09-30": -9.303, "2011-06-30": 1.469, "2011-03-31": "3.46000", "2010-12-31": 1.231, "2010-09-30": 0.2, "2010-06-30": 2.648, "2010-03-31": "0.26800", "2009-12-31": 1.931, "2009-09-30": 0.113, "2009-06-30": 0.894, "2009-03-31": "0.17200", "2008-12-31": 0.561, "2008-09-30": 0.643, "2008-06-30": 10.356, "2008-03-31": "-76.87400", "2007-12-31": 3.665, "2007-09-30": -24.94, "2007-06-30": 4.599, "2007-03-31": "0.77900", "2006-12-31": 1.67, "2006-09-30": -1.365, "2006-06-30": -107.74, "2006-03-31": "2.04300", "2005-12-31": 2.43, "2005-09-30": 1.753, "2005-06-30": -25.174, "2005-03-31": "3.28200"}, "Total Common And Preferred Stock Dividends Paid": {"2020-09-30": 0, "2020-06-30": -1.13, "2020-03-31": "", "2019-12-31": -5.642, "2019-09-30": 0, "2019-06-30": -5.612, "2019-03-31": "", "2018-12-31": -5.607, "2018-09-30": 0, "2018-06-30": -5.584, "2018-03-31": "", "2017-12-31": -5.581, "2017-09-30": 0, "2017-06-30": -5.563, "2017-03-31": "", "2016-12-31": -4.347, "2016-09-30": 0, "2016-06-30": -3.404, "2016-03-31": "", "2015-12-31": -3.399, "2015-09-30": 0, "2015-06-30": -3.373, "2015-03-31": "", "2014-12-31": -3.37, "2014-09-30": 0, "2014-06-30": -3.353, "2014-03-31": "", "2013-12-31": -3.349, "2013-09-30": 0, "2013-06-30": -3.314, "2013-03-31": "", "2012-12-31": -3.303, "2012-09-30": 0, "2012-06-30": -3.208, "2012-03-31": "", "2011-12-31": -3.201, "2011-09-30": 0, "2011-06-30": -3.181, "2011-03-31": "", "2010-12-31": -3.153, "2010-09-30": 0, "2010-06-30": -3.144, "2010-03-31": "", "2009-12-31": -3.127, "2009-09-30": 0, "2009-06-30": -3.12, "2009-03-31": "", "2008-12-31": -3.11, "2008-09-30": 0, "2008-06-30": -3.076, "2008-03-31": "", "2007-12-31": -3.144, "2007-09-30": 0, "2007-06-30": -3.14, "2007-03-31": "", "2006-12-31": -2.745, "2006-09-30": 0.001, "2006-06-30": -2.859, "2006-03-31": "", "2005-12-31": -2.828, "2005-09-30": 0, "2005-06-30": -2.863, "2005-03-31": ""}, "Financial Activities - Other": {"2020-09-30": -4.026, "2020-06-30": -10.842, "2020-03-31": "-0.00300", "2019-12-31": -0.002, "2019-09-30": -1.64, "2019-06-30": -1.026, "2019-03-31": "-0.01800", "2018-12-31": -0.018, "2018-09-30": -852.597, "2018-06-30": -0.133, "2018-03-31": "", "2017-12-31": -0.019, "2017-09-30": -1.231, "2017-06-30": -0.001, "2017-03-31": "-2.51700", "2016-12-31": -0.099, "2016-09-30": -26.417, "2016-06-30": -33.066, "2016-03-31": "-0.00300", "2015-12-31": 337.544, "2015-09-30": -349.998, "2015-06-30": -0.099, "2015-03-31": "-0.06200", "2014-12-31": -3.39, "2014-09-30": 0.024, "2014-06-30": -0.101, "2014-03-31": "-0.00800", "2013-12-31": 0.004, "2013-09-30": 0.02, "2013-06-30": -4.245, "2013-03-31": "0.77200", "2012-12-31": 0.006, "2012-09-30": -0.574, "2012-06-30": 0.556, "2012-03-31": "-0.21300", "2011-12-31": -15.155, "2011-09-30": 8.814, "2011-06-30": -8.038, "2011-03-31": "5.66000", "2010-12-31": 0.386, "2010-09-30": 0.074, "2010-06-30": 0.921, "2010-03-31": "-0.52700", "2009-12-31": -1.285, "2009-09-30": -0.014, "2009-06-30": -11.06, "2009-03-31": "", "2008-12-31": 3.404, "2008-09-30": 0.716, "2008-06-30": 8.705, "2008-03-31": "0.86000", "2007-12-31": 2.461, "2007-09-30": 3.896, "2007-06-30": 2.849, "2007-03-31": "0.91300", "2006-12-31": 5.443, "2006-09-30": 0.874, "2006-06-30": 11.832, "2006-03-31": "2.40400", "2005-12-31": -0.693, "2005-09-30": 0.693, "2005-06-30": -0.693, "2005-03-31": ""}, "Cash Flow From Financial Activities": {"2020-09-30": -84.97, "2020-06-30": 56.467, "2020-03-31": "-78.82100", "2019-12-31": -10.894, "2019-09-30": 9.36, "2019-06-30": 66.821, "2019-03-31": "46.48200", "2018-12-31": -4.319, "2018-09-30": -360.518, "2018-06-30": -3.836, "2018-03-31": "", "2017-12-31": -4.715, "2017-09-30": -1.231, "2017-06-30": -3.826, "2017-03-31": "-2.51700", "2016-12-31": 399.735, "2016-09-30": 833.073, "2016-06-30": 23.301, "2016-03-31": "71.08000", "2015-12-31": 3.656, "2015-09-30": 52.894, "2015-06-30": -153.258, "2015-03-31": "250.43800", "2014-12-31": 361.162, "2014-09-30": 379.856, "2014-06-30": -0.964, "2014-03-31": "-0.00800", "2013-12-31": -29.043, "2013-09-30": -15.931, "2013-06-30": 84.913, "2013-03-31": "90.77200", "2012-12-31": 110.996, "2012-09-30": 145.241, "2012-06-30": 141.034, "2012-03-31": "24.82500", "2011-12-31": 326.492, "2011-09-30": -0.802, "2011-06-30": -9.75, "2011-03-31": "302.55500", "2010-12-31": 44.464, "2010-09-30": 2.274, "2010-06-30": 0.425, "2010-03-31": "-188.25900", "2009-12-31": -49.481, "2009-09-30": -39.901, "2009-06-30": -37.286, "2009-03-31": "-0.82800", "2008-12-31": 130.855, "2008-09-30": -123.641, "2008-06-30": 34.485, "2008-03-31": "-84.51400", "2007-12-31": 132.975, "2007-09-30": 37.426, "2007-06-30": 31.502, "2007-03-31": "13.22300", "2006-12-31": 272.368, "2006-09-30": 14.51, "2006-06-30": -47.767, "2006-03-31": "4.44700", "2005-12-31": -52.398, "2005-09-30": 2.753, "2005-06-30": -24.697, "2005-03-31": "13.24900"}, "Net Cash Flow": {"2020-09-30": 0, "2020-06-30": -0.005, "2020-03-31": "0.00500", "2019-12-31": -3.501, "2019-09-30": -2.899, "2019-06-30": 6.396, "2019-03-31": "-77.95100", "2018-12-31": -98.841, "2018-09-30": -439.1, "2018-06-30": -27.431, "2018-03-31": "329.39400", "2017-12-31": -127.472, "2017-09-30": -118.106, "2017-06-30": -100.14, "2017-03-31": "647.28900", "2016-12-31": -968.294, "2016-09-30": 980.648, "2016-06-30": -0.033, "2016-03-31": "0.03300", "2015-12-31": -0.179, "2015-09-30": 0.115, "2015-06-30": 0.06, "2015-03-31": "-0.09800", "2014-12-31": -0.149, "2014-09-30": -163.525, "2014-06-30": -72.641, "2014-03-31": "-45.81300", "2013-12-31": 282.072, "2013-09-30": 0, "2013-06-30": 0.089, "2013-03-31": "-5.83900", "2012-12-31": 5.742, "2012-09-30": 0, "2012-06-30": -0.102, "2012-03-31": "-118.90800", "2011-12-31": 89.271, "2011-09-30": -71.157, "2011-06-30": -90.214, "2011-03-31": "186.21700", "2010-12-31": -2.012, "2010-09-30": -3.16, "2010-06-30": -30.175, "2010-03-31": "29.77500", "2009-12-31": -9.868, "2009-09-30": 10.128, "2009-06-30": 8.178, "2009-03-31": "-3.92000", "2008-12-31": 0.735, "2008-09-30": -31.523, "2008-06-30": 29.408, "2008-03-31": "-35.99900", "2007-12-31": 26.27, "2007-09-30": -8.939, "2007-06-30": 21.446, "2007-03-31": "3.26900", "2006-12-31": 0.448, "2006-09-30": -0.809, "2006-06-30": -59.237, "2006-03-31": "46.13700", "2005-12-31": -11.672, "2005-09-30": 16.029, "2005-06-30": -6.952, "2005-03-31": "11.10200"}, "Stock-Based Compensation": {"2020-09-30": 4.164, "2020-06-30": 5.712, "2020-03-31": "5.56100", "2019-12-31": 5.56, "2019-09-30": 6.766, "2019-06-30": 6.154, "2019-03-31": "5.83800", "2018-12-31": 6.228, "2018-09-30": 7.004, "2018-06-30": 5.264, "2018-03-31": "5.41200", "2017-12-31": 6.54, "2017-09-30": 6.347, "2017-06-30": 4.358, "2017-03-31": "5.45500", "2016-12-31": 6.412, "2016-09-30": 6.57, "2016-06-30": 7.047, "2016-03-31": "6.86800", "2015-12-31": 6.975, "2015-09-30": 7.277, "2015-06-30": 7.191, "2015-03-31": "6.02400", "2014-12-31": 8.126, "2014-09-30": 10.227, "2014-06-30": 7.997, "2014-03-31": "6.34400", "2013-12-31": 6.852, "2013-09-30": 7.427, "2013-06-30": 9.955, "2013-03-31": "8.11300", "2012-12-31": 8.454, "2012-09-30": 9.359, "2012-06-30": 8.022, "2012-03-31": "4.35000", "2011-12-31": 7.274, "2011-09-30": 7.713, "2011-06-30": 6.286, "2011-03-31": "5.55100", "2010-12-31": 6.89, "2010-09-30": 7.989, "2010-06-30": 6.261, "2010-03-31": "5.60300", "2009-12-31": 5.787, "2009-09-30": 5.469, "2009-06-30": 3.733, "2009-03-31": "3.77600", "2008-12-31": 4.335, "2008-09-30": 3.42, "2008-06-30": 3.747, "2008-03-31": "3.31000", "2007-12-31": 1.489, "2007-09-30": 2.327, "2007-06-30": 3.312, "2007-03-31": "2.96700", "2006-12-31": 2.443, "2006-09-30": 2.587, "2006-06-30": 3.195, "2006-03-31": "3.19700", "2005-12-31": 1.794, "2005-09-30": 3.07, "2005-06-30": 1.265, "2005-03-31": "1.03600"}, "Common Stock Dividends Paid": {"2020-09-30": 0, "2020-06-30": -1.13, "2020-03-31": "", "2019-12-31": -5.642, "2019-09-30": 0, "2019-06-30": -5.612, "2019-03-31": "", "2018-12-31": -5.607, "2018-09-30": 0, "2018-06-30": -5.584, "2018-03-31": "", "2017-12-31": -5.581, "2017-09-30": 0, "2017-06-30": -5.563, "2017-03-31": "", "2016-12-31": -4.347, "2016-09-30": 0, "2016-06-30": -3.404, "2016-03-31": "", "2015-12-31": -3.399, "2015-09-30": 0, "2015-06-30": -3.373, "2015-03-31": "", "2014-12-31": -3.37, "2014-09-30": 0, "2014-06-30": -3.353, "2014-03-31": "", "2013-12-31": -3.349, "2013-09-30": 0, "2013-06-30": -3.314, "2013-03-31": "", "2012-12-31": -3.303, "2012-09-30": 0, "2012-06-30": -3.208, "2012-03-31": "", "2011-12-31": -3.201, "2011-09-30": 0, "2011-06-30": -3.181, "2011-03-31": "", "2010-12-31": -3.153, "2010-09-30": 0, "2010-06-30": -3.144, "2010-03-31": "", "2009-12-31": -3.127, "2009-09-30": 0, "2009-06-30": -3.12, "2009-03-31": "", "2008-12-31": -3.11, "2008-09-30": 0, "2008-06-30": -3.076, "2008-03-31": "", "2007-12-31": -3.144, "2007-09-30": 0, "2007-06-30": -3.14, "2007-03-31": "", "2006-12-31": -2.745, "2006-09-30": 0.001, "2006-06-30": -2.859, "2006-03-31": "", "2005-12-31": -2.828, "2005-09-30": 0, "2005-06-30": -2.863, "2005-03-31": ""}}, "financial ratios": {"Current Ratio": {"2019-12-31": "0.53520", "2018-12-31": "0.92110", "2017-12-31": "0.98190", "2016-12-31": "0.54110", "2015-12-31": "1.71550", "2014-12-31": "0.94950", "2013-12-31": "1.01310", "2012-12-31": "0.62890", "2011-12-31": "0.91580", "2010-12-31": "0.54700", "2009-12-31": "0.70460", "2008-12-31": "1.05120", "2007-12-31": "0.74460", "2006-12-31": "1.11210", "2005-12-31": "1.02480"}, "Long-term Debt / Capital": {"2019-12-31": "0.49850", "2018-12-31": "0.47060", "2017-12-31": "0.54850", "2016-12-31": "0.53710", "2015-12-31": "0.57610", "2014-12-31": "0.50500", "2013-12-31": "0.49890", "2012-12-31": "0.50450", "2011-12-31": "0.40240", "2010-12-31": "0.20990", "2009-12-31": "0.31850", "2008-12-31": "0.32460", "2007-12-31": "0.39870", "2006-12-31": "0.36860", "2005-12-31": "0.14930"}, "Debt/Equity Ratio": {"2019-12-31": "0.99410", "2018-12-31": "0.88910", "2017-12-31": "1.21470", "2016-12-31": "1.16040", "2015-12-31": "1.35930", "2014-12-31": "1.02000", "2013-12-31": "0.99580", "2012-12-31": "1.01810", "2011-12-31": "0.67330", "2010-12-31": "0.26560", "2009-12-31": "0.46730", "2008-12-31": "0.48060", "2007-12-31": "0.66310", "2006-12-31": "0.58980", "2005-12-31": "0.17540"}, "Gross Margin": {"2019-12-31": "68.51100", "2018-12-31": "76.42240", "2017-12-31": "55.02770", "2016-12-31": "50.91670", "2015-12-31": "53.52290", "2014-12-31": "71.61810", "2013-12-31": "73.96650", "2012-12-31": "73.96380", "2011-12-31": "81.90560", "2010-12-31": "82.14960", "2009-12-31": "75.15020", "2008-12-31": "79.14740", "2007-12-31": "77.96090", "2006-12-31": "77.58160", "2005-12-31": "80.68210"}, "Operating Margin": {"2019-12-31": "-4.40020", "2018-12-31": "40.46000", "2017-12-31": "-14.49660", "2016-12-31": "-86.82450", "2015-12-31": "-37.17380", "2014-12-31": "46.22020", "2013-12-31": "16.05740", "2012-12-31": "-1.32990", "2011-12-31": "23.97430", "2010-12-31": "30.99930", "2009-12-31": "-15.72160", "2008-12-31": "13.15620", "2007-12-31": "32.26070", "2006-12-31": "38.37320", "2005-12-31": "33.26090"}, "EBIT Margin": {"2019-12-31": "-4.40020", "2018-12-31": "40.46000", "2017-12-31": "-14.49660", "2016-12-31": "-86.82450", "2015-12-31": "-37.17380", "2014-12-31": "46.22020", "2013-12-31": "16.05740", "2012-12-31": "-1.32990", "2011-12-31": "23.97430", "2010-12-31": "30.99930", "2009-12-31": "-15.72160", "2008-12-31": "13.15620", "2007-12-31": "32.26070", "2006-12-31": "38.37320", "2005-12-31": "33.26090"}, "EBITDA Margin": {"2019-12-31": "48.38070", "2018-12-31": "73.38440", "2017-12-31": "36.26700", "2016-12-31": "-21.05720", "2015-12-31": "22.47550", "2014-12-31": "76.89360", "2013-12-31": "52.17280", "2012-12-31": "47.48040", "2011-12-31": "56.99340", "2010-12-31": "62.99000", "2009-12-31": "22.29980", "2008-12-31": "38.75560", "2007-12-31": "55.79470", "2006-12-31": "57.99000", "2005-12-31": "51.21110"}, "Pre-Tax Profit Margin": {"2019-12-31": "-14.53010", "2018-12-31": "31.53140", "2017-12-31": "-30.44270", "2016-12-31": "-98.72410", "2015-12-31": "-46.42760", "2014-12-31": "42.21130", "2013-12-31": "12.14850", "2012-12-31": "-5.54890", "2011-12-31": "21.14370", "2010-12-31": "28.81460", "2009-12-31": "-19.16170", "2008-12-31": "11.12240", "2007-12-31": "29.90740", "2006-12-31": "37.49150", "2005-12-31": "32.21200"}, "Net Profit Margin": {"2019-12-31": "-11.76030", "2018-12-31": "24.59550", "2017-12-31": "-14.24180", "2016-12-31": "-62.24030", "2015-12-31": "-28.75530", "2014-12-31": "26.40640", "2013-12-31": "7.45340", "2012-12-31": "-3.60430", "2011-12-31": "13.43560", "2010-12-31": "18.01160", "2009-12-31": "-11.94060", "2008-12-31": "6.71240", "2007-12-31": "18.89700", "2006-12-31": "24.12270", "2005-12-31": "20.54330"}, "Asset Turnover": {"2019-12-31": "0.25270", "2018-12-31": "0.32540", "2017-12-31": "0.18280", "2016-12-31": "0.19040", "2015-12-31": "0.27700", "2014-12-31": "0.38910", "2013-12-31": "0.48740", "2012-12-31": "0.35840", "2011-12-31": "0.42200", "2010-12-31": "0.39820", "2009-12-31": "0.35250", "2008-12-31": "0.48250", "2007-12-31": "0.38500", "2006-12-31": "0.41480", "2005-12-31": "0.58290"}, "Inventory Turnover Ratio": {"2019-12-31": "", "2018-12-31": "", "2017-12-31": "", "2016-12-31": "", "2015-12-31": "", "2014-12-31": "", "2013-12-31": "", "2012-12-31": "", "2011-12-31": "", "2010-12-31": "", "2009-12-31": "", "2008-12-31": "", "2007-12-31": "", "2006-12-31": "", "2005-12-31": ""}, "Receiveable Turnover": {"2019-12-31": "8.60760", "2018-12-31": "12.33810", "2017-12-31": "7.05180", "2016-12-31": "8.01220", "2015-12-31": "11.60840", "2014-12-31": "7.81800", "2013-12-31": "7.20350", "2012-12-31": "5.82990", "2011-12-31": "7.42450", "2010-12-31": "6.36580", "2009-12-31": "5.58870", "2008-12-31": "7.61660", "2007-12-31": "6.18490", "2006-12-31": "5.23720", "2005-12-31": "4.47700"}, "Days Sales In Receivables": {"2019-12-31": "42.40420", "2018-12-31": "29.58320", "2017-12-31": "51.75980", "2016-12-31": "45.55570", "2015-12-31": "31.44280", "2014-12-31": "46.68740", "2013-12-31": "50.67010", "2012-12-31": "62.60820", "2011-12-31": "49.16140", "2010-12-31": "57.33740", "2009-12-31": "65.31090", "2008-12-31": "47.92180", "2007-12-31": "59.01450", "2006-12-31": "69.69370", "2005-12-31": "81.52750"}, "ROE - Return On Equity": {"2019-12-31": "-6.80250", "2018-12-31": "17.40930", "2017-12-31": "-6.71690", "2016-12-31": "-30.34460", "2015-12-31": "-24.16920", "2014-12-31": "29.12770", "2013-12-31": "10.63810", "2012-12-31": "-3.83530", "2011-12-31": "14.72490", "2010-12-31": "16.15370", "2009-12-31": "-10.20680", "2008-12-31": "7.51370", "2007-12-31": "21.67130", "2006-12-31": "25.56120", "2005-12-31": "26.68730"}, "Return On Tangible Equity": {"2019-12-31": "-6.80250", "2018-12-31": "17.40930", "2017-12-31": "-6.71690", "2016-12-31": "-30.34460", "2015-12-31": "-24.16920", "2014-12-31": "29.12770", "2013-12-31": "10.63810", "2012-12-31": "-3.83530", "2011-12-31": "14.72490", "2010-12-31": "16.15370", "2009-12-31": "-10.20680", "2008-12-31": "7.51370", "2007-12-31": "21.91120", "2006-12-31": "25.89040", "2005-12-31": "27.13780"}, "ROA - Return On Assets": {"2019-12-31": "-2.97190", "2018-12-31": "8.00280", "2017-12-31": "-2.60400", "2016-12-31": "-11.85180", "2015-12-31": "-7.96400", "2014-12-31": "10.27360", "2013-12-31": "3.63290", "2012-12-31": "-1.29180", "2011-12-31": "5.67040", "2010-12-31": "7.17250", "2009-12-31": "-4.20890", "2008-12-31": "3.23840", "2007-12-31": "7.27530", "2006-12-31": "10.00560", "2005-12-31": "11.97530"}, "ROI - Return On Investment": {"2019-12-31": "-3.41130", "2018-12-31": "9.21590", "2017-12-31": "-3.03280", "2016-12-31": "-14.04610", "2015-12-31": "-10.24420", "2014-12-31": "14.41950", "2013-12-31": "5.33040", "2012-12-31": "-1.90050", "2011-12-31": "8.79960", "2010-12-31": "12.76340", "2009-12-31": "-6.95640", "2008-12-31": "5.07480", "2007-12-31": "13.03050", "2006-12-31": "16.13920", "2005-12-31": "22.70400"}, "Book Value Per Share": {"2019-12-31": "24.33000", "2018-12-31": "26.01810", "2017-12-31": "21.44040", "2016-12-31": "22.44450", "2015-12-31": "27.21080", "2014-12-31": "33.89500", "2013-12-31": "23.96240", "2012-12-31": "21.36820", "2011-12-31": "22.83560", "2010-12-31": "19.24700", "2009-12-31": "15.50960", "2008-12-31": "18.66320", "2007-12-31": "13.70370", "2006-12-31": "13.51540", "2005-12-31": "10.03000"}, "Operating Cash Flow Per Share": {"2019-12-31": 0.9687, "2018-12-31": 1.7237, "2017-12-31": -2.5945, "2016-12-31": -7.4105, "2015-12-31": -6.7761, "2014-12-31": 1.7218, "2013-12-31": 5.5305, "2012-12-31": 2.8976, "2011-12-31": 3.5721, "2010-12-31": 0.7019, "2009-12-31": -3.7756, "2008-12-31": 1.0117, "2007-12-31": 2.656, "2006-12-31": 0.9706, "2005-12-31": 6.1198}, "Free Cash Flow Per Share": {"2019-12-31": -2.8549, "2018-12-31": -1.6476, "2017-12-31": 19.9888, "2016-12-31": -14.9152, "2015-12-31": 12.7175, "2014-12-31": -17.1542, "2013-12-31": 10.4124, "2012-12-31": -0.7132, "2011-12-31": -9.6782, "2010-12-31": 0.6109, "2009-12-31": 1.0783, "2008-12-31": 3.3893, "2007-12-31": 0.9785, "2006-12-31": -4.8819, "2005-12-31": 0.9837}}, "financial ratios, quarterly": {"Current Ratio": {"2020-09-30": "0.72860", "2020-06-30": "1.15450", "2020-03-31": "1.63030", "2019-12-31": "0.53520", "2019-09-30": "0.63360", "2019-06-30": "0.57290", "2019-03-31": "0.40590", "2018-12-31": "0.92110", "2018-09-30": "0.61750", "2018-06-30": "0.91150", "2018-03-31": "1.42210", "2017-12-31": "0.98190", "2017-09-30": "1.53180", "2017-06-30": "2.21210", "2017-03-31": "2.40330", "2016-12-31": "0.54110", "2016-09-30": "3.79340", "2016-06-30": "0.94900", "2016-03-31": "1.33800", "2015-12-31": "1.71550", "2015-09-30": "1.10820", "2015-06-30": "1.00680", "2015-03-31": "0.96180", "2014-12-31": "0.94950", "2014-09-30": "0.55500", "2014-06-30": "0.74050", "2014-03-31": "1.12040", "2013-12-31": "1.01310", "2013-09-30": "0.54920", "2013-06-30": "0.67260", "2013-03-31": "0.62760", "2012-12-31": "0.62890", "2012-09-30": "0.65200", "2012-06-30": "0.70250", "2012-03-31": "0.72900", "2011-12-31": "0.91580", "2011-09-30": "0.71940", "2011-06-30": "0.71640", "2011-03-31": "0.82350", "2010-12-31": "0.54700", "2010-09-30": "0.53500", "2010-06-30": "0.64450", "2010-03-31": "0.77530", "2009-12-31": "0.70460", "2009-09-30": "0.72350", "2009-06-30": "0.80700", "2009-03-31": "1.05840", "2008-12-31": "1.05120", "2008-09-30": "0.61370", "2008-06-30": "0.63540", "2008-03-31": "0.63650", "2007-12-31": "0.74460", "2007-09-30": "0.81120", "2007-06-30": "0.87830", "2007-03-31": "0.88860", "2006-12-31": "1.11210", "2006-09-30": "1.13200", "2006-06-30": "0.91800", "2006-03-31": "1.22820", "2005-12-31": "1.02480", "2005-09-30": "0.89400", "2005-06-30": "1.00540", "2005-03-31": "0.99270"}, "Long-term Debt / Capital": {"2020-09-30": "0.51850", "2020-06-30": "0.51850", "2020-03-31": "0.53040", "2019-12-31": "0.49850", "2019-09-30": "0.49030", "2019-06-30": "0.49270", "2019-03-31": "0.49100", "2018-12-31": "0.47060", "2018-09-30": "0.49940", "2018-06-30": "0.48460", "2018-03-31": "0.51780", "2017-12-31": "0.54850", "2017-09-30": "0.54640", "2017-06-30": "0.53700", "2017-03-31": "0.52570", "2016-12-31": "0.53710", "2016-09-30": "0.61030", "2016-06-30": "0.65870", "2016-03-31": "0.62960", "2015-12-31": "0.57610", "2015-09-30": "0.53680", "2015-06-30": "0.53040", "2015-03-31": "0.53920", "2014-12-31": "0.50500", "2014-09-30": "0.50480", "2014-06-30": "0.47820", "2014-03-31": "0.48850", "2013-12-31": "0.49890", "2013-09-30": "0.50640", "2013-06-30": "0.51600", "2013-03-31": "0.51570", "2012-12-31": "0.50450", "2012-09-30": "0.47390", "2012-06-30": "0.43180", "2012-03-31": "0.40430", "2011-12-31": "0.40240", "2011-09-30": "0.28490", "2011-06-30": "0.31840", "2011-03-31": "0.34120", "2010-12-31": "0.20990", "2010-09-30": "0.18640", "2010-06-30": "0.18650", "2010-03-31": "0.19180", "2009-12-31": "0.31850", "2009-09-30": "0.33410", "2009-06-30": "0.34710", "2009-03-31": "0.34040", "2008-12-31": "0.32460", "2008-09-30": "0.31200", "2008-06-30": "0.51880", "2008-03-31": "0.41240", "2007-12-31": "0.39870", "2007-09-30": "0.32170", "2007-06-30": "0.29910", "2007-03-31": "0.29300", "2006-12-31": "0.36860", "2006-09-30": "0.19470", "2006-06-30": "0.20880", "2006-03-31": "0.13610", "2005-12-31": "0.14930", "2005-09-30": "0.22710", "2005-06-30": "0.22540", "2005-03-31": "0.22690"}, "Debt/Equity Ratio": {"2020-09-30": "1.07690", "2020-06-30": "1.07690", "2020-03-31": "1.12970", "2019-12-31": "0.99410", "2019-09-30": "0.96200", "2019-06-30": "0.97120", "2019-03-31": "0.96470", "2018-12-31": "0.88910", "2018-09-30": "0.99750", "2018-06-30": "1.06540", "2018-03-31": "1.07380", "2017-12-31": "1.21470", "2017-09-30": "1.20450", "2017-06-30": "1.15990", "2017-03-31": "1.10820", "2016-12-31": "1.16040", "2016-09-30": "1.56630", "2016-06-30": "1.92990", "2016-03-31": "1.70010", "2015-12-31": "1.35930", "2015-09-30": "1.15880", "2015-06-30": "1.12960", "2015-03-31": "1.17010", "2014-12-31": "1.02000", "2014-09-30": "1.01960", "2014-06-30": "0.91640", "2014-03-31": "0.95500", "2013-12-31": "0.99580", "2013-09-30": "1.02600", "2013-06-30": "1.06620", "2013-03-31": "1.06480", "2012-12-31": "1.01810", "2012-09-30": "0.90090", "2012-06-30": "0.76000", "2012-03-31": "0.67870", "2011-12-31": "0.67330", "2011-09-30": "0.39840", "2011-06-30": "0.46720", "2011-03-31": "0.51790", "2010-12-31": "0.26560", "2010-09-30": "0.22900", "2010-06-30": "0.22930", "2010-03-31": "0.23730", "2009-12-31": "0.46730", "2009-09-30": "0.50170", "2009-06-30": "0.53170", "2009-03-31": "0.51600", "2008-12-31": "0.48060", "2008-09-30": "0.45350", "2008-06-30": "1.07790", "2008-03-31": "0.70190", "2007-12-31": "0.66310", "2007-09-30": "0.47420", "2007-06-30": "0.42670", "2007-03-31": "0.41450", "2006-12-31": "0.58980", "2006-09-30": "0.24180", "2006-06-30": "0.26390", "2006-03-31": "0.15750", "2005-12-31": "0.17540", "2005-09-30": "0.29380", "2005-06-30": "0.29100", "2005-03-31": "0.29350"}, "Gross Margin": {"2020-09-30": "66.10250", "2020-06-30": "52.57680", "2020-03-31": "66.39290", "2019-12-31": "71.81410", "2019-09-30": "66.93920", "2019-06-30": "69.77940", "2019-03-31": "64.41940", "2018-12-31": "69.19020", "2018-09-30": "72.21450", "2018-06-30": "73.55360", "2018-03-31": "84.29320", "2017-12-31": "63.92970", "2017-09-30": "58.47670", "2017-06-30": "-3.02760", "2017-03-31": "62.96430", "2016-12-31": "60.01400", "2016-09-30": "56.75040", "2016-06-30": "56.52870", "2016-03-31": "-1.02530", "2015-12-31": "44.28380", "2015-09-30": "50.27150", "2015-06-30": "66.34960", "2015-03-31": "46.39720", "2014-12-31": "67.07380", "2014-09-30": "71.17100", "2014-06-30": "73.68840", "2014-03-31": "74.12620", "2013-12-31": "74.43900", "2013-09-30": "74.07940", "2013-06-30": "73.23070", "2013-03-31": "74.05240", "2012-12-31": "74.98150", "2012-09-30": "72.96560", "2012-06-30": "70.06310", "2012-03-31": "76.91400", "2011-12-31": "75.44310", "2011-09-30": "85.34550", "2011-06-30": "85.88360", "2011-03-31": "79.12910", "2010-12-31": "80.63330", "2010-09-30": "80.33970", "2010-06-30": "78.66380", "2010-03-31": "86.57730", "2009-12-31": "78.15170", "2009-09-30": "73.82270", "2009-06-30": "75.89400", "2009-03-31": "71.97620", "2008-12-31": "74.61740", "2008-09-30": "77.56040", "2008-06-30": "79.37340", "2008-03-31": "83.57480", "2007-12-31": "77.98710", "2007-09-30": "77.71670", "2007-06-30": "79.63700", "2007-03-31": "76.32640", "2006-12-31": "76.76280", "2006-09-30": "77.27830", "2006-06-30": "77.62040", "2006-03-31": "78.71050", "2005-12-31": "81.37070", "2005-09-30": "81.27390", "2005-06-30": "81.65690", "2005-03-31": "77.63910"}, "Operating Margin": {"2020-09-30": "-36.69980", "2020-06-30": "-184.32780", "2020-03-31": "-135.23930", "2019-12-31": "-19.54970", "2019-09-30": "25.48620", "2019-06-30": "25.58300", "2019-03-31": "-54.35400", "2018-12-31": "109.02430", "2018-09-30": "-23.65070", "2018-06-30": "12.64830", "2018-03-31": "59.65060", "2017-12-31": "-28.60300", "2017-09-30": "-28.82800", "2017-06-30": "-122.03840", "2017-03-31": "44.57850", "2016-12-31": "-74.26060", "2016-09-30": "-5.00600", "2016-06-30": "-67.44870", "2016-03-31": "-368.14350", "2015-12-31": "-166.45250", "2015-09-30": "8.64980", "2015-06-30": "-9.85750", "2015-03-31": "-14.87560", "2014-12-31": "93.73370", "2014-09-30": "57.69020", "2014-06-30": "18.03250", "2014-03-31": "20.33030", "2013-12-31": "6.32750", "2013-09-30": "22.42420", "2013-06-30": "25.79450", "2013-03-31": "9.54150", "2012-12-31": "-19.31020", "2012-09-30": "-11.30380", "2012-06-30": "17.21010", "2012-03-31": "14.89710", "2011-12-31": "-47.46220", "2011-09-30": "70.26130", "2011-06-30": "56.02600", "2011-03-31": "-6.33370", "2010-12-31": "21.48080", "2010-09-30": "13.68630", "2010-06-30": "17.37810", "2010-03-31": "57.68700", "2009-12-31": "4.14630", "2009-09-30": "0.24600", "2009-06-30": "-2.85630", "2009-03-31": "-67.99770", "2008-12-31": "-73.09780", "2008-09-30": "44.53300", "2008-06-30": "16.31950", "2008-03-31": "43.45180", "2007-12-31": "20.55060", "2007-09-30": "38.65260", "2007-06-30": "39.64450", "2007-03-31": "31.45260", "2006-12-31": "34.17650", "2006-09-30": "44.04260", "2006-06-30": "33.65640", "2006-03-31": "41.67920", "2005-12-31": "35.54290", "2005-09-30": "21.92920", "2005-06-30": "38.13120", "2005-03-31": "40.09030"}, "EBIT Margin": {"2020-09-30": "-36.69980", "2020-06-30": "-184.32780", "2020-03-31": "-135.23930", "2019-12-31": "-19.54960", "2019-09-30": "25.48620", "2019-06-30": "25.58300", "2019-03-31": "-54.35400", "2018-12-31": "109.02430", "2018-09-30": "-23.65070", "2018-06-30": "12.64830", "2018-03-31": "59.65060", "2017-12-31": "-28.60300", "2017-09-30": "-28.82800", "2017-06-30": "-122.03840", "2017-03-31": "44.57850", "2016-12-31": "-74.26060", "2016-09-30": "-5.00600", "2016-06-30": "-67.44870", "2016-03-31": "-368.14350", "2015-12-31": "-166.45250", "2015-09-30": "8.64980", "2015-06-30": "-9.85750", "2015-03-31": "-14.87560", "2014-12-31": "93.73370", "2014-09-30": "57.69020", "2014-06-30": "18.03250", "2014-03-31": "20.33030", "2013-12-31": "6.32750", "2013-09-30": "22.42420", "2013-06-30": "25.79450", "2013-03-31": "9.54150", "2012-12-31": "-19.31020", "2012-09-30": "-11.30380", "2012-06-30": "17.21010", "2012-03-31": "14.89710", "2011-12-31": "-47.46220", "2011-09-30": "70.26130", "2011-06-30": "56.02600", "2011-03-31": "-6.33370", "2010-12-31": "21.48080", "2010-09-30": "13.68630", "2010-06-30": "17.37810", "2010-03-31": "57.68700", "2009-12-31": "4.14630", "2009-09-30": "0.24600", "2009-06-30": "-2.85630", "2009-03-31": "-67.99770", "2008-12-31": "-73.09780", "2008-09-30": "44.53300", "2008-06-30": "16.31950", "2008-03-31": "43.45180", "2007-12-31": "20.55060", "2007-09-30": "38.65260", "2007-06-30": "39.64450", "2007-03-31": "31.45260", "2006-12-31": "34.17650", "2006-09-30": "44.04260", "2006-06-30": "33.65640", "2006-03-31": "41.67920", "2005-12-31": "35.54290", "2005-09-30": "21.92920", "2005-06-30": "38.13120", "2005-03-31": "40.09030"}, "EBITDA Margin": {"2020-09-30": "", "2020-06-30": "", "2020-03-31": "", "2019-12-31": "", "2019-09-30": "", "2019-06-30": "", "2019-03-31": "", "2018-12-31": "", "2018-09-30": "", "2018-06-30": "", "2018-03-31": "", "2017-12-31": "", "2017-09-30": "", "2017-06-30": "", "2017-03-31": "", "2016-12-31": "", "2016-09-30": "", "2016-06-30": "", "2016-03-31": "", "2015-12-31": "", "2015-09-30": "", "2015-06-30": "", "2015-03-31": "", "2014-12-31": "", "2014-09-30": "", "2014-06-30": "", "2014-03-31": "", "2013-12-31": "", "2013-09-30": "", "2013-06-30": "", "2013-03-31": "", "2012-12-31": "", "2012-09-30": "", "2012-06-30": "", "2012-03-31": "", "2011-12-31": "", "2011-09-30": "", "2011-06-30": "", "2011-03-31": "", "2010-12-31": "", "2010-09-30": "", "2010-06-30": "", "2010-03-31": "", "2009-12-31": "", "2009-09-30": "", "2009-06-30": "", "2009-03-31": "", "2008-12-31": "", "2008-09-30": "", "2008-06-30": "", "2008-03-31": "", "2007-12-31": "", "2007-09-30": "", "2007-06-30": "", "2007-03-31": "", "2006-12-31": "", "2006-09-30": "", "2006-06-30": "", "2006-03-31": "", "2005-12-31": "", "2005-09-30": "", "2005-06-30": "", "2005-03-31": ""}, "Pre-Tax Profit Margin": {"2020-09-30": "-43.15110", "2020-06-30": "-74.24130", "2020-03-31": "-143.61940", "2019-12-31": "-28.72820", "2019-09-30": "14.94810", "2019-06-30": "15.71280", "2019-03-31": "-65.58710", "2018-12-31": "99.38300", "2018-09-30": "-37.58870", "2018-06-30": "3.67100", "2018-03-31": "54.10530", "2017-12-31": "-42.11070", "2017-09-30": "-43.46350", "2017-06-30": "-158.18950", "2017-03-31": "31.90980", "2016-12-31": "-87.02630", "2016-09-30": "-18.32900", "2016-06-30": "-77.40440", "2016-03-31": "-378.87910", "2015-12-31": "-176.83670", "2015-09-30": "-0.27640", "2015-06-30": "-19.02780", "2015-03-31": "-23.64120", "2014-12-31": "89.07270", "2014-09-30": "53.92590", "2014-06-30": "14.19730", "2014-03-31": "16.51130", "2013-12-31": "2.47370", "2013-09-30": "18.43460", "2013-06-30": "21.94060", "2013-03-31": "5.59900", "2012-12-31": "-23.44000", "2012-09-30": "-16.11610", "2012-06-30": "13.03590", "2012-03-31": "11.13260", "2011-12-31": "-50.65790", "2011-09-30": "68.50000", "2011-06-30": "52.23550", "2011-03-31": "-9.37370", "2010-12-31": "19.89170", "2010-09-30": "10.92980", "2010-06-30": "14.40740", "2010-03-31": "55.83820", "2009-12-31": "1.03800", "2009-09-30": "-3.77740", "2009-06-30": "-6.53950", "2009-03-31": "-71.04660", "2008-12-31": "-75.42110", "2008-09-30": "42.43880", "2008-06-30": "14.30680", "2008-03-31": "41.65790", "2007-12-31": "16.90770", "2007-09-30": "37.14180", "2007-06-30": "38.18960", "2007-03-31": "28.76030", "2006-12-31": "32.54790", "2006-09-30": "42.99230", "2006-06-30": "33.13460", "2006-03-31": "41.39250", "2005-12-31": "34.90310", "2005-09-30": "20.81710", "2005-06-30": "36.80900", "2005-03-31": "38.79560"}, "Net Profit Margin": {"2020-09-30": "-34.97750", "2020-06-30": "-52.61510", "2020-03-31": "-115.78740", "2019-12-31": "-22.59420", "2019-09-30": "10.82040", "2019-06-30": "12.37510", "2019-03-31": "-52.08340", "2018-12-31": "78.57390", "2018-09-30": "-29.58910", "2018-06-30": "3.87390", "2018-03-31": "41.24260", "2017-12-31": "-7.71070", "2017-09-30": "-30.16870", "2017-06-30": "-99.32570", "2017-03-31": "19.96950", "2016-12-31": "-52.89450", "2016-09-30": "-11.59960", "2016-06-30": "-49.34880", "2016-03-31": "-242.67520", "2015-12-31": "-112.02500", "2015-09-30": "0.83900", "2015-06-30": "-11.14180", "2015-03-31": "-14.49930", "2014-12-31": "55.67550", "2014-09-30": "33.76580", "2014-06-30": "8.85660", "2014-03-31": "10.36900", "2013-12-31": "1.09870", "2013-09-30": "11.52980", "2013-06-30": "13.68030", "2013-03-31": "3.45470", "2012-12-31": "-15.11070", "2012-09-30": "-10.11640", "2012-06-30": "8.17590", "2012-03-31": "6.97780", "2011-12-31": "-31.80440", "2011-09-30": "43.36760", "2011-06-30": "32.95630", "2011-03-31": "-5.86780", "2010-12-31": "12.62730", "2010-09-30": "6.81050", "2010-06-30": "8.53480", "2010-03-31": "35.03630", "2009-12-31": "0.40910", "2009-09-30": "-2.37640", "2009-06-30": "-4.05560", "2009-03-31": "-43.98300", "2008-12-31": "-49.22820", "2008-09-30": "26.84360", "2008-06-30": "9.09640", "2008-03-31": "26.22850", "2007-12-31": "10.99380", "2007-09-30": "23.37090", "2007-06-30": "23.96680", "2007-03-31": "18.07640", "2006-12-31": "21.47690", "2006-09-30": "28.21500", "2006-06-30": "20.72590", "2006-03-31": "26.09980", "2005-12-31": "22.48330", "2005-09-30": "13.44490", "2005-06-30": "23.24850", "2005-03-31": "24.40790"}, "Asset Turnover": {"2020-09-30": "0.05490", "2020-06-30": "0.03220", "2020-03-31": "0.06340", "2019-12-31": "0.07180", "2019-09-30": "0.06050", "2019-06-30": "0.06370", "2019-03-31": "0.05420", "2018-12-31": "0.06200", "2018-09-30": "0.07320", "2018-06-30": "0.06590", "2018-03-31": "0.11560", "2017-12-31": "0.05510", "2017-09-30": "0.04780", "2017-06-30": "0.01940", "2017-03-31": "0.05820", "2016-12-31": "0.05940", "2016-09-30": "0.06100", "2016-06-30": "0.06780", "2016-03-31": "0.02750", "2015-12-31": "0.05400", "2015-09-30": "0.05970", "2015-06-30": "0.08310", "2015-03-31": "0.05540", "2014-12-31": "0.09190", "2014-09-30": "0.10930", "2014-06-30": "0.13490", "2014-03-31": "0.13490", "2013-12-31": "0.13530", "2013-09-30": "0.12940", "2013-06-30": "0.12180", "2013-03-31": "0.11280", "2012-12-31": "0.10580", "2012-09-30": "0.09190", "2012-06-30": "0.07610", "2012-03-31": "0.09820", "2011-12-31": "0.09990", "2011-09-30": "0.15350", "2011-06-30": "0.11740", "2011-03-31": "0.10330", "2010-12-31": "0.10720", "2010-09-30": "0.09010", "2010-06-30": "0.08760", "2010-03-31": "0.15080", "2009-12-31": "0.10250", "2009-09-30": "0.07930", "2009-06-30": "0.08570", "2009-03-31": "0.08000", "2008-12-31": "0.09570", "2008-09-30": "0.11280", "2008-06-30": "0.12220", "2008-03-31": "0.13560", "2007-12-31": "0.10700", "2007-09-30": "0.10790", "2007-06-30": "0.11590", "2007-03-31": "0.11250", "2006-12-31": "0.10670", "2006-09-30": "0.12830", "2006-06-30": "0.13780", "2006-03-31": "0.14300", "2005-12-31": "0.17960", "2005-09-30": "0.16650", "2005-06-30": "0.15280", "2005-03-31": "0.13980"}, "Inventory Turnover Ratio": {"2020-09-30": "", "2020-06-30": "", "2020-03-31": "", "2019-12-31": "", "2019-09-30": "", "2019-06-30": "", "2019-03-31": "", "2018-12-31": "", "2018-09-30": "", "2018-06-30": "", "2018-03-31": "", "2017-12-31": "", "2017-09-30": "", "2017-06-30": "", "2017-03-31": "", "2016-12-31": "", "2016-09-30": "", "2016-06-30": "", "2016-03-31": "", "2015-12-31": "", "2015-09-30": "", "2015-06-30": "", "2015-03-31": "", "2014-12-31": "", "2014-09-30": "", "2014-06-30": "", "2014-03-31": "", "2013-12-31": "", "2013-09-30": "", "2013-06-30": "", "2013-03-31": "", "2012-12-31": "", "2012-09-30": "", "2012-06-30": "", "2012-03-31": "", "2011-12-31": "", "2011-09-30": "", "2011-06-30": "", "2011-03-31": "", "2010-12-31": "", "2010-09-30": "", "2010-06-30": "", "2010-03-31": "", "2009-12-31": "", "2009-09-30": "", "2009-06-30": "", "2009-03-31": "", "2008-12-31": "", "2008-09-30": "", "2008-06-30": "", "2008-03-31": "", "2007-12-31": "", "2007-09-30": "", "2007-06-30": "", "2007-03-31": "", "2006-12-31": "", "2006-09-30": "", "2006-06-30": "", "2006-03-31": "", "2005-12-31": "", "2005-09-30": "", "2005-06-30": "", "2005-03-31": ""}, "Receiveable Turnover": {"2020-09-30": "2.05700", "2020-06-30": "1.33390", "2020-03-31": "2.48230", "2019-12-31": "2.44510", "2019-09-30": "2.66950", "2019-06-30": "2.45640", "2019-03-31": "2.34640", "2018-12-31": "2.35290", "2018-09-30": "2.56130", "2018-06-30": "2.48440", "2018-03-31": "3.99660", "2017-12-31": "2.12630", "2017-09-30": "2.02240", "2017-06-30": "1.14200", "2017-03-31": "3.43960", "2016-12-31": "2.50020", "2016-09-30": "2.50470", "2016-06-30": "2.37410", "2016-03-31": "1.28730", "2015-12-31": "2.26460", "2015-09-30": "2.16960", "2015-06-30": "2.15080", "2015-03-31": "1.35110", "2014-12-31": "1.84680", "2014-09-30": "2.03430", "2014-06-30": "2.16050", "2014-03-31": "2.05570", "2013-12-31": "2.00000", "2013-09-30": "2.18200", "2013-06-30": "1.90310", "2013-03-31": "1.86940", "2012-12-31": "1.72100", "2012-09-30": "1.58470", "2012-06-30": "1.43430", "2012-03-31": "1.66330", "2011-12-31": "1.75760", "2011-09-30": "2.88440", "2011-06-30": "2.13860", "2011-03-31": "2.08060", "2010-12-31": "1.71330", "2010-09-30": "1.85390", "2010-06-30": "1.60810", "2010-03-31": "2.41580", "2009-12-31": "1.62510", "2009-09-30": "1.82990", "2009-06-30": "1.89330", "2009-03-31": "1.75090", "2008-12-31": "1.51110", "2008-09-30": "1.73140", "2008-06-30": "1.74650", "2008-03-31": "1.80700", "2007-12-31": "1.71940", "2007-09-30": "1.60400", "2007-06-30": "1.71350", "2007-03-31": "1.50420", "2006-12-31": "1.34760", "2006-09-30": "1.27040", "2006-06-30": "1.44480", "2006-03-31": "1.39980", "2005-12-31": "1.37950", "2005-09-30": "1.37480", "2005-06-30": "1.53620", "2005-03-31": "1.48770"}, "Days Sales In Receivables": {"2020-09-30": "43.75270", "2020-06-30": "67.47290", "2020-03-31": "36.25740", "2019-12-31": "36.80850", "2019-09-30": "33.71360", "2019-06-30": "36.63840", "2019-03-31": "38.35660", "2018-12-31": "38.25100", "2018-09-30": "35.13780", "2018-06-30": "36.22620", "2018-03-31": "22.51910", "2017-12-31": "42.32670", "2017-09-30": "44.50230", "2017-06-30": "78.81120", "2017-03-31": "26.16620", "2016-12-31": "35.99760", "2016-09-30": "35.93240", "2016-06-30": "37.90980", "2016-03-31": "69.91170", "2015-12-31": "39.74250", "2015-09-30": "41.48190", "2015-06-30": "41.84570", "2015-03-31": "66.61230", "2014-12-31": "48.73390", "2014-09-30": "44.24110", "2014-06-30": "41.65660", "2014-03-31": "43.78010", "2013-12-31": "45.00110", "2013-09-30": "41.24580", "2013-06-30": "47.29010", "2013-03-31": "48.14340", "2012-12-31": "52.29530", "2012-09-30": "56.79260", "2012-06-30": "62.74630", "2012-03-31": "54.10880", "2011-12-31": "51.20750", "2011-09-30": "31.20180", "2011-06-30": "42.08340", "2011-03-31": "43.25680", "2010-12-31": "52.53160", "2010-09-30": "48.54590", "2010-06-30": "55.96570", "2010-03-31": "37.25400", "2009-12-31": "55.38030", "2009-09-30": "49.18370", "2009-06-30": "47.53730", "2009-03-31": "51.40100", "2008-12-31": "59.56020", "2008-09-30": "51.98060", "2008-06-30": "51.53050", "2008-03-31": "49.80540", "2007-12-31": "52.34350", "2007-09-30": "56.11010", "2007-06-30": "52.52470", "2007-03-31": "59.83370", "2006-12-31": "66.78330", "2006-09-30": "70.84160", "2006-06-30": "62.29320", "2006-03-31": "64.29590", "2005-12-31": "65.23970", "2005-09-30": "65.46500", "2005-06-30": "58.58470", "2005-03-31": "60.49460"}, "ROE - Return On Equity": {"2020-09-30": "-4.49830", "2020-06-30": "-3.91310", "2020-03-31": "-17.58940", "2019-12-31": "-3.71250", "2019-09-30": "1.48520", "2019-06-30": "1.79840", "2019-03-31": "-6.47300", "2018-12-31": "10.60610", "2018-09-30": "-5.22900", "2018-06-30": "0.62840", "2018-03-31": "11.70320", "2017-12-31": "-1.09650", "2017-09-30": "-3.69450", "2017-06-30": "-4.79280", "2017-03-31": "2.84590", "2016-12-31": "-8.04710", "2016-09-30": "-2.21370", "2016-06-30": "-12.50570", "2016-03-31": "-23.01820", "2015-12-31": "-18.36850", "2015-09-30": "0.14240", "2015-06-30": "-2.62800", "2015-03-31": "-2.37270", "2014-12-31": "14.50700", "2014-09-30": "10.70470", "2014-06-30": "3.42390", "2014-03-31": "3.91590", "2013-12-31": "0.43540", "2013-09-30": "4.45490", "2013-06-30": "5.01160", "2013-03-31": "1.16420", "2012-12-31": "-4.74650", "2012-09-30": "-2.60070", "2012-06-30": "1.62920", "2012-03-31": "1.76700", "2011-12-31": "-8.25130", "2011-09-30": "14.49200", "2011-06-30": "9.23040", "2011-03-31": "-1.52610", "2010-12-31": "3.04790", "2010-09-30": "1.28500", "2010-06-30": "1.52750", "2010-03-31": "11.13080", "2009-12-31": "0.10170", "2009-09-30": "-0.44320", "2009-06-30": "-0.82280", "2009-03-31": "-8.07680", "2008-12-31": "-10.93260", "2008-09-30": "8.62290", "2008-06-30": "6.00850", "2008-03-31": "11.82010", "2007-12-31": "3.50500", "2007-09-30": "6.17800", "2007-06-30": "6.59040", "2007-03-31": "4.73130", "2006-12-31": "5.85600", "2006-09-30": "8.14040", "2006-06-30": "7.00870", "2006-03-31": "7.96750", "2005-12-31": "8.99990", "2005-09-30": "5.28770", "2005-06-30": "7.38030", "2005-03-31": "7.01650"}, "Return On Tangible Equity": {"2020-09-30": "-4.49830", "2020-06-30": "-3.91310", "2020-03-31": "-17.58950", "2019-12-31": "-3.71250", "2019-09-30": "1.48520", "2019-06-30": "1.79840", "2019-03-31": "-6.47300", "2018-12-31": "10.60610", "2018-09-30": "-5.22900", "2018-06-30": "0.62840", "2018-03-31": "11.70320", "2017-12-31": "-1.09650", "2017-09-30": "-3.69450", "2017-06-30": "-4.79280", "2017-03-31": "2.84590", "2016-12-31": "-8.04710", "2016-09-30": "-2.21370", "2016-06-30": "-12.50570", "2016-03-31": "-23.01820", "2015-12-31": "-18.36850", "2015-09-30": "0.14240", "2015-06-30": "-2.62800", "2015-03-31": "-2.37270", "2014-12-31": "14.50700", "2014-09-30": "10.70470", "2014-06-30": "3.42390", "2014-03-31": "3.91590", "2013-12-31": "0.43540", "2013-09-30": "4.45490", "2013-06-30": "5.01160", "2013-03-31": "1.16420", "2012-12-31": "-4.74650", "2012-09-30": "-2.60070", "2012-06-30": "1.62920", "2012-03-31": "1.76700", "2011-12-31": "-8.25130", "2011-09-30": "14.49200", "2011-06-30": "9.23040", "2011-03-31": "-1.52610", "2010-12-31": "3.04790", "2010-09-30": "1.28500", "2010-06-30": "1.52750", "2010-03-31": "11.13080", "2009-12-31": "0.10170", "2009-09-30": "-0.44320", "2009-06-30": "-0.82280", "2009-03-31": "-8.07680", "2008-12-31": "-10.93260", "2008-09-30": "8.70440", "2008-06-30": "6.11550", "2008-03-31": "11.96080", "2007-12-31": "3.54380", "2007-09-30": "6.24120", "2007-06-30": "6.66050", "2007-03-31": "4.78490", "2006-12-31": "5.93140", "2006-09-30": "8.25410", "2006-06-30": "7.12650", "2006-03-31": "7.96750", "2005-12-31": "9.15180", "2005-09-30": "5.38990", "2005-06-30": "7.51970", "2005-03-31": "7.15400"}, "ROA - Return On Assets": {"2020-09-30": "-1.91890", "2020-06-30": "-1.69430", "2020-03-31": "-7.33560", "2019-12-31": "-1.62190", "2019-09-30": "0.65450", "2019-06-30": "0.78830", "2019-03-31": "-2.82450", "2018-12-31": "4.87550", "2018-09-30": "-2.16650", "2018-06-30": "0.25530", "2018-03-31": "4.76580", "2017-12-31": "-0.42510", "2017-09-30": "-1.44220", "2017-06-30": "-1.93010", "2017-03-31": "1.16310", "2016-12-31": "-3.14300", "2016-09-30": "-0.70710", "2016-06-30": "-3.34390", "2016-03-31": "-6.66810", "2015-12-31": "-6.05260", "2015-09-30": "0.05010", "2015-06-30": "-0.92550", "2015-03-31": "-0.80380", "2014-12-31": "5.11670", "2014-09-30": "3.69100", "2014-06-30": "1.19460", "2014-03-31": "1.39920", "2013-12-31": "0.14870", "2013-09-30": "1.49230", "2013-06-30": "1.66690", "2013-03-31": "0.38970", "2012-12-31": "-1.59870", "2012-09-30": "-0.92960", "2012-06-30": "0.62230", "2012-03-31": "0.68490", "2011-12-31": "-3.17750", "2011-09-30": "6.65740", "2011-06-30": "3.86760", "2011-03-31": "-0.60600", "2010-12-31": "1.35330", "2010-09-30": "0.61340", "2010-06-30": "0.74740", "2010-03-31": "5.28310", "2009-12-31": "0.04190", "2009-09-30": "-0.18840", "2009-06-30": "-0.34740", "2009-03-31": "-3.52020", "2008-12-31": "-4.71190", "2008-09-30": "3.02750", "2008-06-30": "1.11160", "2008-03-31": "3.55670", "2007-12-31": "1.17670", "2007-09-30": "2.52200", "2007-06-30": "2.77890", "2007-03-31": "2.03300", "2006-12-31": "2.29220", "2006-09-30": "3.61890", "2006-06-30": "2.85630", "2006-03-31": "3.73250", "2005-12-31": "4.03850", "2005-09-30": "2.23800", "2005-06-30": "3.55240", "2005-03-31": "3.41260"}, "ROI - Return On Investment": {"2020-09-30": "-2.16590", "2020-06-30": "-1.88420", "2020-03-31": "-8.25920", "2019-12-31": "-1.86170", "2019-09-30": "0.75690", "2019-06-30": "0.91230", "2019-03-31": "-3.29470", "2018-12-31": "5.61450", "2018-09-30": "-2.61780", "2018-06-30": "0.32390", "2018-03-31": "5.64330", "2017-12-31": "-0.49510", "2017-09-30": "-1.67590", "2017-06-30": "-2.21890", "2017-03-31": "1.34990", "2016-12-31": "-3.72490", "2016-09-30": "-0.86260", "2016-06-30": "-4.26830", "2016-03-31": "-8.52490", "2015-12-31": "-7.78560", "2015-09-30": "0.06600", "2015-06-30": "-1.23400", "2015-03-31": "-1.09340", "2014-12-31": "7.18160", "2014-09-30": "5.30050", "2014-06-30": "1.78660", "2014-03-31": "2.00300", "2013-12-31": "0.21820", "2013-09-30": "2.19890", "2013-06-30": "2.42550", "2013-03-31": "0.56380", "2012-12-31": "-2.35200", "2012-09-30": "-1.36810", "2012-06-30": "0.92570", "2012-03-31": "1.05260", "2011-12-31": "-4.93100", "2011-09-30": "10.36290", "2011-06-30": "6.29130", "2011-03-31": "-1.00540", "2010-12-31": "2.40820", "2010-09-30": "1.04560", "2010-06-30": "1.24260", "2010-03-31": "8.99590", "2009-12-31": "0.06930", "2009-09-30": "-0.29510", "2009-06-30": "-0.53720", "2009-03-31": "-5.32770", "2008-12-31": "-7.38380", "2008-09-30": "5.93270", "2008-06-30": "2.89160", "2008-03-31": "6.94510", "2007-12-31": "2.10750", "2007-09-30": "4.19080", "2007-06-30": "4.61940", "2007-03-31": "3.34490", "2006-12-31": "3.69740", "2006-09-30": "6.55550", "2006-06-30": "5.54520", "2006-03-31": "6.88310", "2005-12-31": "7.65650", "2005-09-30": "4.08700", "2005-06-30": "5.71690", "2005-03-31": "5.42460"}, "Book Value Per Share": {"2020-09-30": "19.07180", "2020-06-30": "20.08610", "2020-03-31": "20.72520", "2019-12-31": "24.33000", "2019-09-30": "25.19780", "2019-06-30": "24.89950", "2019-03-31": "24.43960", "2018-12-31": "26.01810", "2018-09-30": "23.18040", "2018-06-30": "24.46760", "2018-03-31": "24.28300", "2017-12-31": "21.44040", "2017-09-30": "21.60860", "2017-06-30": "22.44740", "2017-03-31": "23.50860", "2016-12-31": "22.44450", "2016-09-30": "21.27270", "2016-06-30": "19.75590", "2016-03-31": "22.15720", "2015-12-31": "27.21080", "2015-09-30": "32.17400", "2015-06-30": "32.37190", "2015-03-31": "33.14700", "2014-12-31": "33.89500", "2014-09-30": "28.96160", "2014-06-30": "26.01360", "2014-03-31": "24.98540", "2013-12-31": "23.96240", "2013-09-30": "23.69320", "2013-06-30": "22.99900", "2013-03-31": "21.68830", "2012-12-31": "21.36820", "2012-09-30": "22.31000", "2012-06-30": "23.46660", "2012-03-31": "23.23340", "2011-12-31": "22.83560", "2011-09-30": "24.80900", "2011-06-30": "21.18570", "2011-03-31": "19.05830", "2010-12-31": "19.24700", "2010-09-30": "19.07290", "2010-06-30": "18.77300", "2010-03-31": "18.00750", "2009-12-31": "15.50960", "2009-09-30": "15.93480", "2009-06-30": "16.18390", "2009-03-31": "17.33920", "2008-12-31": "18.66320", "2008-09-30": "16.22460", "2008-06-30": "8.69760", "2008-03-31": "13.10720", "2007-12-31": "13.70370", "2007-09-30": "14.87750", "2007-06-30": "14.17110", "2007-03-31": "13.45390", "2006-12-31": "13.51540", "2006-09-30": "12.50980", "2006-06-30": "10.43900", "2006-03-31": "11.13100", "2005-12-31": "10.03000", "2005-09-30": "9.14380", "2005-06-30": "9.19590", "2005-03-31": "8.74130"}, "Operating Cash Flow Per Share": {"2020-09-30": 1.7278, "2020-06-30": 1.0118, "2020-03-31": "1.93020", "2019-12-31": 2.1861, "2019-09-30": 1.7806, "2019-06-30": 2.2953, "2019-03-31": "1.05570", "2018-12-31": 1.5217, "2018-09-30": 2.0858, "2018-06-30": 1.5, "2018-03-31": "1.24150", "2017-12-31": 1.3037, "2017-09-30": 1.1457, "2017-06-30": 0.9635, "2017-03-31": "1.21240", "2016-12-31": 1.9309, "2016-09-30": 1.517, "2016-06-30": 2.0345, "2016-03-31": "1.73740", "2015-12-31": 3.1086, "2015-09-30": 3.3788, "2015-06-30": 3.9343, "2015-03-31": "4.20860", "2014-12-31": 5.6951, "2014-09-30": 5.2312, "2014-06-30": 6.0805, "2014-03-31": "4.39960", "2013-12-31": 5.0205, "2013-09-30": 5.8804, "2013-06-30": 4.6029, "2013-03-31": "4.18080", "2012-12-31": 4.2129, "2012-09-30": 3.8679, "2012-06-30": 3.3015, "2012-03-31": "2.77180", "2011-12-31": 3.9887, "2011-09-30": 1.7383, "2011-06-30": 3.06, "2011-03-31": "2.46950", "2010-12-31": 1.2276, "2010-09-30": 2.2727, "2010-06-30": 1.7936, "2010-03-31": "2.39050", "2009-12-31": 1.3341, "2009-09-30": 1.7751, "2009-06-30": 1.8652, "2009-03-31": "2.00810", "2008-12-31": 1.7413, "2008-09-30": 3.9727, "2008-06-30": 2.8162, "2008-03-31": "2.22790", "2007-12-31": 2.4236, "2007-09-30": 2.9874, "2007-06-30": 2.393, "2007-03-31": "1.94240", "2006-12-31": 2.1995, "2006-09-30": 1.6594, "2006-06-30": 1.3121, "2006-03-31": "1.91940", "2005-12-31": 1.5925, "2005-09-30": 1.7479, "2005-06-30": 1.4053, "2005-03-31": "1.37410"}, "Free Cash Flow Per Share": {"2020-09-30": 0.7406, "2020-06-30": -0.4997, "2020-03-31": "0.69750", "2019-12-31": 0.0535, "2019-09-30": -0.0996, "2019-06-30": -0.5286, "2019-03-31": "-1.11110", "2018-12-31": -0.8577, "2018-09-30": -0.6644, "2018-06-30": -0.2269, "2018-03-31": "2.91810", "2017-12-31": -1.0965, "2017-09-30": -1.0608, "2017-06-30": -0.8628, "2017-03-31": "5.83680", "2016-12-31": -18.4745, "2016-09-30": 2.6751, "2016-06-30": -0.3161, "2016-03-31": "-1.05660", "2015-12-31": -0.0694, "2015-09-30": -0.7616, "2015-06-30": 2.273, "2015-03-31": "-3.69890", "2014-12-31": -5.3273, "2014-09-30": -7.9585, "2014-06-30": -0.9542, "2014-03-31": "-0.73440", "2013-12-31": 4.5532, "2013-09-30": 0.2262, "2013-06-30": -1.1988, "2013-03-31": "-1.40080", "2012-12-31": -1.6905, "2012-09-30": -2.3237, "2012-06-30": -2.077, "2012-03-31": "-2.14140", "2011-12-31": -3.5599, "2011-09-30": -1.0534, "2011-06-30": -1.1096, "2011-03-31": "-1.79650", "2010-12-31": -0.7503, "2010-09-30": -0.3979, "2010-06-30": -0.7425, "2010-03-31": "4.04950", "2009-12-31": 0.5613, "2009-09-30": 0.5545, "2009-06-30": 0.5515, "2009-03-31": "-0.11940", "2008-12-31": -1.8351, "2008-09-30": 1.0534, "2008-06-30": 0.3375, "2008-03-31": "0.91380", "2007-12-31": -1.7801, "2007-09-30": -0.719, "2007-06-30": -0.267, "2007-03-31": "-0.15360", "2006-12-31": -4.1265, "2006-09-30": -0.2228, "2006-06-30": -0.1677, "2006-03-31": "0.61880", "2005-12-31": 0.6079, "2005-09-30": 0.1402, "2005-06-30": 0.3231, "2005-03-31": "-0.08750"}}, "revenue": {"SM Energy Annual Revenue (Millions of US $)": {"2019": "$1,590", "2018": "$2,067", "2017": "$1,129", "2016": "$1,217", "2015": "$1,557", "2014": "$2,522", "2013": "$2,293", "2012": "$1,505", "2011": "$1,603", "2010": "$1,093", "2009": "$832", "2008": "$1,301", "2007": "$990", "2006": "$788", "2005": "$740"}, "SM Energy Quarterly Revenue (Millions of US $)": {"2020-09-30": "$281", "2020-06-30": "$170", "2020-03-31": "$356", "2019-12-31": "$452", "2019-09-30": "$390", "2019-06-30": "$407", "2019-03-31": "$341", "2018-12-31": "$394", "2018-09-30": "$459", "2018-06-30": "$444", "2018-03-31": "$770", "2017-12-31": "$341", "2017-09-30": "$295", "2017-06-30": "$121", "2017-03-31": "$373", "2016-12-31": "$380", "2016-09-30": "$353", "2016-06-30": "$342", "2016-03-31": "$143", "2015-12-31": "$304", "2015-09-30": "$371", "2015-06-30": "$516", "2015-03-31": "$366", "2014-12-31": "$596", "2014-09-30": "$619", "2014-06-30": "$675", "2014-03-31": "$633", "2013-12-31": "$637", "2013-09-30": "$613", "2013-06-30": "$559", "2013-03-31": "$484", "2012-12-31": "$444", "2012-09-30": "$379", "2012-06-30": "$304", "2012-03-31": "$377", "2011-12-31": "$380", "2011-09-30": "$531", "2011-06-30": "$378", "2011-03-31": "$315", "2010-12-31": "$294", "2010-09-30": "$227", "2010-06-30": "$212", "2010-03-31": "$360", "2009-12-31": "$242", "2009-09-30": "$186", "2009-06-30": "$205", "2009-03-31": "$199", "2008-12-31": "$258", "2008-09-30": "$324", "2008-06-30": "$357", "2008-03-31": "$362", "2007-12-31": "$275", "2007-09-30": "$247", "2007-06-30": "$247", "2007-03-31": "$221", "2006-12-31": "$203", "2006-09-30": "$198", "2006-06-30": "$193", "2006-03-31": "$194", "2005-12-31": "$228", "2005-09-30": "$203", "2005-06-30": "$165", "2005-03-31": "$144"}}, "gross-profit": {"SM Energy Annual Gross Profit (Millions of US $)": {"2019": "$1,089", "2018": "$1,580", "2017": "$621", "2016": "$620", "2015": "$833", "2014": "$1,806", "2013": "$1,696", "2012": "$1,113", "2011": "$1,313", "2010": "$898", "2009": "$625", "2008": "$1,030", "2007": "$772", "2006": "$611", "2005": "$597"}, "SM Energy Quarterly Gross Profit (Millions of US $)": {"2020-09-30": "$186", "2020-06-30": "$89", "2020-03-31": "$236", "2019-12-31": "$324", "2019-09-30": "$261", "2019-06-30": "$284", "2019-03-31": "$220", "2018-12-31": "$273", "2018-09-30": "$332", "2018-06-30": "$327", "2018-03-31": "$649", "2017-12-31": "$218", "2017-09-30": "$173", "2017-06-30": "$-4", "2017-03-31": "$235", "2016-12-31": "$228", "2016-09-30": "$200", "2016-06-30": "$193", "2016-03-31": "$-1", "2015-12-31": "$135", "2015-09-30": "$187", "2015-06-30": "$342", "2015-03-31": "$170", "2014-12-31": "$400", "2014-09-30": "$440", "2014-06-30": "$497", "2014-03-31": "$469", "2013-12-31": "$474", "2013-09-30": "$454", "2013-06-30": "$410", "2013-03-31": "$359", "2012-12-31": "$333", "2012-09-30": "$277", "2012-06-30": "$213", "2012-03-31": "$290", "2011-12-31": "$286", "2011-09-30": "$453", "2011-06-30": "$325", "2011-03-31": "$250", "2010-12-31": "$237", "2010-09-30": "$182", "2010-06-30": "$167", "2010-03-31": "$312", "2009-12-31": "$189", "2009-09-30": "$137", "2009-06-30": "$156", "2009-03-31": "$143", "2008-12-31": "$193", "2008-09-30": "$251", "2008-06-30": "$283", "2008-03-31": "$303", "2007-12-31": "$215", "2007-09-30": "$192", "2007-06-30": "$197", "2007-03-31": "$169", "2006-12-31": "$156", "2006-09-30": "$153", "2006-06-30": "$150", "2006-03-31": "$152", "2005-12-31": "$185", "2005-09-30": "$165", "2005-06-30": "$134", "2005-03-31": "$112"}}, "operating-income": {"SM Energy Annual Operating Income (Millions of US $)": {"2019": "$-70", "2018": "$836", "2017": "$-164", "2016": "$-1,057", "2015": "$-579", "2014": "$1,166", "2013": "$368", "2012": "$-20", "2011": "$384", "2010": "$339", "2009": "$-131", "2008": "$171", "2007": "$319", "2006": "$302", "2005": "$246"}, "SM Energy Quarterly Operating Income (Millions of US $)": {"2020-09-30": "$-103", "2020-06-30": "$-313", "2020-03-31": "$-481", "2019-12-31": "$-88", "2019-09-30": "$99", "2019-06-30": "$104", "2019-03-31": "$-185", "2018-12-31": "$430", "2018-09-30": "$-109", "2018-06-30": "$56", "2018-03-31": "$459", "2017-12-31": "$-97", "2017-09-30": "$-85", "2017-06-30": "$-147", "2017-03-31": "$166", "2016-12-31": "$-282", "2016-09-30": "$-18", "2016-06-30": "$-231", "2016-03-31": "$-527", "2015-12-31": "$-506", "2015-09-30": "$32", "2015-06-30": "$-51", "2015-03-31": "$-54", "2014-12-31": "$558", "2014-09-30": "$357", "2014-06-30": "$122", "2014-03-31": "$129", "2013-12-31": "$40", "2013-09-30": "$137", "2013-06-30": "$144", "2013-03-31": "$46", "2012-12-31": "$-86", "2012-09-30": "$-43", "2012-06-30": "$52", "2012-03-31": "$56", "2011-12-31": "$-180", "2011-09-30": "$373", "2011-06-30": "$212", "2011-03-31": "$-20", "2010-12-31": "$63", "2010-09-30": "$31", "2010-06-30": "$37", "2010-03-31": "$208", "2009-12-31": "$10", "2009-09-30": "$0", "2009-06-30": "$-6", "2009-03-31": "$-135", "2008-12-31": "$-189", "2008-09-30": "$144", "2008-06-30": "$58", "2008-03-31": "$157", "2007-12-31": "$57", "2007-09-30": "$95", "2007-06-30": "$98", "2007-03-31": "$70", "2006-12-31": "$69", "2006-09-30": "$87", "2006-06-30": "$65", "2006-03-31": "$81", "2005-12-31": "$81", "2005-09-30": "$45", "2005-06-30": "$63", "2005-03-31": "$58"}}, "ebitda": {"SM Energy Annual EBITDA (Millions of US $)": {"2019": "$769", "2018": "$1,517", "2017": "$410", "2016": "$-256", "2015": "$350", "2014": "$1,939", "2013": "$1,197", "2012": "$715", "2011": "$914", "2010": "$688", "2009": "$186", "2008": "$504", "2007": "$552", "2006": "$457", "2005": "$379"}, "SM Energy Quarterly EBITDA (Millions of US $)": {"2020-09-30": "$83", "2020-06-30": "$-127", "2020-03-31": "$-244", "2019-12-31": "$144", "2019-09-30": "$315", "2019-06-30": "$314", "2019-03-31": "$-4", "2018-12-31": "$615", "2018-09-30": "$96", "2018-06-30": "$212", "2018-03-31": "$593", "2017-12-31": "$38", "2017-09-30": "$53", "2017-06-30": "$10", "2017-03-31": "$309", "2016-12-31": "$-106", "2016-09-30": "$180", "2016-06-30": "$-17", "2016-03-31": "$-313", "2015-12-31": "$-264", "2015-09-30": "$278", "2015-06-30": "$171", "2015-03-31": "$165", "2014-12-31": "$779", "2014-09-30": "$542", "2014-06-30": "$311", "2014-03-31": "$307", "2013-12-31": "$244", "2013-09-30": "$335", "2013-06-30": "$371", "2013-03-31": "$246", "2012-12-31": "$120", "2012-09-30": "$151", "2012-06-30": "$215", "2012-03-31": "$229", "2011-12-31": "$-9", "2011-09-30": "$499", "2011-06-30": "$335", "2011-03-31": "$89", "2010-12-31": "$161", "2010-09-30": "$118", "2010-06-30": "$120", "2010-03-31": "$289", "2009-12-31": "$88", "2009-09-30": "$71", "2009-06-30": "$68", "2009-03-31": "$-42", "2008-12-31": "$-82", "2008-09-30": "$219", "2008-06-30": "$137", "2008-03-31": "$230", "2007-12-31": "$127", "2007-09-30": "$154", "2007-06-30": "$153", "2007-03-31": "$118", "2006-12-31": "$114", "2006-09-30": "$127", "2006-06-30": "$101", "2006-03-31": "$115", "2005-12-31": "$113", "2005-09-30": "$82", "2005-06-30": "$97", "2005-03-31": "$88"}}, "net-income": {"SM Energy Annual Net Income (Millions of US $)": {"2019": "$-187", "2018": "$508", "2017": "$-161", "2016": "$-758", "2015": "$-448", "2014": "$666", "2013": "$171", "2012": "$-54", "2011": "$215", "2010": "$197", "2009": "$-99", "2008": "$87", "2007": "$187", "2006": "$190", "2005": "$152"}, "SM Energy Quarterly Net Income (Millions of US $)": {"2020-09-30": "$-98", "2020-06-30": "$-89", "2020-03-31": "$-412", "2019-12-31": "$-102", "2019-09-30": "$42", "2019-06-30": "$50", "2019-03-31": "$-178", "2018-12-31": "$310", "2018-09-30": "$-136", "2018-06-30": "$17", "2018-03-31": "$317", "2017-12-31": "$-26", "2017-09-30": "$-89", "2017-06-30": "$-120", "2017-03-31": "$74", "2016-12-31": "$-201", "2016-09-30": "$-41", "2016-06-30": "$-169", "2016-03-31": "$-347", "2015-12-31": "$-340", "2015-09-30": "$3", "2015-06-30": "$-58", "2015-03-31": "$-53", "2014-12-31": "$332", "2014-09-30": "$209", "2014-06-30": "$60", "2014-03-31": "$66", "2013-12-31": "$7", "2013-09-30": "$71", "2013-06-30": "$77", "2013-03-31": "$17", "2012-12-31": "$-67", "2012-09-30": "$-38", "2012-06-30": "$25", "2012-03-31": "$26", "2011-12-31": "$-121", "2011-09-30": "$230", "2011-06-30": "$125", "2011-03-31": "$-19", "2010-12-31": "$37", "2010-09-30": "$15", "2010-06-30": "$18", "2010-03-31": "$126", "2009-12-31": "$1", "2009-09-30": "$-4", "2009-06-30": "$-8", "2009-03-31": "$-88", "2008-12-31": "$-127", "2008-09-30": "$87", "2008-06-30": "$32", "2008-03-31": "$95", "2007-12-31": "$30", "2007-09-30": "$58", "2007-06-30": "$59", "2007-03-31": "$40", "2006-12-31": "$44", "2006-09-30": "$56", "2006-06-30": "$40", "2006-03-31": "$51", "2005-12-31": "$51", "2005-09-30": "$27", "2005-06-30": "$38", "2005-03-31": "$35"}}, "eps-earnings-per-share-diluted": {"SM Energy Annual EPS": {"2019": "$-1.66", "2018": "$4.48", "2017": "$-1.44", "2016": "$-9.90", "2015": "$-6.61", "2014": "$9.79", "2013": "$2.51", "2012": "$-0.83", "2011": "$3.19", "2010": "$3.04", "2009": "$-1.59", "2008": "$1.38", "2007": "$2.90", "2006": "$2.94", "2005": "$2.33"}, "SM Energy Quarterly EPS": {"2020-09-30": "$-0.86", "2020-06-30": "$-0.79", "2020-03-31": "$-3.64", "2019-12-31": "$-0.90", "2019-09-30": "$0.37", "2019-06-30": "$0.45", "2019-03-31": "$-1.58", "2018-12-31": "$2.73", "2018-09-30": "$-1.21", "2018-06-30": "$0.15", "2018-03-31": "$2.81", "2017-12-31": "$-0.23", "2017-09-30": "$-0.80", "2017-06-30": "$-1.08", "2017-03-31": "$0.67", "2016-12-31": "$-1.80", "2016-09-30": "$-0.52", "2016-06-30": "$-2.48", "2016-03-31": "$-5.10", "2015-12-31": "$-5.02", "2015-09-30": "$0.05", "2015-06-30": "$-0.85", "2015-03-31": "$-0.79", "2014-12-31": "$4.90", "2014-09-30": "$3.05", "2014-06-30": "$0.88", "2014-03-31": "$0.96", "2013-12-31": "$0.09", "2013-09-30": "$1.04", "2013-06-30": "$1.13", "2013-03-31": "$0.25", "2012-12-31": "$-1.01", "2012-09-30": "$-0.58", "2012-06-30": "$0.37", "2012-03-31": "$0.39", "2011-12-31": "$-1.79", "2011-09-30": "$3.41", "2011-06-30": "$1.86", "2011-03-31": "$-0.29", "2010-12-31": "$0.56", "2010-09-30": "$0.24", "2010-06-30": "$0.28", "2010-03-31": "$1.96", "2009-12-31": "$0.02", "2009-09-30": "$-0.07", "2009-06-30": "$-0.13", "2009-03-31": "$-1.41", "2008-12-31": "$-2.00", "2008-09-30": "$1.38", "2008-06-30": "$0.52", "2008-03-31": "$1.48", "2007-12-31": "$0.47", "2007-09-30": "$0.89", "2007-06-30": "$0.91", "2007-03-31": "$0.63", "2006-12-31": "$0.69", "2006-09-30": "$0.88", "2006-06-30": "$0.61", "2006-03-31": "$0.76", "2005-12-31": "$0.78", "2005-09-30": "$0.42", "2005-06-30": "$0.59", "2005-03-31": "$0.54"}}, "shares-outstanding": {"SM Energy Annual Shares Outstanding (Millions of Shares)": {"2019": "113", "2018": "114", "2017": "111", "2016": "77", "2015": "68", "2014": "68", "2013": "68", "2012": "65", "2011": "68", "2010": "65", "2009": "62", "2008": "63", "2007": "65", "2006": "66", "2005": "67"}, "SM Energy Quarterly Shares Outstanding (Millions of Shares)": {"2020-09-30": "114", "2020-06-30": "113", "2020-03-31": "113", "2019-12-31": "113", "2019-09-30": "113", "2019-06-30": "113", "2019-03-31": "112", "2018-12-31": "114", "2018-09-30": "112", "2018-06-30": "114", "2018-03-31": "113", "2017-12-31": "111", "2017-09-30": "112", "2017-06-30": "111", "2017-03-31": "111", "2016-12-31": "77", "2016-09-30": "78", "2016-06-30": "68", "2016-03-31": "68", "2015-12-31": "68", "2015-09-30": "68", "2015-06-30": "67", "2015-03-31": "67", "2014-12-31": "68", "2014-09-30": "68", "2014-06-30": "68", "2014-03-31": "68", "2013-12-31": "68", "2013-09-30": "68", "2013-06-30": "68", "2013-03-31": "68", "2012-12-31": "65", "2012-09-30": "66", "2012-06-30": "68", "2012-03-31": "68", "2011-12-31": "68", "2011-09-30": "67", "2011-06-30": "67", "2011-03-31": "63", "2010-12-31": "65", "2010-09-30": "65", "2010-06-30": "65", "2010-03-31": "64", "2009-12-31": "62", "2009-09-30": "63", "2009-06-30": "62", "2009-03-31": "62", "2008-12-31": "63", "2008-09-30": "63", "2008-06-30": "63", "2008-03-31": "64", "2007-12-31": "65", "2007-09-30": "65", "2007-06-30": "65", "2007-03-31": "65", "2006-12-31": "66", "2006-09-30": "65", "2006-06-30": "67", "2006-03-31": "67", "2005-12-31": "67", "2005-09-30": "67", "2005-06-30": "67", "2005-03-31": "67"}}, "total-assets": {"SM Energy Annual Total Assets (Millions of US $)": {"2019": "$6,292", "2018": "$6,353", "2017": "$6,177", "2016": "$6,394", "2015": "$5,622", "2014": "$6,483", "2013": "$4,705", "2012": "$4,200", "2011": "$3,799", "2010": "$2,744", "2009": "$2,361", "2008": "$2,697", "2007": "$2,572", "2006": "$1,899", "2005": "$1,269"}, "SM Energy Quarterly Total Assets (Millions of US $)": {"2020-09-30": "$5,122", "2020-06-30": "$5,268", "2020-03-31": "$5,615", "2019-12-31": "$6,292", "2019-09-30": "$6,453", "2019-06-30": "$6,392", "2019-03-31": "$6,287", "2018-12-31": "$6,353", "2018-09-30": "$6,274", "2018-06-30": "$6,736", "2018-03-31": "$6,660", "2017-12-31": "$6,177", "2017-09-30": "$6,179", "2017-06-30": "$6,213", "2017-03-31": "$6,400", "2016-12-31": "$6,394", "2016-09-30": "$5,785", "2016-06-30": "$5,044", "2016-03-31": "$5,207", "2015-12-31": "$5,622", "2015-09-30": "$6,214", "2015-06-30": "$6,214", "2015-03-31": "$6,601", "2014-12-31": "$6,483", "2014-09-30": "$5,661", "2014-06-30": "$5,004", "2014-03-31": "$4,689", "2013-12-31": "$4,705", "2013-09-30": "$4,737", "2013-06-30": "$4,591", "2013-03-31": "$4,292", "2012-12-31": "$4,200", "2012-09-30": "$4,124", "2012-06-30": "$4,000", "2012-03-31": "$3,845", "2011-12-31": "$3,799", "2011-09-30": "$3,456", "2011-06-30": "$3,220", "2011-03-31": "$3,054", "2010-12-31": "$2,744", "2010-09-30": "$2,519", "2010-06-30": "$2,417", "2010-03-31": "$2,388", "2009-12-31": "$2,361", "2009-09-30": "$2,344", "2009-06-30": "$2,396", "2009-03-31": "$2,489", "2008-12-31": "$2,697", "2008-09-30": "$2,874", "2008-06-30": "$2,921", "2008-03-31": "$2,670", "2007-12-31": "$2,572", "2007-09-30": "$2,286", "2007-06-30": "$2,132", "2007-03-31": "$1,965", "2006-12-31": "$1,899", "2006-09-30": "$1,544", "2006-06-30": "$1,403", "2006-03-31": "$1,354", "2005-12-31": "$1,269", "2005-09-30": "$1,221", "2005-06-30": "$1,077", "2005-03-31": "$1,029"}}, "cash-on-hand": {"SM Energy Annual Cash on Hand (Millions of US $)": {"2019": "$0", "2018": "$78", "2017": "$314", "2016": "$9", "2015": "$0", "2014": "$0", "2013": "$282", "2012": "$6", "2011": "$119", "2010": "$5", "2009": "$11", "2008": "$7", "2007": "$45", "2006": "$3", "2005": "$16"}, "SM Energy Quarterly Cash on Hand (Millions of US $)": {"2020-09-30": "$0", "2020-06-30": "$0", "2020-03-31": "$0", "2019-12-31": "$0", "2019-09-30": "$0", "2019-06-30": "$0", "2019-03-31": "$0", "2018-12-31": "$78", "2018-09-30": "$177", "2018-06-30": "$616", "2018-03-31": "$643", "2017-12-31": "$314", "2017-09-30": "$441", "2017-06-30": "$560", "2017-03-31": "$659", "2016-12-31": "$9", "2016-09-30": "$981", "2016-06-30": "$0", "2016-03-31": "$0", "2015-12-31": "$0", "2015-09-30": "$0", "2015-06-30": "$0", "2015-03-31": "$0", "2014-12-31": "$0", "2014-09-30": "$0", "2014-06-30": "$164", "2014-03-31": "$236", "2013-12-31": "$282", "2013-09-30": "$0", "2013-06-30": "$0", "2013-03-31": "$0", "2012-12-31": "$6", "2012-09-30": "$0", "2012-06-30": "$0", "2012-03-31": "$0", "2011-12-31": "$119", "2011-09-30": "$30", "2011-06-30": "$101", "2011-03-31": "$191", "2010-12-31": "$5", "2010-09-30": "$7", "2010-06-30": "$10", "2010-03-31": "$40", "2009-12-31": "$11", "2009-09-30": "$21", "2009-06-30": "$10", "2009-03-31": "$3", "2008-12-31": "$7", "2008-09-30": "$6", "2008-06-30": "$38", "2008-03-31": "$9", "2007-12-31": "$45", "2007-09-30": "$18", "2007-06-30": "$27", "2007-03-31": "$6", "2006-12-31": "$3", "2006-09-30": "$2", "2006-06-30": "$3", "2006-03-31": "$63", "2005-12-31": "$16", "2005-09-30": "$28", "2005-06-30": "$12", "2005-03-31": "$19"}}, "long-term-debt": {"SM Energy Annual Long Term Debt (Millions of US $)": {"2019": "$2,733", "2018": "$2,596", "2017": "$2,909", "2016": "$2,898", "2015": "$2,518", "2014": "$2,332", "2013": "$1,600", "2012": "$1,440", "2011": "$985", "2010": "$324", "2009": "$455", "2008": "$559", "2007": "$573", "2006": "$434", "2005": "$100"}, "SM Energy Quarterly Long Term Debt (Millions of US $)": {"2020-09-30": "$2,353", "2020-06-30": "$2,456", "2020-03-31": "$2,645", "2019-12-31": "$2,733", "2019-09-30": "$2,736", "2019-06-30": "$2,721", "2019-03-31": "$2,646", "2018-12-31": "$2,596", "2018-09-30": "$2,593", "2018-06-30": "$2,573", "2018-03-31": "$2,912", "2017-12-31": "$2,909", "2017-09-30": "$2,905", "2017-06-30": "$2,902", "2017-03-31": "$2,899", "2016-12-31": "$2,898", "2016-09-30": "$2,894", "2016-06-30": "$2,603", "2016-03-31": "$2,564", "2015-12-31": "$2,518", "2015-09-30": "$2,534", "2015-06-30": "$2,472", "2015-03-31": "$2,617", "2014-12-31": "$2,332", "2014-09-30": "$1,990", "2014-06-30": "$1,600", "2014-03-31": "$1,600", "2013-12-31": "$1,600", "2013-09-30": "$1,628", "2013-06-30": "$1,628", "2013-03-31": "$1,530", "2012-12-31": "$1,440", "2012-09-30": "$1,328", "2012-06-30": "$1,161", "2012-03-31": "$1,012", "2011-12-31": "$985", "2011-09-30": "$633", "2011-06-30": "$630", "2011-03-31": "$628", "2010-12-31": "$324", "2010-09-30": "$275", "2010-06-30": "$271", "2010-03-31": "$269", "2009-12-31": "$455", "2009-09-30": "$500", "2009-06-30": "$538", "2009-03-31": "$560", "2008-12-31": "$559", "2008-09-30": "$458", "2008-06-30": "$583", "2008-03-31": "$564", "2007-12-31": "$573", "2007-09-30": "$443", "2007-06-30": "$384", "2007-03-31": "$350", "2006-12-31": "$434", "2006-09-30": "$166", "2006-06-30": "$151", "2006-03-31": "$100", "2005-12-31": "$100", "2005-09-30": "$152", "2005-06-30": "$151", "2005-03-31": "$147"}}, "total-liabilities": {"SM Energy Annual Total Liabilities (Millions of US $)": {"2019": "$3,543", "2018": "$3,433", "2017": "$3,782", "2016": "$3,896", "2015": "$3,769", "2014": "$4,196", "2013": "$3,098", "2012": "$2,785", "2011": "$2,336", "2010": "$1,526", "2009": "$1,387", "2008": "$1,535", "2007": "$1,708", "2006": "$1,156", "2005": "$699"}, "SM Energy Quarterly Total Liabilities (Millions of US $)": {"2020-09-30": "$2,937", "2020-06-30": "$2,987", "2020-03-31": "$3,273", "2019-12-31": "$3,543", "2019-09-30": "$3,609", "2019-06-30": "$3,590", "2019-03-31": "$3,543", "2018-12-31": "$3,433", "2018-09-30": "$3,674", "2018-06-30": "$4,000", "2018-03-31": "$3,948", "2017-12-31": "$3,782", "2017-09-30": "$3,767", "2017-06-30": "$3,711", "2017-03-31": "$3,784", "2016-12-31": "$3,896", "2016-09-30": "$3,938", "2016-06-30": "$3,696", "2016-03-31": "$3,699", "2015-12-31": "$3,769", "2015-09-30": "$4,027", "2015-06-30": "$4,025", "2015-03-31": "$4,364", "2014-12-31": "$4,196", "2014-09-30": "$3,709", "2014-06-30": "$3,258", "2014-03-31": "$3,014", "2013-12-31": "$3,098", "2013-09-30": "$3,150", "2013-06-30": "$3,064", "2013-03-31": "$2,855", "2012-12-31": "$2,785", "2012-09-30": "$2,650", "2012-06-30": "$2,472", "2012-03-31": "$2,355", "2011-12-31": "$2,336", "2011-09-30": "$1,869", "2011-06-30": "$1,871", "2011-03-31": "$1,841", "2010-12-31": "$1,526", "2010-09-30": "$1,317", "2010-06-30": "$1,235", "2010-03-31": "$1,255", "2009-12-31": "$1,387", "2009-09-30": "$1,348", "2009-06-30": "$1,384", "2009-03-31": "$1,404", "2008-12-31": "$1,535", "2008-09-30": "$1,865", "2008-06-30": "$2,380", "2008-03-31": "$1,867", "2007-12-31": "$1,708", "2007-09-30": "$1,353", "2007-06-30": "$1,233", "2007-03-31": "$1,121", "2006-12-31": "$1,156", "2006-09-30": "$858", "2006-06-30": "$831", "2006-03-31": "$720", "2005-12-31": "$699", "2005-09-30": "$704", "2005-06-30": "$559", "2005-03-31": "$528"}}, "total-share-holder-equity": {"SM Energy Annual Share Holder Equity (Millions of US $)": {"2019": "$2,749", "2018": "$2,920", "2017": "$2,395", "2016": "$2,497", "2015": "$1,852", "2014": "$2,287", "2013": "$1,607", "2012": "$1,414", "2011": "$1,463", "2010": "$1,219", "2009": "$974", "2008": "$1,163", "2007": "$863", "2006": "$743", "2005": "$569"}, "SM Energy Quarterly Share Holder Equity (Millions of US $)": {"2020-09-30": "$2,185", "2020-06-30": "$2,281", "2020-03-31": "$2,342", "2019-12-31": "$2,749", "2019-09-30": "$2,844", "2019-06-30": "$2,802", "2019-03-31": "$2,743", "2018-12-31": "$2,920", "2018-09-30": "$2,599", "2018-06-30": "$2,737", "2018-03-31": "$2,712", "2017-12-31": "$2,395", "2017-09-30": "$2,412", "2017-06-30": "$2,502", "2017-03-31": "$2,616", "2016-12-31": "$2,497", "2016-09-30": "$1,848", "2016-06-30": "$1,349", "2016-03-31": "$1,508", "2015-12-31": "$1,852", "2015-09-30": "$2,187", "2015-06-30": "$2,188", "2015-03-31": "$2,236", "2014-12-31": "$2,287", "2014-09-30": "$1,952", "2014-06-30": "$1,746", "2014-03-31": "$1,675", "2013-12-31": "$1,607", "2013-09-30": "$1,587", "2013-06-30": "$1,527", "2013-03-31": "$1,437", "2012-12-31": "$1,414", "2012-09-30": "$1,474", "2012-06-30": "$1,528", "2012-03-31": "$1,490", "2011-12-31": "$1,463", "2011-09-30": "$1,588", "2011-06-30": "$1,349", "2011-03-31": "$1,212", "2010-12-31": "$1,219", "2010-09-30": "$1,202", "2010-06-30": "$1,183", "2010-03-31": "$1,134", "2009-12-31": "$974", "2009-09-30": "$996", "2009-06-30": "$1,011", "2009-03-31": "$1,085", "2008-12-31": "$1,163", "2008-09-30": "$1,009", "2008-06-30": "$540", "2008-03-31": "$803", "2007-12-31": "$863", "2007-09-30": "$933", "2007-06-30": "$899", "2007-03-31": "$844", "2006-12-31": "$743", "2006-09-30": "$686", "2006-06-30": "$572", "2006-03-31": "$634", "2005-12-31": "$569", "2005-09-30": "$517", "2005-06-30": "$518", "2005-03-31": "$500"}}, "profit-margins": {"current": "-55.76%"}, "gross margin": {"2020-09-30": "66.32%", "2020-06-30": "66.52%", "2020-03-31": "68.85%", "2019-12-31": "68.49%", "2019-09-30": "67.75%", "2019-06-30": "69.27%", "2019-03-31": "70.33%", "2018-12-31": "76.49%", "2018-09-30": "75.77%", "2018-06-30": "73.89%", "2018-03-31": "67.85%", "2017-12-31": "55.04%", "2017-09-30": "54.06%", "2017-06-30": "53.71%", "2017-03-31": "59.12%", "2016-12-31": "50.90%", "2016-09-30": "46.15%", "2016-06-30": "44.31%", "2016-03-31": "49.70%", "2015-12-31": "53.56%", "2015-09-30": "59.44%", "2015-06-30": "64.47%", "2015-03-31": "66.80%", "2014-12-31": "71.58%", "2014-09-30": "73.32%", "2014-06-30": "74.04%", "2014-03-31": "74.00%", "2013-12-31": "74.01%", "2013-09-30": "74.10%", "2013-06-30": "73.90%", "2013-03-31": "73.37%", "2012-12-31": "74.00%", "2012-09-30": "74.03%", "2012-06-30": "78.02%", "2012-03-31": "81.27%", "2011-12-31": "81.92%", "2011-09-30": "83.33%", "2011-06-30": "81.88%", "2011-03-31": "79.77%", "2010-12-31": "82.16%", "2010-09-30": "81.65%", "2010-06-30": "80.50%", "2010-03-31": "79.96%", "2009-12-31": "75.12%", "2009-09-30": "74.17%", "2009-06-30": "75.35%", "2009-03-31": "76.45%", "2008-12-31": "79.17%", "2008-09-30": "79.82%", "2008-06-30": "80.02%", "2008-03-31": "80.19%", "2007-12-31": "78.08%", "2007-09-30": "77.78%", "2007-06-30": "77.68%", "2007-03-31": "77.06%", "2006-12-31": "77.54%", "2006-09-30": "78.72%", "2006-06-30": "79.71%", "2006-03-31": "80.51%", "2005-12-31": "80.54%"}, "operating margin": {"2020-09-30": "-78.24%", "2020-06-30": "-57.24%", "2020-03-31": "-22.80%", "2019-12-31": "-4.40%", "2019-09-30": "29.24%", "2019-06-30": "14.99%", "2019-03-31": "11.72%", "2018-12-31": "40.45%", "2018-09-30": "15.34%", "2018-06-30": "18.00%", "2018-03-31": "8.51%", "2017-12-31": "-14.42%", "2017-09-30": "-29.77%", "2017-06-30": "-22.90%", "2017-03-31": "-25.21%", "2016-12-31": "-86.86%", "2016-09-30": "-112.26%", "2016-06-30": "-106.21%", "2016-03-31": "-78.86%", "2015-12-31": "-37.19%", "2015-09-30": "26.23%", "2015-06-30": "38.63%", "2015-03-31": "43.57%", "2014-12-31": "46.21%", "2014-09-30": "25.27%", "2014-06-30": "16.73%", "2014-03-31": "18.43%", "2013-12-31": "16.01%", "2013-09-30": "11.48%", "2013-06-30": "3.27%", "2013-03-31": "-1.92%", "2012-12-31": "-1.40%", "2012-09-30": "-7.99%", "2012-06-30": "18.91%", "2012-03-31": "27.67%", "2011-12-31": "24.00%", "2011-09-30": "41.37%", "2011-06-30": "23.56%", "2011-03-31": "10.59%", "2010-12-31": "31.02%", "2010-09-30": "27.47%", "2010-06-30": "25.50%", "2010-03-31": "21.35%", "2009-12-31": "-15.75%", "2009-09-30": "-38.92%", "2009-06-30": "-18.86%", "2009-03-31": "-10.72%", "2008-12-31": "13.07%", "2008-09-30": "31.56%", "2008-06-30": "29.57%", "2008-03-31": "35.99%", "2007-12-31": "32.32%", "2007-09-30": "36.17%", "2007-06-30": "37.28%", "2007-03-31": "35.71%", "2006-12-31": "38.32%", "2006-09-30": "38.62%", "2006-06-30": "33.25%", "2006-03-31": "34.18%", "2005-12-31": "33.38%"}, "ebitda margin": {"2020-09-30": "-11.44%", "2020-06-30": "6.43%", "2020-03-31": "32.96%", "2019-12-31": "48.36%", "2019-09-30": "80.94%", "2019-06-30": "63.77%", "2019-03-31": "56.11%", "2018-12-31": "73.34%", "2018-09-30": "46.62%", "2018-06-30": "48.43%", "2018-03-31": "45.45%", "2017-12-31": "36.28%", "2017-09-30": "22.75%", "2017-06-30": "32.03%", "2017-03-31": "25.28%", "2016-12-31": "-21.02%", "2016-09-30": "-36.25%", "2016-06-30": "-27.24%", "2016-03-31": "-9.60%", "2015-12-31": "22.48%", "2015-09-30": "75.34%", "2015-06-30": "79.02%", "2015-03-31": "79.65%", "2014-12-31": "76.85%", "2014-09-30": "54.76%", "2014-06-30": "46.79%", "2014-03-31": "51.47%", "2013-12-31": "52.16%", "2013-09-30": "51.05%", "2013-06-30": "47.59%", "2013-03-31": "45.44%", "2012-12-31": "47.54%", "2012-09-30": "40.69%", "2012-06-30": "58.67%", "2012-03-31": "63.27%", "2011-12-31": "56.98%", "2011-09-30": "71.41%", "2011-06-30": "57.91%", "2011-03-31": "46.56%", "2010-12-31": "62.95%", "2010-09-30": "59.08%", "2010-06-30": "56.80%", "2010-03-31": "51.96%", "2009-12-31": "22.24%", "2009-09-30": "1.77%", "2009-06-30": "16.53%", "2009-03-31": "20.39%", "2008-12-31": "38.74%", "2008-09-30": "54.10%", "2008-06-30": "52.22%", "2008-03-31": "58.71%", "2007-12-31": "55.76%", "2007-09-30": "58.71%", "2007-06-30": "58.92%", "2007-03-31": "56.44%", "2006-12-31": "57.99%", "2006-09-30": "56.09%", "2006-06-30": "50.24%", "2006-03-31": "51.52%", "2005-12-31": "51.35%"}, "pre tax profit margin": {"2020-09-30": "-70.53%", "2020-06-30": "-51.83%", "2020-03-31": "-32.34%", "2019-12-31": "-14.59%", "2019-09-30": "18.93%", "2019-06-30": "3.69%", "2019-03-31": "0.67%", "2018-12-31": "31.49%", "2018-09-30": "5.76%", "2018-06-30": "8.70%", "2018-03-31": "-3.01%", "2017-12-31": "-30.35%", "2017-09-30": "-45.42%", "2017-06-30": "-38.14%", "2017-03-31": "-37.43%", "2016-12-31": "-98.77%", "2016-09-30": "-123.38%", "2016-06-30": "-115.95%", "2016-03-31": "-88.31%", "2015-12-31": "-46.44%", "2015-09-30": "18.66%", "2015-06-30": "32.43%", "2015-03-31": "38.74%", "2014-12-31": "42.21%", "2014-09-30": "21.45%", "2014-06-30": "12.86%", "2014-03-31": "14.58%", "2013-12-31": "12.17%", "2013-09-30": "7.57%", "2013-06-30": "-0.80%", "2013-03-31": "-6.08%", "2012-12-31": "-5.52%", "2012-09-30": "-11.88%", "2012-06-30": "15.89%", "2012-03-31": "24.61%", "2011-12-31": "21.07%", "2011-09-30": "38.80%", "2011-06-30": "20.68%", "2011-03-31": "8.11%", "2010-12-31": "28.91%", "2010-09-30": "24.98%", "2010-06-30": "22.80%", "2010-03-31": "18.53%", "2009-12-31": "-19.11%", "2009-09-30": "-42.10%", "2009-06-30": "-21.50%", "2009-03-31": "-13.01%", "2008-12-31": "11.15%", "2008-09-30": "29.36%", "2008-06-30": "27.48%", "2008-03-31": "33.95%", "2007-12-31": "30.00%", "2007-09-30": "34.42%", "2007-06-30": "35.56%", "2007-03-31": "34.23%", "2006-12-31": "37.44%", "2006-09-30": "38.01%", "2006-06-30": "32.52%", "2006-03-31": "33.29%", "2005-12-31": "32.30%"}, "net profit margin": {"2020-09-30": "-55.68%", "2020-06-30": "-41.01%", "2020-03-31": "-26.29%", "2019-12-31": "-11.82%", "2019-09-30": "14.62%", "2019-06-30": "2.87%", "2019-03-31": "0.79%", "2018-12-31": "24.58%", "2018-09-30": "8.54%", "2018-06-30": "11.84%", "2018-03-31": "5.37%", "2017-12-31": "-14.25%", "2017-09-30": "-28.74%", "2017-06-30": "-23.47%", "2017-03-31": "-23.27%", "2016-12-31": "-62.23%", "2016-09-30": "-78.55%", "2016-06-30": "-73.53%", "2016-03-31": "-55.62%", "2015-12-31": "-28.77%", "2015-09-30": "12.11%", "2015-06-30": "20.51%", "2015-03-31": "24.29%", "2014-12-31": "26.44%", "2014-09-30": "13.34%", "2014-06-30": "7.97%", "2014-03-31": "9.05%", "2013-12-31": "7.50%", "2013-09-30": "4.67%", "2013-06-30": "-0.59%", "2013-03-31": "-3.91%", "2012-12-31": "-3.59%", "2012-09-30": "-7.50%", "2012-06-30": "10.05%", "2012-03-31": "15.61%", "2011-12-31": "13.40%", "2011-09-30": "24.57%", "2011-06-30": "13.01%", "2011-03-31": "4.87%", "2010-12-31": "17.93%", "2010-09-30": "15.37%", "2010-06-30": "14.10%", "2010-03-31": "11.58%", "2009-12-31": "-11.90%", "2009-09-30": "-26.77%", "2009-06-30": "-13.79%", "2009-03-31": "-8.44%", "2008-12-31": "6.69%", "2008-09-30": "18.51%", "2008-06-30": "17.32%", "2008-03-31": "21.40%", "2007-12-31": "18.89%", "2007-09-30": "21.90%", "2007-06-30": "22.90%", "2007-03-31": "22.09%", "2006-12-31": "24.24%", "2006-09-30": "24.35%", "2006-06-30": "20.66%", "2006-03-31": "21.14%", "2005-12-31": "20.41%"}, "pe ratio": {"current": "0.00", "2021-02-05": "0.00", "2020-09-30": "0.00", "2020-06-30": "0.00", "2020-03-31": "0.00", "2019-12-31": "0.00", "2019-09-30": "4.83", "2019-06-30": "31.53", "2019-03-31": "190.27", "2018-12-31": "3.38", "2018-09-30": "20.41", "2018-06-30": "13.08", "2018-03-31": "25.48", "2017-12-31": "0.00", "2017-09-30": "0.00", "2017-06-30": "0.00", "2017-03-31": "0.00", "2016-12-31": "0.00", "2016-09-30": "0.00", "2016-06-30": "0.00", "2016-03-31": "0.00", "2015-12-31": "0.00", "2015-09-30": "9.32", "2015-06-30": "7.05", "2015-03-31": "6.20", "2014-12-31": "3.80", "2014-09-30": "15.07", "2014-06-30": "27.21", "2014-03-31": "21.27", "2013-12-31": "31.78", "2013-09-30": "53.10", "2013-06-30": "0.00", "2013-03-31": "0.00", "2012-12-31": "0.00", "2012-09-30": "0.00", "2012-06-30": "20.71", "2012-03-31": "18.03", "2011-12-31": "22.73", "2011-09-30": "10.49", "2011-06-30": "29.64", "2011-03-31": "88.98", "2010-12-31": "18.54", "2010-09-30": "14.36", "2010-06-30": "17.57", "2010-03-31": "18.72", "2009-12-31": "0.00", "2009-09-30": "0.00", "2009-06-30": "0.00", "2009-03-31": "0.00", "2008-12-31": "13.63", "2008-09-30": "8.60", "2008-06-30": "17.92", "2008-03-31": "9.60", "2007-12-31": "12.47", "2007-09-30": "10.85", "2007-06-30": "11.17", "2007-03-31": "12.37", "2006-12-31": "11.87"}, "price sales": {"2021-02-05": "1.02", "2020-09-30": "0.14", "2020-06-30": "0.31", "2020-03-31": "0.08", "2019-12-31": "0.79", "2019-09-30": "0.70", "2019-06-30": "0.87", "2019-03-31": "1.18", "2018-12-31": "0.83", "2018-09-30": "1.72", "2018-06-30": "1.53", "2018-03-31": "1.29", "2017-12-31": "2.12", "2017-09-30": "1.43", "2017-06-30": "1.16", "2017-03-31": "1.31", "2016-12-31": "2.02", "2016-09-30": "2.32", "2016-06-30": "1.53", "2016-03-31": "0.92", "2015-12-31": "0.83", "2015-09-30": "1.13", "2015-06-30": "1.44", "2015-03-31": "1.51", "2014-12-31": "1.01", "2014-09-30": "2.00", "2014-06-30": "2.16", "2014-03-31": "1.92", "2013-12-31": "2.37", "2013-09-30": "2.38", "2013-06-30": "2.06", "2013-03-31": "2.35", "2012-12-31": "2.22", "2012-09-30": "2.43", "2012-06-30": "2.00", "2012-03-31": "2.75", "2011-12-31": "2.91", "2011-09-30": "2.53", "2011-06-30": "3.78", "2011-03-31": "4.37", "2010-12-31": "3.34", "2010-09-30": "2.21", "2010-06-30": "2.45", "2010-03-31": "2.12", "2009-12-31": "2.46", "2009-09-30": "2.29", "2009-06-30": "1.27", "2009-03-31": "0.70", "2008-12-31": "0.94", "2008-09-30": "1.64", "2008-06-30": "3.17", "2008-03-31": "2.09", "2007-12-31": "2.40", "2007-09-30": "2.40", "2007-06-30": "2.61", "2007-03-31": "2.80", "2006-12-31": "2.94"}, "price book": {"current": "0.59", "2021-02-05": "0.59", "2020-09-30": "0.08", "2020-06-30": "0.19", "2020-03-31": "0.06", "2019-12-31": "0.46", "2019-09-30": "0.38", "2019-06-30": "0.49", "2019-03-31": "0.70", "2018-12-31": "0.58", "2018-09-30": "1.33", "2018-06-30": "1.03", "2018-03-31": "0.72", "2017-12-31": "1.00", "2017-09-30": "0.80", "2017-06-30": "0.72", "2017-03-31": "0.99", "2016-12-31": "1.49", "2016-09-30": "1.76", "2016-06-30": "1.32", "2016-03-31": "0.82", "2015-12-31": "0.70", "2015-09-30": "0.96", "2015-06-30": "1.38", "2015-03-31": "1.50", "2014-12-31": "1.10", "2014-09-30": "2.60", "2014-06-30": "3.12", "2014-03-31": "2.75", "2013-12-31": "3.34", "2013-09-30": "3.14", "2013-06-30": "2.51", "2013-03-31": "2.63", "2012-12-31": "2.35", "2012-09-30": "2.33", "2012-06-30": "2.01", "2012-03-31": "2.93", "2011-12-31": "3.08", "2011-09-30": "2.35", "2011-06-30": "3.33", "2011-03-31": "3.73", "2010-12-31": "2.94", "2010-09-30": "1.88", "2010-06-30": "2.05", "2010-03-31": "1.85", "2009-12-31": "2.11", "2009-09-30": "1.95", "2009-06-30": "1.23", "2009-03-31": "0.73", "2008-12-31": "1.04", "2008-09-30": "2.09", "2008-06-30": "7.07", "2008-03-31": "2.79", "2007-12-31": "2.68", "2007-09-30": "2.27", "2007-06-30": "2.45", "2007-03-31": "2.58", "2006-12-31": "2.58", "2006-09-30": "2.78", "2006-06-30": "3.65", "2006-03-31": "3.47"}, "price fcf": {"2021-02-05": "", "2020-09-30": "$0.99", "2020-06-30": "$0.15", "2020-03-31": "$0.12", "2019-12-31": "$-1.69", "2019-09-30": "$-2.60", "2019-06-30": "$-3.16", "2019-03-31": "$-2.86", "2018-12-31": "$1.17", "2018-09-30": "$0.93", "2018-06-30": "$0.53", "2018-03-31": "$-0.10", "2017-12-31": "$2.82", "2017-09-30": "$-14.56", "2017-06-30": "$-10.83", "2017-03-31": "$-10.28", "2016-12-31": "$-17.17", "2016-09-30": "$1.23", "2016-06-30": "$-2.20", "2016-03-31": "$0.39", "2015-12-31": "$-2.26", "2015-09-30": "$-7.51", "2015-06-30": "$-14.71", "2015-03-31": "$-17.94", "2014-12-31": "$-14.97", "2014-09-30": "$-5.09", "2014-06-30": "$3.09", "2014-03-31": "$2.85", "2013-12-31": "$2.18", "2013-09-30": "$-4.06", "2013-06-30": "$-6.61", "2013-03-31": "$-7.49", "2012-12-31": "$-8.23", "2012-09-30": "$-10.10", "2012-06-30": "$-8.83", "2012-03-31": "$-7.86", "2011-12-31": "$-7.52", "2011-09-30": "$-4.71", "2011-06-30": "$-4.05", "2011-03-31": "$-3.69", "2010-12-31": "$2.16", "2010-09-30": "$3.47", "2010-06-30": "$4.42", "2010-03-31": "$5.72", "2009-12-31": "$1.55", "2009-09-30": "$-0.85", "2009-06-30": "$-0.35", "2009-03-31": "$-0.56", "2008-12-31": "$0.47", "2008-09-30": "$0.52", "2008-06-30": "$-1.25", "2008-03-31": "$-1.85", "2007-12-31": "$-2.92", "2007-09-30": "$-5.27", "2007-06-30": "$-4.77", "2007-03-31": "$-4.67", "2006-12-31": "$-3.90"}, "net worth": {"value": "$1.29B"}, "current ratio": {"2020-09-30": "0.73", "2020-06-30": "1.15", "2020-03-31": "1.63", "2019-12-31": "0.54", "2019-09-30": "0.63", "2019-06-30": "0.57", "2019-03-31": "0.41", "2018-12-31": "0.92", "2018-09-30": "0.62", "2018-06-30": "0.91", "2018-03-31": "1.42", "2017-12-31": "0.98", "2017-09-30": "1.53", "2017-06-30": "2.21", "2017-03-31": "2.40", "2016-12-31": "0.54", "2016-09-30": "3.79", "2016-06-30": "0.95", "2016-03-31": "1.34", "2015-12-31": "1.72", "2015-09-30": "1.11", "2015-06-30": "1.01", "2015-03-31": "0.96", "2014-12-31": "0.95", "2014-09-30": "0.56", "2014-06-30": "0.74", "2014-03-31": "1.12", "2013-12-31": "1.01", "2013-09-30": "0.55", "2013-06-30": "0.67", "2013-03-31": "0.63", "2012-12-31": "0.63", "2012-09-30": "0.65", "2012-06-30": "0.70", "2012-03-31": "0.73", "2011-12-31": "0.92", "2011-09-30": "0.72", "2011-06-30": "0.72", "2011-03-31": "0.82", "2010-12-31": "0.55", "2010-09-30": "0.54", "2010-06-30": "0.64", "2010-03-31": "0.78", "2009-12-31": "0.71", "2009-09-30": "0.72", "2009-06-30": "0.81", "2009-03-31": "1.06", "2008-12-31": "1.05", "2008-09-30": "0.61", "2008-06-30": "0.64", "2008-03-31": "0.64", "2007-12-31": "0.75", "2007-09-30": "0.81", "2007-06-30": "0.88", "2007-03-31": "0.89", "2006-12-31": "1.11", "2006-09-30": "1.13", "2006-06-30": "0.92", "2006-03-31": "1.23", "2005-12-31": "1.03", "2005-09-30": "0.89", "2005-06-30": "1.01", "2005-03-31": "0.99"}, "quick ratio": {"2020-09-30": "0.00", "2020-06-30": "0.00", "2020-03-31": "0.00", "2019-12-31": "0.00", "2019-09-30": "0.00", "2019-06-30": "0.00", "2019-03-31": "0.00", "2018-12-31": "0.00", "2018-09-30": "0.00", "2018-06-30": "0.00", "2018-03-31": "0.00", "2017-12-31": "0.00", "2017-09-30": "0.00", "2017-06-30": "0.00", "2017-03-31": "0.00", "2016-12-31": "0.00", "2016-09-30": "0.00", "2016-06-30": "0.00", "2016-03-31": "0.00", "2015-12-31": "0.00", "2015-09-30": "0.00", "2015-06-30": "0.00", "2015-03-31": "0.00", "2014-12-31": "0.00", "2014-09-30": "0.00", "2014-06-30": "0.00", "2014-03-31": "0.00", "2013-12-31": "0.00", "2013-09-30": "0.00", "2013-06-30": "0.00", "2013-03-31": "0.00", "2012-12-31": "0.00", "2012-09-30": "0.00", "2012-06-30": "0.00", "2012-03-31": "0.00", "2011-12-31": "0.00", "2011-09-30": "0.00", "2011-06-30": "0.00", "2011-03-31": "0.00", "2010-12-31": "0.00", "2010-09-30": "0.00", "2010-06-30": "0.00", "2010-03-31": "0.00", "2009-12-31": "0.00", "2009-09-30": "0.00", "2009-06-30": "0.00", "2009-03-31": "0.00", "2008-12-31": "0.00", "2008-09-30": "0.00", "2008-06-30": "0.00", "2008-03-31": "0.00", "2007-12-31": "0.00", "2007-09-30": "0.00", "2007-06-30": "0.00", "2007-03-31": "0.00", "2006-12-31": "0.00", "2006-09-30": "0.00", "2006-06-30": "0.00", "2006-03-31": "0.00", "2005-12-31": "0.00", "2005-09-30": "0.00", "2005-06-30": "0.00", "2005-03-31": "0.00"}, "debt equity ratio": {"current": "1.08", "2020-09-30": "1.34", "2020-06-30": "1.31", "2020-03-31": "1.40", "2019-12-31": "1.29", "2019-09-30": "1.27", "2019-06-30": "1.28", "2019-03-31": "1.29", "2018-12-31": "1.18", "2018-09-30": "1.41", "2018-06-30": "1.46", "2018-03-31": "1.46", "2017-12-31": "1.58", "2017-09-30": "1.56", "2017-06-30": "1.48", "2017-03-31": "1.45", "2016-12-31": "1.56", "2016-09-30": "2.13", "2016-06-30": "2.74", "2016-03-31": "2.45", "2015-12-31": "2.04", "2015-09-30": "1.84", "2015-06-30": "1.84", "2015-03-31": "1.95", "2014-12-31": "1.84", "2014-09-30": "1.90", "2014-06-30": "1.87", "2014-03-31": "1.80", "2013-12-31": "1.93", "2013-09-30": "1.99", "2013-06-30": "2.01", "2013-03-31": "1.99", "2012-12-31": "1.97", "2012-09-30": "1.80", "2012-06-30": "1.62", "2012-03-31": "1.58", "2011-12-31": "1.60", "2011-09-30": "1.18", "2011-06-30": "1.39", "2011-03-31": "1.52", "2010-12-31": "1.25", "2010-09-30": "1.10", "2010-06-30": "1.04", "2010-03-31": "1.11", "2009-12-31": "1.43", "2009-09-30": "1.35", "2009-06-30": "1.37", "2009-03-31": "1.29", "2008-12-31": "1.32", "2008-09-30": "1.85", "2008-06-30": "4.41", "2008-03-31": "2.32", "2007-12-31": "1.98", "2007-09-30": "1.45", "2007-06-30": "1.37", "2007-03-31": "1.33", "2006-12-31": "1.56", "2006-09-30": "1.25", "2006-06-30": "1.45", "2006-03-31": "1.14", "2005-12-31": "1.23", "2005-09-30": "1.36", "2005-06-30": "1.08", "2005-03-31": "1.06"}, "return on equity": {"2020-09-30": "-29.34%", "2020-06-30": "-21.97%", "2020-03-31": "-15.72%", "2019-12-31": "-6.75%", "2019-09-30": "7.92%", "2019-06-30": "1.66%", "2019-03-31": "0.47%", "2018-12-31": "18.53%", "2018-09-30": "6.59%", "2018-06-30": "8.54%", "2018-03-31": "3.27%", "2017-12-31": "-6.49%", "2017-09-30": "-13.40%", "2017-06-30": "-12.17%", "2017-03-31": "-16.22%", "2016-12-31": "-42.10%", "2016-09-30": "-54.72%", "2016-06-30": "-49.48%", "2016-03-31": "-38.37%", "2015-12-31": "-21.17%", "2015-09-30": "10.07%", "2015-06-30": "19.85%", "2015-03-31": "26.66%", "2014-12-31": "34.83%", "2014-09-30": "19.60%", "2014-06-30": "12.34%", "2014-03-31": "13.82%", "2013-12-31": "11.17%", "2013-09-30": "6.57%", "2013-06-30": "-0.75%", "2013-03-31": "-4.31%", "2012-12-31": "-3.66%", "2012-09-30": "-7.25%", "2012-06-30": "10.55%", "2012-03-31": "17.66%", "2011-12-31": "15.32%", "2011-09-30": "27.79%", "2011-06-30": "12.69%", "2011-03-31": "4.24%", "2010-12-31": "16.55%", "2010-09-30": "14.24%", "2010-06-30": "13.16%", "2010-03-31": "11.18%", "2009-12-31": "-9.74%", "2009-09-30": "-21.34%", "2009-06-30": "-12.75%", "2009-03-31": "-10.11%", "2008-12-31": "9.90%", "2008-09-30": "30.36%", "2008-06-30": "27.40%", "2008-03-31": "27.67%", "2007-12-31": "21.14%", "2007-09-30": "23.52%", "2007-06-30": "25.09%", "2007-03-31": "25.31%", "2006-12-31": "28.99%", "2006-09-30": "32.18%", "2006-06-30": "29.49%", "2006-03-31": "29.85%", "2005-12-31": "28.71%"}, "return on assets": {"2020-09-30": "-12.58%", "2020-06-30": "-9.50%", "2020-03-31": "-6.82%", "2019-12-31": "-2.96%", "2019-09-30": "3.52%", "2019-06-30": "0.73%", "2019-03-31": "0.20%", "2018-12-31": "7.81%", "2018-09-30": "2.66%", "2018-06-30": "3.40%", "2018-03-31": "1.30%", "2017-12-31": "-2.58%", "2017-09-30": "-5.34%", "2017-06-30": "-4.65%", "2017-03-31": "-5.71%", "2016-12-31": "-13.52%", "2016-09-30": "-16.57%", "2016-06-30": "-15.45%", "2016-03-31": "-12.76%", "2015-12-31": "-7.27%", "2015-09-30": "3.51%", "2015-06-30": "6.89%", "2015-03-31": "9.23%", "2014-12-31": "12.22%", "2014-09-30": "6.82%", "2014-06-30": "4.26%", "2014-03-31": "4.72%", "2013-12-31": "3.75%", "2013-09-30": "2.20%", "2013-06-30": "-0.26%", "2013-03-31": "-1.52%", "2012-12-31": "-1.34%", "2012-09-30": "-2.74%", "2012-06-30": "4.24%", "2012-03-31": "7.26%", "2011-12-31": "6.36%", "2011-09-30": "11.96%", "2011-06-30": "5.48%", "2011-03-31": "1.90%", "2010-12-31": "7.79%", "2010-09-30": "6.61%", "2010-06-30": "5.93%", "2010-03-31": "4.85%", "2009-12-31": "-4.13%", "2009-09-30": "-9.15%", "2009-06-30": "-5.20%", "2009-03-31": "-3.50%", "2008-12-31": "3.12%", "2008-09-30": "8.84%", "2008-06-30": "8.23%", "2008-03-31": "10.02%", "2007-12-31": "8.35%", "2007-09-30": "9.71%", "2007-06-30": "10.56%", "2007-03-31": "10.57%", "2006-12-31": "12.32%", "2006-09-30": "14.22%", "2006-06-30": "12.88%", "2006-03-31": "13.57%", "2005-12-31": "13.14%"}, "return on investments": {"2020-09-30": "-19.96%", "2020-06-30": "-15.07%", "2020-03-31": "-6.79%", "2019-12-31": "-1.27%", "2019-09-30": "8.14%", "2019-06-30": "4.44%", "2019-03-31": "3.59%", "2018-12-31": "15.45%", "2018-09-30": "5.77%", "2018-06-30": "6.18%", "2018-03-31": "2.40%", "2017-12-31": "-3.03%", "2017-09-30": "-6.44%", "2017-06-30": "-5.34%", "2017-03-31": "-7.45%", "2016-12-31": "-23.30%", "2016-09-30": "-29.92%", "2016-06-30": "-28.79%", "2016-03-31": "-23.61%", "2015-12-31": "-12.45%", "2015-09-30": "10.29%", "2015-06-30": "17.93%", "2015-03-31": "23.46%", "2014-12-31": "30.72%", "2014-09-30": "18.82%", "2014-06-30": "13.13%", "2014-03-31": "14.01%", "2013-12-31": "11.70%", "2013-09-30": "7.91%", "2013-06-30": "2.07%", "2013-03-31": "-1.10%", "2012-12-31": "-0.77%", "2012-09-30": "-4.41%", "2012-06-30": "12.21%", "2012-03-31": "20.16%", "2011-12-31": "18.15%", "2011-09-30": "33.14%", "2011-06-30": "16.73%", "2011-03-31": "7.03%", "2010-12-31": "23.07%", "2010-09-30": "19.85%", "2010-06-30": "17.64%", "2010-03-31": "14.43%", "2009-12-31": "-8.56%", "2009-09-30": "-20.59%", "2009-06-30": "-11.66%", "2009-03-31": "-8.19%", "2008-12-31": "11.98%", "2008-09-30": "30.86%", "2008-06-30": "27.69%", "2008-03-31": "29.81%", "2007-12-31": "24.21%", "2007-09-30": "26.41%", "2007-06-30": "28.77%", "2007-03-31": "29.50%", "2006-12-31": "34.65%", "2006-09-30": "42.18%", "2006-06-30": "38.93%", "2006-03-31": "39.40%", "2005-12-31": "37.23%"}, "return on tangible equity": {"2020-09-30": "-29.34%", "2020-06-30": "-21.97%", "2020-03-31": "-15.72%", "2019-12-31": "-6.75%", "2019-09-30": "7.92%", "2019-06-30": "1.66%", "2019-03-31": "0.47%", "2018-12-31": "18.53%", "2018-09-30": "6.59%", "2018-06-30": "8.54%", "2018-03-31": "3.27%", "2017-12-31": "-6.49%", "2017-09-30": "-13.40%", "2017-06-30": "-12.17%", "2017-03-31": "-16.22%", "2016-12-31": "-42.10%", "2016-09-30": "-54.72%", "2016-06-30": "-49.48%", "2016-03-31": "-38.37%", "2015-12-31": "-21.17%", "2015-09-30": "10.07%", "2015-06-30": "19.85%", "2015-03-31": "26.66%", "2014-12-31": "34.83%", "2014-09-30": "19.60%", "2014-06-30": "12.34%", "2014-03-31": "13.82%", "2013-12-31": "11.17%", "2013-09-30": "6.57%", "2013-06-30": "-0.75%", "2013-03-31": "-4.31%", "2012-12-31": "-3.66%", "2012-09-30": "-7.25%", "2012-06-30": "10.55%", "2012-03-31": "17.66%", "2011-12-31": "15.32%", "2011-09-30": "27.79%", "2011-06-30": "12.69%", "2011-03-31": "4.24%", "2010-12-31": "16.55%", "2010-09-30": "14.24%", "2010-06-30": "13.16%", "2010-03-31": "11.18%", "2009-12-31": "-9.74%", "2009-09-30": "-21.34%", "2009-06-30": "-12.78%", "2009-03-31": "-10.16%", "2008-12-31": "9.98%", "2008-09-30": "30.71%", "2008-06-30": "27.72%", "2008-03-31": "27.97%", "2007-12-31": "21.36%", "2007-09-30": "23.77%", "2007-06-30": "25.39%", "2007-03-31": "25.64%", "2006-12-31": "29.31%", "2006-09-30": "32.55%", "2006-06-30": "29.87%", "2006-03-31": "30.23%", "2005-12-31": "29.22%"}, "dividend yield history": {"last payout": "$0.02", "last yield": "0.18%"}}