{"ticker": "SNPS", "price": {"title": "Synopsys Historical Annual Stock Price Data", "value": 286.7, "historical": {"2021": {"Average Stock Price": "265.2561", "Year Open": "254.7000", "Year High": "286.7000", "Year Low": "249.7000", "Year Close": "286.7000", "Annual % Change": "10.59%"}, "2020": {"Average Stock Price": "185.7953", "Year Open": "142.8700", "Year High": "259.2400", "Year Low": "108.4800", "Year Close": "259.2400", "Annual % Change": "86.24%"}, "2019": {"Average Stock Price": "123.2365", "Year Open": "84.0500", "Year High": "145.9500", "Year Low": "81.1100", "Year Close": "139.2000", "Annual % Change": "65.24%"}, "2018": {"Average Stock Price": "89.7977", "Year Open": "86.0300", "Year High": "102.8100", "Year Low": "79.2400", "Year Close": "84.2400", "Annual % Change": "-1.17%"}, "2017": {"Average Stock Price": "76.1811", "Year Open": "59.3700", "Year High": "90.5100", "Year Low": "59.3700", "Year Close": "85.2400", "Annual % Change": "44.82%"}, "2016": {"Average Stock Price": "52.7130", "Year Open": "44.9200", "Year High": "61.5600", "Year Low": "40.5300", "Year Close": "58.8600", "Annual % Change": "29.05%"}, "2015": {"Average Stock Price": "47.7590", "Year Open": "43.1000", "Year High": "52.5200", "Year Low": "41.7300", "Year Close": "45.6100", "Annual % Change": "4.92%"}, "2014": {"Average Stock Price": "39.8637", "Year Open": "40.4200", "Year High": "44.6500", "Year Low": "36.3800", "Year Close": "43.4700", "Annual % Change": "7.15%"}, "2013": {"Average Stock Price": "36.0365", "Year Open": "32.2800", "Year High": "40.6000", "Year Low": "31.4200", "Year Close": "40.5700", "Annual % Change": "27.44%"}, "2012": {"Average Stock Price": "30.7256", "Year Open": "26.9900", "Year High": "34.1000", "Year Low": "26.4900", "Year Close": "31.8354", "Annual % Change": "17.04%"}, "2011": {"Average Stock Price": "26.3139", "Year Open": "26.9900", "Year High": "29.1600", "Year Low": "21.4900", "Year Close": "27.2000", "Annual % Change": "1.08%"}, "2010": {"Average Stock Price": "23.2119", "Year Open": "22.4400", "Year High": "27.2500", "Year Low": "20.4600", "Year Close": "26.9100", "Annual % Change": "20.78%"}, "2009": {"Average Stock Price": "20.6482", "Year Open": "18.9300", "Year High": "23.5700", "Year Low": "17.3700", "Year Close": "22.2800", "Annual % Change": "20.30%"}, "2008": {"Average Stock Price": "21.7785", "Year Open": "25.2000", "Year High": "26.3500", "Year Low": "14.5900", "Year Close": "18.5200", "Annual % Change": "-28.58%"}, "2007": {"Average Stock Price": "26.4639", "Year Open": "26.4900", "Year High": "28.6400", "Year Low": "23.3000", "Year Close": "25.9300", "Annual % Change": "-2.99%"}, "2006": {"Average Stock Price": "21.0560", "Year Open": "20.4600", "Year High": "26.8600", "Year Low": "17.1800", "Year Close": "26.7300", "Annual % Change": "33.25%"}, "2005": {"Average Stock Price": "18.2400", "Year Open": "19.4100", "Year High": "21.1000", "Year Low": "16.4400", "Year Close": "20.0600", "Annual % Change": "2.61%"}, "2004": {"Average Stock Price": "24.6367", "Year Open": "33.6700", "Year High": "37.3600", "Year Low": "14.6500", "Year Close": "19.5500", "Annual % Change": "-42.26%"}, "2003": {"Average Stock Price": "27.7931", "Year Open": "23.4600", "Year High": "34.7500", "Year Low": "18.2500", "Year Close": "33.8600", "Annual % Change": "46.74%"}, "2002": {"Average Stock Price": "23.6905", "Year Open": "29.4300", "Year High": "29.4300", "Year Low": "16.3150", "Year Close": "23.0750", "Annual % Change": "-21.87%"}, "2001": {"Average Stock Price": "25.5910", "Year Open": "22.0950", "Year High": "31.3750", "Year Low": "18.5200", "Year Close": "29.5350", "Annual % Change": "24.52%"}, "2000": {"Average Stock Price": "20.4307", "Year Open": "32.7800", "Year High": "32.7800", "Year Low": "14.6900", "Year Close": "23.7200", "Annual % Change": "-28.93%"}, "1999": {"Average Stock Price": "27.9188", "Year Open": "27.0300", "Year High": "37.3450", "Year Low": "21.0650", "Year Close": "33.3750", "Annual % Change": "23.04%"}, "1998": {"Average Stock Price": "19.3031", "Year Open": "17.5300", "Year High": "27.1250", "Year Low": "13.0650", "Year Close": "27.1250", "Annual % Change": "51.75%"}, "1997": {"Average Stock Price": "18.2317", "Year Open": "22.8750", "Year High": "23.0300", "Year Low": "12.1900", "Year Close": "17.8750", "Annual % Change": "-22.70%"}, "1996": {"Average Stock Price": "19.6332", "Year Open": "18.6900", "Year High": "24.2500", "Year Low": "14.6250", "Year Close": "23.1250", "Annual % Change": "21.71%"}, "1995": {"Average Stock Price": "14.5720", "Year Open": "11.2200", "Year High": "19.0650", "Year Low": "10.8750", "Year Close": "19.0000", "Annual % Change": "73.71%"}, "1994": {"Average Stock Price": "10.5247", "Year Open": "10.9375", "Year High": "11.9375", "Year Low": "8.5000", "Year Close": "10.9375", "Annual % Change": "-3.31%"}, "1993": {"Average Stock Price": "10.2743", "Year Open": "8.5625", "Year High": "12.9375", "Year Low": "6.5000", "Year Close": "11.3125", "Annual % Change": "30.70%"}}}, "market cap": {"value": "$42.57B"}, "income statement": {"Revenue": {"2020-10-31": "3685.28100", "2019-10-31": "3360.69400", "2018-10-31": "3121.05800", "2017-10-31": "2724.88000", "2016-10-31": "2422.53200", "2015-10-31": "2242.21100", "2014-10-31": "2057.47200", "2013-10-31": "1962.21400", "2012-10-31": "1756.01700", "2011-10-31": "1535.64300", "2010-10-31": "1380.66100", "2009-10-31": "1360.04500", "2008-10-31": "1336.95100", "2007-10-31": "1212.46900", "2006-10-31": "1095.56000", "2005-10-31": "991.93100"}, "Cost Of Goods Sold": {"2020-10-31": "794.69000", "2019-10-31": "752.94600", "2018-10-31": "735.89800", "2017-10-31": "654.18400", "2016-10-31": "542.96200", "2015-10-31": "518.92000", "2014-10-31": "456.88500", "2013-10-31": "453.55200", "2012-10-31": "392.67300", "2011-10-31": "340.45000", "2010-10-31": "281.09400", "2009-10-31": "273.65000", "2008-10-31": "258.89600", "2007-10-31": "234.26500", "2006-10-31": "223.52700", "2005-10-31": "254.63600"}, "Gross Profit": {"2020-10-31": "2890.59100", "2019-10-31": "2607.74800", "2018-10-31": "2385.16000", "2017-10-31": "2070.69600", "2016-10-31": "1879.57000", "2015-10-31": "1723.29100", "2014-10-31": "1600.58700", "2013-10-31": "1508.66200", "2012-10-31": "1363.34400", "2011-10-31": "1195.19300", "2010-10-31": "1099.56700", "2009-10-31": "1086.39500", "2008-10-31": "1078.05500", "2007-10-31": "978.20400", "2006-10-31": "872.03310", "2005-10-31": "737.29500"}, "Research And Development Expenses": {"2020-10-31": "1279.02200", "2019-10-31": "1136.93200", "2018-10-31": "1084.82200", "2017-10-31": "908.84100", "2016-10-31": "856.70500", "2015-10-31": "776.22900", "2014-10-31": "718.76800", "2013-10-31": "669.19700", "2012-10-31": "581.62800", "2011-10-31": "491.87100", "2010-10-31": "449.22900", "2009-10-31": "419.90800", "2008-10-31": "394.74700", "2007-10-31": "379.22100", "2006-10-31": "370.62900", "2005-10-31": "320.94000"}, "SG&A Expenses": {"2020-10-31": "916.54000", "2019-10-31": "862.10800", "2018-10-31": "885.53800", "2017-10-31": "746.09200", "2016-10-31": "668.33000", "2015-10-31": "639.50400", "2014-10-31": "608.29400", "2013-10-31": "569.77300", "2012-10-31": "573.08800", "2011-10-31": "475.87800", "2010-10-31": "454.64600", "2009-10-31": "443.22400", "2008-10-31": "438.63100", "2007-10-31": "451.13000", "2006-10-31": "443.23400", "2005-10-31": "438.63100"}, "Other Operating Income Or Expenses": {"2020-10-31": "", "2019-10-31": "", "2018-10-31": "", "2017-10-31": "", "2016-10-31": "", "2015-10-31": "", "2014-10-31": "", "2013-10-31": "", "2012-10-31": "", "2011-10-31": "", "2010-10-31": "", "2009-10-31": "", "2008-10-31": "", "2007-10-31": "", "2006-10-31": "", "2005-10-31": ""}, "Operating Expenses": {"2020-10-31": "3065.14000", "2019-10-31": "2840.46300", "2018-10-31": "2760.83300", "2017-10-31": "2377.31700", "2016-10-31": "2105.13700", "2015-10-31": "1975.74500", "2014-10-31": "1808.75500", "2013-10-31": "1715.72100", "2012-10-31": "1565.99300", "2011-10-31": "1322.80000", "2010-10-31": "1196.55100", "2009-10-31": "1151.79400", "2008-10-31": "1117.83900", "2007-10-31": "1094.42500", "2006-10-31": "1066.12800", "2005-10-31": "1051.77600"}, "Operating Income": {"2020-10-31": "620.14090", "2019-10-31": "520.23120", "2018-10-31": "360.22490", "2017-10-31": "347.56300", "2016-10-31": "317.39480", "2015-10-31": "266.46580", "2014-10-31": "248.71680", "2013-10-31": "246.49300", "2012-10-31": "190.02390", "2011-10-31": "212.84290", "2010-10-31": "184.11000", "2009-10-31": "208.25110", "2008-10-31": "219.11210", "2007-10-31": "118.04410", "2006-10-31": "29.43210", "2005-10-31": "-59.84500"}, "Total Non-Operating Income/Expense": {"2020-10-31": "18.01800", "2019-10-31": "25.27500", "2018-10-31": "3.31800", "2017-10-31": "35.53500", "2016-10-31": "12.15300", "2015-10-31": "15.14400", "2014-10-31": "23.42500", "2013-10-31": "29.17300", "2012-10-31": "11.11100", "2011-10-31": "6.27000", "2010-10-31": "14.54800", "2009-10-31": "24.81900", "2008-10-31": "-0.15600", "2007-10-31": "47.75500", "2006-10-31": "14.28700", "2005-10-31": "52.05600"}, "Pre-Tax Income": {"2020-10-31": "638.15900", "2019-10-31": "545.50600", "2018-10-31": "363.54300", "2017-10-31": "383.09800", "2016-10-31": "329.54800", "2015-10-31": "281.61000", "2014-10-31": "272.14200", "2013-10-31": "275.66600", "2012-10-31": "201.13500", "2011-10-31": "219.11300", "2010-10-31": "198.65800", "2009-10-31": "233.07000", "2008-10-31": "218.95600", "2007-10-31": "165.79900", "2006-10-31": "43.71900", "2005-10-31": "-7.78900"}, "Income Taxes": {"2020-10-31": "-25.28800", "2019-10-31": "13.13900", "2018-10-31": "-68.97500", "2017-10-31": "246.53500", "2016-10-31": "62.72200", "2015-10-31": "55.67600", "2014-10-31": "13.01800", "2013-10-31": "27.86600", "2012-10-31": "18.73300", "2011-10-31": "-2.25100", "2010-10-31": "-38.40500", "2009-10-31": "65.38900", "2008-10-31": "28.97800", "2007-10-31": "35.30800", "2006-10-31": "18.97700", "2005-10-31": "9.32500"}, "Income After Taxes": {"2020-10-31": "663.44700", "2019-10-31": "532.36700", "2018-10-31": "432.51800", "2017-10-31": "136.56300", "2016-10-31": "266.82600", "2015-10-31": "225.93400", "2014-10-31": "259.12400", "2013-10-31": "247.80000", "2012-10-31": "182.40200", "2011-10-31": "221.36400", "2010-10-31": "237.06300", "2009-10-31": "167.68100", "2008-10-31": "189.97800", "2007-10-31": "130.49100", "2006-10-31": "24.74200", "2005-10-31": "-17.11400"}, "Other Income": {"2020-10-31": "", "2019-10-31": "", "2018-10-31": "", "2017-10-31": "", "2016-10-31": "", "2015-10-31": "", "2014-10-31": "", "2013-10-31": "", "2012-10-31": "", "2011-10-31": "", "2010-10-31": "", "2009-10-31": "", "2008-10-31": "", "2007-10-31": "", "2006-10-31": "", "2005-10-31": ""}, "Income From Continuous Operations": {"2020-10-31": "663.44700", "2019-10-31": "532.36700", "2018-10-31": "432.51800", "2017-10-31": "136.56300", "2016-10-31": "266.82600", "2015-10-31": "225.93400", "2014-10-31": "259.12400", "2013-10-31": "247.80000", "2012-10-31": "182.40200", "2011-10-31": "221.36400", "2010-10-31": "237.06300", "2009-10-31": "167.68100", "2008-10-31": "189.97800", "2007-10-31": "130.49100", "2006-10-31": "24.74200", "2005-10-31": "-17.11400"}, "Income From Discontinued Operations": {"2020-10-31": "", "2019-10-31": "", "2018-10-31": "", "2017-10-31": "", "2016-10-31": "", "2015-10-31": "", "2014-10-31": "", "2013-10-31": "", "2012-10-31": "", "2011-10-31": "", "2010-10-31": "", "2009-10-31": "", "2008-10-31": "", "2007-10-31": "", "2006-10-31": "", "2005-10-31": ""}, "Net Income": {"2020-10-31": "664.34700", "2019-10-31": "532.36700", "2018-10-31": "432.51800", "2017-10-31": "136.56300", "2016-10-31": "266.82600", "2015-10-31": "225.93400", "2014-10-31": "259.12400", "2013-10-31": "247.80000", "2012-10-31": "182.40200", "2011-10-31": "221.36400", "2010-10-31": "237.06300", "2009-10-31": "167.68100", "2008-10-31": "189.97800", "2007-10-31": "130.49100", "2006-10-31": "24.74200", "2005-10-31": "-17.11400"}, "EBITDA": {"2020-10-31": "891.31190", "2019-10-31": "784.65720", "2018-10-31": "569.43190", "2017-10-31": "537.00500", "2016-10-31": "524.42680", "2015-10-31": "478.28680", "2014-10-31": "441.54280", "2013-10-31": "433.89700", "2012-10-31": "346.86390", "2011-10-31": "341.39290", "2010-10-31": "285.31100", "2009-10-31": "309.70410", "2008-10-31": "316.25510", "2007-10-31": "223.41110", "2006-10-31": "143.92210", "2005-10-31": "109.03600"}, "EBIT": {"2020-10-31": "620.14090", "2019-10-31": "520.23120", "2018-10-31": "360.22490", "2017-10-31": "347.56300", "2016-10-31": "317.39480", "2015-10-31": "266.46580", "2014-10-31": "248.71680", "2013-10-31": "246.49300", "2012-10-31": "190.02390", "2011-10-31": "212.84290", "2010-10-31": "184.11000", "2009-10-31": "208.25110", "2008-10-31": "219.11210", "2007-10-31": "118.04410", "2006-10-31": "29.43210", "2005-10-31": "-59.84500"}, "Basic Shares Outstanding": {"2020-10-31": "151.13500", "2019-10-31": "149.87200", "2018-10-31": "149.03600", "2017-10-31": "150.45700", "2016-10-31": "152.01700", "2015-10-31": "154.95700", "2014-10-31": "155.05400", "2013-10-31": "153.31900", "2012-10-31": "146.88700", "2011-10-31": "146.57300", "2010-10-31": "148.01300", "2009-10-31": "143.75200", "2008-10-31": "143.25800", "2007-10-31": "143.95300", "2006-10-31": "142.83000", "2005-10-31": "144.97000"}, "Shares Outstanding": {"2020-10-31": "155.70600", "2019-10-31": "154.19000", "2018-10-31": "153.39300", "2017-10-31": "154.87400", "2016-10-31": "154.72100", "2015-10-31": "158.06500", "2014-10-31": "157.71000", "2013-10-31": "156.60100", "2012-10-31": "150.28000", "2011-10-31": "150.36700", "2010-10-31": "151.91100", "2009-10-31": "145.85700", "2008-10-31": "147.67200", "2007-10-31": "149.71600", "2006-10-31": "144.72800", "2005-10-31": "144.97000"}, "Basic EPS": {"2020-10-31": "4.40000", "2019-10-31": "3.55000", "2018-10-31": "2.90000", "2017-10-31": "0.91000", "2016-10-31": "1.76000", "2015-10-31": "1.46000", "2014-10-31": "1.67000", "2013-10-31": "1.62000", "2012-10-31": "1.24000", "2011-10-31": "1.51000", "2010-10-31": "1.60000", "2009-10-31": "1.17000", "2008-10-31": "1.33000", "2007-10-31": "0.91000", "2006-10-31": "0.17000", "2005-10-31": "-0.12000"}, "EPS - Earnings Per Share": {"2020-10-31": "4.27000", "2019-10-31": "3.45000", "2018-10-31": "2.82000", "2017-10-31": "0.88000", "2016-10-31": "1.73000", "2015-10-31": "1.43000", "2014-10-31": "1.64000", "2013-10-31": "1.58000", "2012-10-31": "1.21000", "2011-10-31": "1.47000", "2010-10-31": "1.56000", "2009-10-31": "1.15000", "2008-10-31": "1.29000", "2007-10-31": "0.87000", "2006-10-31": "0.17000", "2005-10-31": "-0.12000"}}, "income statement, quarterly": {"Revenue": {"2020-10-31": "1025.43900", "2020-07-31": "964.13400", "2020-04-30": "861.32700", "2020-01-31": "834.38100", "2019-10-31": "851.08120", "2019-07-31": "852.97000", "2019-04-30": "836.24200", "2019-01-31": "820.40100", "2018-10-31": "795.08230", "2018-07-31": "779.71400", "2018-04-30": "776.83600", "2018-01-31": "769.42600", "2017-10-31": "696.64390", "2017-07-31": "695.38100", "2017-04-30": "680.06900", "2017-01-31": "652.78600", "2016-10-31": "633.71900", "2016-07-31": "615.20400", "2016-04-30": "605.00500", "2016-01-31": "568.60400", "2015-10-31": "587.15900", "2015-07-31": "555.80500", "2015-04-30": "557.20400", "2015-01-31": "542.04300", "2014-10-31": "539.01190", "2014-07-31": "521.81200", "2014-04-30": "517.69700", "2014-01-31": "478.95100", "2013-10-31": "504.87510", "2013-07-31": "482.94500", "2013-04-30": "499.25700", "2013-01-31": "475.13700", "2012-10-31": "454.21300", "2012-07-31": "443.74700", "2012-04-30": "432.56100", "2012-01-31": "425.49600", "2011-10-31": "390.53380", "2011-07-31": "386.79500", "2011-04-30": "393.67000", "2011-01-31": "364.64400", "2010-10-31": "375.45910", "2010-07-31": "336.92900", "2010-04-30": "338.10600", "2010-01-31": "330.16700", "2009-10-31": "338.27810", "2009-07-31": "345.17700", "2009-04-30": "336.83500", "2009-01-31": "339.75500", "2008-10-31": "352.80500", "2008-07-31": "344.12800", "2008-04-30": "324.55300", "2008-01-31": "315.46500", "2007-10-31": "315.23300", "2007-07-31": "304.09800", "2007-04-30": "292.92800", "2007-01-31": "300.21000", "2006-10-31": "283.38410", "2006-07-31": "277.20800", "2006-04-30": "274.77900", "2006-01-31": "260.18900", "2005-10-31": "254.83800", "2005-07-31": "251.45000", "2005-04-30": "244.33900", "2005-01-31": "241.30400"}, "Cost Of Goods Sold": {"2020-10-31": "224.54900", "2020-07-31": "193.00800", "2020-04-30": "184.26500", "2020-01-31": "192.86800", "2019-10-31": "182.74300", "2019-07-31": "186.63200", "2019-04-30": "190.67900", "2019-01-31": "192.89200", "2018-10-31": "190.58200", "2018-07-31": "185.38100", "2018-04-30": "178.77900", "2018-01-31": "181.15600", "2017-10-31": "166.86400", "2017-07-31": "169.54600", "2017-04-30": "162.02800", "2017-01-31": "155.74600", "2016-10-31": "142.21100", "2016-07-31": "139.67700", "2016-04-30": "131.63000", "2016-01-31": "129.44400", "2015-10-31": "139.84400", "2015-07-31": "129.47100", "2015-04-30": "124.97200", "2015-01-31": "124.63300", "2014-10-31": "121.42100", "2014-07-31": "115.53000", "2014-04-30": "114.08500", "2014-01-31": "105.84900", "2013-10-31": "119.10900", "2013-07-31": "115.64700", "2013-04-30": "107.73300", "2013-01-31": "111.06300", "2012-10-31": "102.52400", "2012-07-31": "99.78900", "2012-04-30": "100.50600", "2012-01-31": "89.85400", "2011-10-31": "85.38500", "2011-07-31": "84.73200", "2011-04-30": "86.02800", "2011-01-31": "84.30500", "2010-10-31": "79.74300", "2010-07-31": "66.74300", "2010-04-30": "69.02700", "2010-01-31": "65.58100", "2009-10-31": "73.17200", "2009-07-31": "70.03500", "2009-04-30": "65.01900", "2009-01-31": "65.42400", "2008-10-31": "66.86800", "2008-07-31": "67.02600", "2008-04-30": "63.69200", "2008-01-31": "61.31000", "2007-10-31": "62.08200", "2007-07-31": "58.39100", "2007-04-30": "55.41700", "2007-01-31": "58.37500", "2006-10-31": "56.81200", "2006-07-31": "55.44500", "2006-04-30": "55.98100", "2006-01-31": "55.28900", "2005-10-31": "55.53000", "2005-07-31": "59.40800", "2005-04-30": "69.72300", "2005-01-31": "69.97500"}, "Gross Profit": {"2020-10-31": "800.89000", "2020-07-31": "771.12600", "2020-04-30": "677.06200", "2020-01-31": "641.51300", "2019-10-31": "668.33830", "2019-07-31": "666.33800", "2019-04-30": "645.56300", "2019-01-31": "627.50900", "2018-10-31": "604.50020", "2018-07-31": "594.33300", "2018-04-30": "598.05700", "2018-01-31": "588.27000", "2017-10-31": "529.77990", "2017-07-31": "525.83500", "2017-04-30": "518.04100", "2017-01-31": "497.04000", "2016-10-31": "491.50800", "2016-07-31": "475.52700", "2016-04-30": "473.37500", "2016-01-31": "439.16000", "2015-10-31": "447.31500", "2015-07-31": "426.33400", "2015-04-30": "432.23200", "2015-01-31": "417.41000", "2014-10-31": "417.59090", "2014-07-31": "406.28200", "2014-04-30": "403.61200", "2014-01-31": "373.10200", "2013-10-31": "385.76610", "2013-07-31": "367.29800", "2013-04-30": "391.52400", "2013-01-31": "364.07400", "2012-10-31": "351.68900", "2012-07-31": "343.95800", "2012-04-30": "332.05500", "2012-01-31": "335.64200", "2011-10-31": "305.14880", "2011-07-31": "302.06300", "2011-04-30": "307.64200", "2011-01-31": "280.33900", "2010-10-31": "295.71610", "2010-07-31": "270.18600", "2010-04-30": "269.07900", "2010-01-31": "264.58600", "2009-10-31": "265.10610", "2009-07-31": "275.14200", "2009-04-30": "271.81600", "2009-01-31": "274.33100", "2008-10-31": "285.93700", "2008-07-31": "277.10200", "2008-04-30": "260.86100", "2008-01-31": "254.15500", "2007-10-31": "253.15100", "2007-07-31": "245.70700", "2007-04-30": "237.51100", "2007-01-31": "241.83500", "2006-10-31": "226.57210", "2006-07-31": "221.76300", "2006-04-30": "218.79800", "2006-01-31": "204.90000", "2005-10-31": "199.30800", "2005-07-31": "192.04200", "2005-04-30": "174.61600", "2005-01-31": "171.32900"}, "Research And Development Expenses": {"2020-10-31": "339.56600", "2020-07-31": "322.60200", "2020-04-30": "302.57100", "2020-01-31": "314.28300", "2019-10-31": "290.50310", "2019-07-31": "284.80400", "2019-04-30": "290.29900", "2019-01-31": "271.32600", "2018-10-31": "290.87500", "2018-07-31": "277.40200", "2018-04-30": "252.13400", "2018-01-31": "264.41100", "2017-10-31": "244.51500", "2017-07-31": "228.66300", "2017-04-30": "223.01500", "2017-01-31": "212.64800", "2016-10-31": "221.95410", "2016-07-31": "221.87400", "2016-04-30": "216.17200", "2016-01-31": "196.70500", "2015-10-31": "208.30500", "2015-07-31": "197.99900", "2015-04-30": "188.31500", "2015-01-31": "181.61000", "2014-10-31": "190.37300", "2014-07-31": "182.80900", "2014-04-30": "178.04300", "2014-01-31": "167.54300", "2013-10-31": "175.05700", "2013-07-31": "166.66800", "2013-04-30": "169.96200", "2013-01-31": "157.51000", "2012-10-31": "153.56800", "2012-07-31": "143.95500", "2012-04-30": "151.23000", "2012-01-31": "132.87500", "2011-10-31": "125.41500", "2011-07-31": "122.54700", "2011-04-30": "123.16900", "2011-01-31": "120.74000", "2010-10-31": "129.29800", "2010-07-31": "105.64900", "2010-04-30": "113.05000", "2010-01-31": "101.23200", "2009-10-31": "114.11600", "2009-07-31": "104.98900", "2009-04-30": "102.99600", "2009-01-31": "97.80700", "2008-10-31": "102.56400", "2008-07-31": "104.39400", "2008-04-30": "95.27500", "2008-01-31": "92.51400", "2007-10-31": "97.01600", "2007-07-31": "94.36500", "2007-04-30": "91.95600", "2007-01-31": "95.88400", "2006-10-31": "95.51800", "2006-07-31": "93.97200", "2006-04-30": "92.75000", "2006-01-31": "88.38900", "2005-10-31": "84.65500", "2005-07-31": "82.67900", "2005-04-30": "80.35000", "2005-01-31": "73.25600"}, "SG&A Expenses": {"2020-10-31": "256.29500", "2020-07-31": "229.97200", "2020-04-30": "208.67400", "2020-01-31": "221.59900", "2019-10-31": "224.59410", "2019-07-31": "224.49100", "2019-04-30": "215.00300", "2019-01-31": "198.02000", "2018-10-31": "230.36800", "2018-07-31": "242.28900", "2018-04-30": "205.99700", "2018-01-31": "206.88400", "2017-10-31": "180.19600", "2017-07-31": "177.87000", "2017-04-30": "220.64900", "2017-01-31": "167.37700", "2016-10-31": "173.65800", "2016-07-31": "169.87600", "2016-04-30": "162.47900", "2016-01-31": "162.31700", "2015-10-31": "174.51410", "2015-07-31": "160.91300", "2015-04-30": "161.55400", "2015-01-31": "142.52300", "2014-10-31": "163.20100", "2014-07-31": "149.70900", "2014-04-30": "155.35900", "2014-01-31": "140.02500", "2013-10-31": "154.00200", "2013-07-31": "139.89100", "2013-04-30": "136.18400", "2013-01-31": "139.69600", "2012-10-31": "153.28800", "2012-07-31": "131.77300", "2012-04-30": "158.78400", "2012-01-31": "129.24300", "2011-10-31": "119.87300", "2011-07-31": "117.78400", "2011-04-30": "129.03200", "2011-01-31": "109.18900", "2010-10-31": "129.91800", "2010-07-31": "111.18300", "2010-04-30": "108.07600", "2010-01-31": "105.46900", "2009-10-31": "121.73900", "2009-07-31": "105.70800", "2009-04-30": "111.21100", "2009-01-31": "104.56600", "2008-10-31": "115.03400", "2008-07-31": "113.32800", "2008-04-30": "109.05800", "2008-01-31": "101.21100", "2007-10-31": "110.48800", "2007-07-31": "119.59400", "2007-04-30": "101.56300", "2007-01-31": "119.48500", "2006-10-31": "112.92900", "2006-07-31": "107.86300", "2006-04-30": "113.72600", "2006-01-31": "108.71600", "2005-10-31": "114.06300", "2005-07-31": "109.17500", "2005-04-30": "106.25900", "2005-01-31": "109.13400"}, "Other Operating Income Or Expenses": {"2020-10-31": "", "2020-07-31": "", "2020-04-30": "", "2020-01-31": "", "2019-10-31": "", "2019-07-31": "", "2019-04-30": "", "2019-01-31": "", "2018-10-31": "", "2018-07-31": "", "2018-04-30": "", "2018-01-31": "", "2017-10-31": "", "2017-07-31": "", "2017-04-30": "", "2017-01-31": "", "2016-10-31": "", "2016-07-31": "", "2016-04-30": "", "2016-01-31": "", "2015-10-31": "", "2015-07-31": "", "2015-04-30": "", "2015-01-31": "", "2014-10-31": "", "2014-07-31": "", "2014-04-30": "", "2014-01-31": "", "2013-10-31": "", "2013-07-31": "", "2013-04-30": "", "2013-01-31": "", "2012-10-31": "", "2012-07-31": "", "2012-04-30": "", "2012-01-31": "", "2011-10-31": "", "2011-07-31": "", "2011-04-30": "", "2011-01-31": "", "2010-10-31": "", "2010-07-31": "", "2010-04-30": "", "2010-01-31": "", "2009-10-31": "", "2009-07-31": "", "2009-04-30": "", "2009-01-31": "", "2008-10-31": "", "2008-07-31": "", "2008-04-30": "", "2008-01-31": "", "2007-10-31": "", "2007-07-31": "", "2007-04-30": "", "2007-01-31": "", "2006-10-31": "", "2006-07-31": "", "2006-04-30": "", "2006-01-31": "", "2005-10-31": "", "2005-07-31": "", "2005-04-30": "", "2005-01-31": ""}, "Operating Expenses": {"2020-10-31": "829.30700", "2020-07-31": "753.53600", "2020-04-30": "735.43200", "2020-01-31": "746.86500", "2019-10-31": "721.35990", "2019-07-31": "725.37600", "2019-04-30": "720.74000", "2019-01-31": "672.98700", "2018-10-31": "733.55710", "2018-07-31": "715.74600", "2018-04-30": "649.82200", "2018-01-31": "661.70800", "2017-10-31": "604.93100", "2017-07-31": "590.01100", "2017-04-30": "626.46300", "2017-01-31": "555.91200", "2016-10-31": "550.96230", "2016-07-31": "538.48200", "2016-04-30": "518.19900", "2016-01-31": "497.49400", "2015-10-31": "529.60110", "2015-07-31": "494.32300", "2015-04-30": "481.27700", "2015-01-31": "470.54400", "2014-10-31": "481.51220", "2014-07-31": "454.58500", "2014-04-30": "453.86300", "2014-01-31": "418.79500", "2013-10-31": "453.86100", "2013-07-31": "427.95000", "2013-04-30": "419.75400", "2013-01-31": "414.15600", "2012-10-31": "414.72310", "2012-07-31": "380.35200", "2012-04-30": "415.42500", "2012-01-31": "355.49300", "2011-10-31": "334.21710", "2011-07-31": "328.61600", "2011-04-30": "341.98500", "2011-01-31": "317.98200", "2010-10-31": "342.20200", "2010-07-31": "286.13600", "2010-04-30": "293.13800", "2010-01-31": "275.07500", "2009-10-31": "313.35590", "2009-07-31": "284.08800", "2009-04-30": "282.16700", "2009-01-31": "272.18300", "2008-10-31": "287.50090", "2008-07-31": "294.09600", "2008-04-30": "274.61600", "2008-01-31": "261.62600", "2007-10-31": "277.35690", "2007-07-31": "281.10000", "2007-04-30": "255.58000", "2007-01-31": "280.38800", "2006-10-31": "271.94990", "2006-07-31": "264.05500", "2006-04-30": "269.58800", "2006-01-31": "260.53500", "2005-10-31": "261.63600", "2005-07-31": "259.06600", "2005-04-30": "264.66700", "2005-01-31": "266.40700"}, "Operating Income": {"2020-10-31": "196.13200", "2020-07-31": "210.59800", "2020-04-30": "125.89500", "2020-01-31": "87.51600", "2019-10-31": "129.72130", "2019-07-31": "127.59400", "2019-04-30": "115.50200", "2019-01-31": "147.41400", "2018-10-31": "61.52520", "2018-07-31": "63.96800", "2018-04-30": "127.01400", "2018-01-31": "107.71800", "2017-10-31": "91.71290", "2017-07-31": "105.37000", "2017-04-30": "53.60600", "2017-01-31": "96.87400", "2016-10-31": "82.75670", "2016-07-31": "76.72200", "2016-04-30": "86.80600", "2016-01-31": "71.11000", "2015-10-31": "57.55790", "2015-07-31": "61.48200", "2015-04-30": "75.92690", "2015-01-31": "71.49900", "2014-10-31": "57.49970", "2014-07-31": "67.22700", "2014-04-30": "63.83410", "2014-01-31": "60.15600", "2013-10-31": "51.01410", "2013-07-31": "54.99500", "2013-04-30": "79.50300", "2013-01-31": "60.98100", "2012-10-31": "39.48980", "2012-07-31": "63.39500", "2012-04-30": "17.13600", "2012-01-31": "70.00300", "2011-10-31": "56.31670", "2011-07-31": "58.17900", "2011-04-30": "51.68500", "2011-01-31": "46.66200", "2010-10-31": "33.25710", "2010-07-31": "50.79300", "2010-04-30": "44.96800", "2010-01-31": "55.09200", "2009-10-31": "24.92220", "2009-07-31": "61.08900", "2009-04-30": "54.66800", "2009-01-31": "67.57200", "2008-10-31": "65.30410", "2008-07-31": "50.03200", "2008-04-30": "49.93700", "2008-01-31": "53.83900", "2007-10-31": "37.87610", "2007-07-31": "22.99800", "2007-04-30": "37.34800", "2007-01-31": "19.82200", "2006-10-31": "11.43410", "2006-07-31": "13.15300", "2006-04-30": "5.19100", "2006-01-31": "-0.34600", "2005-10-31": "-6.79800", "2005-07-31": "-7.61600", "2005-04-30": "-20.32800", "2005-01-31": "-25.10300"}, "Total Non-Operating Income/Expense": {"2020-10-31": "-4.56600", "2020-07-31": "26.25600", "2020-04-30": "-15.72900", "2020-01-31": "12.05700", "2019-10-31": "1.90200", "2019-07-31": "5.31700", "2019-04-30": "18.41500", "2019-01-31": "-0.35900", "2018-10-31": "-9.27700", "2018-07-31": "7.92500", "2018-04-30": "-7.71500", "2018-01-31": "12.38500", "2017-10-31": "8.21300", "2017-07-31": "7.42100", "2017-04-30": "8.41400", "2017-01-31": "11.48700", "2016-10-31": "-0.00500", "2016-07-31": "8.50900", "2016-04-30": "10.41700", "2016-01-31": "-6.76800", "2015-10-31": "-1.64000", "2015-07-31": "3.71100", "2015-04-30": "7.95700", "2015-01-31": "5.11600", "2014-10-31": "4.62800", "2014-07-31": "3.54400", "2014-04-30": "4.22500", "2014-01-31": "11.02800", "2013-10-31": "8.04300", "2013-07-31": "3.17700", "2013-04-30": "7.20400", "2013-01-31": "10.74900", "2012-10-31": "3.24200", "2012-07-31": "-2.31000", "2012-04-30": "6.35300", "2012-01-31": "3.82600", "2011-10-31": "-2.76200", "2011-07-31": "-2.21200", "2011-04-30": "5.57400", "2011-01-31": "5.67000", "2010-10-31": "6.43900", "2010-07-31": "-3.04600", "2010-04-30": "8.90500", "2010-01-31": "2.25000", "2009-10-31": "6.89100", "2009-07-31": "5.38400", "2009-04-30": "10.44500", "2009-01-31": "2.09900", "2008-10-31": "-9.58400", "2008-07-31": "2.94700", "2008-04-30": "0.15100", "2008-01-31": "6.33000", "2007-10-31": "9.32400", "2007-07-31": "10.82900", "2007-04-30": "19.66800", "2007-01-31": "7.93400", "2006-10-31": "4.54200", "2006-07-31": "2.42100", "2006-04-30": "3.95200", "2006-01-31": "3.37200", "2005-10-31": "7.58500", "2005-07-31": "37.20000", "2005-04-30": "1.32200", "2005-01-31": "5.94900"}, "Pre-Tax Income": {"2020-10-31": "191.56600", "2020-07-31": "236.85400", "2020-04-30": "110.16600", "2020-01-31": "99.57300", "2019-10-31": "131.62300", "2019-07-31": "132.91100", "2019-04-30": "133.91700", "2019-01-31": "147.05500", "2018-10-31": "52.24800", "2018-07-31": "71.89300", "2018-04-30": "119.29900", "2018-01-31": "120.10300", "2017-10-31": "99.92600", "2017-07-31": "112.79100", "2017-04-30": "62.02000", "2017-01-31": "108.36100", "2016-10-31": "82.75200", "2016-07-31": "85.23100", "2016-04-30": "97.22300", "2016-01-31": "64.34200", "2015-10-31": "55.91800", "2015-07-31": "65.19300", "2015-04-30": "83.88400", "2015-01-31": "76.61500", "2014-10-31": "62.12800", "2014-07-31": "70.77100", "2014-04-30": "68.05900", "2014-01-31": "71.18400", "2013-10-31": "59.05700", "2013-07-31": "58.17200", "2013-04-30": "86.70700", "2013-01-31": "71.73000", "2012-10-31": "42.73200", "2012-07-31": "61.08500", "2012-04-30": "23.48900", "2012-01-31": "73.82900", "2011-10-31": "53.55500", "2011-07-31": "55.96700", "2011-04-30": "57.25900", "2011-01-31": "52.33200", "2010-10-31": "39.69600", "2010-07-31": "47.74700", "2010-04-30": "53.87300", "2010-01-31": "57.34200", "2009-10-31": "31.81300", "2009-07-31": "66.47300", "2009-04-30": "65.11300", "2009-01-31": "69.67100", "2008-10-31": "55.72000", "2008-07-31": "52.97900", "2008-04-30": "50.08800", "2008-01-31": "60.16900", "2007-10-31": "47.20000", "2007-07-31": "33.82700", "2007-04-30": "57.01600", "2007-01-31": "27.75600", "2006-10-31": "15.97600", "2006-07-31": "15.57400", "2006-04-30": "9.14300", "2006-01-31": "3.02600", "2005-10-31": "0.78700", "2005-07-31": "29.58400", "2005-04-30": "-19.00600", "2005-01-31": "-19.15400"}, "Income Taxes": {"2020-10-31": "-4.98900", "2020-07-31": "-16.05700", "2020-04-30": "0.24600", "2020-01-31": "-4.48800", "2019-10-31": "-29.09100", "2019-07-31": "32.98200", "2019-04-30": "15.70700", "2019-01-31": "-6.45900", "2018-10-31": "-202.08000", "2018-07-31": "-7.51600", "2018-04-30": "16.82700", "2018-01-31": "123.79400", "2017-10-31": "220.00800", "2017-07-31": "-3.96000", "2017-04-30": "8.71400", "2017-01-31": "21.77300", "2016-10-31": "10.05500", "2016-07-31": "20.51300", "2016-04-30": "27.84700", "2016-01-31": "4.30700", "2015-10-31": "6.15600", "2015-07-31": "9.80600", "2015-04-30": "28.28800", "2015-01-31": "11.42600", "2014-10-31": "-0.32700", "2014-07-31": "5.11500", "2014-04-30": "4.74200", "2014-01-31": "3.48800", "2013-10-31": "2.16700", "2013-07-31": "5.87500", "2013-04-30": "18.01600", "2013-01-31": "1.80800", "2012-10-31": "13.65100", "2012-07-31": "-14.57100", "2012-04-30": "2.51800", "2012-01-31": "17.13500", "2011-10-31": "13.61300", "2011-07-31": "3.88500", "2011-04-30": "-23.85500", "2011-01-31": "4.10600", "2010-10-31": "14.29500", "2010-07-31": "8.42000", "2010-04-30": "14.32400", "2010-01-31": "-75.44400", "2009-10-31": "12.28500", "2009-07-31": "19.03700", "2009-04-30": "16.82500", "2009-01-31": "17.24200", "2008-10-31": "9.32300", "2008-07-31": "-4.77000", "2008-04-30": "10.70100", "2008-01-31": "13.72400", "2007-10-31": "6.18600", "2007-07-31": "8.97200", "2007-04-30": "15.75100", "2007-01-31": "4.39900", "2006-10-31": "5.85600", "2006-07-31": "8.02400", "2006-04-30": "3.76800", "2006-01-31": "1.32900", "2005-10-31": "15.89800", "2005-07-31": "12.29000", "2005-04-30": "-14.03400", "2005-01-31": "-4.82900"}, "Income After Taxes": {"2020-10-31": "196.55500", "2020-07-31": "252.91100", "2020-04-30": "109.92000", "2020-01-31": "104.06100", "2019-10-31": "160.71400", "2019-07-31": "99.92900", "2019-04-30": "118.21000", "2019-01-31": "153.51400", "2018-10-31": "254.32800", "2018-07-31": "79.40900", "2018-04-30": "102.47200", "2018-01-31": "-3.69100", "2017-10-31": "-120.08200", "2017-07-31": "116.75100", "2017-04-30": "53.30600", "2017-01-31": "86.58800", "2016-10-31": "72.69700", "2016-07-31": "64.71800", "2016-04-30": "69.37600", "2016-01-31": "60.03500", "2015-10-31": "49.76200", "2015-07-31": "55.38700", "2015-04-30": "55.59600", "2015-01-31": "65.18900", "2014-10-31": "62.45500", "2014-07-31": "65.65600", "2014-04-30": "63.31700", "2014-01-31": "67.69600", "2013-10-31": "56.89000", "2013-07-31": "52.29700", "2013-04-30": "68.69100", "2013-01-31": "69.92200", "2012-10-31": "29.08100", "2012-07-31": "75.65600", "2012-04-30": "20.97100", "2012-01-31": "56.69400", "2011-10-31": "39.94200", "2011-07-31": "52.08200", "2011-04-30": "81.11400", "2011-01-31": "48.22600", "2010-10-31": "25.40100", "2010-07-31": "39.32700", "2010-04-30": "39.54900", "2010-01-31": "132.78600", "2009-10-31": "19.52800", "2009-07-31": "47.43600", "2009-04-30": "48.28800", "2009-01-31": "52.42900", "2008-10-31": "46.39700", "2008-07-31": "57.74900", "2008-04-30": "39.38700", "2008-01-31": "46.44500", "2007-10-31": "41.01400", "2007-07-31": "24.85500", "2007-04-30": "41.26500", "2007-01-31": "23.35700", "2006-10-31": "10.12000", "2006-07-31": "7.55000", "2006-04-30": "5.37500", "2006-01-31": "1.69700", "2005-10-31": "-15.11100", "2005-07-31": "17.29400", "2005-04-30": "-4.97200", "2005-01-31": "-14.32500"}, "Other Income": {"2020-10-31": "", "2020-07-31": "", "2020-04-30": "", "2020-01-31": "", "2019-10-31": "", "2019-07-31": "", "2019-04-30": "", "2019-01-31": "", "2018-10-31": "", "2018-07-31": "", "2018-04-30": "", "2018-01-31": "", "2017-10-31": "", "2017-07-31": "", "2017-04-30": "", "2017-01-31": "", "2016-10-31": "", "2016-07-31": "", "2016-04-30": "", "2016-01-31": "", "2015-10-31": "", "2015-07-31": "", "2015-04-30": "", "2015-01-31": "", "2014-10-31": "", "2014-07-31": "", "2014-04-30": "", "2014-01-31": "", "2013-10-31": "", "2013-07-31": "", "2013-04-30": "", "2013-01-31": "", "2012-10-31": "", "2012-07-31": "", "2012-04-30": "", "2012-01-31": "", "2011-10-31": "", "2011-07-31": "", "2011-04-30": "", "2011-01-31": "", "2010-10-31": "", "2010-07-31": "", "2010-04-30": "", "2010-01-31": "", "2009-10-31": "", "2009-07-31": "", "2009-04-30": "", "2009-01-31": "", "2008-10-31": "", "2008-07-31": "", "2008-04-30": "", "2008-01-31": "", "2007-10-31": "", "2007-07-31": "", "2007-04-30": "", "2007-01-31": "", "2006-10-31": "", "2006-07-31": "", "2006-04-30": "", "2006-01-31": "", "2005-10-31": "", "2005-07-31": "", "2005-04-30": "", "2005-01-31": ""}, "Income From Continuous Operations": {"2020-10-31": "196.55500", "2020-07-31": "252.91100", "2020-04-30": "109.92000", "2020-01-31": "104.06100", "2019-10-31": "160.71400", "2019-07-31": "99.92900", "2019-04-30": "118.21000", "2019-01-31": "153.51400", "2018-10-31": "254.32800", "2018-07-31": "79.40900", "2018-04-30": "102.47200", "2018-01-31": "-3.69100", "2017-10-31": "-120.08200", "2017-07-31": "116.75100", "2017-04-30": "53.30600", "2017-01-31": "86.58800", "2016-10-31": "72.69700", "2016-07-31": "64.71800", "2016-04-30": "69.37600", "2016-01-31": "60.03500", "2015-10-31": "49.76200", "2015-07-31": "55.38700", "2015-04-30": "55.59600", "2015-01-31": "65.18900", "2014-10-31": "62.45500", "2014-07-31": "65.65600", "2014-04-30": "63.31700", "2014-01-31": "67.69600", "2013-10-31": "56.89000", "2013-07-31": "52.29700", "2013-04-30": "68.69100", "2013-01-31": "69.92200", "2012-10-31": "29.08100", "2012-07-31": "75.65600", "2012-04-30": "20.97100", "2012-01-31": "56.69400", "2011-10-31": "39.94200", "2011-07-31": "52.08200", "2011-04-30": "81.11400", "2011-01-31": "48.22600", "2010-10-31": "25.40100", "2010-07-31": "39.32700", "2010-04-30": "39.54900", "2010-01-31": "132.78600", "2009-10-31": "19.52800", "2009-07-31": "47.43600", "2009-04-30": "48.28800", "2009-01-31": "52.42900", "2008-10-31": "46.39700", "2008-07-31": "57.74900", "2008-04-30": "39.38700", "2008-01-31": "46.44500", "2007-10-31": "41.01400", "2007-07-31": "24.85500", "2007-04-30": "41.26500", "2007-01-31": "23.35700", "2006-10-31": "10.12000", "2006-07-31": "7.55000", "2006-04-30": "5.37500", "2006-01-31": "1.69700", "2005-10-31": "-15.11100", "2005-07-31": "17.29400", "2005-04-30": "-4.97200", "2005-01-31": "-14.32500"}, "Income From Discontinued Operations": {"2020-10-31": "", "2020-07-31": "", "2020-04-30": "", "2020-01-31": "", "2019-10-31": "", "2019-07-31": "", "2019-04-30": "", "2019-01-31": "", "2018-10-31": "", "2018-07-31": "", "2018-04-30": "", "2018-01-31": "", "2017-10-31": "", "2017-07-31": "", "2017-04-30": "", "2017-01-31": "", "2016-10-31": "", "2016-07-31": "", "2016-04-30": "", "2016-01-31": "", "2015-10-31": "", "2015-07-31": "", "2015-04-30": "", "2015-01-31": "", "2014-10-31": "", "2014-07-31": "", "2014-04-30": "", "2014-01-31": "", "2013-10-31": "", "2013-07-31": "", "2013-04-30": "", "2013-01-31": "", "2012-10-31": "", "2012-07-31": "", "2012-04-30": "", "2012-01-31": "", "2011-10-31": "", "2011-07-31": "", "2011-04-30": "", "2011-01-31": "", "2010-10-31": "", "2010-07-31": "", "2010-04-30": "", "2010-01-31": "", "2009-10-31": "", "2009-07-31": "", "2009-04-30": "", "2009-01-31": "", "2008-10-31": "", "2008-07-31": "", "2008-04-30": "", "2008-01-31": "", "2007-10-31": "", "2007-07-31": "", "2007-04-30": "", "2007-01-31": "", "2006-10-31": "", "2006-07-31": "", "2006-04-30": "", "2006-01-31": "", "2005-10-31": "", "2005-07-31": "", "2005-04-30": "", "2005-01-31": ""}, "Net Income": {"2020-10-31": "197.45500", "2020-07-31": "252.91100", "2020-04-30": "109.92000", "2020-01-31": "104.06100", "2019-10-31": "160.71400", "2019-07-31": "99.92900", "2019-04-30": "118.21000", "2019-01-31": "153.51400", "2018-10-31": "254.32800", "2018-07-31": "79.40900", "2018-04-30": "102.47200", "2018-01-31": "-3.69100", "2017-10-31": "-120.08200", "2017-07-31": "116.75100", "2017-04-30": "53.30600", "2017-01-31": "86.58800", "2016-10-31": "72.69700", "2016-07-31": "64.71800", "2016-04-30": "69.37600", "2016-01-31": "60.03500", "2015-10-31": "49.76200", "2015-07-31": "55.38700", "2015-04-30": "55.59600", "2015-01-31": "65.18900", "2014-10-31": "62.45500", "2014-07-31": "65.65600", "2014-04-30": "63.31700", "2014-01-31": "67.69600", "2013-10-31": "56.89000", "2013-07-31": "52.29700", "2013-04-30": "68.69100", "2013-01-31": "69.92200", "2012-10-31": "29.08100", "2012-07-31": "75.65600", "2012-04-30": "20.97100", "2012-01-31": "56.69400", "2011-10-31": "39.94200", "2011-07-31": "52.08200", "2011-04-30": "81.11400", "2011-01-31": "48.22600", "2010-10-31": "25.40100", "2010-07-31": "39.32700", "2010-04-30": "39.54900", "2010-01-31": "132.78600", "2009-10-31": "19.52800", "2009-07-31": "47.43600", "2009-04-30": "48.28800", "2009-01-31": "52.42900", "2008-10-31": "46.39700", "2008-07-31": "57.74900", "2008-04-30": "39.38700", "2008-01-31": "46.44500", "2007-10-31": "41.01400", "2007-07-31": "24.85500", "2007-04-30": "41.26500", "2007-01-31": "23.35700", "2006-10-31": "10.12000", "2006-07-31": "7.55000", "2006-04-30": "5.37500", "2006-01-31": "1.69700", "2005-10-31": "-15.11100", "2005-07-31": "17.29400", "2005-04-30": "-4.97200", "2005-01-31": "-14.32500"}, "EBITDA": {"2020-10-31": "263.29600", "2020-07-31": "281.24800", "2020-04-30": "193.25800", "2020-01-31": "153.51000", "2019-10-31": "195.78430", "2019-07-31": "194.69100", "2019-04-30": "182.14500", "2019-01-31": "212.03700", "2018-10-31": "120.48720", "2018-07-31": "117.38390", "2018-04-30": "179.92300", "2018-01-31": "151.63800", "2017-10-31": "137.04290", "2017-07-31": "152.43800", "2017-04-30": "101.18600", "2017-01-31": "146.33800", "2016-10-31": "131.97470", "2016-07-31": "127.31000", "2016-04-30": "137.59600", "2016-01-31": "127.54600", "2015-10-31": "114.84390", "2015-07-31": "113.96600", "2015-04-30": "127.44890", "2015-01-31": "122.02800", "2014-10-31": "109.57570", "2014-07-31": "116.39200", "2014-04-30": "111.70500", "2014-01-31": "103.87000", "2013-10-31": "96.66210", "2013-07-31": "102.59700", "2013-04-30": "126.59300", "2013-01-31": "108.04500", "2012-10-31": "81.25380", "2012-07-31": "103.60900", "2012-04-30": "60.03300", "2012-01-31": "101.96800", "2011-10-31": "87.90780", "2011-07-31": "90.14000", "2011-04-30": "85.00700", "2011-01-31": "78.33800", "2010-10-31": "62.68610", "2010-07-31": "72.34700", "2010-04-30": "69.53400", "2010-01-31": "80.74400", "2009-10-31": "51.79420", "2009-07-31": "85.94200", "2009-04-30": "78.97800", "2009-01-31": "92.99000", "2008-10-31": "88.91210", "2008-07-31": "73.32300", "2008-04-30": "74.84800", "2008-01-31": "79.17200", "2007-10-31": "65.39910", "2007-07-31": "48.16600", "2007-04-30": "62.84500", "2007-01-31": "47.00100", "2006-10-31": "40.37810", "2006-07-31": "40.72500", "2006-04-30": "33.52800", "2006-01-31": "29.29100", "2005-10-31": "23.95400", "2005-07-31": "30.53900", "2005-04-30": "29.74100", "2005-01-31": "24.80200"}, "EBIT": {"2020-10-31": "196.13190", "2020-07-31": "210.59800", "2020-04-30": "125.89500", "2020-01-31": "87.51600", "2019-10-31": "129.72120", "2019-07-31": "127.59400", "2019-04-30": "115.50200", "2019-01-31": "147.41400", "2018-10-31": "61.52490", "2018-07-31": "63.96800", "2018-04-30": "127.01400", "2018-01-31": "107.71800", "2017-10-31": "91.71300", "2017-07-31": "105.37000", "2017-04-30": "53.60600", "2017-01-31": "96.87400", "2016-10-31": "82.75670", "2016-07-31": "76.72200", "2016-04-30": "86.80600", "2016-01-31": "71.11000", "2015-10-31": "57.55790", "2015-07-31": "61.48200", "2015-04-30": "75.92690", "2015-01-31": "71.49900", "2014-10-31": "57.49980", "2014-07-31": "67.22700", "2014-04-30": "63.83410", "2014-01-31": "60.15600", "2013-10-31": "51.01410", "2013-07-31": "54.99500", "2013-04-30": "79.50300", "2013-01-31": "60.98100", "2012-10-31": "39.48990", "2012-07-31": "63.39500", "2012-04-30": "17.13600", "2012-01-31": "70.00300", "2011-10-31": "56.31680", "2011-07-31": "58.17900", "2011-04-30": "51.68500", "2011-01-31": "46.66200", "2010-10-31": "33.25700", "2010-07-31": "50.79300", "2010-04-30": "44.96800", "2010-01-31": "55.09200", "2009-10-31": "24.92210", "2009-07-31": "61.08900", "2009-04-30": "54.66800", "2009-01-31": "67.57200", "2008-10-31": "65.30410", "2008-07-31": "50.03200", "2008-04-30": "49.93700", "2008-01-31": "53.83900", "2007-10-31": "37.87610", "2007-07-31": "22.99800", "2007-04-30": "37.34800", "2007-01-31": "19.82200", "2006-10-31": "11.43410", "2006-07-31": "13.15300", "2006-04-30": "5.19100", "2006-01-31": "-0.34600", "2005-10-31": "-6.79800", "2005-07-31": "-7.61600", "2005-04-30": "-20.32800", "2005-01-31": "-25.10300"}, "Basic Shares Outstanding": {"2020-10-31": "151.13500", "2020-07-31": "151.35200", "2020-04-30": "150.59700", "2020-01-31": "150.24400", "2019-10-31": "149.87200", "2019-07-31": "150.12300", "2019-04-30": "149.71200", "2019-01-31": "149.28800", "2018-10-31": "149.03600", "2018-07-31": "148.49000", "2018-04-30": "149.03400", "2018-01-31": "149.44100", "2017-10-31": "150.45700", "2017-07-31": "150.21400", "2017-04-30": "150.38400", "2017-01-31": "150.78200", "2016-10-31": "152.01700", "2016-07-31": "151.16900", "2016-04-30": "152.25000", "2016-01-31": "152.96800", "2015-10-31": "154.95700", "2015-07-31": "155.53300", "2015-04-30": "154.51500", "2015-01-31": "154.45800", "2014-10-31": "155.05400", "2014-07-31": "155.19400", "2014-04-30": "154.57200", "2014-01-31": "154.06600", "2013-10-31": "153.31900", "2013-07-31": "153.91500", "2013-04-30": "153.51500", "2013-01-31": "151.47700", "2012-10-31": "146.88700", "2012-07-31": "147.80100", "2012-04-30": "145.94800", "2012-01-31": "143.88200", "2011-10-31": "146.57300", "2011-07-31": "144.96000", "2011-04-30": "148.46100", "2011-01-31": "149.01600", "2010-10-31": "148.01300", "2010-07-31": "148.00600", "2010-04-30": "148.89000", "2010-01-31": "146.83000", "2009-10-31": "143.75200", "2009-07-31": "144.13800", "2009-04-30": "143.27500", "2009-01-31": "141.86500", "2008-10-31": "143.25800", "2008-07-31": "142.53600", "2008-04-30": "141.84400", "2008-01-31": "146.00100", "2007-10-31": "143.95300", "2007-07-31": "143.82000", "2007-04-30": "144.37000", "2007-01-31": "142.77200", "2006-10-31": "142.83000", "2006-07-31": "142.53800", "2006-04-30": "143.35200", "2006-01-31": "144.98900", "2005-10-31": "144.97000", "2005-07-31": "143.83000", "2005-04-30": "144.80100", "2005-01-31": "146.06000"}, "Shares Outstanding": {"2020-10-31": "155.70600", "2020-07-31": "155.97300", "2020-04-30": "154.37900", "2020-01-31": "154.50400", "2019-10-31": "154.19000", "2019-07-31": "154.60000", "2019-04-30": "153.90400", "2019-01-31": "152.66100", "2018-10-31": "153.39300", "2018-07-31": "152.61400", "2018-04-30": "153.16700", "2018-01-31": "149.44100", "2017-10-31": "154.87400", "2017-07-31": "154.68300", "2017-04-30": "154.86100", "2017-01-31": "154.43300", "2016-10-31": "154.72100", "2016-07-31": "153.89000", "2016-04-30": "154.53600", "2016-01-31": "155.28300", "2015-10-31": "158.06500", "2015-07-31": "158.58400", "2015-04-30": "157.48300", "2015-01-31": "157.20600", "2014-10-31": "157.71000", "2014-07-31": "157.62200", "2014-04-30": "157.08200", "2014-01-31": "156.75600", "2013-10-31": "156.60100", "2013-07-31": "157.05600", "2013-04-30": "156.60600", "2013-01-31": "154.53100", "2012-10-31": "150.28000", "2012-07-31": "150.64400", "2012-04-30": "149.29700", "2012-01-31": "147.11300", "2011-10-31": "150.36700", "2011-07-31": "148.04500", "2011-04-30": "152.59300", "2011-01-31": "153.64000", "2010-10-31": "151.91100", "2010-07-31": "151.10600", "2010-04-30": "152.48200", "2010-01-31": "150.78800", "2009-10-31": "145.85700", "2009-07-31": "146.06300", "2009-04-30": "145.42100", "2009-01-31": "142.61200", "2008-10-31": "147.67200", "2008-07-31": "147.48600", "2008-04-30": "145.27100", "2008-01-31": "150.68300", "2007-10-31": "149.71600", "2007-07-31": "149.70900", "2007-04-30": "149.78300", "2007-01-31": "148.11300", "2006-10-31": "144.72800", "2006-07-31": "143.96400", "2006-04-30": "146.01000", "2006-01-31": "146.96900", "2005-10-31": "144.97000", "2005-07-31": "145.66800", "2005-04-30": "144.80100", "2005-01-31": "146.06000"}, "Basic EPS": {"2020-10-31": "1.31000", "2020-07-31": "1.67000", "2020-04-30": "0.73000", "2020-01-31": "0.69000", "2019-10-31": "1.06000", "2019-07-31": "0.67000", "2019-04-30": "0.79000", "2019-01-31": "1.03000", "2018-10-31": "1.70000", "2018-07-31": "0.53000", "2018-04-30": "0.69000", "2018-01-31": "-0.02000", "2017-10-31": "-0.79000", "2017-07-31": "0.78000", "2017-04-30": "0.35000", "2017-01-31": "0.57000", "2016-10-31": "0.48000", "2016-07-31": "0.43000", "2016-04-30": "0.46000", "2016-01-31": "0.39000", "2015-10-31": "0.32000", "2015-07-31": "0.36000", "2015-04-30": "0.36000", "2015-01-31": "0.42000", "2014-10-31": "0.40000", "2014-07-31": "0.42000", "2014-04-30": "0.41000", "2014-01-31": "0.44000", "2013-10-31": "0.37000", "2013-07-31": "0.34000", "2013-04-30": "0.45000", "2013-01-31": "0.46000", "2012-10-31": "0.20000", "2012-07-31": "0.51000", "2012-04-30": "0.14000", "2012-01-31": "0.39000", "2011-10-31": "0.28000", "2011-07-31": "0.36000", "2011-04-30": "0.55000", "2011-01-31": "0.32000", "2010-10-31": "0.16000", "2010-07-31": "0.27000", "2010-04-30": "0.27000", "2010-01-31": "0.90000", "2009-10-31": "0.13000", "2009-07-31": "0.33000", "2009-04-30": "0.34000", "2009-01-31": "0.37000", "2008-10-31": "0.32000", "2008-07-31": "0.41000", "2008-04-30": "0.28000", "2008-01-31": "0.32000", "2007-10-31": "0.29000", "2007-07-31": "0.17000", "2007-04-30": "0.29000", "2007-01-31": "0.16000", "2006-10-31": "0.07000", "2006-07-31": "0.05000", "2006-04-30": "0.04000", "2006-01-31": "0.01000", "2005-10-31": "-0.11000", "2005-07-31": "0.12000", "2005-04-30": "-0.03000", "2005-01-31": "-0.10000"}, "EPS - Earnings Per Share": {"2020-10-31": "1.27000", "2020-07-31": "1.62000", "2020-04-30": "0.71000", "2020-01-31": "0.67000", "2019-10-31": "1.02000", "2019-07-31": "0.65000", "2019-04-30": "0.77000", "2019-01-31": "1.01000", "2018-10-31": "1.65000", "2018-07-31": "0.52000", "2018-04-30": "0.67000", "2018-01-31": "-0.02000", "2017-10-31": "-0.77000", "2017-07-31": "0.75000", "2017-04-30": "0.34000", "2017-01-31": "0.56000", "2016-10-31": "0.47000", "2016-07-31": "0.42000", "2016-04-30": "0.45000", "2016-01-31": "0.39000", "2015-10-31": "0.32000", "2015-07-31": "0.35000", "2015-04-30": "0.35000", "2015-01-31": "0.41000", "2014-10-31": "0.39000", "2014-07-31": "0.42000", "2014-04-30": "0.40000", "2014-01-31": "0.43000", "2013-10-31": "0.36000", "2013-07-31": "0.33000", "2013-04-30": "0.44000", "2013-01-31": "0.45000", "2012-10-31": "0.18000", "2012-07-31": "0.50000", "2012-04-30": "0.14000", "2012-01-31": "0.39000", "2011-10-31": "0.28000", "2011-07-31": "0.35000", "2011-04-30": "0.53000", "2011-01-31": "0.31000", "2010-10-31": "0.16000", "2010-07-31": "0.26000", "2010-04-30": "0.26000", "2010-01-31": "0.88000", "2009-10-31": "0.13000", "2009-07-31": "0.32000", "2009-04-30": "0.33000", "2009-01-31": "0.37000", "2008-10-31": "0.32000", "2008-07-31": "0.39000", "2008-04-30": "0.27000", "2008-01-31": "0.31000", "2007-10-31": "0.26000", "2007-07-31": "0.17000", "2007-04-30": "0.28000", "2007-01-31": "0.16000", "2006-10-31": "0.07000", "2006-07-31": "0.05000", "2006-04-30": "0.04000", "2006-01-31": "0.01000", "2005-10-31": "-0.11000", "2005-07-31": "0.12000", "2005-04-30": "-0.03000", "2005-01-31": "-0.10000"}}, "balance sheet": {"Cash On Hand": {"2020-10-31": "1235.65300", "2019-10-31": "728.59700", "2018-10-31": "723.11500", "2017-10-31": "1048.35600", "2016-10-31": "1117.31500", "2015-10-31": "964.93500", "2014-10-31": "985.76200", "2013-10-31": "1022.44100", "2012-10-31": "700.38200", "2011-10-31": "1004.07400", "2010-10-31": "938.56100", "2009-10-31": "1168.32600", "2008-10-31": "951.30100", "2007-10-31": "984.45300", "2006-10-31": "572.72200", "2005-10-31": "586.50600"}, "Receivables": {"2020-10-31": "813.06400", "2019-10-31": "578.75000", "2018-10-31": "630.74200", "2017-10-31": "499.40100", "2016-10-31": "494.96400", "2015-10-31": "432.42600", "2014-10-31": "353.22300", "2013-10-31": "274.30300", "2012-10-31": "309.93500", "2011-10-31": "228.66900", "2010-10-31": "199.52700", "2009-10-31": "178.20100", "2008-10-31": "197.22400", "2007-10-31": "166.42500", "2006-10-31": "165.12200", "2005-10-31": "148.54800"}, "Inventory": {"2020-10-31": "192.33300", "2019-10-31": "141.51800", "2018-10-31": "122.40700", "2017-10-31": "61.88400", "2016-10-31": "", "2015-10-31": "", "2014-10-31": "", "2013-10-31": "", "2012-10-31": "", "2011-10-31": "", "2010-10-31": "", "2009-10-31": "", "2008-10-31": "", "2007-10-31": "", "2006-10-31": "", "2005-10-31": ""}, "Pre-Paid Expenses": {"2020-10-31": "308.16700", "2019-10-31": "290.05200", "2018-10-31": "67.53300", "2017-10-31": "72.95200", "2016-10-31": "104.65900", "2015-10-31": "71.44600", "2014-10-31": "54.30100", "2013-10-31": "59.17500", "2012-10-31": "55.62700", "2011-10-31": "46.77600", "2010-10-31": "36.20200", "2009-10-31": "43.82000", "2008-10-31": "40.15600", "2007-10-31": "53.49600", "2006-10-31": "44.30400", "2005-10-31": "16.92400"}, "Other Current Assets": {"2020-10-31": "", "2019-10-31": "", "2018-10-31": "", "2017-10-31": "", "2016-10-31": "", "2015-10-31": "", "2014-10-31": "", "2013-10-31": "", "2012-10-31": "", "2011-10-31": "", "2010-10-31": "", "2009-10-31": "", "2008-10-31": "", "2007-10-31": "", "2006-10-31": "", "2005-10-31": ""}, "Total Current Assets": {"2020-10-31": "2549.21700", "2019-10-31": "1738.91700", "2018-10-31": "1543.79700", "2017-10-31": "1682.59300", "2016-10-31": "1716.93800", "2015-10-31": "1468.80700", "2014-10-31": "1504.73500", "2013-10-31": "1447.97700", "2012-10-31": "1140.65600", "2011-10-31": "1338.05500", "2010-10-31": "1247.75500", "2009-10-31": "1463.80000", "2008-10-31": "1322.29000", "2007-10-31": "1327.53900", "2006-10-31": "894.49000", "2005-10-31": "947.47900"}, "Property, Plant, And Equipment": {"2020-10-31": "483.81800", "2019-10-31": "429.53200", "2018-10-31": "309.31000", "2017-10-31": "266.01400", "2016-10-31": "257.03500", "2015-10-31": "263.07700", "2014-10-31": "249.09800", "2013-10-31": "197.60000", "2012-10-31": "191.24300", "2011-10-31": "159.51700", "2010-10-31": "148.58000", "2009-10-31": "146.91000", "2008-10-31": "145.08700", "2007-10-31": "131.86600", "2006-10-31": "140.66000", "2005-10-31": "170.19500"}, "Long-Term Investments": {"2020-10-31": "", "2019-10-31": "", "2018-10-31": "", "2017-10-31": "", "2016-10-31": "", "2015-10-31": "", "2014-10-31": "", "2013-10-31": "", "2012-10-31": "", "2011-10-31": "", "2010-10-31": "", "2009-10-31": "", "2008-10-31": "", "2007-10-31": "", "2006-10-31": "", "2005-10-31": "8.09200"}, "Goodwill And Intangible Assets": {"2020-10-31": "3619.43600", "2019-10-31": "3450.55300", "2018-10-31": "3503.65300", "2017-10-31": "2960.81700", "2016-10-31": "2784.90600", "2015-10-31": "2834.90000", "2014-10-31": "2620.73800", "2013-10-31": "2311.39600", "2012-10-31": "2443.30900", "2011-10-31": "1485.31700", "2010-10-31": "1515.49900", "2009-10-31": "1029.50100", "2008-10-31": "1014.40000", "2007-10-31": "845.87900", "2006-10-31": "841.78700", "2005-10-31": "871.49800"}, "Other Long-Term Assets": {"2020-10-31": "414.22700", "2019-10-31": "396.02900", "2018-10-31": "385.04800", "2017-10-31": "243.00100", "2016-10-31": "199.56000", "2015-10-31": "205.04600", "2014-10-31": "192.77200", "2013-10-31": "158.89600", "2012-10-31": "133.03600", "2011-10-31": "104.89900", "2010-10-31": "105.94800", "2009-10-31": "93.24700", "2008-10-31": "83.31500", "2007-10-31": "95.41100", "2006-10-31": "74.63100", "2005-10-31": "61.82800"}, "Total Long-Term Assets": {"2020-10-31": "5480.84500", "2019-10-31": "4666.24300", "2018-10-31": "4602.17700", "2017-10-31": "3713.82100", "2016-10-31": "3523.42700", "2015-10-31": "3576.93200", "2014-10-31": "3270.76400", "2013-10-31": "2910.95800", "2012-10-31": "3007.00000", "2011-10-31": "2030.78900", "2010-10-31": "2038.78600", "2009-10-31": "1475.05400", "2008-10-31": "1420.18800", "2007-10-31": "1289.79800", "2006-10-31": "1263.33200", "2005-10-31": "1185.94500"}, "Total Assets": {"2020-10-31": "8030.06200", "2019-10-31": "6405.16000", "2018-10-31": "6145.97400", "2017-10-31": "5396.41400", "2016-10-31": "5240.36500", "2015-10-31": "5045.73900", "2014-10-31": "4775.49900", "2013-10-31": "4358.93500", "2012-10-31": "4147.65600", "2011-10-31": "3368.84400", "2010-10-31": "3286.54100", "2009-10-31": "2938.85400", "2008-10-31": "2742.47800", "2007-10-31": "2617.33700", "2006-10-31": "2157.82200", "2005-10-31": "2133.42400"}, "Total Current Liabilities": {"2020-10-31": "2139.92200", "2019-10-31": "1752.45300", "2018-10-31": "2102.41500", "2017-10-31": "1614.10900", "2016-10-31": "1714.94600", "2015-10-31": "1578.35300", "2014-10-31": "1386.75900", "2013-10-31": "1222.91900", "2012-10-31": "1252.63900", "2011-10-31": "1010.32000", "2010-10-31": "921.76800", "2009-10-31": "814.59300", "2008-10-31": "908.98300", "2007-10-31": "1031.07600", "2006-10-31": "871.09600", "2005-10-31": "816.92700"}, "Long Term Debt": {"2020-10-31": "100.82300", "2019-10-31": "120.09300", "2018-10-31": "125.53500", "2017-10-31": "134.06300", "2016-10-31": "", "2015-10-31": "", "2014-10-31": "45.00000", "2013-10-31": "75.00000", "2012-10-31": "105.00000", "2011-10-31": "", "2010-10-31": "", "2009-10-31": "", "2008-10-31": "", "2007-10-31": "", "2006-10-31": "", "2005-10-31": ""}, "Other Non-Current Liabilities": {"2020-10-31": "309.68900", "2019-10-31": "353.63600", "2018-10-31": "316.15000", "2017-10-31": "285.26600", "2016-10-31": "250.41700", "2015-10-31": "239.78400", "2014-10-31": "209.92400", "2013-10-31": "218.00300", "2012-10-31": "178.86200", "2011-10-31": "201.01600", "2010-10-31": "230.48800", "2009-10-31": "245.35600", "2008-10-31": "229.71500", "2007-10-31": "", "2006-10-31": "", "2005-10-31": ""}, "Total Long Term Liabilities": {"2020-10-31": "977.77290", "2019-10-31": "563.83110", "2018-10-31": "558.54400", "2017-10-31": "502.58100", "2016-10-31": "330.27300", "2015-10-31": "333.39700", "2014-10-31": "332.57000", "2013-10-31": "347.73900", "2012-10-31": "351.04600", "2011-10-31": "257.22400", "2010-10-31": "264.59100", "2009-10-31": "280.09500", "2008-10-31": "305.12400", "2007-10-31": "149.86800", "2006-10-31": "123.55900", "2005-10-31": "105.86000"}, "Total Liabilities": {"2020-10-31": "3117.69500", "2019-10-31": "2316.28400", "2018-10-31": "2660.95900", "2017-10-31": "2116.69000", "2016-10-31": "2045.21900", "2015-10-31": "1911.75000", "2014-10-31": "1719.32900", "2013-10-31": "1570.65800", "2012-10-31": "1603.68500", "2011-10-31": "1267.54400", "2010-10-31": "1186.35900", "2009-10-31": "1094.68800", "2008-10-31": "1214.10700", "2007-10-31": "1180.94400", "2006-10-31": "994.65500", "2005-10-31": "922.78700"}, "Common Stock Net": {"2020-10-31": "1.52800", "2019-10-31": "1.50300", "2018-10-31": "1.49300", "2017-10-31": "1.50500", "2016-10-31": "1.51500", "2015-10-31": "1.55200", "2014-10-31": "1.56000", "2013-10-31": "1.54200", "2012-10-31": "1.50900", "2011-10-31": "1.43300", "2010-10-31": "1.48500", "2009-10-31": "1.46900", "2008-10-31": "1.41800", "2007-10-31": "1.46400", "2006-10-31": "1.40600", "2005-10-31": "1.45900"}, "Retained Earnings (Accumulated Deficit)": {"2020-10-31": "3795.39700", "2019-10-31": "3164.14400", "2018-10-31": "2543.68800", "2017-10-31": "2143.87300", "2016-10-31": "1947.58500", "2015-10-31": "1725.72700", "2014-10-31": "1551.59200", "2013-10-31": "1324.85400", "2012-10-31": "1098.69400", "2011-10-31": "957.51700", "2010-10-31": "770.67400", "2009-10-31": "574.98000", "2008-10-31": "434.05700", "2007-10-31": "263.97700", "2006-10-31": "170.74300", "2005-10-31": "162.87800"}, "Comprehensive Income": {"2020-10-31": "-54.07400", "2019-10-31": "-92.44700", "2018-10-31": "-113.17700", "2017-10-31": "-65.97900", "2016-10-31": "-104.57700", "2015-10-31": "-105.37500", "2014-10-31": "-62.08900", "2013-10-31": "-28.69500", "2012-10-31": "-15.46100", "2011-10-31": "-20.94500", "2010-10-31": "-15.77400", "2009-10-31": "-3.83100", "2008-10-31": "-35.27900", "2007-10-31": "3.90500", "2006-10-31": "-12.48100", "2005-10-31": "-16.00100"}, "Other Share Holders Equity": {"2020-10-31": "", "2019-10-31": "", "2018-10-31": "", "2017-10-31": "", "2016-10-31": "", "2015-10-31": "", "2014-10-31": "", "2013-10-31": "", "2012-10-31": "", "2011-10-31": "", "2010-10-31": "", "2009-10-31": "", "2008-10-31": "", "2007-10-31": "", "2006-10-31": "", "2005-10-31": ""}, "Share Holder Equity": {"2020-10-31": "4912.36700", "2019-10-31": "4088.87600", "2018-10-31": "3485.01500", "2017-10-31": "3279.72400", "2016-10-31": "3195.14600", "2015-10-31": "3133.98900", "2014-10-31": "3056.17000", "2013-10-31": "2788.27700", "2012-10-31": "2543.97100", "2011-10-31": "2101.30000", "2010-10-31": "2100.18200", "2009-10-31": "1844.16600", "2008-10-31": "1528.37100", "2007-10-31": "1436.39300", "2006-10-31": "1163.16700", "2005-10-31": "1210.63700"}, "Total Liabilities And Share Holders Equity": {"2020-10-31": "8030.06200", "2019-10-31": "6405.16000", "2018-10-31": "6145.97400", "2017-10-31": "5396.41400", "2016-10-31": "5240.36500", "2015-10-31": "5045.73900", "2014-10-31": "4775.49900", "2013-10-31": "4358.93500", "2012-10-31": "4147.65600", "2011-10-31": "3368.84400", "2010-10-31": "3286.54100", "2009-10-31": "2938.85400", "2008-10-31": "2742.47800", "2007-10-31": "2617.33700", "2006-10-31": "2157.82200", "2005-10-31": "2133.42400"}}, "balance sheet, quarterly": {"Cash On Hand": {"2020-10-31": "1235.65300", "2020-07-31": "1049.92200", "2020-04-30": "856.42400", "2020-01-31": "700.35600", "2019-10-31": "728.59700", "2019-07-31": "686.78000", "2019-04-30": "631.16100", "2019-01-31": "592.30500", "2018-10-31": "723.11500", "2018-07-31": "741.23600", "2018-04-30": "570.80100", "2018-01-31": "605.89200", "2017-10-31": "1048.35600", "2017-07-31": "1302.49400", "2017-04-30": "1131.56800", "2017-01-31": "966.35700", "2016-10-31": "1117.31500", "2016-07-31": "1089.85900", "2016-04-30": "959.92200", "2016-01-31": "705.93400", "2015-10-31": "964.93500", "2015-07-31": "1122.91900", "2015-04-30": "1005.42400", "2015-01-31": "917.06200", "2014-10-31": "985.76200", "2014-07-31": "903.04600", "2014-04-30": "821.63300", "2014-01-31": "893.05300", "2013-10-31": "1022.44100", "2013-07-31": "892.37000", "2013-04-30": "681.01800", "2013-01-31": "550.36500", "2012-10-31": "700.38200", "2012-07-31": "963.76700", "2012-04-30": "796.59400", "2012-01-31": "943.48900", "2011-10-31": "1004.07400", "2011-07-31": "1038.28100", "2011-04-30": "840.46300", "2011-01-31": "867.12800", "2010-10-31": "938.56100", "2010-07-31": "1209.82500", "2010-04-30": "1078.45400", "2010-01-31": "1092.34300", "2009-10-31": "1168.32600", "2009-07-31": "1082.53900", "2009-04-30": "876.84700", "2009-01-31": "842.28100", "2008-10-31": "951.30100", "2008-07-31": "877.08700", "2008-04-30": "817.49800", "2008-01-31": "860.31500", "2007-10-31": "984.45300", "2007-07-31": "794.22200", "2007-04-30": "767.53700", "2007-01-31": "679.70500", "2006-10-31": "572.72200", "2006-07-31": "511.27400", "2006-04-30": "534.54000", "2006-01-31": "514.28500", "2005-10-31": "586.50600", "2005-07-31": "499.41400", "2005-04-30": "524.32100", "2005-01-31": "582.50300"}, "Receivables": {"2020-10-31": "813.06400", "2020-07-31": "659.44900", "2020-04-30": "653.61600", "2020-01-31": "821.02500", "2019-10-31": "578.75000", "2019-07-31": "487.14100", "2019-04-30": "586.54400", "2019-01-31": "817.83900", "2018-10-31": "630.74200", "2018-07-31": "545.70900", "2018-04-30": "615.28100", "2018-01-31": "543.63100", "2017-10-31": "499.40100", "2017-07-31": "467.01200", "2017-04-30": "429.27500", "2017-01-31": "386.58000", "2016-10-31": "494.96400", "2016-07-31": "368.53000", "2016-04-30": "347.47300", "2016-01-31": "403.31600", "2015-10-31": "432.42600", "2015-07-31": "344.16900", "2015-04-30": "371.41100", "2015-01-31": "311.09600", "2014-10-31": "353.22300", "2014-07-31": "257.40700", "2014-04-30": "340.84700", "2014-01-31": "265.91600", "2013-10-31": "274.30300", "2013-07-31": "297.23000", "2013-04-30": "271.86000", "2013-01-31": "293.08400", "2012-10-31": "309.93500", "2012-07-31": "228.62900", "2012-04-30": "265.17200", "2012-01-31": "236.13200", "2011-10-31": "228.66900", "2011-07-31": "196.86300", "2011-04-30": "238.76400", "2011-01-31": "200.52300", "2010-10-31": "199.52700", "2010-07-31": "175.15000", "2010-04-30": "185.94800", "2010-01-31": "184.29900", "2009-10-31": "178.20100", "2009-07-31": "180.85100", "2009-04-30": "236.76600", "2009-01-31": "199.61700", "2008-10-31": "197.22400", "2008-07-31": "194.84600", "2008-04-30": "214.71700", "2008-01-31": "182.73800", "2007-10-31": "166.42500", "2007-07-31": "248.45200", "2007-04-30": "208.38900", "2007-01-31": "182.56800", "2006-10-31": "165.12200", "2006-07-31": "157.12900", "2006-04-30": "186.54800", "2006-01-31": "132.22100", "2005-10-31": "148.54800", "2005-07-31": "155.19500", "2005-04-30": "181.32900", "2005-01-31": "154.55000"}, "Inventory": {"2020-10-31": "192.33300", "2020-07-31": "159.81300", "2020-04-30": "166.43700", "2020-01-31": "148.05700", "2019-10-31": "141.51800", "2019-07-31": "155.10800", "2019-04-30": "166.32900", "2019-01-31": "137.55900", "2018-10-31": "122.40700", "2018-07-31": "", "2018-04-30": "", "2018-01-31": "", "2017-10-31": "61.88400", "2017-07-31": "", "2017-04-30": "", "2017-01-31": "", "2016-10-31": "", "2016-07-31": "", "2016-04-30": "", "2016-01-31": "", "2015-10-31": "", "2015-07-31": "", "2015-04-30": "", "2015-01-31": "", "2014-10-31": "", "2014-07-31": "", "2014-04-30": "", "2014-01-31": "", "2013-10-31": "", "2013-07-31": "", "2013-04-30": "", "2013-01-31": "", "2012-10-31": "", "2012-07-31": "", "2012-04-30": "", "2012-01-31": "", "2011-10-31": "", "2011-07-31": "", "2011-04-30": "", "2011-01-31": "", "2010-10-31": "", "2010-07-31": "", "2010-04-30": "", "2010-01-31": "", "2009-10-31": "", "2009-07-31": "", "2009-04-30": "", "2009-01-31": "", "2008-10-31": "", "2008-07-31": "", "2008-04-30": "", "2008-01-31": "", "2007-10-31": "", "2007-07-31": "", "2007-04-30": "", "2007-01-31": "", "2006-10-31": "", "2006-07-31": "", "2006-04-30": "", "2006-01-31": "", "2005-10-31": "", "2005-07-31": "", "2005-04-30": "", "2005-01-31": ""}, "Pre-Paid Expenses": {"2020-10-31": "308.16700", "2020-07-31": "316.83100", "2020-04-30": "284.27800", "2020-01-31": "281.99100", "2019-10-31": "290.05200", "2019-07-31": "288.61600", "2019-04-30": "259.84900", "2019-01-31": "249.92700", "2018-10-31": "67.53300", "2018-07-31": "178.63800", "2018-04-30": "184.10400", "2018-01-31": "182.82300", "2017-10-31": "72.95200", "2017-07-31": "125.12600", "2017-04-30": "121.16900", "2017-01-31": "131.10600", "2016-10-31": "104.65900", "2016-07-31": "93.64900", "2016-04-30": "95.80200", "2016-01-31": "91.27800", "2015-10-31": "71.44600", "2015-07-31": "84.51000", "2015-04-30": "86.83700", "2015-01-31": "92.31500", "2014-10-31": "54.30100", "2014-07-31": "55.11300", "2014-04-30": "66.40600", "2014-01-31": "68.48700", "2013-10-31": "59.17500", "2013-07-31": "62.97500", "2013-04-30": "78.93300", "2013-01-31": "81.68900", "2012-10-31": "55.62700", "2012-07-31": "37.17500", "2012-04-30": "50.63100", "2012-01-31": "51.35900", "2011-10-31": "46.77600", "2011-07-31": "53.54800", "2011-04-30": "54.46500", "2011-01-31": "54.24900", "2010-10-31": "36.20200", "2010-07-31": "38.97700", "2010-04-30": "45.26300", "2010-01-31": "47.59400", "2009-10-31": "43.82000", "2009-07-31": "49.49400", "2009-04-30": "50.09400", "2009-01-31": "42.93600", "2008-10-31": "40.15600", "2008-07-31": "60.81400", "2008-04-30": "57.33700", "2008-01-31": "52.18700", "2007-10-31": "53.49600", "2007-07-31": "51.34800", "2007-04-30": "32.98200", "2007-01-31": "50.31900", "2006-10-31": "44.30400", "2006-07-31": "23.11800", "2006-04-30": "23.17300", "2006-01-31": "24.80800", "2005-10-31": "16.92400", "2005-07-31": "20.60700", "2005-04-30": "32.75600", "2005-01-31": "27.71000"}, "Other Current Assets": {"2020-10-31": "", "2020-07-31": "", "2020-04-30": "", "2020-01-31": "", "2019-10-31": "", "2019-07-31": "", "2019-04-30": "", "2019-01-31": "", "2018-10-31": "", "2018-07-31": "", "2018-04-30": "", "2018-01-31": "", "2017-10-31": "", "2017-07-31": "", "2017-04-30": "", "2017-01-31": "", "2016-10-31": "", "2016-07-31": "", "2016-04-30": "", "2016-01-31": "", "2015-10-31": "", "2015-07-31": "", "2015-04-30": "", "2015-01-31": "", "2014-10-31": "", "2014-07-31": "", "2014-04-30": "", "2014-01-31": "", "2013-10-31": "", "2013-07-31": "", "2013-04-30": "", "2013-01-31": "", "2012-10-31": "", "2012-07-31": "", "2012-04-30": "", "2012-01-31": "", "2011-10-31": "", "2011-07-31": "", "2011-04-30": "", "2011-01-31": "", "2010-10-31": "", "2010-07-31": "", "2010-04-30": "", "2010-01-31": "", "2009-10-31": "", "2009-07-31": "", "2009-04-30": "", "2009-01-31": "", "2008-10-31": "", "2008-07-31": "", "2008-04-30": "", "2008-01-31": "", "2007-10-31": "", "2007-07-31": "", "2007-04-30": "", "2007-01-31": "", "2006-10-31": "", "2006-07-31": "", "2006-04-30": "", "2006-01-31": "", "2005-10-31": "", "2005-07-31": "", "2005-04-30": "", "2005-01-31": ""}, "Total Current Assets": {"2020-10-31": "2549.21700", "2020-07-31": "2186.01500", "2020-04-30": "1960.75500", "2020-01-31": "1951.42900", "2019-10-31": "1738.91700", "2019-07-31": "1617.64500", "2019-04-30": "1643.88300", "2019-01-31": "1797.63000", "2018-10-31": "1543.79700", "2018-07-31": "1465.58300", "2018-04-30": "1370.18600", "2018-01-31": "1332.34600", "2017-10-31": "1682.59300", "2017-07-31": "1894.63200", "2017-04-30": "1682.01200", "2017-01-31": "1484.04300", "2016-10-31": "1716.93800", "2016-07-31": "1552.03800", "2016-04-30": "1403.19700", "2016-01-31": "1200.52800", "2015-10-31": "1468.80700", "2015-07-31": "1627.53700", "2015-04-30": "1544.97500", "2015-01-31": "1416.27300", "2014-10-31": "1504.73500", "2014-07-31": "1314.78300", "2014-04-30": "1328.27100", "2014-01-31": "1320.86500", "2013-10-31": "1447.97700", "2013-07-31": "1330.08400", "2013-04-30": "1106.36900", "2013-01-31": "999.78200", "2012-10-31": "1140.65600", "2012-07-31": "1293.70200", "2012-04-30": "1173.54100", "2012-01-31": "1289.65000", "2011-10-31": "1338.05500", "2011-07-31": "1362.29600", "2011-04-30": "1206.62200", "2011-01-31": "1194.27700", "2010-10-31": "1247.75500", "2010-07-31": "1495.97400", "2010-04-30": "1379.89400", "2010-01-31": "1398.52100", "2009-10-31": "1463.80000", "2009-07-31": "1448.95700", "2009-04-30": "1294.99700", "2009-01-31": "1221.36700", "2008-10-31": "1322.29000", "2008-07-31": "1254.17100", "2008-04-30": "1216.89700", "2008-01-31": "1221.50200", "2007-10-31": "1327.53900", "2007-07-31": "1206.46700", "2007-04-30": "1121.09700", "2007-01-31": "1023.99100", "2006-10-31": "894.49000", "2006-07-31": "781.22500", "2006-04-30": "940.43700", "2006-01-31": "868.42400", "2005-10-31": "947.47900", "2005-07-31": "801.80300", "2005-04-30": "866.12700", "2005-01-31": "892.39200"}, "Property, Plant, And Equipment": {"2020-10-31": "483.81800", "2020-07-31": "484.52900", "2020-04-30": "470.41200", "2020-01-31": "457.52700", "2019-10-31": "429.53200", "2019-07-31": "372.56600", "2019-04-30": "344.17600", "2019-01-31": "317.89600", "2018-10-31": "309.31000", "2018-07-31": "290.44600", "2018-04-30": "283.78200", "2018-01-31": "284.44100", "2017-10-31": "266.01400", "2017-07-31": "262.02500", "2017-04-30": "259.47600", "2017-01-31": "256.81100", "2016-10-31": "257.03500", "2016-07-31": "258.79400", "2016-04-30": "258.85600", "2016-01-31": "261.23500", "2015-10-31": "263.07700", "2015-07-31": "260.66700", "2015-04-30": "258.19900", "2015-01-31": "256.09200", "2014-10-31": "249.09800", "2014-07-31": "216.01000", "2014-04-30": "202.86000", "2014-01-31": "197.33500", "2013-10-31": "197.60000", "2013-07-31": "194.19800", "2013-04-30": "195.31500", "2013-01-31": "193.05100", "2012-10-31": "191.24300", "2012-07-31": "165.90900", "2012-04-30": "157.79200", "2012-01-31": "157.21900", "2011-10-31": "159.51700", "2011-07-31": "159.05900", "2011-04-30": "150.37000", "2011-01-31": "149.55400", "2010-10-31": "148.58000", "2010-07-31": "139.10200", "2010-04-30": "140.63000", "2010-01-31": "143.37100", "2009-10-31": "146.91000", "2009-07-31": "144.92800", "2009-04-30": "136.79900", "2009-01-31": "141.15200", "2008-10-31": "145.08700", "2008-07-31": "130.51100", "2008-04-30": "127.22300", "2008-01-31": "128.57800", "2007-10-31": "131.86600", "2007-07-31": "128.73900", "2007-04-30": "141.04400", "2007-01-31": "139.58500", "2006-10-31": "140.66000", "2006-07-31": "164.27800", "2006-04-30": "166.80500", "2006-01-31": "165.11600", "2005-10-31": "170.19500", "2005-07-31": "174.91800", "2005-04-30": "175.62500", "2005-01-31": "173.53200"}, "Long-Term Investments": {"2020-10-31": "", "2020-07-31": "", "2020-04-30": "", "2020-01-31": "", "2019-10-31": "", "2019-07-31": "", "2019-04-30": "", "2019-01-31": "", "2018-10-31": "", "2018-07-31": "", "2018-04-30": "", "2018-01-31": "", "2017-10-31": "", "2017-07-31": "", "2017-04-30": "", "2017-01-31": "", "2016-10-31": "", "2016-07-31": "", "2016-04-30": "", "2016-01-31": "", "2015-10-31": "", "2015-07-31": "", "2015-04-30": "", "2015-01-31": "", "2014-10-31": "", "2014-07-31": "", "2014-04-30": "", "2014-01-31": "", "2013-10-31": "", "2013-07-31": "", "2013-04-30": "", "2013-01-31": "", "2012-10-31": "", "2012-07-31": "", "2012-04-30": "", "2012-01-31": "", "2011-10-31": "", "2011-07-31": "", "2011-04-30": "", "2011-01-31": "", "2010-10-31": "", "2010-07-31": "", "2010-04-30": "", "2010-01-31": "", "2009-10-31": "", "2009-07-31": "", "2009-04-30": "", "2009-01-31": "", "2008-10-31": "", "2008-07-31": "", "2008-04-30": "", "2008-01-31": "", "2007-10-31": "", "2007-07-31": "", "2007-04-30": "", "2007-01-31": "4.95700", "2006-10-31": "", "2006-07-31": "4.61600", "2006-04-30": "6.54200", "2006-01-31": "8.32200", "2005-10-31": "8.09200", "2005-07-31": "9.14300", "2005-04-30": "11.03000", "2005-01-31": "11.47200"}, "Goodwill And Intangible Assets": {"2020-10-31": "3619.43600", "2020-07-31": "3631.74500", "2020-04-30": "3590.55400", "2020-01-31": "3513.73700", "2019-10-31": "3450.55300", "2019-07-31": "3426.36100", "2019-04-30": "3450.72200", "2019-01-31": "3477.88700", "2018-10-31": "3503.65300", "2018-07-31": "3533.15100", "2018-04-30": "3569.31900", "2018-01-31": "3565.13700", "2017-10-31": "2960.81700", "2017-07-31": "2909.01500", "2017-04-30": "2936.14700", "2017-01-31": "2954.17900", "2016-10-31": "2784.90600", "2016-07-31": "2810.52700", "2016-04-30": "2820.88000", "2016-01-31": "2810.22400", "2015-10-31": "2834.90000", "2015-07-31": "2654.31500", "2015-04-30": "2554.50100", "2015-01-31": "2578.30500", "2014-10-31": "2620.73800", "2014-07-31": "2628.31300", "2014-04-30": "2653.01400", "2014-01-31": "2274.73100", "2013-10-31": "2311.39600", "2013-07-31": "2340.96900", "2013-04-30": "2377.23100", "2013-01-31": "2402.45100", "2012-10-31": "2443.30900", "2012-07-31": "1989.77700", "2012-04-30": "1994.52800", "2012-01-31": "1477.00000", "2011-10-31": "1485.31700", "2011-07-31": "1462.02500", "2011-04-30": "1477.09500", "2011-01-31": "1499.19400", "2010-10-31": "1515.49900", "2010-07-31": "1120.59200", "2010-04-30": "1118.71600", "2010-01-31": "1023.76400", "2009-10-31": "1029.50100", "2009-07-31": "1036.23600", "2009-04-30": "1016.63000", "2009-01-31": "1027.66400", "2008-10-31": "1014.40000", "2008-07-31": "1020.54600", "2008-04-30": "820.35400", "2008-01-31": "836.02100", "2007-10-31": "845.87900", "2007-07-31": "832.76200", "2007-04-30": "817.92900", "2007-01-31": "828.03100", "2006-10-31": "841.78700", "2006-07-31": "858.08800", "2006-04-30": "859.19600", "2006-01-31": "879.68400", "2005-10-31": "871.49800", "2005-07-31": "922.10000", "2005-04-30": "818.70400", "2005-01-31": "855.82000"}, "Other Long-Term Assets": {"2020-10-31": "414.22700", "2020-07-31": "424.82300", "2020-04-30": "407.86200", "2020-01-31": "412.59100", "2019-10-31": "396.02900", "2019-07-31": "397.48200", "2019-04-30": "402.77500", "2019-01-31": "413.24900", "2018-10-31": "385.04800", "2018-07-31": "338.60800", "2018-04-30": "337.71800", "2018-01-31": "348.27900", "2017-10-31": "243.00100", "2017-07-31": "230.77200", "2017-04-30": "221.92300", "2017-01-31": "213.75200", "2016-10-31": "199.56000", "2016-07-31": "209.20500", "2016-04-30": "199.93700", "2016-01-31": "195.52700", "2015-10-31": "205.04600", "2015-07-31": "199.72000", "2015-04-30": "188.11900", "2015-01-31": "183.96400", "2014-10-31": "192.77200", "2014-07-31": "181.32100", "2014-04-30": "172.83700", "2014-01-31": "163.76500", "2013-10-31": "158.89600", "2013-07-31": "152.47600", "2013-04-30": "149.93600", "2013-01-31": "143.37500", "2012-10-31": "133.03600", "2012-07-31": "134.97800", "2012-04-30": "138.36200", "2012-01-31": "108.05300", "2011-10-31": "104.89900", "2011-07-31": "107.05500", "2011-04-30": "113.20900", "2011-01-31": "106.14600", "2010-10-31": "105.94800", "2010-07-31": "94.10700", "2010-04-30": "95.73100", "2010-01-31": "92.34700", "2009-10-31": "93.24700", "2009-07-31": "87.53300", "2009-04-30": "82.02500", "2009-01-31": "78.40500", "2008-10-31": "83.31500", "2008-07-31": "102.55200", "2008-04-30": "97.62900", "2008-01-31": "97.36600", "2007-10-31": "95.41100", "2007-07-31": "90.03900", "2007-04-30": "79.38300", "2007-01-31": "74.22100", "2006-10-31": "74.63100", "2006-07-31": "68.28400", "2006-04-30": "68.60600", "2006-01-31": "65.25300", "2005-10-31": "61.82800", "2005-07-31": "59.52900", "2005-04-30": "57.59700", "2005-01-31": "56.38900"}, "Total Long-Term Assets": {"2020-10-31": "5480.84500", "2020-07-31": "5477.23500", "2020-04-30": "5361.71000", "2020-01-31": "5251.47400", "2019-10-31": "4666.24300", "2019-07-31": "4535.76300", "2019-04-30": "4550.34000", "2019-01-31": "4546.85600", "2018-10-31": "4602.17700", "2018-07-31": "4329.63200", "2018-04-30": "4328.88500", "2018-01-31": "4385.20300", "2017-10-31": "3713.82100", "2017-07-31": "3784.30700", "2017-04-30": "3784.54600", "2017-01-31": "3780.21100", "2016-10-31": "3523.42700", "2016-07-31": "3556.75100", "2016-04-30": "3562.06600", "2016-01-31": "3546.99500", "2015-10-31": "3576.93200", "2015-07-31": "3326.43500", "2015-04-30": "3211.19200", "2015-01-31": "3246.07600", "2014-10-31": "3270.76400", "2014-07-31": "3230.14600", "2014-04-30": "3232.26500", "2014-01-31": "2871.29100", "2013-10-31": "2910.95800", "2013-07-31": "2958.38800", "2013-04-30": "2992.51900", "2013-01-31": "3020.76400", "2012-10-31": "3007.00000", "2012-07-31": "2575.56900", "2012-04-30": "2570.94100", "2012-01-31": "2009.35000", "2011-10-31": "2030.78900", "2011-07-31": "2006.34200", "2011-04-30": "2002.84700", "2011-01-31": "2019.01100", "2010-10-31": "2038.78600", "2010-07-31": "1618.67500", "2010-04-30": "1625.44200", "2010-01-31": "1511.24400", "2009-10-31": "1475.05400", "2009-07-31": "1428.78700", "2009-04-30": "1401.05400", "2009-01-31": "1415.29100", "2008-10-31": "1420.18800", "2008-07-31": "1404.68600", "2008-04-30": "1213.26200", "2008-01-31": "1243.36900", "2007-10-31": "1289.79800", "2007-07-31": "1248.57900", "2007-04-30": "1229.90700", "2007-01-31": "1251.77300", "2006-10-31": "1263.33200", "2006-07-31": "1284.15600", "2006-04-30": "1191.32300", "2006-01-31": "1201.60700", "2005-10-31": "1185.94500", "2005-07-31": "1320.66000", "2005-04-30": "1236.17000", "2005-01-31": "1252.73000"}, "Total Assets": {"2020-10-31": "8030.06200", "2020-07-31": "7663.25000", "2020-04-30": "7322.46600", "2020-01-31": "7202.90300", "2019-10-31": "6405.16000", "2019-07-31": "6153.40800", "2019-04-30": "6194.22300", "2019-01-31": "6344.48600", "2018-10-31": "6145.97400", "2018-07-31": "5795.21500", "2018-04-30": "5699.07100", "2018-01-31": "5717.54900", "2017-10-31": "5396.41400", "2017-07-31": "5678.93900", "2017-04-30": "5466.55800", "2017-01-31": "5264.25400", "2016-10-31": "5240.36500", "2016-07-31": "5108.78900", "2016-04-30": "4965.26300", "2016-01-31": "4747.52300", "2015-10-31": "5045.73900", "2015-07-31": "4953.97200", "2015-04-30": "4756.16700", "2015-01-31": "4662.34900", "2014-10-31": "4775.49900", "2014-07-31": "4544.92900", "2014-04-30": "4560.53600", "2014-01-31": "4192.15600", "2013-10-31": "4358.93500", "2013-07-31": "4288.47200", "2013-04-30": "4098.88800", "2013-01-31": "4020.54600", "2012-10-31": "4147.65600", "2012-07-31": "3869.27100", "2012-04-30": "3744.48200", "2012-01-31": "3299.00000", "2011-10-31": "3368.84400", "2011-07-31": "3368.63800", "2011-04-30": "3209.46900", "2011-01-31": "3213.28800", "2010-10-31": "3286.54100", "2010-07-31": "3114.64900", "2010-04-30": "3005.33600", "2010-01-31": "2909.76500", "2009-10-31": "2938.85400", "2009-07-31": "2877.74400", "2009-04-30": "2696.05100", "2009-01-31": "2636.65800", "2008-10-31": "2742.47800", "2008-07-31": "2658.85700", "2008-04-30": "2430.15900", "2008-01-31": "2464.87100", "2007-10-31": "2617.33700", "2007-07-31": "2455.04600", "2007-04-30": "2351.00400", "2007-01-31": "2275.76400", "2006-10-31": "2157.82200", "2006-07-31": "2065.38100", "2006-04-30": "2131.76000", "2006-01-31": "2070.03100", "2005-10-31": "2133.42400", "2005-07-31": "2122.46300", "2005-04-30": "2102.29700", "2005-01-31": "2145.12200"}, "Total Current Liabilities": {"2020-10-31": "2139.92200", "2020-07-31": "2056.27700", "2020-04-30": "2054.19700", "2020-01-31": "2055.73800", "2019-10-31": "1752.45300", "2019-07-31": "1630.45000", "2019-04-30": "1732.92700", "2019-01-31": "2025.63800", "2018-10-31": "2102.41500", "2018-07-31": "2083.40500", "2018-04-30": "1881.92200", "2018-01-31": "1950.41400", "2017-10-31": "1614.10900", "2017-07-31": "1764.39800", "2017-04-30": "1593.34700", "2017-01-31": "1456.55500", "2016-10-31": "1714.94600", "2016-07-31": "1663.59600", "2016-04-30": "1485.21200", "2016-01-31": "1433.28200", "2015-10-31": "1578.35300", "2015-07-31": "1459.34300", "2015-04-30": "1325.03800", "2015-01-31": "1343.10400", "2014-10-31": "1386.75900", "2014-07-31": "1227.28400", "2014-04-30": "1304.73200", "2014-01-31": "1036.70300", "2013-10-31": "1222.91900", "2013-07-31": "1171.68200", "2013-04-30": "1012.92200", "2013-01-31": "1022.01200", "2012-10-31": "1252.63900", "2012-07-31": "1138.21500", "2012-04-30": "1073.21700", "2012-01-31": "863.82800", "2011-10-31": "1010.32000", "2011-07-31": "982.09000", "2011-04-30": "807.83600", "2011-01-31": "785.08200", "2010-10-31": "921.76800", "2010-07-31": "837.05400", "2010-04-30": "720.59700", "2010-01-31": "723.18400", "2009-10-31": "814.59300", "2009-07-31": "816.09200", "2009-04-30": "726.09800", "2009-01-31": "739.34600", "2008-10-31": "908.98300", "2008-07-31": "846.09700", "2008-04-30": "709.10400", "2008-01-31": "710.55500", "2007-10-31": "1031.07600", "2007-07-31": "989.01600", "2007-04-30": "897.44300", "2007-01-31": "874.95800", "2006-10-31": "871.09600", "2006-07-31": "787.85900", "2006-04-30": "818.68700", "2006-01-31": "794.21400", "2005-10-31": "816.92700", "2005-07-31": "824.16400", "2005-04-30": "842.16400", "2005-01-31": "845.24100"}, "Long Term Debt": {"2020-10-31": "100.82300", "2020-07-31": "107.10400", "2020-04-30": "114.37000", "2020-01-31": "122.51600", "2019-10-31": "120.09300", "2019-07-31": "125.28500", "2019-04-30": "126.15200", "2019-01-31": "127.14000", "2018-10-31": "125.53500", "2018-07-31": "123.75000", "2018-04-30": "127.50000", "2018-01-31": "131.25000", "2017-10-31": "134.06300", "2017-07-31": "137.81300", "2017-04-30": "139.68800", "2017-01-31": "142.50000", "2016-10-31": "", "2016-07-31": "", "2016-04-30": "", "2016-01-31": "", "2015-10-31": "", "2015-07-31": "22.50000", "2015-04-30": "30.00000", "2015-01-31": "37.50000", "2014-10-31": "45.00000", "2014-07-31": "52.50000", "2014-04-30": "60.00000", "2014-01-31": "67.50000", "2013-10-31": "75.00000", "2013-07-31": "82.50000", "2013-04-30": "90.00000", "2013-01-31": "97.50000", "2012-10-31": "105.00000", "2012-07-31": "112.50000", "2012-04-30": "120.00000", "2012-01-31": "", "2011-10-31": "", "2011-07-31": "", "2011-04-30": "", "2011-01-31": "", "2010-10-31": "", "2010-07-31": "", "2010-04-30": "", "2010-01-31": "", "2009-10-31": "", "2009-07-31": "", "2009-04-30": "", "2009-01-31": "", "2008-10-31": "", "2008-07-31": "", "2008-04-30": "", "2008-01-31": "", "2007-10-31": "", "2007-07-31": "", "2007-04-30": "", "2007-01-31": "", "2006-10-31": "", "2006-07-31": "", "2006-04-30": "", "2006-01-31": "", "2005-10-31": "", "2005-07-31": "", "2005-04-30": "", "2005-01-31": ""}, "Other Non-Current Liabilities": {"2020-10-31": "309.68900", "2020-07-31": "316.42200", "2020-04-30": "285.70300", "2020-01-31": "314.09500", "2019-10-31": "353.63600", "2019-07-31": "366.77500", "2019-04-30": "358.88400", "2019-01-31": "344.03000", "2018-10-31": "316.15000", "2018-07-31": "310.21600", "2018-04-30": "309.32200", "2018-01-31": "375.38800", "2017-10-31": "285.26600", "2017-07-31": "270.55900", "2017-04-30": "274.55200", "2017-01-31": "265.55900", "2016-10-31": "250.41700", "2016-07-31": "246.66100", "2016-04-30": "238.62600", "2016-01-31": "227.21500", "2015-10-31": "239.78400", "2015-07-31": "243.31200", "2015-04-30": "237.32500", "2015-01-31": "246.31100", "2014-10-31": "209.92400", "2014-07-31": "201.78100", "2014-04-30": "204.47300", "2014-01-31": "209.99500", "2013-10-31": "218.00300", "2013-07-31": "230.55500", "2013-04-30": "234.19400", "2013-01-31": "224.25100", "2012-10-31": "178.86200", "2012-07-31": "169.51100", "2012-04-30": "201.47000", "2012-01-31": "193.23400", "2011-10-31": "201.01600", "2011-07-31": "205.89800", "2011-04-30": "207.30400", "2011-01-31": "234.62100", "2010-10-31": "230.48800", "2010-07-31": "193.81300", "2010-04-30": "188.35200", "2010-01-31": "176.40400", "2009-10-31": "245.35600", "2009-07-31": "168.00800", "2009-04-30": "151.81600", "2009-01-31": "154.67900", "2008-10-31": "229.71500", "2008-07-31": "123.23600", "2008-04-30": "137.59700", "2008-01-31": "146.37300", "2007-10-31": "", "2007-07-31": "", "2007-04-30": "", "2007-01-31": "", "2006-10-31": "", "2006-07-31": "", "2006-04-30": "", "2006-01-31": "", "2005-10-31": "", "2005-07-31": "", "2005-04-30": "", "2005-01-31": ""}, "Total Long Term Liabilities": {"2020-10-31": "977.77290", "2020-07-31": "1005.65600", "2020-04-30": "987.32000", "2020-01-31": "992.47500", "2019-10-31": "563.83110", "2019-07-31": "583.28900", "2019-04-30": "545.86100", "2019-01-31": "534.18300", "2018-10-31": "558.54400", "2018-07-31": "547.80800", "2018-04-30": "556.75200", "2018-01-31": "626.50200", "2017-10-31": "502.58100", "2017-07-31": "491.37300", "2017-04-30": "495.71600", "2017-01-31": "483.01400", "2016-10-31": "330.27300", "2016-07-31": "324.44700", "2016-04-30": "330.04600", "2016-01-31": "323.85800", "2015-10-31": "333.39700", "2015-07-31": "356.38100", "2015-04-30": "366.13100", "2015-01-31": "382.22400", "2014-10-31": "332.57000", "2014-07-31": "321.59200", "2014-04-30": "336.68500", "2014-01-31": "332.23800", "2013-10-31": "347.73900", "2013-07-31": "380.66000", "2013-04-30": "387.03400", "2013-01-31": "396.37500", "2012-10-31": "351.04600", "2012-07-31": "339.95600", "2012-04-30": "381.28900", "2012-01-31": "263.36700", "2011-10-31": "257.22400", "2011-07-31": "265.04100", "2011-04-30": "254.23500", "2011-01-31": "270.33300", "2010-10-31": "264.59100", "2010-07-31": "227.78500", "2010-04-30": "226.57800", "2010-01-31": "215.83800", "2009-10-31": "280.09500", "2009-07-31": "298.73400", "2009-04-30": "276.00700", "2009-01-31": "293.19700", "2008-10-31": "305.12400", "2008-07-31": "282.35600", "2008-04-30": "286.22900", "2008-01-31": "314.39000", "2007-10-31": "149.86800", "2007-07-31": "148.07500", "2007-04-30": "139.93700", "2007-01-31": "132.94600", "2006-10-31": "123.55900", "2006-07-31": "120.98300", "2006-04-30": "114.59800", "2006-01-31": "105.96000", "2005-10-31": "105.86000", "2005-07-31": "96.12500", "2005-04-30": "87.90200", "2005-01-31": "89.55000"}, "Total Liabilities": {"2020-10-31": "3117.69500", "2020-07-31": "3061.93300", "2020-04-30": "3041.51700", "2020-01-31": "3048.21300", "2019-10-31": "2316.28400", "2019-07-31": "2213.73900", "2019-04-30": "2278.78800", "2019-01-31": "2559.82100", "2018-10-31": "2660.95900", "2018-07-31": "2631.21300", "2018-04-30": "2438.67400", "2018-01-31": "2576.91600", "2017-10-31": "2116.69000", "2017-07-31": "2255.77100", "2017-04-30": "2089.06300", "2017-01-31": "1939.56900", "2016-10-31": "2045.21900", "2016-07-31": "1988.04300", "2016-04-30": "1815.25800", "2016-01-31": "1757.14000", "2015-10-31": "1911.75000", "2015-07-31": "1815.72400", "2015-04-30": "1691.16900", "2015-01-31": "1725.32800", "2014-10-31": "1719.32900", "2014-07-31": "1548.87600", "2014-04-30": "1641.41700", "2014-01-31": "1368.94100", "2013-10-31": "1570.65800", "2013-07-31": "1552.34200", "2013-04-30": "1399.95600", "2013-01-31": "1418.38700", "2012-10-31": "1603.68500", "2012-07-31": "1478.17100", "2012-04-30": "1454.50600", "2012-01-31": "1127.19500", "2011-10-31": "1267.54400", "2011-07-31": "1247.13100", "2011-04-30": "1062.07100", "2011-01-31": "1055.41500", "2010-10-31": "1186.35900", "2010-07-31": "1064.83900", "2010-04-30": "947.17500", "2010-01-31": "939.02200", "2009-10-31": "1094.68800", "2009-07-31": "1114.82600", "2009-04-30": "1002.10500", "2009-01-31": "1032.54300", "2008-10-31": "1214.10700", "2008-07-31": "1128.45300", "2008-04-30": "995.33300", "2008-01-31": "1024.94500", "2007-10-31": "1180.94400", "2007-07-31": "1137.09100", "2007-04-30": "1037.38000", "2007-01-31": "1007.90400", "2006-10-31": "994.65500", "2006-07-31": "908.84200", "2006-04-30": "933.28500", "2006-01-31": "900.17400", "2005-10-31": "922.78700", "2005-07-31": "920.28900", "2005-04-30": "930.06600", "2005-01-31": "934.79100"}, "Common Stock Net": {"2020-10-31": "1.52800", "2020-07-31": "1.51900", "2020-04-30": "1.50900", "2020-01-31": "1.50200", "2019-10-31": "1.50300", "2019-07-31": "1.50400", "2019-04-30": "1.50000", "2019-01-31": "1.49300", "2018-10-31": "1.49300", "2018-07-31": "1.48600", "2018-04-30": "1.49000", "2018-01-31": "1.49000", "2017-10-31": "1.50500", "2017-07-31": "1.50300", "2017-04-30": "1.50600", "2017-01-31": "1.50500", "2016-10-31": "1.51500", "2016-07-31": "1.51400", "2016-04-30": "1.52300", "2016-01-31": "1.51500", "2015-10-31": "1.55200", "2015-07-31": "1.55900", "2015-04-30": "1.55100", "2015-01-31": "1.53500", "2014-10-31": "1.56000", "2014-07-31": "1.55600", "2014-04-30": "1.54700", "2014-01-31": "1.54100", "2013-10-31": "1.54200", "2013-07-31": "1.54300", "2013-04-30": "1.53500", "2013-01-31": "1.51900", "2012-10-31": "1.50900", "2012-07-31": "1.48600", "2012-04-30": "1.47000", "2012-01-31": "1.43900", "2011-10-31": "1.43300", "2011-07-31": "1.43700", "2011-04-30": "1.46500", "2011-01-31": "1.49200", "2010-10-31": "1.48500", "2010-07-31": "1.47500", "2010-04-30": "1.49800", "2010-01-31": "1.46500", "2009-10-31": "1.46900", "2009-07-31": "1.44300", "2009-04-30": "1.44100", "2009-01-31": "1.42000", "2008-10-31": "1.41800", "2008-07-31": "1.42800", "2008-04-30": "1.41700", "2008-01-31": "1.43700", "2007-10-31": "1.46400", "2007-07-31": "1.43600", "2007-04-30": "1.44700", "2007-01-31": "1.44300", "2006-10-31": "1.40600", "2006-07-31": "1.40400", "2006-04-30": "1.43800", "2006-01-31": "1.42700", "2005-10-31": "1.45900", "2005-07-31": "1.44200", "2005-04-30": "1.43700", "2005-01-31": "1.45100"}, "Retained Earnings (Accumulated Deficit)": {"2020-10-31": "3795.39700", "2020-07-31": "3597.94400", "2020-04-30": "3356.48900", "2020-01-31": "3268.20500", "2019-10-31": "3164.14400", "2019-07-31": "3003.43000", "2019-04-30": "2912.81100", "2019-01-31": "2820.91000", "2018-10-31": "2543.68800", "2018-07-31": "2296.54600", "2018-04-30": "2223.28700", "2018-01-31": "2133.85400", "2017-10-31": "2143.87300", "2017-07-31": "2277.49900", "2017-04-30": "2170.13300", "2017-01-31": "2137.39500", "2016-10-31": "1947.58500", "2016-07-31": "1894.33300", "2016-04-30": "1838.70400", "2016-01-31": "1784.31700", "2015-10-31": "1725.72700", "2015-07-31": "1688.76400", "2015-04-30": "1643.20700", "2015-01-31": "1608.75800", "2014-10-31": "1551.59200", "2014-07-31": "1501.23800", "2014-04-30": "1437.24600", "2014-01-31": "1382.19900", "2013-10-31": "1324.85400", "2013-07-31": "1283.06800", "2013-04-30": "1231.37800", "2013-01-31": "1167.62300", "2012-10-31": "1098.69400", "2012-07-31": "1079.38200", "2012-04-30": "1009.47500", "2012-01-31": "1001.40900", "2011-10-31": "957.51700", "2011-07-31": "931.28100", "2011-04-30": "883.48700", "2011-01-31": "816.70000", "2010-10-31": "770.67400", "2010-07-31": "758.72700", "2010-04-30": "725.10200", "2010-01-31": "705.21600", "2009-10-31": "574.98000", "2009-07-31": "568.63900", "2009-04-30": "522.12900", "2009-01-31": "485.17500", "2008-10-31": "434.05700", "2008-07-31": "395.37800", "2008-04-30": "342.42400", "2008-01-31": "313.41300", "2007-10-31": "263.97700", "2007-07-31": "249.09700", "2007-04-30": "226.60600", "2007-01-31": "192.83800", "2006-10-31": "170.74300", "2006-07-31": "175.66700", "2006-04-30": "168.77400", "2006-01-31": "171.55900", "2005-10-31": "162.87800", "2005-07-31": "190.39000", "2005-04-30": "176.84100", "2005-01-31": "186.94500"}, "Comprehensive Income": {"2020-10-31": "-54.07400", "2020-07-31": "-72.82000", "2020-04-30": "-104.03000", "2020-01-31": "-83.31100", "2019-10-31": "-92.44700", "2019-07-31": "-96.65300", "2019-04-30": "-96.72000", "2019-01-31": "-97.85200", "2018-10-31": "-113.17700", "2018-07-31": "-94.65300", "2018-04-30": "-62.38900", "2018-01-31": "-37.19200", "2017-10-31": "-65.97900", "2017-07-31": "-67.66400", "2017-04-30": "-79.24900", "2017-01-31": "-98.99400", "2016-10-31": "-104.57700", "2016-07-31": "-109.55500", "2016-04-30": "-103.06300", "2016-01-31": "-128.79500", "2015-10-31": "-105.37500", "2015-07-31": "-95.86500", "2015-04-30": "-88.53000", "2015-01-31": "-97.24500", "2014-10-31": "-62.08900", "2014-07-31": "-41.51200", "2014-04-30": "-39.85300", "2014-01-31": "-46.42500", "2013-10-31": "-28.69500", "2013-07-31": "-40.17100", "2013-04-30": "-28.00700", "2013-01-31": "-16.19900", "2012-10-31": "-15.46100", "2012-07-31": "-31.72300", "2012-04-30": "-22.64200", "2012-01-31": "-24.15500", "2011-10-31": "-20.94500", "2011-07-31": "-1.54000", "2011-04-30": "0.62900", "2011-01-31": "-13.18900", "2010-10-31": "-15.77400", "2010-07-31": "-23.78900", "2010-04-30": "-16.06100", "2010-01-31": "-10.10200", "2009-10-31": "-3.83100", "2009-07-31": "-7.87100", "2009-04-30": "-25.59100", "2009-01-31": "-27.14300", "2008-10-31": "-35.27900", "2008-07-31": "0.20100", "2008-04-30": "3.41700", "2008-01-31": "3.56200", "2007-10-31": "3.90500", "2007-07-31": "-3.71400", "2007-04-30": "-5.83000", "2007-01-31": "-11.04700", "2006-10-31": "-12.48100", "2006-07-31": "-12.69900", "2006-04-30": "-15.26900", "2006-01-31": "-14.65800", "2005-10-31": "-16.00100", "2005-07-31": "-14.39000", "2005-04-30": "-9.22800", "2005-01-31": "-4.84300"}, "Other Share Holders Equity": {"2020-10-31": "", "2020-07-31": "", "2020-04-30": "", "2020-01-31": "", "2019-10-31": "", "2019-07-31": "", "2019-04-30": "", "2019-01-31": "", "2018-10-31": "", "2018-07-31": "", "2018-04-30": "", "2018-01-31": "", "2017-10-31": "", "2017-07-31": "", "2017-04-30": "", "2017-01-31": "", "2016-10-31": "", "2016-07-31": "", "2016-04-30": "", "2016-01-31": "", "2015-10-31": "", "2015-07-31": "", "2015-04-30": "", "2015-01-31": "", "2014-10-31": "", "2014-07-31": "", "2014-04-30": "", "2014-01-31": "", "2013-10-31": "", "2013-07-31": "", "2013-04-30": "", "2013-01-31": "", "2012-10-31": "", "2012-07-31": "", "2012-04-30": "", "2012-01-31": "", "2011-10-31": "", "2011-07-31": "", "2011-04-30": "", "2011-01-31": "", "2010-10-31": "", "2010-07-31": "", "2010-04-30": "", "2010-01-31": "", "2009-10-31": "", "2009-07-31": "", "2009-04-30": "", "2009-01-31": "", "2008-10-31": "", "2008-07-31": "", "2008-04-30": "", "2008-01-31": "", "2007-10-31": "", "2007-07-31": "", "2007-04-30": "", "2007-01-31": "", "2006-10-31": "", "2006-07-31": "", "2006-04-30": "", "2006-01-31": "", "2005-10-31": "", "2005-07-31": "", "2005-04-30": "", "2005-01-31": ""}, "Share Holder Equity": {"2020-10-31": "4912.36700", "2020-07-31": "4601.31700", "2020-04-30": "4280.94900", "2020-01-31": "4154.69000", "2019-10-31": "4088.87600", "2019-07-31": "3939.66900", "2019-04-30": "3915.43500", "2019-01-31": "3784.66500", "2018-10-31": "3485.01500", "2018-07-31": "3164.00200", "2018-04-30": "3260.39700", "2018-01-31": "3140.63300", "2017-10-31": "3279.72400", "2017-07-31": "3423.16800", "2017-04-30": "3377.49500", "2017-01-31": "3324.68500", "2016-10-31": "3195.14600", "2016-07-31": "3120.74600", "2016-04-30": "3150.00500", "2016-01-31": "2990.38300", "2015-10-31": "3133.98900", "2015-07-31": "3138.24800", "2015-04-30": "3064.99800", "2015-01-31": "2937.02100", "2014-10-31": "3056.17000", "2014-07-31": "2996.05300", "2014-04-30": "2919.11900", "2014-01-31": "2823.21500", "2013-10-31": "2788.27700", "2013-07-31": "2736.13000", "2013-04-30": "2698.93200", "2013-01-31": "2602.15900", "2012-10-31": "2543.97100", "2012-07-31": "2391.10000", "2012-04-30": "2289.97600", "2012-01-31": "2171.80500", "2011-10-31": "2101.30000", "2011-07-31": "2121.50700", "2011-04-30": "2147.39800", "2011-01-31": "2157.87300", "2010-10-31": "2100.18200", "2010-07-31": "2049.81000", "2010-04-30": "2058.16100", "2010-01-31": "1970.74300", "2009-10-31": "1844.16600", "2009-07-31": "1762.91800", "2009-04-30": "1693.94600", "2009-01-31": "1604.11500", "2008-10-31": "1528.37100", "2008-07-31": "1530.40400", "2008-04-30": "1434.82600", "2008-01-31": "1439.92600", "2007-10-31": "1436.39300", "2007-07-31": "1317.95500", "2007-04-30": "1313.62400", "2007-01-31": "1267.86000", "2006-10-31": "1163.16700", "2006-07-31": "1156.53900", "2006-04-30": "1198.47500", "2006-01-31": "1169.85700", "2005-10-31": "1210.63700", "2005-07-31": "1202.17400", "2005-04-30": "1172.23100", "2005-01-31": "1210.33100"}, "Total Liabilities And Share Holders Equity": {"2020-10-31": "8030.06200", "2020-07-31": "7663.25000", "2020-04-30": "7322.46600", "2020-01-31": "7202.90300", "2019-10-31": "6405.16000", "2019-07-31": "6153.40800", "2019-04-30": "6194.22300", "2019-01-31": "6344.48600", "2018-10-31": "6145.97400", "2018-07-31": "5795.21500", "2018-04-30": "5699.07100", "2018-01-31": "5717.54900", "2017-10-31": "5396.41400", "2017-07-31": "5678.93900", "2017-04-30": "5466.55800", "2017-01-31": "5264.25400", "2016-10-31": "5240.36500", "2016-07-31": "5108.78900", "2016-04-30": "4965.26300", "2016-01-31": "4747.52300", "2015-10-31": "5045.73900", "2015-07-31": "4953.97200", "2015-04-30": "4756.16700", "2015-01-31": "4662.34900", "2014-10-31": "4775.49900", "2014-07-31": "4544.92900", "2014-04-30": "4560.53600", "2014-01-31": "4192.15600", "2013-10-31": "4358.93500", "2013-07-31": "4288.47200", "2013-04-30": "4098.88800", "2013-01-31": "4020.54600", "2012-10-31": "4147.65600", "2012-07-31": "3869.27100", "2012-04-30": "3744.48200", "2012-01-31": "3299.00000", "2011-10-31": "3368.84400", "2011-07-31": "3368.63800", "2011-04-30": "3209.46900", "2011-01-31": "3213.28800", "2010-10-31": "3286.54100", "2010-07-31": "3114.64900", "2010-04-30": "3005.33600", "2010-01-31": "2909.76500", "2009-10-31": "2938.85400", "2009-07-31": "2877.74400", "2009-04-30": "2696.05100", "2009-01-31": "2636.65800", "2008-10-31": "2742.47800", "2008-07-31": "2658.85700", "2008-04-30": "2430.15900", "2008-01-31": "2464.87100", "2007-10-31": "2617.33700", "2007-07-31": "2455.04600", "2007-04-30": "2351.00400", "2007-01-31": "2275.76400", "2006-10-31": "2157.82200", "2006-07-31": "2065.38100", "2006-04-30": "2131.76000", "2006-01-31": "2070.03100", "2005-10-31": "2133.42400", "2005-07-31": "2122.46300", "2005-04-30": "2102.29700", "2005-01-31": "2145.12200"}}, "cash flow statement": {"Net Income/Loss": {"2020-10-31": "664.34700", "2019-10-31": "532.36700", "2018-10-31": "432.51800", "2017-10-31": "136.56300", "2016-10-31": "266.82600", "2015-10-31": "225.93400", "2014-10-31": "259.12400", "2013-10-31": "247.80000", "2012-10-31": "182.40200", "2011-10-31": "221.36400", "2010-10-31": "237.06300", "2009-10-31": "167.68100", "2008-10-31": "189.97800", "2007-10-31": "130.49100", "2006-10-31": "24.74200", "2005-10-31": "-17.11400"}, "Total Depreciation And Amortization - Cash Flow": {"2020-10-31": "271.17100", "2019-10-31": "264.42600", "2018-10-31": "209.20700", "2017-10-31": "189.44200", "2016-10-31": "207.03200", "2015-10-31": "211.82100", "2014-10-31": "192.82600", "2013-10-31": "187.40400", "2012-10-31": "156.84000", "2011-10-31": "128.55000", "2010-10-31": "101.20100", "2009-10-31": "101.45300", "2008-10-31": "97.14300", "2007-10-31": "105.36700", "2006-10-31": "114.49000", "2005-10-31": "168.88100"}, "Other Non-Cash Items": {"2020-10-31": "244.25300", "2019-10-31": "79.00500", "2018-10-31": "-67.85400", "2017-10-31": "234.80300", "2016-10-31": "84.47800", "2015-10-31": "124.47400", "2014-10-31": "54.09100", "2013-10-31": "66.06900", "2012-10-31": "87.82000", "2011-10-31": "79.81300", "2010-10-31": "93.91800", "2009-10-31": "93.97900", "2008-10-31": "57.87100", "2007-10-31": "59.55300", "2006-10-31": "39.12900", "2005-10-31": "6.75700"}, "Total Non-Cash Items": {"2020-10-31": "515.42400", "2019-10-31": "343.43100", "2018-10-31": "141.35300", "2017-10-31": "424.24500", "2016-10-31": "291.51000", "2015-10-31": "336.29500", "2014-10-31": "246.91700", "2013-10-31": "253.47300", "2012-10-31": "244.66000", "2011-10-31": "208.36300", "2010-10-31": "195.11900", "2009-10-31": "195.43200", "2008-10-31": "155.01400", "2007-10-31": "164.92000", "2006-10-31": "153.61900", "2005-10-31": "175.63800"}, "Change In Accounts Receivable": {"2020-10-31": "-236.80600", "2019-10-31": "-8.57500", "2018-10-31": "-95.78500", "2017-10-31": "2.29600", "2016-10-31": "-43.26900", "2015-10-31": "-56.53300", "2014-10-31": "-65.01800", "2013-10-31": "37.59000", "2012-10-31": "-53.39500", "2011-10-31": "-18.97400", "2010-10-31": "-16.20200", "2009-10-31": "22.83000", "2008-10-31": "-8.57100", "2007-10-31": "-0.12400", "2006-10-31": "-19.15300", "2005-10-31": "56.84200"}, "Change In Inventories": {"2020-10-31": "-55.02400", "2019-10-31": "-17.39600", "2018-10-31": "-65.75100", "2017-10-31": "-20.13700", "2016-10-31": "-32.07200", "2015-10-31": "", "2014-10-31": "", "2013-10-31": "", "2012-10-31": "", "2011-10-31": "", "2010-10-31": "", "2009-10-31": "", "2008-10-31": "", "2007-10-31": "", "2006-10-31": "", "2005-10-31": ""}, "Change In Accounts Payable": {"2020-10-31": "", "2019-10-31": "", "2018-10-31": "", "2017-10-31": "", "2016-10-31": "", "2015-10-31": "", "2014-10-31": "", "2013-10-31": "", "2012-10-31": "", "2011-10-31": "", "2010-10-31": "", "2009-10-31": "", "2008-10-31": "", "2007-10-31": "", "2006-10-31": "", "2005-10-31": ""}, "Change In Assets/Liabilities": {"2020-10-31": "-24.52100", "2019-10-31": "-49.81100", "2018-10-31": "66.86200", "2017-10-31": "-67.78100", "2016-10-31": "77.56500", "2015-10-31": "10.77400", "2014-10-31": "78.38000", "2013-10-31": "-38.71700", "2012-10-31": "112.55400", "2011-10-31": "95.34800", "2010-10-31": "8.54200", "2009-10-31": "-97.43800", "2008-10-31": "-2.20700", "2007-10-31": "123.68400", "2006-10-31": "43.53900", "2005-10-31": "44.36300"}, "Total Change In Assets/Liabilities": {"2020-10-31": "-188.45800", "2019-10-31": "-75.28500", "2018-10-31": "-149.47200", "2017-10-31": "71.67400", "2016-10-31": "28.29900", "2015-10-31": "-67.06900", "2014-10-31": "44.91200", "2013-10-31": "-4.56800", "2012-10-31": "59.00600", "2011-10-31": "10.58900", "2010-10-31": "-91.14600", "2009-10-31": "-123.95400", "2008-10-31": "-13.90400", "2007-10-31": "138.06700", "2006-10-31": "27.52900", "2005-10-31": "110.66600"}, "Cash Flow From Operating Activities": {"2020-10-31": "991.31300", "2019-10-31": "800.51300", "2018-10-31": "424.39900", "2017-10-31": "632.48200", "2016-10-31": "586.63500", "2015-10-31": "495.16000", "2014-10-31": "550.95300", "2013-10-31": "496.70500", "2012-10-31": "486.06800", "2011-10-31": "440.31600", "2010-10-31": "341.03600", "2009-10-31": "239.15900", "2008-10-31": "331.08800", "2007-10-31": "433.47800", "2006-10-31": "205.89000", "2005-10-31": "269.19000"}, "Net Change In Property, Plant, And Equipment": {"2020-10-31": "-158.76200", "2019-10-31": "-202.38800", "2018-10-31": "-100.26400", "2017-10-31": "-73.55400", "2016-10-31": "-71.04000", "2015-10-31": "-90.64700", "2014-10-31": "-106.91300", "2013-10-31": "-67.06800", "2012-10-31": "-57.49300", "2011-10-31": "-60.23000", "2010-10-31": "-42.07500", "2009-10-31": "-42.05100", "2008-10-31": "-41.74300", "2007-10-31": "-20.99100", "2006-10-31": "-51.40700", "2005-10-31": "-46.51600"}, "Net Change In Intangible Assets": {"2020-10-31": "", "2019-10-31": "", "2018-10-31": "", "2017-10-31": "", "2016-10-31": "", "2015-10-31": "", "2014-10-31": "", "2013-10-31": "", "2012-10-31": "", "2011-10-31": "", "2010-10-31": "", "2009-10-31": "", "2008-10-31": "", "2007-10-31": "", "2006-10-31": "", "2005-10-31": ""}, "Net Acquisitions/Divestitures": {"2020-10-31": "-201.04500", "2019-10-31": "-36.60500", "2018-10-31": "-652.64300", "2017-10-31": "-259.20200", "2016-10-31": "-60.05600", "2015-10-31": "-340.15300", "2014-10-31": "-394.62300", "2013-10-31": "", "2012-10-31": "-970.08900", "2011-10-31": "-41.01500", "2010-10-31": "-500.82900", "2009-10-31": "-53.35800", "2008-10-31": "-184.65000", "2007-10-31": "-57.47300", "2006-10-31": "-41.14200", "2005-10-31": "-174.49800"}, "Net Change In Short-term Investments": {"2020-10-31": "", "2019-10-31": "", "2018-10-31": "12.44900", "2017-10-31": "140.53500", "2016-10-31": "-12.36200", "2015-10-31": "-129.72900", "2014-10-31": "", "2013-10-31": "", "2012-10-31": "147.95300", "2011-10-31": "9.59800", "2010-10-31": "547.68600", "2009-10-31": "-95.72200", "2008-10-31": "32.92400", "2007-10-31": "-162.48500", "2006-10-31": "-59.81100", "2005-10-31": "49.53900"}, "Net Change In Long-Term Investments": {"2020-10-31": "-0.61100", "2019-10-31": "3.11600", "2018-10-31": "-3.06700", "2017-10-31": "0.83900", "2016-10-31": "0.78300", "2015-10-31": "", "2014-10-31": "7.77400", "2013-10-31": "0.98900", "2012-10-31": "0.50600", "2011-10-31": "2.82800", "2010-10-31": "-243.51500", "2009-10-31": "-0.77100", "2008-10-31": "-7.61700", "2007-10-31": "-4.62000", "2006-10-31": "-1.41700", "2005-10-31": ""}, "Net Change In Investments - Total": {"2020-10-31": "-0.61100", "2019-10-31": "3.11600", "2018-10-31": "9.38200", "2017-10-31": "141.37400", "2016-10-31": "-11.57900", "2015-10-31": "-129.72900", "2014-10-31": "7.77400", "2013-10-31": "0.98900", "2012-10-31": "148.45900", "2011-10-31": "12.42600", "2010-10-31": "304.17100", "2009-10-31": "-96.49300", "2008-10-31": "25.30700", "2007-10-31": "-167.10500", "2006-10-31": "-61.22800", "2005-10-31": "49.53900"}, "Investing Activities - Other": {"2020-10-31": "", "2019-10-31": "", "2018-10-31": "", "2017-10-31": "2.10000", "2016-10-31": "", "2015-10-31": "0.90000", "2014-10-31": "-3.48800", "2013-10-31": "", "2012-10-31": "", "2011-10-31": "", "2010-10-31": "", "2009-10-31": "", "2008-10-31": "", "2007-10-31": "", "2006-10-31": "", "2005-10-31": ""}, "Cash Flow From Investing Activities": {"2020-10-31": "-360.41800", "2019-10-31": "-235.87700", "2018-10-31": "-743.52500", "2017-10-31": "-189.28200", "2016-10-31": "-142.67500", "2015-10-31": "-559.62900", "2014-10-31": "-497.25000", "2013-10-31": "-66.07900", "2012-10-31": "-879.12300", "2011-10-31": "-88.81900", "2010-10-31": "-238.73300", "2009-10-31": "-191.90200", "2008-10-31": "-201.08600", "2007-10-31": "-245.56900", "2006-10-31": "-153.77700", "2005-10-31": "-171.47500"}, "Net Long-Term Debt": {"2020-10-31": "-288.87900", "2019-10-31": "-524.06300", "2018-10-31": "-295.31300", "2017-10-31": "-380.62500", "2016-10-31": "-185.00000", "2015-10-31": "-330.42500", "2014-10-31": "-230.96800", "2013-10-31": "-30.71200", "2012-10-31": "-136.15600", "2011-10-31": "-4.62800", "2010-10-31": "-3.69200", "2009-10-31": "-2.21200", "2008-10-31": "-2.97000", "2007-10-31": "", "2006-10-31": "", "2005-10-31": ""}, "Net Current Debt": {"2020-10-31": "276.48900", "2019-10-31": "192.89700", "2018-10-31": "620.63500", "2017-10-31": "320.00000", "2016-10-31": "185.00000", "2015-10-31": "460.00000", "2014-10-31": "200.00000", "2013-10-31": "", "2012-10-31": "250.00000", "2011-10-31": "", "2010-10-31": "", "2009-10-31": "-0.25400", "2008-10-31": "", "2007-10-31": "", "2006-10-31": "", "2005-10-31": ""}, "Debt Issuance/Retirement Net - Total": {"2020-10-31": "-12.39000", "2019-10-31": "-331.16600", "2018-10-31": "325.32200", "2017-10-31": "-60.62500", "2016-10-31": "", "2015-10-31": "129.57500", "2014-10-31": "-30.96800", "2013-10-31": "-30.71200", "2012-10-31": "113.84400", "2011-10-31": "-4.62800", "2010-10-31": "-3.69200", "2009-10-31": "-2.46600", "2008-10-31": "-2.97000", "2007-10-31": "", "2006-10-31": "", "2005-10-31": ""}, "Net Common Equity Issued/Repurchased": {"2020-10-31": "-44.67500", "2019-10-31": "-172.82100", "2018-10-31": "-276.17100", "2017-10-31": "-253.66300", "2016-10-31": "-274.71700", "2015-10-31": "-150.23600", "2014-10-31": "-16.01700", "2013-10-31": "-13.10200", "2012-10-31": "135.89600", "2011-10-31": "-239.65600", "2010-10-31": "-39.37000", "2009-10-31": "71.91800", "2008-10-31": "-140.87200", "2007-10-31": "56.86400", "2006-10-31": "-130.42600", "2005-10-31": "-39.77100"}, "Net Total Equity Issued/Repurchased": {"2020-10-31": "-44.67500", "2019-10-31": "-172.82100", "2018-10-31": "-276.17100", "2017-10-31": "-253.66300", "2016-10-31": "-274.71700", "2015-10-31": "-150.23600", "2014-10-31": "-16.01700", "2013-10-31": "-13.10200", "2012-10-31": "135.89600", "2011-10-31": "-239.65600", "2010-10-31": "-39.37000", "2009-10-31": "71.91800", "2008-10-31": "-140.87200", "2007-10-31": "56.86400", "2006-10-31": "-130.42600", "2005-10-31": "-39.77100"}, "Total Common And Preferred Stock Dividends Paid": {"2020-10-31": "", "2019-10-31": "", "2018-10-31": "", "2017-10-31": "", "2016-10-31": "", "2015-10-31": "", "2014-10-31": "", "2013-10-31": "", "2012-10-31": "", "2011-10-31": "", "2010-10-31": "", "2009-10-31": "", "2008-10-31": "", "2007-10-31": "", "2006-10-31": "", "2005-10-31": ""}, "Financial Activities - Other": {"2020-10-31": "-83.54100", "2019-10-31": "-57.90500", "2018-10-31": "-44.01300", "2017-10-31": "-58.83200", "2016-10-31": "-32.22000", "2015-10-31": "-41.40900", "2014-10-31": "-26.70400", "2013-10-31": "-54.17100", "2012-10-31": "-6.25200", "2011-10-31": "-33.33500", "2010-10-31": "", "2009-10-31": "", "2008-10-31": "", "2007-10-31": "", "2006-10-31": "", "2005-10-31": ""}, "Cash Flow From Financial Activities": {"2020-10-31": "-140.60600", "2019-10-31": "-561.89200", "2018-10-31": "5.13800", "2017-10-31": "-373.12000", "2016-10-31": "-306.93700", "2015-10-31": "-62.07000", "2014-10-31": "-73.68900", "2013-10-31": "-97.98500", "2012-10-31": "243.48800", "2011-10-31": "-277.61900", "2010-10-31": "-43.06200", "2009-10-31": "69.45200", "2008-10-31": "-143.84200", "2007-10-31": "56.86400", "2006-10-31": "-130.42600", "2005-10-31": "-39.77100"}, "Net Cash Flow": {"2020-10-31": "507.44300", "2019-10-31": "5.52600", "2018-10-31": "-325.07400", "2017-10-31": "69.65300", "2016-10-31": "140.43200", "2015-10-31": "-149.57400", "2014-10-31": "-36.67900", "2013-10-31": "322.05900", "2012-10-31": "-154.69500", "2011-10-31": "79.67000", "2010-10-31": "73.79400", "2009-10-31": "123.98100", "2008-10-31": "-1.69500", "2007-10-31": "248.56800", "2006-10-31": "-73.67700", "2005-10-31": "57.72700"}, "Stock-Based Compensation": {"2020-10-31": "248.58400", "2019-10-31": "155.00100", "2018-10-31": "140.03200", "2017-10-31": "108.29400", "2016-10-31": "97.58300", "2015-10-31": "86.40000", "2014-10-31": "79.44000", "2013-10-31": "67.51100", "2012-10-31": "71.41400", "2011-10-31": "56.41400", "2010-10-31": "59.98800", "2009-10-31": "56.93400", "2008-10-31": "65.47400", "2007-10-31": "62.01100", "2006-10-31": "63.04000", "2005-10-31": "6.17600"}, "Common Stock Dividends Paid": {"2020-10-31": "", "2019-10-31": "", "2018-10-31": "", "2017-10-31": "", "2016-10-31": "", "2015-10-31": "", "2014-10-31": "", "2013-10-31": "", "2012-10-31": "", "2011-10-31": "", "2010-10-31": "", "2009-10-31": "", "2008-10-31": "", "2007-10-31": "", "2006-10-31": "", "2005-10-31": ""}}, "cash flow statement, quarterly": {"Net Income/Loss": {"2020-10-31": 197.455, "2020-07-31": 252.911, "2020-04-30": 109.92, "2020-01-31": "104.06100", "2019-10-31": 160.714, "2019-07-31": 99.929, "2019-04-30": 118.21, "2019-01-31": "153.51400", "2018-10-31": 254.328, "2018-07-31": 79.409, "2018-04-30": 102.472, "2018-01-31": "-3.69100", "2017-10-31": -120.082, "2017-07-31": 116.751, "2017-04-30": 53.306, "2017-01-31": "86.58800", "2016-10-31": 72.697, "2016-07-31": 64.718, "2016-04-30": 69.376, "2016-01-31": "60.03500", "2015-10-31": 49.762, "2015-07-31": 55.387, "2015-04-30": 55.596, "2015-01-31": "65.18900", "2014-10-31": 62.455, "2014-07-31": 65.656, "2014-04-30": 63.317, "2014-01-31": "67.69600", "2013-10-31": 56.89, "2013-07-31": 52.297, "2013-04-30": 68.691, "2013-01-31": "69.92200", "2012-10-31": 29.081, "2012-07-31": 75.656, "2012-04-30": 20.971, "2012-01-31": "56.69400", "2011-10-31": 39.942, "2011-07-31": 52.082, "2011-04-30": 81.114, "2011-01-31": "48.22600", "2010-10-31": 25.401, "2010-07-31": 39.327, "2010-04-30": 39.549, "2010-01-31": "132.78600", "2009-10-31": 19.528, "2009-07-31": 47.436, "2009-04-30": 48.288, "2009-01-31": "52.42900", "2008-10-31": 46.397, "2008-07-31": 57.749, "2008-04-30": 39.387, "2008-01-31": "46.44500", "2007-10-31": 41.014, "2007-07-31": 24.855, "2007-04-30": 41.265, "2007-01-31": "23.35700", "2006-10-31": 10.12, "2006-07-31": 7.55, "2006-04-30": 5.375, "2006-01-31": "1.69700", "2005-10-31": -15.111, "2005-07-31": 17.294, "2005-04-30": -4.972, "2005-01-31": "-14.32500"}, "Total Depreciation And Amortization - Cash Flow": {"2020-10-31": 67.164, "2020-07-31": 70.65, "2020-04-30": 67.363, "2020-01-31": "65.99400", "2019-10-31": 66.063, "2019-07-31": 67.097, "2019-04-30": 66.643, "2019-01-31": "64.62300", "2018-10-31": 58.962, "2018-07-31": 53.416, "2018-04-30": 52.909, "2018-01-31": "43.92000", "2017-10-31": 45.33, "2017-07-31": 47.068, "2017-04-30": 47.58, "2017-01-31": "49.46400", "2016-10-31": 49.218, "2016-07-31": 50.588, "2016-04-30": 50.79, "2016-01-31": "56.43600", "2015-10-31": 57.286, "2015-07-31": 52.484, "2015-04-30": 51.522, "2015-01-31": "50.52900", "2014-10-31": 52.076, "2014-07-31": 49.165, "2014-04-30": 47.871, "2014-01-31": "43.71400", "2013-10-31": 45.648, "2013-07-31": 47.602, "2013-04-30": 47.09, "2013-01-31": "47.06400", "2012-10-31": 41.764, "2012-07-31": 40.214, "2012-04-30": 42.897, "2012-01-31": "31.96500", "2011-10-31": 31.591, "2011-07-31": 31.961, "2011-04-30": 33.322, "2011-01-31": "31.67600", "2010-10-31": 29.429, "2010-07-31": 21.554, "2010-04-30": 24.566, "2010-01-31": "25.65200", "2009-10-31": 26.872, "2009-07-31": 24.853, "2009-04-30": 24.31, "2009-01-31": "25.41800", "2008-10-31": 23.608, "2008-07-31": 23.291, "2008-04-30": 24.911, "2008-01-31": "25.33300", "2007-10-31": 27.523, "2007-07-31": 25.168, "2007-04-30": 25.497, "2007-01-31": "27.17900", "2006-10-31": 28.944, "2006-07-31": 27.572, "2006-04-30": 28.337, "2006-01-31": "29.63700", "2005-10-31": 30.752, "2005-07-31": 38.155, "2005-04-30": 50.069, "2005-01-31": "49.90500"}, "Other Non-Cash Items": {"2020-10-31": 73.006, "2020-07-31": 51.115, "2020-04-30": 57.881, "2020-01-31": "62.25100", "2019-10-31": -31.055, "2019-07-31": 57.966, "2019-04-30": 18.349, "2019-01-31": "33.74500", "2018-10-31": -179.178, "2018-07-31": 3.884, "2018-04-30": 28.573, "2018-01-31": "78.86700", "2017-10-31": 163.478, "2017-07-31": 14.612, "2017-04-30": 16.362, "2017-01-31": "40.35100", "2016-10-31": 9.053, "2016-07-31": 38.497, "2016-04-30": 17.617, "2016-01-31": "19.31100", "2015-10-31": 35.799, "2015-07-31": 19.592, "2015-04-30": 48.372, "2015-01-31": "20.71100", "2014-10-31": -4.421, "2014-07-31": 19.084, "2014-04-30": 22.348, "2014-01-31": "17.08000", "2013-10-31": 8.278, "2013-07-31": 15.537, "2013-04-30": 27.371, "2013-01-31": "14.88300", "2012-10-31": 22.414, "2012-07-31": 18.417, "2012-04-30": 15.711, "2012-01-31": "31.27800", "2011-10-31": 42.194, "2011-07-31": 8.972, "2011-04-30": 8.571, "2011-01-31": "20.07600", "2010-10-31": 83.498, "2010-07-31": 21.431, "2010-04-30": 23.9, "2010-01-31": "-34.91100", "2009-10-31": 25.921, "2009-07-31": 25.684, "2009-04-30": 15.013, "2009-01-31": "27.36100", "2008-10-31": -16.064, "2008-07-31": 37.689, "2008-04-30": 22.26, "2008-01-31": "13.98600", "2007-10-31": 0.419, "2007-07-31": 22.507, "2007-04-30": 19.741, "2007-01-31": "16.88600", "2006-10-31": -14.633, "2006-07-31": 18.828, "2006-04-30": 15.742, "2006-01-31": "19.19200", "2005-10-31": 22.032, "2005-07-31": 0.978, "2005-04-30": -16.203, "2005-01-31": "-0.05000"}, "Total Non-Cash Items": {"2020-10-31": 140.17, "2020-07-31": 121.765, "2020-04-30": 125.244, "2020-01-31": "128.24500", "2019-10-31": 35.008, "2019-07-31": 125.063, "2019-04-30": 84.992, "2019-01-31": "98.36800", "2018-10-31": -120.216, "2018-07-31": 57.3, "2018-04-30": 81.482, "2018-01-31": "122.78700", "2017-10-31": 208.808, "2017-07-31": 61.68, "2017-04-30": 63.942, "2017-01-31": "89.81500", "2016-10-31": 58.271, "2016-07-31": 89.085, "2016-04-30": 68.407, "2016-01-31": "75.74700", "2015-10-31": 93.085, "2015-07-31": 72.076, "2015-04-30": 99.894, "2015-01-31": "71.24000", "2014-10-31": 47.655, "2014-07-31": 68.249, "2014-04-30": 70.219, "2014-01-31": "60.79400", "2013-10-31": 53.926, "2013-07-31": 63.139, "2013-04-30": 74.461, "2013-01-31": "61.94700", "2012-10-31": 64.178, "2012-07-31": 58.631, "2012-04-30": 58.608, "2012-01-31": "63.24300", "2011-10-31": 73.785, "2011-07-31": 40.933, "2011-04-30": 41.893, "2011-01-31": "51.75200", "2010-10-31": 112.927, "2010-07-31": 42.985, "2010-04-30": 48.466, "2010-01-31": "-9.25900", "2009-10-31": 52.793, "2009-07-31": 50.537, "2009-04-30": 39.323, "2009-01-31": "52.77900", "2008-10-31": 7.544, "2008-07-31": 60.98, "2008-04-30": 47.171, "2008-01-31": "39.31900", "2007-10-31": 27.942, "2007-07-31": 47.675, "2007-04-30": 45.238, "2007-01-31": "44.06500", "2006-10-31": 14.311, "2006-07-31": 46.4, "2006-04-30": 44.079, "2006-01-31": "48.82900", "2005-10-31": 52.784, "2005-07-31": 39.133, "2005-04-30": 33.866, "2005-01-31": "49.85500"}, "Change In Accounts Receivable": {"2020-10-31": -147.139, "2020-07-31": -5.134, "2020-04-30": 161.831, "2020-01-31": "-246.36400", "2019-10-31": -97.945, "2019-07-31": 65.892, "2019-04-30": 232.527, "2019-01-31": "-209.04900", "2018-10-31": -54.09, "2018-07-31": 63.762, "2018-04-30": -70.646, "2018-01-31": "-34.81100", "2017-10-31": -40.117, "2017-07-31": -38.685, "2017-04-30": -41.094, "2017-01-31": "122.19200", "2016-10-31": -120.801, "2016-07-31": -16.087, "2016-04-30": 63.254, "2016-01-31": "30.36500", "2015-10-31": -73.509, "2015-07-31": 33.467, "2015-04-30": -57.348, "2015-01-31": "40.85700", "2014-10-31": -89.852, "2014-07-31": 84.411, "2014-04-30": -67.487, "2014-01-31": "7.91000", "2013-10-31": 29.383, "2013-07-31": -31.08, "2013-04-30": 18.946, "2013-01-31": "20.34100", "2012-10-31": -67.796, "2012-07-31": 25.917, "2012-04-30": -0.414, "2012-01-31": "-11.10200", "2011-10-31": -25.754, "2011-07-31": 35.684, "2011-04-30": -39.518, "2011-01-31": "10.61400", "2010-10-31": 2.979, "2010-07-31": 1.445, "2010-04-30": -5.79, "2010-01-31": "-14.83600", "2009-10-31": 12.14, "2009-07-31": 57.397, "2009-04-30": -43.796, "2009-01-31": "-2.91100", "2008-10-31": 0.19, "2008-07-31": 38.221, "2008-04-30": -29.905, "2008-01-31": "-17.07700", "2007-10-31": 80.387, "2007-07-31": -36.576, "2007-04-30": -25.581, "2007-01-31": "-18.35400", "2006-10-31": -9.816, "2006-07-31": 28.164, "2006-04-30": -54.704, "2006-01-31": "17.20300", "2005-10-31": 9.017, "2005-07-31": 40.643, "2005-04-30": -24.298, "2005-01-31": "31.48000"}, "Change In Inventories": {"2020-10-31": -37.984, "2020-07-31": 7.056, "2020-04-30": -18.794, "2020-01-31": "-5.30200", "2019-10-31": 22.035, "2019-07-31": 10.927, "2019-04-30": -34.531, "2019-01-31": "-15.82700", "2018-10-31": -17.311, "2018-07-31": -7.443, "2018-04-30": -25.186, "2018-01-31": "-15.81100", "2017-10-31": -20.137, "2017-07-31": 0, "2017-04-30": 0, "2017-01-31": "", "2016-10-31": -32.072, "2016-07-31": 0, "2016-04-30": 0, "2016-01-31": "", "2015-10-31": 0, "2015-07-31": 0, "2015-04-30": 0, "2015-01-31": "", "2014-10-31": 0, "2014-07-31": 0, "2014-04-30": 0, "2014-01-31": "", "2013-10-31": 0, "2013-07-31": 0, "2013-04-30": 0, "2013-01-31": "", "2012-10-31": 0, "2012-07-31": 0, "2012-04-30": 0, "2012-01-31": "", "2011-10-31": 0, "2011-07-31": 0, "2011-04-30": 0, "2011-01-31": "", "2010-10-31": 0, "2010-07-31": 0, "2010-04-30": 0, "2010-01-31": "", "2009-10-31": 0, "2009-07-31": 0, "2009-04-30": 0, "2009-01-31": "", "2008-10-31": 0, "2008-07-31": 0, "2008-04-30": 0, "2008-01-31": "", "2007-10-31": 0, "2007-07-31": 0, "2007-04-30": 0, "2007-01-31": "", "2006-10-31": 0, "2006-07-31": 0, "2006-04-30": 0, "2006-01-31": "", "2005-10-31": 0, "2005-07-31": 0, "2005-04-30": 0, "2005-01-31": ""}, "Change In Accounts Payable": {"2020-10-31": 0, "2020-07-31": 0, "2020-04-30": 0, "2020-01-31": "", "2019-10-31": 0, "2019-07-31": 0, "2019-04-30": 0, "2019-01-31": "", "2018-10-31": 0, "2018-07-31": 0, "2018-04-30": 0, "2018-01-31": "", "2017-10-31": 0, "2017-07-31": 0, "2017-04-30": 0, "2017-01-31": "", "2016-10-31": 0, "2016-07-31": 0, "2016-04-30": 0, "2016-01-31": "", "2015-10-31": 0, "2015-07-31": 0, "2015-04-30": 0, "2015-01-31": "", "2014-10-31": 0, "2014-07-31": 0, "2014-04-30": 0, "2014-01-31": "", "2013-10-31": 0, "2013-07-31": 0, "2013-04-30": 0, "2013-01-31": "", "2012-10-31": 0, "2012-07-31": 0, "2012-04-30": 0, "2012-01-31": "", "2011-10-31": 0, "2011-07-31": 0, "2011-04-30": 0, "2011-01-31": "", "2010-10-31": 0, "2010-07-31": 0, "2010-04-30": 0, "2010-01-31": "", "2009-10-31": 0, "2009-07-31": 0, "2009-04-30": 0, "2009-01-31": "", "2008-10-31": 0, "2008-07-31": 0, "2008-04-30": 0, "2008-01-31": "", "2007-10-31": 0, "2007-07-31": 0, "2007-04-30": 0, "2007-01-31": "", "2006-10-31": 0, "2006-07-31": 0, "2006-04-30": 0, "2006-01-31": "", "2005-10-31": 0, "2005-07-31": 0, "2005-04-30": 0, "2005-01-31": ""}, "Change In Assets/Liabilities": {"2020-10-31": -28.274, "2020-07-31": -104.864, "2020-04-30": -48.338, "2020-01-31": "156.95500", "2019-10-31": 48.777, "2019-07-31": -71.736, "2019-04-30": -116.911, "2019-01-31": "90.05900", "2018-10-31": 31.5, "2018-07-31": 11.303, "2018-04-30": -6.294, "2018-01-31": "30.35300", "2017-10-31": 13.963, "2017-07-31": 88.371, "2017-04-30": -61.919, "2017-01-31": "-108.19600", "2016-10-31": 98.429, "2016-07-31": 54.54, "2016-04-30": -24.49, "2016-01-31": "-50.91400", "2015-10-31": 58.244, "2015-07-31": 71.003, "2015-04-30": 6.812, "2015-01-31": "-125.28500", "2014-10-31": 73.884, "2014-07-31": 70.878, "2014-04-30": -1.06, "2014-01-31": "-65.32200", "2013-10-31": 5.914, "2013-07-31": 127.242, "2013-04-30": -82.029, "2013-01-31": "-89.84400", "2012-10-31": 29.762, "2012-07-31": 126.509, "2012-04-30": 5.719, "2012-01-31": "-49.43600", "2011-10-31": -5.445, "2011-07-31": 127.809, "2011-04-30": 23.104, "2011-01-31": "-50.12000", "2010-10-31": -13.644, "2010-07-31": 78.557, "2010-04-30": -4.08, "2010-01-31": "-52.29100", "2009-10-31": -32.559, "2009-07-31": 26.85, "2009-04-30": -13.445, "2009-01-31": "-78.28400", "2008-10-31": 4.139, "2008-07-31": 62.762, "2008-04-30": -27.588, "2008-01-31": "-41.52000", "2007-10-31": -2.272, "2007-07-31": 27.481, "2007-04-30": 19.197, "2007-01-31": "79.27800", "2006-10-31": 34.218, "2006-07-31": -46.528, "2006-04-30": 7.964, "2006-01-31": "47.88500", "2005-10-31": 10.496, "2005-07-31": -43.841, "2005-04-30": -28.143, "2005-01-31": "105.85100"}, "Total Change In Assets/Liabilities": {"2020-10-31": -135.474, "2020-07-31": 24.747, "2020-04-30": 144.755, "2020-01-31": "-222.48600", "2019-10-31": 25.527, "2019-07-31": 145.471, "2019-04-30": 149.6179, "2019-01-31": "-395.90090", "2018-10-31": -3.194, "2018-07-31": 152.457, "2018-04-30": -120.585, "2018-01-31": "-178.15000", "2017-10-31": 94.045, "2017-07-31": 101.423, "2017-04-30": 5.727, "2017-01-31": "-129.52100", "2016-10-31": 16.694, "2016-07-31": 97.906, "2016-04-30": 84.651, "2016-01-31": "-170.95200", "2015-10-31": 9.57, "2015-07-31": 147.544, "2015-04-30": -0.411, "2015-01-31": "-223.77200", "2014-10-31": 62.802, "2014-07-31": 206.225, "2014-04-30": -21.733, "2014-01-31": "-202.38200", "2013-10-31": 80.519, "2013-07-31": 147.642, "2013-04-30": -9.422, "2013-01-31": "-223.30700", "2012-10-31": 9.673, "2012-07-31": 161.393, "2012-04-30": 47.195, "2012-01-31": "-159.25500", "2011-10-31": -40.701, "2011-07-31": 217.42, "2011-04-30": -26.519, "2011-01-31": "-139.61100", "2010-10-31": -41.436, "2010-07-31": 125.604, "2010-04-30": -6.37, "2010-01-31": "-168.94400", "2009-10-31": -8.411, "2009-07-31": 134.491, "2009-04-30": -62.9, "2009-01-31": "-187.13400", "2008-10-31": 61.944, "2008-07-31": 112.617, "2008-04-30": -51.52, "2008-01-31": "-136.94500", "2007-10-31": 104.19, "2007-07-31": 43.571, "2007-04-30": 1.663, "2007-01-31": "-11.35700", "2006-10-31": 75.316, "2006-07-31": 5.515, "2006-04-30": -22.485, "2006-01-31": "-30.81700", "2005-10-31": 36.662, "2005-07-31": 7.82, "2005-04-30": -40.361, "2005-01-31": "106.54500"}, "Cash Flow From Operating Activities": {"2020-10-31": 202.151, "2020-07-31": 399.423, "2020-04-30": 379.919, "2020-01-31": "9.82000", "2019-10-31": 221.249, "2019-07-31": 370.463, "2019-04-30": 352.82, "2019-01-31": "-144.01900", "2018-10-31": 130.918, "2018-07-31": 289.166, "2018-04-30": 63.369, "2018-01-31": "-59.05400", "2017-10-31": 182.771, "2017-07-31": 279.854, "2017-04-30": 122.975, "2017-01-31": "46.88200", "2016-10-31": 147.662, "2016-07-31": 251.709, "2016-04-30": 222.434, "2016-01-31": "-35.17000", "2015-10-31": 152.417, "2015-07-31": 275.007, "2015-04-30": 155.079, "2015-01-31": "-87.34300", "2014-10-31": 172.912, "2014-07-31": 340.13, "2014-04-30": 111.803, "2014-01-31": "-73.89200", "2013-10-31": 191.335, "2013-07-31": 263.078, "2013-04-30": 133.73, "2013-01-31": "-91.43800", "2012-10-31": 102.932, "2012-07-31": 295.68, "2012-04-30": 126.774, "2012-01-31": "-39.31800", "2011-10-31": 73.026, "2011-07-31": 310.435, "2011-04-30": 96.488, "2011-01-31": "-39.63300", "2010-10-31": 96.892, "2010-07-31": 207.916, "2010-04-30": 81.645, "2010-01-31": "-45.41700", "2009-10-31": 63.91, "2009-07-31": 232.464, "2009-04-30": 24.711, "2009-01-31": "-81.92600", "2008-10-31": 115.885, "2008-07-31": 231.346, "2008-04-30": 35.038, "2008-01-31": "-51.18100", "2007-10-31": 173.146, "2007-07-31": 116.101, "2007-04-30": 88.166, "2007-01-31": "56.06500", "2006-10-31": 99.747, "2006-07-31": 59.465, "2006-04-30": 26.969, "2006-01-31": "19.70900", "2005-10-31": 74.335, "2005-07-31": 64.247, "2005-04-30": -11.467, "2005-01-31": "142.07500"}, "Net Change In Property, Plant, And Equipment": {"2020-10-31": -35.493, "2020-07-31": -40.476, "2020-04-30": -27.123, "2020-01-31": "-55.67000", "2019-10-31": -77.785, "2019-07-31": -54.15, "2019-04-30": -40.709, "2019-01-31": "-29.74400", "2018-10-31": -28.743, "2018-07-31": -22.811, "2018-04-30": -19.587, "2018-01-31": "-29.12300", "2017-10-31": -20.197, "2017-07-31": -20.096, "2017-04-30": -14.05, "2017-01-31": "-19.21100", "2016-10-31": -19.832, "2016-07-31": -20.335, "2016-04-30": -14.616, "2016-01-31": "-16.25700", "2015-10-31": -20.141, "2015-07-31": -24.662, "2015-04-30": -25.328, "2015-01-31": "-20.51600", "2014-10-31": -46.016, "2014-07-31": -29.121, "2014-04-30": -16.521, "2014-01-31": "-15.25500", "2013-10-31": -18.763, "2013-07-31": -19.092, "2013-04-30": -14.408, "2013-01-31": "-14.80500", "2012-10-31": -22.467, "2012-07-31": -13.902, "2012-04-30": -9.373, "2012-01-31": "-11.75100", "2011-10-31": -15.125, "2011-07-31": -22.993, "2011-04-30": -11.182, "2011-01-31": "-10.93000", "2010-10-31": -12.366, "2010-07-31": -14.506, "2010-04-30": -6.446, "2010-01-31": "-8.75700", "2009-10-31": -15.189, "2009-07-31": -10.643, "2009-04-30": -7.241, "2009-01-31": "-8.97800", "2008-10-31": -13.129, "2008-07-31": -7.708, "2008-04-30": -10.476, "2008-01-31": "-10.43000", "2007-10-31": -8.754, "2007-07-31": -12.423, "2007-04-30": 12.479, "2007-01-31": "-12.29300", "2006-10-31": -14.936, "2006-07-31": -11.812, "2006-04-30": -16.358, "2006-01-31": "-8.30100", "2005-10-31": -9.573, "2005-07-31": -14.031, "2005-04-30": -15.844, "2005-01-31": "-7.06800"}, "Net Change In Intangible Assets": {"2020-10-31": 0, "2020-07-31": 0, "2020-04-30": 0, "2020-01-31": "", "2019-10-31": 0, "2019-07-31": 0, "2019-04-30": 0, "2019-01-31": "", "2018-10-31": 0, "2018-07-31": 0, "2018-04-30": 0, "2018-01-31": "", "2017-10-31": 0, "2017-07-31": 0, "2017-04-30": 0, "2017-01-31": "", "2016-10-31": 0, "2016-07-31": 0, "2016-04-30": 0, "2016-01-31": "", "2015-10-31": 0, "2015-07-31": 0, "2015-04-30": 0, "2015-01-31": "", "2014-10-31": 0, "2014-07-31": 0, "2014-04-30": 0.9, "2014-01-31": "-0.90000", "2013-10-31": 0, "2013-07-31": 0, "2013-04-30": 0, "2013-01-31": "", "2012-10-31": 0, "2012-07-31": 0, "2012-04-30": 0, "2012-01-31": "", "2011-10-31": 0, "2011-07-31": 0, "2011-04-30": 0, "2011-01-31": "", "2010-10-31": 0, "2010-07-31": 0, "2010-04-30": 0, "2010-01-31": "", "2009-10-31": 0, "2009-07-31": 0, "2009-04-30": 0, "2009-01-31": "", "2008-10-31": 0, "2008-07-31": 0, "2008-04-30": 0, "2008-01-31": "", "2007-10-31": 0, "2007-07-31": 0, "2007-04-30": 0, "2007-01-31": "", "2006-10-31": 0, "2006-07-31": 0, "2006-04-30": 0, "2006-01-31": "", "2005-10-31": 0, "2005-07-31": 0, "2005-04-30": 0, "2005-01-31": ""}, "Net Acquisitions/Divestitures": {"2020-10-31": 0, "2020-07-31": -49.867, "2020-04-30": -75.79, "2020-01-31": "-75.38800", "2019-10-31": -36.605, "2019-07-31": 0, "2019-04-30": 0, "2019-01-31": "", "2018-10-31": -5.956, "2018-07-31": -3.15, "2018-04-30": -35.193, "2018-01-31": "-608.34400", "2017-10-31": -71.578, "2017-07-31": 0, "2017-04-30": 0, "2017-01-31": "-187.62400", "2016-10-31": 0, "2016-07-31": -13.956, "2016-04-30": -27.159, "2016-01-31": "-18.94100", "2015-10-31": -213.27, "2015-07-31": -124.58, "2015-04-30": -2.303, "2015-01-31": "", "2014-10-31": -21.11, "2014-07-31": -5.548, "2014-04-30": -367.965, "2014-01-31": "", "2013-10-31": 0, "2013-07-31": 0, "2013-04-30": 0, "2013-01-31": "", "2012-10-31": -385.671, "2012-07-31": -19.89, "2012-04-30": -558.905, "2012-01-31": "-5.62300", "2011-10-31": -35.633, "2011-07-31": -1.862, "2011-04-30": -0.779, "2011-01-31": "-2.74100", "2010-10-31": -363.148, "2010-07-31": -6.809, "2010-04-30": -127.745, "2010-01-31": "-3.12700", "2009-10-31": -5.11, "2009-07-31": -20.915, "2009-04-30": 0, "2009-01-31": "-27.33300", "2008-10-31": -3.632, "2008-07-31": -181.018, "2008-04-30": 0, "2008-01-31": "", "2007-10-31": -23.353, "2007-07-31": -34.12, "2007-04-30": 0, "2007-01-31": "", "2006-10-31": -20.292, "2006-07-31": -8.956, "2006-04-30": 0, "2006-01-31": "-11.89400", "2005-10-31": -3.078, "2005-07-31": -80.127, "2005-04-30": 0, "2005-01-31": "-91.29300"}, "Net Change In Short-term Investments": {"2020-10-31": 0, "2020-07-31": 0, "2020-04-30": 0, "2020-01-31": "", "2019-10-31": 0, "2019-07-31": 0, "2019-04-30": 0, "2019-01-31": "", "2018-10-31": 0, "2018-07-31": 0, "2018-04-30": 0, "2018-01-31": "12.44900", "2017-10-31": 147.492, "2017-07-31": -7.287, "2017-04-30": -1.616, "2017-01-31": "1.94600", "2016-10-31": 2.776, "2016-07-31": -11.629, "2016-04-30": -9.065, "2016-01-31": "5.55600", "2015-10-31": 7.518, "2015-07-31": -0.224, "2015-04-30": -16.608, "2015-01-31": "-120.41500", "2014-10-31": 0, "2014-07-31": 0, "2014-04-30": 0, "2014-01-31": "", "2013-10-31": 0, "2013-07-31": 0, "2013-04-30": 0, "2013-01-31": "", "2012-10-31": 0, "2012-07-31": 0, "2012-04-30": 132.093, "2012-01-31": "15.86000", "2011-10-31": -1.804, "2011-07-31": -2.811, "2011-04-30": 19.121, "2011-01-31": "-4.90800", "2010-10-31": 405.126, "2010-07-31": 85.658, "2010-04-30": 58.178, "2010-01-31": "-1.27600", "2009-10-31": -9.393, "2009-07-31": -90.143, "2009-04-30": -0.174, "2009-01-31": "3.98800", "2008-10-31": -43.729, "2008-07-31": -88.829, "2008-04-30": 188.634, "2008-01-31": "-23.15200", "2007-10-31": -43.233, "2007-07-31": -53.821, "2007-04-30": -4.399, "2007-01-31": "-61.03200", "2006-10-31": 0.004, "2006-07-31": -1.824, "2006-04-30": -40.301, "2006-01-31": "-17.69000", "2005-10-31": -2.622, "2005-07-31": 1.771, "2005-04-30": 24.814, "2005-01-31": "25.57600"}, "Net Change In Long-Term Investments": {"2020-10-31": 0, "2020-07-31": 2.151, "2020-04-30": -0.262, "2020-01-31": "-2.50000", "2019-10-31": -3.245, "2019-07-31": 2.185, "2019-04-30": 4.176, "2019-01-31": "", "2018-10-31": -2.916, "2018-07-31": -0.151, "2018-04-30": 0, "2018-01-31": "", "2017-10-31": 0, "2017-07-31": 0.839, "2017-04-30": 0, "2017-01-31": "", "2016-10-31": 0, "2016-07-31": -1.002, "2016-04-30": 1.624, "2016-01-31": "0.16100", "2015-10-31": 0, "2015-07-31": 0, "2015-04-30": 0, "2015-01-31": "", "2014-10-31": 0.461, "2014-07-31": 0.009, "2014-04-30": 0.513, "2014-01-31": "6.79100", "2013-10-31": 0.767, "2013-07-31": 0, "2013-04-30": 0.222, "2013-01-31": "", "2012-10-31": 0, "2012-07-31": 0.506, "2012-04-30": 0, "2012-01-31": "", "2011-10-31": 2.828, "2011-07-31": 0, "2011-04-30": 0, "2011-01-31": "", "2010-10-31": -243.515, "2010-07-31": 0, "2010-04-30": 0, "2010-01-31": "", "2009-10-31": -0.1, "2009-07-31": -0.671, "2009-04-30": 0, "2009-01-31": "", "2008-10-31": 0, "2008-07-31": -1, "2008-04-30": -5.117, "2008-01-31": "-1.50000", "2007-10-31": 0, "2007-07-31": -4.62, "2007-04-30": 0, "2007-01-31": "", "2006-10-31": -0.126, "2006-07-31": 0.248, "2006-04-30": 0, "2006-01-31": "-1.53900", "2005-10-31": 0, "2005-07-31": 0, "2005-04-30": 0, "2005-01-31": ""}, "Net Change In Investments - Total": {"2020-10-31": 0, "2020-07-31": 2.151, "2020-04-30": -0.262, "2020-01-31": "-2.50000", "2019-10-31": -3.245, "2019-07-31": 2.185, "2019-04-30": 4.176, "2019-01-31": "", "2018-10-31": -2.916, "2018-07-31": -0.151, "2018-04-30": 0, "2018-01-31": "12.44900", "2017-10-31": 147.492, "2017-07-31": -6.448, "2017-04-30": -1.616, "2017-01-31": "1.94600", "2016-10-31": 2.776, "2016-07-31": -12.631, "2016-04-30": -7.441, "2016-01-31": "5.71700", "2015-10-31": 7.518, "2015-07-31": -0.224, "2015-04-30": -16.608, "2015-01-31": "-120.41500", "2014-10-31": 0.461, "2014-07-31": 0.009, "2014-04-30": 0.513, "2014-01-31": "6.79100", "2013-10-31": 0.767, "2013-07-31": 0, "2013-04-30": 0.222, "2013-01-31": "", "2012-10-31": 0, "2012-07-31": 0.506, "2012-04-30": 132.093, "2012-01-31": "15.86000", "2011-10-31": 1.024, "2011-07-31": -2.811, "2011-04-30": 19.121, "2011-01-31": "-4.90800", "2010-10-31": 161.611, "2010-07-31": 85.658, "2010-04-30": 58.178, "2010-01-31": "-1.27600", "2009-10-31": -9.493, "2009-07-31": -90.814, "2009-04-30": -0.174, "2009-01-31": "3.98800", "2008-10-31": -43.729, "2008-07-31": -89.829, "2008-04-30": 183.517, "2008-01-31": "-24.65200", "2007-10-31": -43.233, "2007-07-31": -58.441, "2007-04-30": -4.399, "2007-01-31": "-61.03200", "2006-10-31": -0.122, "2006-07-31": -1.576, "2006-04-30": -40.301, "2006-01-31": "-19.22900", "2005-10-31": -2.622, "2005-07-31": 1.771, "2005-04-30": 24.814, "2005-01-31": "25.57600"}, "Investing Activities - Other": {"2020-10-31": 0, "2020-07-31": 0, "2020-04-30": 0, "2020-01-31": "", "2019-10-31": 0, "2019-07-31": 0, "2019-04-30": 0, "2019-01-31": "", "2018-10-31": 0, "2018-07-31": 0, "2018-04-30": 0, "2018-01-31": "", "2017-10-31": 0, "2017-07-31": 0, "2017-04-30": 0, "2017-01-31": "2.10000", "2016-10-31": 0, "2016-07-31": 0, "2016-04-30": 0, "2016-01-31": "", "2015-10-31": 0, "2015-07-31": 0, "2015-04-30": 0.9, "2015-01-31": "", "2014-10-31": -0.488, "2014-07-31": -3, "2014-04-30": 0, "2014-01-31": "", "2013-10-31": 0, "2013-07-31": 0, "2013-04-30": 0, "2013-01-31": "", "2012-10-31": 0, "2012-07-31": 0, "2012-04-30": 0, "2012-01-31": "", "2011-10-31": 0, "2011-07-31": 0, "2011-04-30": 0, "2011-01-31": "", "2010-10-31": 0, "2010-07-31": 0, "2010-04-30": 0, "2010-01-31": "", "2009-10-31": 0, "2009-07-31": 0, "2009-04-30": 0, "2009-01-31": "", "2008-10-31": 0, "2008-07-31": 0, "2008-04-30": 0, "2008-01-31": "", "2007-10-31": 0, "2007-07-31": 0, "2007-04-30": 0, "2007-01-31": "", "2006-10-31": 0, "2006-07-31": 0, "2006-04-30": 0, "2006-01-31": "", "2005-10-31": 0, "2005-07-31": 0, "2005-04-30": 0, "2005-01-31": ""}, "Cash Flow From Investing Activities": {"2020-10-31": -35.493, "2020-07-31": -88.192, "2020-04-30": -103.175, "2020-01-31": "-133.55800", "2019-10-31": -117.635, "2019-07-31": -51.965, "2019-04-30": -36.533, "2019-01-31": "-29.74400", "2018-10-31": -37.615, "2018-07-31": -26.112, "2018-04-30": -54.78, "2018-01-31": "-625.01800", "2017-10-31": 55.717, "2017-07-31": -26.544, "2017-04-30": -15.666, "2017-01-31": "-202.78900", "2016-10-31": -17.056, "2016-07-31": -46.922, "2016-04-30": -49.216, "2016-01-31": "-29.48100", "2015-10-31": -225.893, "2015-07-31": -149.466, "2015-04-30": -43.339, "2015-01-31": "-140.93100", "2014-10-31": -67.153, "2014-07-31": -37.66, "2014-04-30": -383.073, "2014-01-31": "-9.36400", "2013-10-31": -17.996, "2013-07-31": -19.092, "2013-04-30": -14.186, "2013-01-31": "-14.80500", "2012-10-31": -408.138, "2012-07-31": -33.286, "2012-04-30": -436.185, "2012-01-31": "-1.51400", "2011-10-31": -49.734, "2011-07-31": -27.666, "2011-04-30": 7.16, "2011-01-31": "-18.57900", "2010-10-31": -213.903, "2010-07-31": 64.343, "2010-04-30": -76.013, "2010-01-31": "-13.16000", "2009-10-31": -29.792, "2009-07-31": -122.372, "2009-04-30": -7.415, "2009-01-31": "-32.32300", "2008-10-31": -60.49, "2008-07-31": -278.555, "2008-04-30": 173.041, "2008-01-31": "-35.08200", "2007-10-31": -75.34, "2007-07-31": -104.984, "2007-04-30": 8.08, "2007-01-31": "-73.32500", "2006-10-31": -35.35, "2006-07-31": -22.344, "2006-04-30": -56.659, "2006-01-31": "-39.42400", "2005-10-31": -15.273, "2005-07-31": -92.387, "2005-04-30": 8.97, "2005-01-31": "-72.78500"}, "Net Long-Term Debt": {"2020-10-31": -4.661, "2020-07-31": -105.781, "2020-04-30": -174.687, "2020-01-31": "-3.75000", "2019-10-31": -3.751, "2019-07-31": -153.75, "2019-04-30": -253.75, "2019-01-31": "-112.81200", "2018-10-31": -157.813, "2018-07-31": -67.813, "2018-04-30": -47.812, "2018-01-31": "-21.87500", "2017-10-31": -341.875, "2017-07-31": -1.875, "2017-04-30": -1.875, "2017-01-31": "-35.00000", "2016-10-31": -72.5, "2016-07-31": -97.5, "2016-04-30": -7.5, "2016-01-31": "-7.50000", "2015-10-31": -57.501, "2015-07-31": -167.5, "2015-04-30": -82.701, "2015-01-31": "-22.72300", "2014-10-31": -7.729, "2014-07-31": -207.742, "2014-04-30": -7.749, "2014-01-31": "-7.74800", "2013-10-31": -7.737, "2013-07-31": -7.738, "2013-04-30": -7.209, "2013-01-31": "-8.02800", "2012-10-31": -2.323, "2012-07-31": -110.789, "2012-04-30": -21.963, "2012-01-31": "-1.08100", "2011-10-31": -0.036, "2011-07-31": -3.282, "2011-04-30": -0.655, "2011-01-31": "-0.65500", "2010-10-31": -0.083, "2010-07-31": -2.263, "2010-04-30": -0.602, "2010-01-31": "-0.74400", "2009-10-31": -0.537, "2009-07-31": -0.691, "2009-04-30": -0.492, "2009-01-31": "-0.49200", "2008-10-31": -1.517, "2008-07-31": -0.001, "2008-04-30": -1.452, "2008-01-31": "", "2007-10-31": 0, "2007-07-31": 0, "2007-04-30": 0, "2007-01-31": "", "2006-10-31": 0, "2006-07-31": 0, "2006-04-30": 0, "2006-01-31": "", "2005-10-31": 0, "2005-07-31": 0, "2005-04-30": 0, "2005-01-31": ""}, "Net Current Debt": {"2020-10-31": -0.001, "2020-07-31": 0, "2020-04-30": 80, "2020-01-31": "196.49000", "2019-10-31": 0, "2019-07-31": 4.137, "2019-04-30": 3.68, "2019-01-31": "185.08000", "2018-10-31": 5.635, "2018-07-31": 165, "2018-04-30": 0, "2018-01-31": "450.00000", "2017-10-31": 50, "2017-07-31": 20, "2017-04-30": 100, "2017-01-31": "150.00000", "2016-10-31": 0, "2016-07-31": 125, "2016-04-30": 30, "2016-01-31": "30.00000", "2015-10-31": 50, "2015-07-31": 160, "2015-04-30": 0, "2015-01-31": "250.00000", "2014-10-31": 0, "2014-07-31": 0, "2014-04-30": 200, "2014-01-31": "", "2013-10-31": 0, "2013-07-31": 0, "2013-04-30": 0, "2013-01-31": "", "2012-10-31": 0, "2012-07-31": 0, "2012-04-30": 250, "2012-01-31": "", "2011-10-31": 0, "2011-07-31": 0, "2011-04-30": 0, "2011-01-31": "", "2010-10-31": 0, "2010-07-31": 0, "2010-04-30": 0, "2010-01-31": "", "2009-10-31": -1.273, "2009-07-31": 1.019, "2009-04-30": 0, "2009-01-31": "", "2008-10-31": 0, "2008-07-31": 0, "2008-04-30": 0, "2008-01-31": "", "2007-10-31": 0, "2007-07-31": 0, "2007-04-30": 0, "2007-01-31": "", "2006-10-31": 0, "2006-07-31": 0, "2006-04-30": 0, "2006-01-31": "", "2005-10-31": 0, "2005-07-31": 0, "2005-04-30": 0, "2005-01-31": ""}, "Debt Issuance/Retirement Net - Total": {"2020-10-31": -4.662, "2020-07-31": -105.781, "2020-04-30": -94.687, "2020-01-31": "192.74000", "2019-10-31": -3.751, "2019-07-31": -149.613, "2019-04-30": -250.07, "2019-01-31": "72.26800", "2018-10-31": -152.178, "2018-07-31": 97.187, "2018-04-30": -47.812, "2018-01-31": "428.12500", "2017-10-31": -291.875, "2017-07-31": 18.125, "2017-04-30": 98.125, "2017-01-31": "115.00000", "2016-10-31": -72.5, "2016-07-31": 27.5, "2016-04-30": 22.5, "2016-01-31": "22.50000", "2015-10-31": -7.501, "2015-07-31": -7.5, "2015-04-30": -82.701, "2015-01-31": "227.27700", "2014-10-31": -7.729, "2014-07-31": -207.742, "2014-04-30": 192.251, "2014-01-31": "-7.74800", "2013-10-31": -7.737, "2013-07-31": -7.738, "2013-04-30": -7.209, "2013-01-31": "-8.02800", "2012-10-31": -2.323, "2012-07-31": -110.789, "2012-04-30": 228.037, "2012-01-31": "-1.08100", "2011-10-31": -0.036, "2011-07-31": -3.282, "2011-04-30": -0.655, "2011-01-31": "-0.65500", "2010-10-31": -0.083, "2010-07-31": -2.263, "2010-04-30": -0.602, "2010-01-31": "-0.74400", "2009-10-31": -1.81, "2009-07-31": 0.328, "2009-04-30": -0.492, "2009-01-31": "-0.49200", "2008-10-31": -1.517, "2008-07-31": -0.001, "2008-04-30": -1.452, "2008-01-31": "", "2007-10-31": 0, "2007-07-31": 0, "2007-04-30": 0, "2007-01-31": "", "2006-10-31": 0, "2006-07-31": 0, "2006-04-30": 0, "2006-01-31": "", "2005-10-31": 0, "2005-07-31": 0, "2005-04-30": 0, "2005-01-31": ""}, "Net Common Equity Issued/Repurchased": {"2020-10-31": 32.088, "2020-07-31": 4.876, "2020-04-30": -16.621, "2020-01-31": "-65.01800", "2019-10-31": -70.99, "2019-07-31": -75.998, "2019-04-30": -3.006, "2019-01-31": "-22.82700", "2018-10-31": 18.107, "2018-07-31": -118.253, "2018-04-30": -8.511, "2018-01-31": "-167.51400", "2017-10-31": -32.381, "2017-07-31": -103.536, "2017-04-30": -44.951, "2017-01-31": "-72.79500", "2016-10-31": -44.601, "2016-07-31": -92.88, "2016-04-30": 21.278, "2016-01-31": "-158.51400", "2015-10-31": -26.65, "2015-07-31": -33.592, "2015-04-30": 43.464, "2015-01-31": "-133.45800", "2014-10-31": 18.394, "2014-07-31": -7.99, "2014-04-30": 6.745, "2014-01-31": "-33.16600", "2013-10-31": -33.632, "2013-07-31": -19.665, "2013-04-30": 24.58, "2013-01-31": "15.61500", "2012-10-31": 47.34, "2012-07-31": 17.376, "2012-04-30": 50.074, "2012-01-31": "21.10600", "2011-10-31": -24.497, "2011-07-31": -89.017, "2011-04-30": -113.609, "2011-01-31": "-12.53300", "2010-10-31": -1.354, "2010-07-31": -60.969, "2010-04-30": 40.077, "2010-01-31": "-17.12400", "2009-10-31": 43.681, "2009-07-31": 1.585, "2009-04-30": 25.5, "2009-01-31": "1.15200", "2008-10-31": -27.42, "2008-07-31": 19.651, "2008-04-30": -62.335, "2008-01-31": "-70.76800", "2007-10-31": 46, "2007-07-31": -37.982, "2007-04-30": -14.667, "2007-01-31": "63.51300", "2006-10-31": -4.021, "2006-07-31": -65.807, "2006-04-30": 9.951, "2006-01-31": "-70.54900", "2005-10-31": 24.193, "2005-07-31": 3.967, "2005-04-30": -30.039, "2005-01-31": "-37.89200"}, "Net Total Equity Issued/Repurchased": {"2020-10-31": 32.088, "2020-07-31": 4.876, "2020-04-30": -16.621, "2020-01-31": "-65.01800", "2019-10-31": -70.99, "2019-07-31": -75.998, "2019-04-30": -3.006, "2019-01-31": "-22.82700", "2018-10-31": 18.107, "2018-07-31": -118.253, "2018-04-30": -8.511, "2018-01-31": "-167.51400", "2017-10-31": -32.381, "2017-07-31": -103.536, "2017-04-30": -44.951, "2017-01-31": "-72.79500", "2016-10-31": -44.601, "2016-07-31": -92.88, "2016-04-30": 21.278, "2016-01-31": "-158.51400", "2015-10-31": -26.65, "2015-07-31": -33.592, "2015-04-30": 43.464, "2015-01-31": "-133.45800", "2014-10-31": 18.394, "2014-07-31": -7.99, "2014-04-30": 6.745, "2014-01-31": "-33.16600", "2013-10-31": -33.632, "2013-07-31": -19.665, "2013-04-30": 24.58, "2013-01-31": "15.61500", "2012-10-31": 47.34, "2012-07-31": 17.376, "2012-04-30": 50.074, "2012-01-31": "21.10600", "2011-10-31": -24.497, "2011-07-31": -89.017, "2011-04-30": -113.609, "2011-01-31": "-12.53300", "2010-10-31": -1.354, "2010-07-31": -60.969, "2010-04-30": 40.077, "2010-01-31": "-17.12400", "2009-10-31": 43.681, "2009-07-31": 1.585, "2009-04-30": 25.5, "2009-01-31": "1.15200", "2008-10-31": -27.42, "2008-07-31": 19.651, "2008-04-30": -62.335, "2008-01-31": "-70.76800", "2007-10-31": 46, "2007-07-31": -37.982, "2007-04-30": -14.667, "2007-01-31": "63.51300", "2006-10-31": -4.021, "2006-07-31": -65.807, "2006-04-30": 9.951, "2006-01-31": "-70.54900", "2005-10-31": 24.193, "2005-07-31": 3.967, "2005-04-30": -30.039, "2005-01-31": "-37.89200"}, "Total Common And Preferred Stock Dividends Paid": {"2020-10-31": 0, "2020-07-31": 0, "2020-04-30": 0, "2020-01-31": "", "2019-10-31": 0, "2019-07-31": 0, "2019-04-30": 0, "2019-01-31": "", "2018-10-31": 0, "2018-07-31": 0, "2018-04-30": 0, "2018-01-31": "", "2017-10-31": 0, "2017-07-31": 0, "2017-04-30": 0, "2017-01-31": "", "2016-10-31": 0, "2016-07-31": 0, "2016-04-30": 0, "2016-01-31": "", "2015-10-31": 0, "2015-07-31": 0, "2015-04-30": 0, "2015-01-31": "", "2014-10-31": 0, "2014-07-31": 0, "2014-04-30": 0, "2014-01-31": "", "2013-10-31": 0, "2013-07-31": 0, "2013-04-30": 0, "2013-01-31": "", "2012-10-31": 0, "2012-07-31": 0, "2012-04-30": 0, "2012-01-31": "", "2011-10-31": 0, "2011-07-31": 0, "2011-04-30": 0, "2011-01-31": "", "2010-10-31": 0, "2010-07-31": 0, "2010-04-30": 0, "2010-01-31": "", "2009-10-31": 0, "2009-07-31": 0, "2009-04-30": 0, "2009-01-31": "", "2008-10-31": 0, "2008-07-31": 0, "2008-04-30": 0, "2008-01-31": "", "2007-10-31": 0, "2007-07-31": 0, "2007-04-30": 0, "2007-01-31": "", "2006-10-31": 0, "2006-07-31": 0, "2006-04-30": 0, "2006-01-31": "", "2005-10-31": 0, "2005-07-31": 0, "2005-04-30": 0, "2005-01-31": ""}, "Financial Activities - Other": {"2020-10-31": -16.556, "2020-07-31": -29.88, "2020-04-30": -2.863, "2020-01-31": "-34.24200", "2019-10-31": 15.166, "2019-07-31": -39.136, "2019-04-30": -22.58, "2019-01-31": "-11.35500", "2018-10-31": 29.864, "2018-07-31": -61.994, "2018-04-30": 18.364, "2018-01-31": "-30.24700", "2017-10-31": -22.974, "2017-07-31": -7.318, "2017-04-30": -2.212, "2017-01-31": "-26.32800", "2016-10-31": 15.785, "2016-07-31": -21.474, "2016-04-30": 19.71, "2016-01-31": "-46.24100", "2015-10-31": -41.293, "2015-07-31": 36, "2015-04-30": -0.102, "2015-01-31": "-36.01400", "2014-10-31": -21.696, "2014-07-31": -4.302, "2014-04-30": -0.595, "2014-01-31": "-0.11100", "2013-10-31": -4.386, "2013-07-31": -3.867, "2013-04-30": -1.914, "2013-01-31": "-44.00400", "2012-10-31": -6.252, "2012-07-31": 0, "2012-04-30": 20, "2012-01-31": "-20.00000", "2011-10-31": -33.335, "2011-07-31": 0, "2011-04-30": 0, "2011-01-31": "", "2010-10-31": 0, "2010-07-31": 0, "2010-04-30": 0, "2010-01-31": "", "2009-10-31": 0, "2009-07-31": 0, "2009-04-30": 0, "2009-01-31": "", "2008-10-31": 0, "2008-07-31": 0, "2008-04-30": 0, "2008-01-31": "", "2007-10-31": 0, "2007-07-31": 0, "2007-04-30": 0, "2007-01-31": "", "2006-10-31": 0, "2006-07-31": 0, "2006-04-30": 0, "2006-01-31": "", "2005-10-31": 0, "2005-07-31": 0, "2005-04-30": 0, "2005-01-31": ""}, "Cash Flow From Financial Activities": {"2020-10-31": 10.87, "2020-07-31": -130.785, "2020-04-30": -114.171, "2020-01-31": "93.48000", "2019-10-31": -59.575, "2019-07-31": -264.747, "2019-04-30": -275.656, "2019-01-31": "38.08600", "2018-10-31": -104.207, "2018-07-31": -83.06, "2018-04-30": -37.959, "2018-01-31": "230.36400", "2017-10-31": -347.23, "2017-07-31": -92.729, "2017-04-30": 50.962, "2017-01-31": "15.87700", "2016-10-31": -101.316, "2016-07-31": -86.854, "2016-04-30": 63.488, "2016-01-31": "-182.25500", "2015-10-31": -75.444, "2015-07-31": -5.092, "2015-04-30": -39.339, "2015-01-31": "57.80500", "2014-10-31": -11.031, "2014-07-31": -220.034, "2014-04-30": 198.401, "2014-01-31": "-41.02500", "2013-10-31": -45.755, "2013-07-31": -31.27, "2013-04-30": 15.457, "2013-01-31": "-36.41700", "2012-10-31": 38.765, "2012-07-31": -93.413, "2012-04-30": 298.111, "2012-01-31": "0.02500", "2011-10-31": -57.868, "2011-07-31": -92.299, "2011-04-30": -114.264, "2011-01-31": "-13.18800", "2010-10-31": -1.437, "2010-07-31": -63.232, "2010-04-30": 39.475, "2010-01-31": "-17.86800", "2009-10-31": 41.871, "2009-07-31": 1.913, "2009-04-30": 25.008, "2009-01-31": "0.66000", "2008-10-31": -28.937, "2008-07-31": 19.65, "2008-04-30": -63.787, "2008-01-31": "-70.76800", "2007-10-31": 46, "2007-07-31": -37.982, "2007-04-30": -14.667, "2007-01-31": "63.51300", "2006-10-31": -4.021, "2006-07-31": -65.807, "2006-04-30": 9.951, "2006-01-31": "-70.54900", "2005-10-31": 24.193, "2005-07-31": 3.967, "2005-04-30": -30.039, "2005-01-31": "-37.89200"}, "Net Cash Flow": {"2020-10-31": 185.982, "2020-07-31": 193.57, "2020-04-30": 156.136, "2020-01-31": "-28.24500", "2019-10-31": 41.846, "2019-07-31": 55.633, "2019-04-30": 38.842, "2019-01-31": "-130.79500", "2018-10-31": -18.164, "2018-07-31": 170.395, "2018-04-30": -35.152, "2018-01-31": "-442.15300", "2017-10-31": -108.713, "2017-07-31": 163.661, "2017-04-30": 163.616, "2017-01-31": "-148.91100", "2016-10-31": 30.303, "2016-07-31": 118.371, "2016-04-30": 244.96, "2016-01-31": "-253.20200", "2015-10-31": -150.235, "2015-07-31": 117.578, "2015-04-30": 72.021, "2015-01-31": "-188.93800", "2014-10-31": 82.716, "2014-07-31": 81.413, "2014-04-30": -71.42, "2014-01-31": "-129.38800", "2013-10-31": 130.071, "2013-07-31": 211.352, "2013-04-30": 130.653, "2013-01-31": "-150.01700", "2012-10-31": -263.385, "2012-07-31": 167.173, "2012-04-30": -14.745, "2012-01-31": "-43.73800", "2011-10-31": -34.809, "2011-07-31": 195.854, "2011-04-30": -6.58, "2011-01-31": "-74.79500", "2010-10-31": -108.034, "2010-07-31": 214.01, "2010-04-30": 42.941, "2010-01-31": "-75.12300", "2009-10-31": 79.332, "2009-07-31": 115.882, "2009-04-30": 36.234, "2009-01-31": "-107.46700", "2008-10-31": 32.143, "2008-07-31": -29.4, "2008-04-30": 146.834, "2008-01-31": "-151.27200", "2007-10-31": 143.473, "2007-07-31": -25.22, "2007-04-30": 83.918, "2007-01-31": "46.39700", "2006-10-31": 61.042, "2006-07-31": -25.214, "2006-04-30": -19.567, "2006-01-31": "-89.93800", "2005-10-31": 84.482, "2005-07-31": -23.175, "2005-04-30": -33.238, "2005-01-31": "29.65800"}, "Stock-Based Compensation": {"2020-10-31": 78.429, "2020-07-31": 61.837, "2020-04-30": 56.435, "2020-01-31": "51.88300", "2019-10-31": 40.175, "2019-07-31": 39.452, "2019-04-30": 36.914, "2019-01-31": "38.46000", "2018-10-31": 37.492, "2018-07-31": 37.252, "2018-04-30": 32.965, "2018-01-31": "32.32300", "2017-10-31": 28.597, "2017-07-31": 28.301, "2017-04-30": 25.562, "2017-01-31": "25.83400", "2016-10-31": 25.54, "2016-07-31": 25.571, "2016-04-30": 23.459, "2016-01-31": "23.01300", "2015-10-31": 22.937, "2015-07-31": 22.599, "2015-04-30": 20.283, "2015-01-31": "20.58100", "2014-10-31": 21.099, "2014-07-31": 21.4, "2014-04-30": 18.823, "2014-01-31": "18.11800", "2013-10-31": 17.792, "2013-07-31": 16.49, "2013-04-30": 15.529, "2013-01-31": "17.70000", "2012-10-31": 17.336, "2012-07-31": 17.225, "2012-04-30": 20.605, "2012-01-31": "16.24800", "2011-10-31": 14.984, "2011-07-31": 13.516, "2011-04-30": 12.667, "2011-01-31": "15.24700", "2010-10-31": 14.774, "2010-07-31": 14.514, "2010-04-30": 13.466, "2010-01-31": "17.23400", "2009-10-31": 14.135, "2009-07-31": 13.996, "2009-04-30": 14.66, "2009-01-31": "14.14300", "2008-10-31": 14.667, "2008-07-31": 17.321, "2008-04-30": 17.842, "2008-01-31": "15.64400", "2007-10-31": 15.337, "2007-07-31": 16.109, "2007-04-30": 14.35, "2007-01-31": "16.21500", "2006-10-31": 15.105, "2006-07-31": 15.602, "2006-04-30": 13.903, "2006-01-31": "18.43000", "2005-10-31": 4.386, "2005-07-31": 0.652, "2005-04-30": 0.561, "2005-01-31": "0.57700"}, "Common Stock Dividends Paid": {"2020-10-31": 0, "2020-07-31": 0, "2020-04-30": 0, "2020-01-31": "", "2019-10-31": 0, "2019-07-31": 0, "2019-04-30": 0, "2019-01-31": "", "2018-10-31": 0, "2018-07-31": 0, "2018-04-30": 0, "2018-01-31": "", "2017-10-31": 0, "2017-07-31": 0, "2017-04-30": 0, "2017-01-31": "", "2016-10-31": 0, "2016-07-31": 0, "2016-04-30": 0, "2016-01-31": "", "2015-10-31": 0, "2015-07-31": 0, "2015-04-30": 0, "2015-01-31": "", "2014-10-31": 0, "2014-07-31": 0, "2014-04-30": 0, "2014-01-31": "", "2013-10-31": 0, "2013-07-31": 0, "2013-04-30": 0, "2013-01-31": "", "2012-10-31": 0, "2012-07-31": 0, "2012-04-30": 0, "2012-01-31": "", "2011-10-31": 0, "2011-07-31": 0, "2011-04-30": 0, "2011-01-31": "", "2010-10-31": 0, "2010-07-31": 0, "2010-04-30": 0, "2010-01-31": "", "2009-10-31": 0, "2009-07-31": 0, "2009-04-30": 0, "2009-01-31": "", "2008-10-31": 0, "2008-07-31": 0, "2008-04-30": 0, "2008-01-31": "", "2007-10-31": 0, "2007-07-31": 0, "2007-04-30": 0, "2007-01-31": "", "2006-10-31": 0, "2006-07-31": 0, "2006-04-30": 0, "2006-01-31": "", "2005-10-31": 0, "2005-07-31": 0, "2005-04-30": 0, "2005-01-31": ""}}, "financial ratios": {"Current Ratio": {"2020-10-31": "1.19130", "2019-10-31": "0.99230", "2018-10-31": "0.73430", "2017-10-31": "1.04240", "2016-10-31": "1.00120", "2015-10-31": "0.93060", "2014-10-31": "1.08510", "2013-10-31": "1.18400", "2012-10-31": "0.91060", "2011-10-31": "1.32440", "2010-10-31": "1.35370", "2009-10-31": "1.79700", "2008-10-31": "1.45470", "2007-10-31": "1.28750", "2006-10-31": "1.02690", "2005-10-31": "1.15980"}, "Long-term Debt / Capital": {"2020-10-31": "0.02010", "2019-10-31": "0.02850", "2018-10-31": "0.03480", "2017-10-31": "0.03930", "2016-10-31": "", "2015-10-31": "", "2014-10-31": "0.01450", "2013-10-31": "0.02620", "2012-10-31": "0.03960", "2011-10-31": "", "2010-10-31": "", "2009-10-31": "", "2008-10-31": "", "2007-10-31": "", "2006-10-31": "", "2005-10-31": ""}, "Debt/Equity Ratio": {"2020-10-31": "0.02600", "2019-10-31": "0.03370", "2018-10-31": "0.13470", "2017-10-31": "0.04390", "2016-10-31": "0.06420", "2015-10-31": "0.06540", "2014-10-31": "0.02450", "2013-10-31": "0.03770", "2012-10-31": "0.05310", "2011-10-31": "", "2010-10-31": "", "2009-10-31": "", "2008-10-31": "", "2007-10-31": "", "2006-10-31": "", "2005-10-31": ""}, "Gross Margin": {"2020-10-31": "78.43610", "2019-10-31": "77.59550", "2018-10-31": "76.42150", "2017-10-31": "75.99220", "2016-10-31": "77.58700", "2015-10-31": "76.85680", "2014-10-31": "77.79390", "2013-10-31": "76.88570", "2012-10-31": "77.63840", "2011-10-31": "77.83010", "2010-10-31": "79.64060", "2009-10-31": "79.87930", "2008-10-31": "80.63540", "2007-10-31": "80.67870", "2006-10-31": "79.59700", "2005-10-31": "74.32930"}, "Operating Margin": {"2020-10-31": "16.82750", "2019-10-31": "15.47990", "2018-10-31": "11.54180", "2017-10-31": "12.75520", "2016-10-31": "13.10180", "2015-10-31": "11.88410", "2014-10-31": "12.08850", "2013-10-31": "12.56200", "2012-10-31": "10.82130", "2011-10-31": "13.86020", "2010-10-31": "13.33490", "2009-10-31": "15.31210", "2008-10-31": "16.38890", "2007-10-31": "9.73580", "2006-10-31": "2.68650", "2005-10-31": "-6.03320"}, "EBIT Margin": {"2020-10-31": "16.82750", "2019-10-31": "15.47990", "2018-10-31": "11.54180", "2017-10-31": "12.75520", "2016-10-31": "13.10180", "2015-10-31": "11.88410", "2014-10-31": "12.08850", "2013-10-31": "12.56200", "2012-10-31": "10.82130", "2011-10-31": "13.86020", "2010-10-31": "13.33490", "2009-10-31": "15.31210", "2008-10-31": "16.38890", "2007-10-31": "9.73580", "2006-10-31": "2.68650", "2005-10-31": "-6.03320"}, "EBITDA Margin": {"2020-10-31": "24.18570", "2019-10-31": "23.34810", "2018-10-31": "18.24480", "2017-10-31": "19.70750", "2016-10-31": "21.64790", "2015-10-31": "21.33100", "2014-10-31": "21.46050", "2013-10-31": "22.11260", "2012-10-31": "19.75290", "2011-10-31": "22.23130", "2010-10-31": "20.66480", "2009-10-31": "22.77160", "2008-10-31": "23.65500", "2007-10-31": "18.42610", "2006-10-31": "13.13690", "2005-10-31": "10.99230"}, "Pre-Tax Profit Margin": {"2020-10-31": "17.31640", "2019-10-31": "16.23190", "2018-10-31": "11.64810", "2017-10-31": "14.05930", "2016-10-31": "13.60350", "2015-10-31": "12.55950", "2014-10-31": "13.22700", "2013-10-31": "14.04870", "2012-10-31": "11.45410", "2011-10-31": "14.26850", "2010-10-31": "14.38860", "2009-10-31": "17.13690", "2008-10-31": "16.37730", "2007-10-31": "13.67450", "2006-10-31": "3.99060", "2005-10-31": "-0.78520"}, "Net Profit Margin": {"2020-10-31": "18.02700", "2019-10-31": "15.84100", "2018-10-31": "13.85810", "2017-10-31": "5.01170", "2016-10-31": "11.01430", "2015-10-31": "10.07640", "2014-10-31": "12.59430", "2013-10-31": "12.62860", "2012-10-31": "10.38730", "2011-10-31": "14.41510", "2010-10-31": "17.17030", "2009-10-31": "12.32910", "2008-10-31": "14.20980", "2007-10-31": "10.76240", "2006-10-31": "2.25840", "2005-10-31": "-1.72530"}, "Asset Turnover": {"2020-10-31": "0.45890", "2019-10-31": "0.52470", "2018-10-31": "0.50780", "2017-10-31": "0.50490", "2016-10-31": "0.46230", "2015-10-31": "0.44440", "2014-10-31": "0.43080", "2013-10-31": "0.45020", "2012-10-31": "0.42340", "2011-10-31": "0.45580", "2010-10-31": "0.42010", "2009-10-31": "0.46280", "2008-10-31": "0.48750", "2007-10-31": "0.46320", "2006-10-31": "0.50770", "2005-10-31": "0.46490"}, "Inventory Turnover Ratio": {"2020-10-31": "4.13180", "2019-10-31": "5.32050", "2018-10-31": "6.01190", "2017-10-31": "10.57110", "2016-10-31": "", "2015-10-31": "", "2014-10-31": "", "2013-10-31": "", "2012-10-31": "", "2011-10-31": "", "2010-10-31": "", "2009-10-31": "", "2008-10-31": "", "2007-10-31": "", "2006-10-31": "", "2005-10-31": ""}, "Receiveable Turnover": {"2020-10-31": "4.53260", "2019-10-31": "5.80680", "2018-10-31": "4.94820", "2017-10-31": "5.45630", "2016-10-31": "4.89440", "2015-10-31": "5.18520", "2014-10-31": "5.82490", "2013-10-31": "7.15350", "2012-10-31": "5.66580", "2011-10-31": "6.71560", "2010-10-31": "6.91970", "2009-10-31": "7.63210", "2008-10-31": "6.77880", "2007-10-31": "7.28540", "2006-10-31": "6.63490", "2005-10-31": "6.67750"}, "Days Sales In Receivables": {"2020-10-31": "80.52800", "2019-10-31": "62.85720", "2018-10-31": "73.76370", "2017-10-31": "66.89520", "2016-10-31": "74.57560", "2015-10-31": "70.39280", "2014-10-31": "62.66250", "2013-10-31": "51.02430", "2012-10-31": "64.42210", "2011-10-31": "54.35130", "2010-10-31": "52.74820", "2009-10-31": "47.82440", "2008-10-31": "53.84400", "2007-10-31": "50.10040", "2006-10-31": "55.01250", "2005-10-31": "54.66110"}, "ROE - Return On Equity": {"2020-10-31": "13.50570", "2019-10-31": "13.01990", "2018-10-31": "12.41080", "2017-10-31": "4.16390", "2016-10-31": "8.35100", "2015-10-31": "7.20920", "2014-10-31": "8.47870", "2013-10-31": "8.88720", "2012-10-31": "7.17000", "2011-10-31": "10.53460", "2010-10-31": "11.28770", "2009-10-31": "9.09250", "2008-10-31": "12.43010", "2007-10-31": "9.08460", "2006-10-31": "2.12710", "2005-10-31": "-1.41360"}, "Return On Tangible Equity": {"2020-10-31": "51.31340", "2019-10-31": "83.40090", "2018-10-31": "-2320.63200", "2017-10-31": "42.82220", "2016-10-31": "65.04140", "2015-10-31": "75.54080", "2014-10-31": "59.50970", "2013-10-31": "51.96260", "2012-10-31": "181.20310", "2011-10-31": "35.93670", "2010-10-31": "40.54560", "2009-10-31": "20.58280", "2008-10-31": "36.96280", "2007-10-31": "22.09790", "2006-10-31": "7.69870", "2005-10-31": "-5.04630"}, "ROA - Return On Assets": {"2020-10-31": "8.26200", "2019-10-31": "8.31150", "2018-10-31": "7.03740", "2017-10-31": "2.53060", "2016-10-31": "5.09170", "2015-10-31": "4.47770", "2014-10-31": "5.42610", "2013-10-31": "5.68490", "2012-10-31": "4.39770", "2011-10-31": "6.57090", "2010-10-31": "7.21310", "2009-10-31": "5.70570", "2008-10-31": "6.92720", "2007-10-31": "4.98560", "2006-10-31": "1.14660", "2005-10-31": "-0.80220"}, "ROI - Return On Investment": {"2020-10-31": "13.23400", "2019-10-31": "12.64840", "2018-10-31": "11.97930", "2017-10-31": "4.00030", "2016-10-31": "8.35100", "2015-10-31": "7.20920", "2014-10-31": "8.35570", "2013-10-31": "8.65440", "2012-10-31": "6.88580", "2011-10-31": "10.53460", "2010-10-31": "11.28770", "2009-10-31": "9.09250", "2008-10-31": "12.43010", "2007-10-31": "9.08460", "2006-10-31": "2.12710", "2005-10-31": "-1.41360"}, "Book Value Per Share": {"2020-10-31": "32.18730", "2019-10-31": "27.19920", "2018-10-31": "23.34780", "2017-10-31": "21.80020", "2016-10-31": "21.09650", "2015-10-31": "20.19880", "2014-10-31": "19.59520", "2013-10-31": "18.08590", "2012-10-31": "16.85880", "2011-10-31": "14.66280", "2010-10-31": "14.14460", "2009-10-31": "12.55000", "2008-10-31": "10.77940", "2007-10-31": "9.81380", "2006-10-31": "8.27480", "2005-10-31": "8.29790"}, "Operating Cash Flow Per Share": {"2020-10-31": 1.1749, "2019-10-31": 2.425, "2018-10-31": -1.3171, "2017-10-31": 0.2922, "2016-10-31": 0.659, "2015-10-31": -0.3609, "2014-10-31": 0.3217, "2013-10-31": -0.0626, "2012-10-31": 0.3061, "2011-10-31": 0.6833, "2010-10-31": 0.6053, "2009-10-31": -0.6024, "2008-10-31": -0.6532, "2007-10-31": 1.4727, "2006-10-31": -0.4343, "2005-10-31": 1.8569}, "Free Cash Flow Per Share": {"2020-10-31": 1.4678, "2019-10-31": 1.766, "2018-10-31": -1.4958, "2017-10-31": 0.2765, "2016-10-31": 0.7732, "2015-10-31": -0.2563, "2014-10-31": 0.072, "2013-10-31": -0.1083, "2012-10-31": 0.3241, "2011-10-31": 0.5597, "2010-10-31": 0.6166, "2009-10-31": -0.608, "2008-10-31": -0.7957, "2007-10-31": 1.6877, "2006-10-31": -0.4686, "2005-10-31": 1.536}}, "financial ratios, quarterly": {"Current Ratio": {"2020-10-31": "1.19130", "2020-07-31": "1.06310", "2020-04-30": "0.95450", "2020-01-31": "0.94930", "2019-10-31": "0.99230", "2019-07-31": "0.99210", "2019-04-30": "0.94860", "2019-01-31": "0.88740", "2018-10-31": "0.73430", "2018-07-31": "0.70350", "2018-04-30": "0.72810", "2018-01-31": "0.68310", "2017-10-31": "1.04240", "2017-07-31": "1.07380", "2017-04-30": "1.05560", "2017-01-31": "1.01890", "2016-10-31": "1.00120", "2016-07-31": "0.93290", "2016-04-30": "0.94480", "2016-01-31": "0.83760", "2015-10-31": "0.93060", "2015-07-31": "1.11530", "2015-04-30": "1.16600", "2015-01-31": "1.05450", "2014-10-31": "1.08510", "2014-07-31": "1.07130", "2014-04-30": "1.01800", "2014-01-31": "1.27410", "2013-10-31": "1.18400", "2013-07-31": "1.13520", "2013-04-30": "1.09230", "2013-01-31": "0.97820", "2012-10-31": "0.91060", "2012-07-31": "1.13660", "2012-04-30": "1.09350", "2012-01-31": "1.49290", "2011-10-31": "1.32440", "2011-07-31": "1.38710", "2011-04-30": "1.49360", "2011-01-31": "1.52120", "2010-10-31": "1.35370", "2010-07-31": "1.78720", "2010-04-30": "1.91490", "2010-01-31": "1.93380", "2009-10-31": "1.79700", "2009-07-31": "1.77550", "2009-04-30": "1.78350", "2009-01-31": "1.65200", "2008-10-31": "1.45470", "2008-07-31": "1.48230", "2008-04-30": "1.71610", "2008-01-31": "1.71910", "2007-10-31": "1.28750", "2007-07-31": "1.21990", "2007-04-30": "1.24920", "2007-01-31": "1.17030", "2006-10-31": "1.02690", "2006-07-31": "0.99160", "2006-04-30": "1.14870", "2006-01-31": "1.09340", "2005-10-31": "1.15980", "2005-07-31": "0.97290", "2005-04-30": "1.02850", "2005-01-31": "1.05580"}, "Long-term Debt / Capital": {"2020-10-31": "0.02010", "2020-07-31": "0.02270", "2020-04-30": "0.02600", "2020-01-31": "0.02860", "2019-10-31": "0.02850", "2019-07-31": "0.03080", "2019-04-30": "0.03120", "2019-01-31": "0.03250", "2018-10-31": "0.03480", "2018-07-31": "0.03760", "2018-04-30": "0.03760", "2018-01-31": "0.04010", "2017-10-31": "0.03930", "2017-07-31": "0.03870", "2017-04-30": "0.03970", "2017-01-31": "0.04110", "2016-10-31": "", "2016-07-31": "", "2016-04-30": "", "2016-01-31": "", "2015-10-31": "", "2015-07-31": "0.00710", "2015-04-30": "0.00970", "2015-01-31": "0.01260", "2014-10-31": "0.01450", "2014-07-31": "0.01720", "2014-04-30": "0.02010", "2014-01-31": "0.02340", "2013-10-31": "0.02620", "2013-07-31": "0.02930", "2013-04-30": "0.03230", "2013-01-31": "0.03610", "2012-10-31": "0.03960", "2012-07-31": "0.04490", "2012-04-30": "0.04980", "2012-01-31": "", "2011-10-31": "", "2011-07-31": "", "2011-04-30": "", "2011-01-31": "", "2010-10-31": "", "2010-07-31": "", "2010-04-30": "", "2010-01-31": "", "2009-10-31": "", "2009-07-31": "", "2009-04-30": "", "2009-01-31": "", "2008-10-31": "", "2008-07-31": "", "2008-04-30": "", "2008-01-31": "", "2007-10-31": "", "2007-07-31": "", "2007-04-30": "", "2007-01-31": "", "2006-10-31": "", "2006-07-31": "", "2006-04-30": "", "2006-01-31": "", "2005-10-31": "", "2005-07-31": "", "2005-04-30": "", "2005-01-31": ""}, "Debt/Equity Ratio": {"2020-10-31": "0.02600", "2020-07-31": "0.02850", "2020-04-30": "0.05510", "2020-01-31": "0.07970", "2019-10-31": "0.03370", "2019-07-31": "0.03600", "2019-04-30": "0.07450", "2019-01-31": "0.14320", "2018-10-31": "0.13470", "2018-07-31": "0.19640", "2018-04-30": "0.16080", "2018-01-31": "0.18220", "2017-10-31": "0.04390", "2017-07-31": "0.12730", "2017-04-30": "0.12370", "2017-01-31": "0.09610", "2016-10-31": "0.06420", "2016-07-31": "0.08890", "2016-04-30": "0.07940", "2016-01-31": "0.07610", "2015-10-31": "0.06540", "2015-07-31": "0.06770", "2015-04-30": "0.07180", "2015-01-31": "0.10300", "2014-10-31": "0.02450", "2014-07-31": "0.02750", "2014-04-30": "0.09930", "2014-01-31": "0.03450", "2013-10-31": "0.03770", "2013-07-31": "0.04110", "2013-04-30": "0.04450", "2013-01-31": "0.04900", "2012-10-31": "0.05310", "2012-07-31": "0.05960", "2012-04-30": "0.10920", "2012-01-31": "", "2011-10-31": "", "2011-07-31": "", "2011-04-30": "", "2011-01-31": "", "2010-10-31": "", "2010-07-31": "", "2010-04-30": "", "2010-01-31": "", "2009-10-31": "", "2009-07-31": "", "2009-04-30": "", "2009-01-31": "", "2008-10-31": "", "2008-07-31": "", "2008-04-30": "", "2008-01-31": "", "2007-10-31": "", "2007-07-31": "", "2007-04-30": "", "2007-01-31": "", "2006-10-31": "", "2006-07-31": "", "2006-04-30": "", "2006-01-31": "", "2005-10-31": "", "2005-07-31": "", "2005-04-30": "", "2005-01-31": ""}, "Gross Margin": {"2020-10-31": "78.10220", "2020-07-31": "79.98120", "2020-04-30": "78.60680", "2020-01-31": "76.88490", "2019-10-31": "78.52810", "2019-07-31": "78.11980", "2019-04-30": "77.19810", "2019-01-31": "76.48810", "2018-10-31": "76.02990", "2018-07-31": "76.22450", "2018-04-30": "76.98630", "2018-01-31": "76.45570", "2017-10-31": "76.04750", "2017-07-31": "75.61830", "2017-04-30": "76.17480", "2017-01-31": "76.14130", "2016-10-31": "77.55930", "2016-07-31": "77.29580", "2016-04-30": "78.24320", "2016-01-31": "77.23480", "2015-10-31": "76.18300", "2015-07-31": "76.70570", "2015-04-30": "77.57160", "2015-01-31": "77.00680", "2014-10-31": "77.47340", "2014-07-31": "77.85980", "2014-04-30": "77.96300", "2014-01-31": "77.89980", "2013-10-31": "76.40820", "2013-07-31": "76.05380", "2013-04-30": "78.42130", "2013-01-31": "76.62510", "2012-10-31": "77.42820", "2012-07-31": "77.51220", "2012-04-30": "76.76490", "2012-01-31": "78.88250", "2011-10-31": "78.13640", "2011-07-31": "78.09380", "2011-04-30": "78.14720", "2011-01-31": "76.88020", "2010-10-31": "78.76120", "2010-07-31": "80.19080", "2010-04-30": "79.58420", "2010-01-31": "80.13700", "2009-10-31": "78.36930", "2009-07-31": "79.71040", "2009-04-30": "80.69710", "2009-01-31": "80.74380", "2008-10-31": "72.03840", "2008-07-31": "80.52290", "2008-04-30": "80.37550", "2008-01-31": "80.56520", "2007-10-31": "80.30600", "2007-07-31": "80.79860", "2007-04-30": "81.08170", "2007-01-31": "80.55530", "2006-10-31": "79.95230", "2006-07-31": "79.99880", "2006-04-30": "79.62690", "2006-01-31": "78.75040", "2005-10-31": "78.20970", "2005-07-31": "76.37380", "2005-04-30": "71.46470", "2005-01-31": "71.00130"}, "Operating Margin": {"2020-10-31": "19.12660", "2020-07-31": "21.84320", "2020-04-30": "14.61640", "2020-01-31": "10.48870", "2019-10-31": "15.24190", "2019-07-31": "14.95880", "2019-04-30": "13.81200", "2019-01-31": "17.96850", "2018-10-31": "7.73820", "2018-07-31": "8.20400", "2018-04-30": "16.35020", "2018-01-31": "13.99980", "2017-10-31": "13.16500", "2017-07-31": "15.15280", "2017-04-30": "7.88240", "2017-01-31": "14.84010", "2016-10-31": "13.05890", "2016-07-31": "12.47100", "2016-04-30": "14.34800", "2016-01-31": "12.50610", "2015-10-31": "9.80280", "2015-07-31": "11.06180", "2015-04-30": "13.62640", "2015-01-31": "13.19070", "2014-10-31": "10.66760", "2014-07-31": "12.88340", "2014-04-30": "12.33040", "2014-01-31": "12.55990", "2013-10-31": "10.10430", "2013-07-31": "11.38740", "2013-04-30": "15.92430", "2013-01-31": "12.83440", "2012-10-31": "8.69410", "2012-07-31": "14.28630", "2012-04-30": "3.96150", "2012-01-31": "16.45210", "2011-10-31": "14.42050", "2011-07-31": "15.04130", "2011-04-30": "13.12900", "2011-01-31": "12.79660", "2010-10-31": "8.85770", "2010-07-31": "15.07530", "2010-04-30": "13.30000", "2010-01-31": "16.68610", "2009-10-31": "7.36740", "2009-07-31": "17.69790", "2009-04-30": "16.22990", "2009-01-31": "19.88840", "2008-10-31": "18.51000", "2008-07-31": "14.53880", "2008-04-30": "15.38640", "2008-01-31": "17.06660", "2007-10-31": "12.01530", "2007-07-31": "7.56270", "2007-04-30": "12.74990", "2007-01-31": "6.60270", "2006-10-31": "4.03490", "2006-07-31": "4.74480", "2006-04-30": "1.88910", "2006-01-31": "-0.13300", "2005-10-31": "-2.66760", "2005-07-31": "-3.02880", "2005-04-30": "-8.31960", "2005-01-31": "-10.40310"}, "EBIT Margin": {"2020-10-31": "19.12660", "2020-07-31": "21.84320", "2020-04-30": "14.61640", "2020-01-31": "10.48870", "2019-10-31": "15.24190", "2019-07-31": "14.95880", "2019-04-30": "13.81200", "2019-01-31": "17.96850", "2018-10-31": "7.73820", "2018-07-31": "8.20400", "2018-04-30": "16.35020", "2018-01-31": "13.99980", "2017-10-31": "13.16500", "2017-07-31": "15.15280", "2017-04-30": "7.88240", "2017-01-31": "14.84010", "2016-10-31": "13.05890", "2016-07-31": "12.47100", "2016-04-30": "14.34800", "2016-01-31": "12.50610", "2015-10-31": "9.80280", "2015-07-31": "11.06180", "2015-04-30": "13.62640", "2015-01-31": "13.19070", "2014-10-31": "10.66760", "2014-07-31": "12.88340", "2014-04-30": "12.33040", "2014-01-31": "12.55990", "2013-10-31": "10.10430", "2013-07-31": "11.38740", "2013-04-30": "15.92430", "2013-01-31": "12.83440", "2012-10-31": "8.69410", "2012-07-31": "14.28630", "2012-04-30": "3.96150", "2012-01-31": "16.45210", "2011-10-31": "14.42050", "2011-07-31": "15.04130", "2011-04-30": "13.12900", "2011-01-31": "12.79660", "2010-10-31": "8.85770", "2010-07-31": "15.07530", "2010-04-30": "13.30000", "2010-01-31": "16.68610", "2009-10-31": "7.36730", "2009-07-31": "17.69790", "2009-04-30": "16.22990", "2009-01-31": "19.88840", "2008-10-31": "18.51000", "2008-07-31": "14.53880", "2008-04-30": "15.38640", "2008-01-31": "17.06660", "2007-10-31": "12.01530", "2007-07-31": "7.56270", "2007-04-30": "12.74990", "2007-01-31": "6.60270", "2006-10-31": "4.03490", "2006-07-31": "4.74480", "2006-04-30": "1.88910", "2006-01-31": "-0.13300", "2005-10-31": "-2.66760", "2005-07-31": "-3.02880", "2005-04-30": "-8.31960", "2005-01-31": "-10.40310"}, "EBITDA Margin": {"2020-10-31": "", "2020-07-31": "", "2020-04-30": "", "2020-01-31": "", "2019-10-31": "", "2019-07-31": "", "2019-04-30": "", "2019-01-31": "", "2018-10-31": "", "2018-07-31": "", "2018-04-30": "", "2018-01-31": "", "2017-10-31": "", "2017-07-31": "", "2017-04-30": "", "2017-01-31": "", "2016-10-31": "", "2016-07-31": "", "2016-04-30": "", "2016-01-31": "", "2015-10-31": "", "2015-07-31": "", "2015-04-30": "", "2015-01-31": "", "2014-10-31": "", "2014-07-31": "", "2014-04-30": "", "2014-01-31": "", "2013-10-31": "", "2013-07-31": "", "2013-04-30": "", "2013-01-31": "", "2012-10-31": "", "2012-07-31": "", "2012-04-30": "", "2012-01-31": "", "2011-10-31": "", "2011-07-31": "", "2011-04-30": "", "2011-01-31": "", "2010-10-31": "", "2010-07-31": "", "2010-04-30": "", "2010-01-31": "", "2009-10-31": "", "2009-07-31": "", "2009-04-30": "", "2009-01-31": "", "2008-10-31": "", "2008-07-31": "", "2008-04-30": "", "2008-01-31": "", "2007-10-31": "", "2007-07-31": "", "2007-04-30": "", "2007-01-31": "", "2006-10-31": "", "2006-07-31": "", "2006-04-30": "", "2006-01-31": "", "2005-10-31": "", "2005-07-31": "", "2005-04-30": "", "2005-01-31": ""}, "Pre-Tax Profit Margin": {"2020-10-31": "18.68140", "2020-07-31": "24.56650", "2020-04-30": "12.79030", "2020-01-31": "11.93380", "2019-10-31": "15.46540", "2019-07-31": "15.58210", "2019-04-30": "16.01410", "2019-01-31": "17.92480", "2018-10-31": "6.57140", "2018-07-31": "9.22040", "2018-04-30": "15.35700", "2018-01-31": "15.60940", "2017-10-31": "14.34390", "2017-07-31": "16.22000", "2017-04-30": "9.11970", "2017-01-31": "16.59980", "2016-10-31": "13.05820", "2016-07-31": "13.85410", "2016-04-30": "16.06980", "2016-01-31": "11.31580", "2015-10-31": "9.52350", "2015-07-31": "11.72950", "2015-04-30": "15.05450", "2015-01-31": "14.13450", "2014-10-31": "11.52630", "2014-07-31": "13.56260", "2014-04-30": "13.14650", "2014-01-31": "14.86250", "2013-10-31": "11.69730", "2013-07-31": "12.04530", "2013-04-30": "17.36720", "2013-01-31": "15.09670", "2012-10-31": "9.40790", "2012-07-31": "13.76570", "2012-04-30": "5.43020", "2012-01-31": "17.35130", "2011-10-31": "13.71330", "2011-07-31": "14.46940", "2011-04-30": "14.54490", "2011-01-31": "14.35150", "2010-10-31": "10.57270", "2010-07-31": "14.17120", "2010-04-30": "15.93380", "2010-01-31": "17.36760", "2009-10-31": "9.40440", "2009-07-31": "19.25770", "2009-04-30": "19.33080", "2009-01-31": "20.50630", "2008-10-31": "15.79340", "2008-07-31": "15.39510", "2008-04-30": "15.43290", "2008-01-31": "19.07310", "2007-10-31": "14.97310", "2007-07-31": "11.12370", "2007-04-30": "19.46420", "2007-01-31": "9.24550", "2006-10-31": "5.63760", "2006-07-31": "5.61820", "2006-04-30": "3.32740", "2006-01-31": "1.16300", "2005-10-31": "0.30880", "2005-07-31": "11.76540", "2005-04-30": "-7.77850", "2005-01-31": "-7.93770"}, "Net Profit Margin": {"2020-10-31": "19.25570", "2020-07-31": "26.23190", "2020-04-30": "12.76170", "2020-01-31": "12.47160", "2019-10-31": "18.88350", "2019-07-31": "11.71540", "2019-04-30": "14.13590", "2019-01-31": "18.71210", "2018-10-31": "31.98760", "2018-07-31": "10.18440", "2018-04-30": "13.19090", "2018-01-31": "-0.47970", "2017-10-31": "-17.23720", "2017-07-31": "16.78950", "2017-04-30": "7.83830", "2017-01-31": "13.26440", "2016-10-31": "11.47150", "2016-07-31": "10.51980", "2016-04-30": "11.46700", "2016-01-31": "10.55830", "2015-10-31": "8.47500", "2015-07-31": "9.96520", "2015-04-30": "9.97770", "2015-01-31": "12.02650", "2014-10-31": "11.58690", "2014-07-31": "12.58230", "2014-04-30": "12.23050", "2014-01-31": "14.13420", "2013-10-31": "11.26810", "2013-07-31": "10.82880", "2013-04-30": "13.75870", "2013-01-31": "14.71620", "2012-10-31": "6.40250", "2012-07-31": "17.04940", "2012-04-30": "4.84810", "2012-01-31": "13.32420", "2011-10-31": "10.22750", "2011-07-31": "13.46500", "2011-04-30": "20.60460", "2011-01-31": "13.22550", "2010-10-31": "6.76530", "2010-07-31": "11.67220", "2010-04-30": "11.69720", "2010-01-31": "40.21780", "2009-10-31": "5.77280", "2009-07-31": "13.74250", "2009-04-30": "14.33580", "2009-01-31": "15.43140", "2008-10-31": "13.15090", "2008-07-31": "16.78130", "2008-04-30": "12.13580", "2008-01-31": "14.72270", "2007-10-31": "13.01070", "2007-07-31": "8.17340", "2007-04-30": "14.08710", "2007-01-31": "7.78020", "2006-10-31": "3.57110", "2006-07-31": "2.72360", "2006-04-30": "1.95610", "2006-01-31": "0.65220", "2005-10-31": "-5.92960", "2005-07-31": "6.87770", "2005-04-30": "-2.03490", "2005-01-31": "-5.93650"}, "Asset Turnover": {"2020-10-31": "0.12770", "2020-07-31": "0.12580", "2020-04-30": "0.11760", "2020-01-31": "0.11580", "2019-10-31": "0.13290", "2019-07-31": "0.13860", "2019-04-30": "0.13500", "2019-01-31": "0.12930", "2018-10-31": "0.12940", "2018-07-31": "0.13450", "2018-04-30": "0.13630", "2018-01-31": "0.13460", "2017-10-31": "0.12910", "2017-07-31": "0.12240", "2017-04-30": "0.12440", "2017-01-31": "0.12400", "2016-10-31": "0.12090", "2016-07-31": "0.12040", "2016-04-30": "0.12180", "2016-01-31": "0.11980", "2015-10-31": "0.11640", "2015-07-31": "0.11220", "2015-04-30": "0.11720", "2015-01-31": "0.11630", "2014-10-31": "0.11290", "2014-07-31": "0.11480", "2014-04-30": "0.11350", "2014-01-31": "0.11420", "2013-10-31": "0.11580", "2013-07-31": "0.11260", "2013-04-30": "0.12180", "2013-01-31": "0.11820", "2012-10-31": "0.10950", "2012-07-31": "0.11470", "2012-04-30": "0.11550", "2012-01-31": "0.12900", "2011-10-31": "0.11590", "2011-07-31": "0.11480", "2011-04-30": "0.12270", "2011-01-31": "0.11350", "2010-10-31": "0.11420", "2010-07-31": "0.10820", "2010-04-30": "0.11250", "2010-01-31": "0.11350", "2009-10-31": "0.11510", "2009-07-31": "0.11990", "2009-04-30": "0.12490", "2009-01-31": "0.12890", "2008-10-31": "0.12860", "2008-07-31": "0.12940", "2008-04-30": "0.13360", "2008-01-31": "0.12800", "2007-10-31": "0.12040", "2007-07-31": "0.12390", "2007-04-30": "0.12460", "2007-01-31": "0.13190", "2006-10-31": "0.13130", "2006-07-31": "0.13420", "2006-04-30": "0.12890", "2006-01-31": "0.12570", "2005-10-31": "0.11950", "2005-07-31": "0.11850", "2005-04-30": "0.11620", "2005-01-31": "0.11250"}, "Inventory Turnover Ratio": {"2020-10-31": "1.16750", "2020-07-31": "1.20770", "2020-04-30": "1.10710", "2020-01-31": "1.30270", "2019-10-31": "1.29130", "2019-07-31": "1.20320", "2019-04-30": "1.14640", "2019-01-31": "1.40220", "2018-10-31": "1.55700", "2018-07-31": "", "2018-04-30": "", "2018-01-31": "", "2017-10-31": "2.69640", "2017-07-31": "", "2017-04-30": "", "2017-01-31": "", "2016-10-31": "", "2016-07-31": "", "2016-04-30": "", "2016-01-31": "", "2015-10-31": "", "2015-07-31": "", "2015-04-30": "", "2015-01-31": "", "2014-10-31": "", "2014-07-31": "", "2014-04-30": "", "2014-01-31": "", "2013-10-31": "", "2013-07-31": "", "2013-04-30": "", "2013-01-31": "", "2012-10-31": "", "2012-07-31": "", "2012-04-30": "", "2012-01-31": "", "2011-10-31": "", "2011-07-31": "", "2011-04-30": "", "2011-01-31": "", "2010-10-31": "", "2010-07-31": "", "2010-04-30": "", "2010-01-31": "", "2009-10-31": "", "2009-07-31": "", "2009-04-30": "", "2009-01-31": "", "2008-10-31": "", "2008-07-31": "", "2008-04-30": "", "2008-01-31": "", "2007-10-31": "", "2007-07-31": "", "2007-04-30": "", "2007-01-31": "", "2006-10-31": "", "2006-07-31": "", "2006-04-30": "", "2006-01-31": "", "2005-10-31": "", "2005-07-31": "", "2005-04-30": "", "2005-01-31": ""}, "Receiveable Turnover": {"2020-10-31": "1.26120", "2020-07-31": "1.46200", "2020-04-30": "1.31780", "2020-01-31": "1.01630", "2019-10-31": "1.47060", "2019-07-31": "1.75100", "2019-04-30": "1.42570", "2019-01-31": "1.00310", "2018-10-31": "1.26060", "2018-07-31": "1.42880", "2018-04-30": "1.26260", "2018-01-31": "1.41530", "2017-10-31": "1.39500", "2017-07-31": "1.48900", "2017-04-30": "1.58420", "2017-01-31": "1.68860", "2016-10-31": "1.28030", "2016-07-31": "1.66930", "2016-04-30": "1.74120", "2016-01-31": "1.40980", "2015-10-31": "1.35780", "2015-07-31": "1.61490", "2015-04-30": "1.50020", "2015-01-31": "1.74240", "2014-10-31": "1.52600", "2014-07-31": "2.02720", "2014-04-30": "1.51890", "2014-01-31": "1.80110", "2013-10-31": "1.84060", "2013-07-31": "1.62480", "2013-04-30": "1.83640", "2013-01-31": "1.62120", "2012-10-31": "1.46550", "2012-07-31": "1.94090", "2012-04-30": "1.63120", "2012-01-31": "1.80190", "2011-10-31": "1.70790", "2011-07-31": "1.96480", "2011-04-30": "1.64880", "2011-01-31": "1.81850", "2010-10-31": "1.88170", "2010-07-31": "1.92370", "2010-04-30": "1.81830", "2010-01-31": "1.79150", "2009-10-31": "1.89830", "2009-07-31": "1.90860", "2009-04-30": "1.42260", "2009-01-31": "1.70200", "2008-10-31": "1.78890", "2008-07-31": "1.76620", "2008-04-30": "1.51150", "2008-01-31": "1.72630", "2007-10-31": "1.89410", "2007-07-31": "1.22400", "2007-04-30": "1.40570", "2007-01-31": "1.64440", "2006-10-31": "1.71620", "2006-07-31": "1.76420", "2006-04-30": "1.47300", "2006-01-31": "1.96780", "2005-10-31": "1.71550", "2005-07-31": "1.62020", "2005-04-30": "1.34750", "2005-01-31": "1.56130"}, "Days Sales In Receivables": {"2020-10-31": "71.36040", "2020-07-31": "61.55830", "2020-04-30": "68.29630", "2020-01-31": "88.55940", "2019-10-31": "61.20160", "2019-07-31": "51.40000", "2019-04-30": "63.12640", "2019-01-31": "89.71890", "2018-10-31": "71.39740", "2018-07-31": "62.98950", "2018-04-30": "71.28310", "2018-01-31": "63.58870", "2017-10-31": "64.51800", "2017-07-31": "60.44320", "2017-04-30": "56.81010", "2017-01-31": "53.29800", "2016-10-31": "70.29420", "2016-07-31": "53.91330", "2016-04-30": "51.68980", "2016-01-31": "63.83780", "2015-10-31": "66.28250", "2015-07-31": "55.73040", "2015-04-30": "59.99060", "2015-01-31": "51.65390", "2014-10-31": "58.97840", "2014-07-31": "44.39650", "2014-04-30": "59.25520", "2014-01-31": "49.96850", "2013-10-31": "48.89780", "2013-07-31": "55.39080", "2013-04-30": "49.00760", "2013-01-31": "55.51570", "2012-10-31": "61.41210", "2012-07-31": "46.37010", "2012-04-30": "55.17250", "2012-01-31": "49.94610", "2011-10-31": "52.69760", "2011-07-31": "45.80640", "2011-04-30": "54.58570", "2011-01-31": "49.49230", "2010-10-31": "47.82790", "2010-07-31": "46.78580", "2010-04-30": "49.49730", "2010-01-31": "50.23790", "2009-10-31": "47.41100", "2009-07-31": "47.15430", "2009-04-30": "63.26230", "2009-01-31": "52.87790", "2008-10-31": "50.31150", "2008-07-31": "50.95820", "2008-04-30": "59.54200", "2008-01-31": "52.13390", "2007-10-31": "47.51490", "2007-07-31": "73.53120", "2007-04-30": "64.02600", "2007-01-31": "54.73210", "2006-10-31": "52.44110", "2006-07-31": "51.01440", "2006-04-30": "61.10120", "2006-01-31": "45.73560", "2005-10-31": "52.46200", "2005-07-31": "55.54800", "2005-04-30": "66.79090", "2005-01-31": "57.64310"}, "ROE - Return On Equity": {"2020-10-31": "4.00120", "2020-07-31": "5.49650", "2020-04-30": "2.56770", "2020-01-31": "2.50470", "2019-10-31": "3.93050", "2019-07-31": "2.53650", "2019-04-30": "3.01910", "2019-01-31": "4.05620", "2018-10-31": "7.29780", "2018-07-31": "2.50980", "2018-04-30": "3.14290", "2018-01-31": "-0.11750", "2017-10-31": "-3.66130", "2017-07-31": "3.41060", "2017-04-30": "1.57830", "2017-01-31": "2.60440", "2016-10-31": "2.27520", "2016-07-31": "2.07380", "2016-04-30": "2.20240", "2016-01-31": "2.00760", "2015-10-31": "1.58780", "2015-07-31": "1.76490", "2015-04-30": "1.81390", "2015-01-31": "2.21960", "2014-10-31": "2.04360", "2014-07-31": "2.19140", "2014-04-30": "2.16900", "2014-01-31": "2.39780", "2013-10-31": "2.04030", "2013-07-31": "1.91130", "2013-04-30": "2.54510", "2013-01-31": "2.68710", "2012-10-31": "1.14310", "2012-07-31": "3.16410", "2012-04-30": "0.91580", "2012-01-31": "2.61050", "2011-10-31": "1.90080", "2011-07-31": "2.45500", "2011-04-30": "3.77730", "2011-01-31": "2.23490", "2010-10-31": "1.20950", "2010-07-31": "1.91860", "2010-04-30": "1.92160", "2010-01-31": "6.73790", "2009-10-31": "1.05890", "2009-07-31": "2.69080", "2009-04-30": "2.85060", "2009-01-31": "3.26840", "2008-10-31": "3.03570", "2008-07-31": "3.77340", "2008-04-30": "2.74510", "2008-01-31": "3.22550", "2007-10-31": "2.85530", "2007-07-31": "1.88590", "2007-04-30": "3.14130", "2007-01-31": "1.84220", "2006-10-31": "0.87000", "2006-07-31": "0.65280", "2006-04-30": "0.44850", "2006-01-31": "0.14510", "2005-10-31": "-1.24820", "2005-07-31": "1.43860", "2005-04-30": "-0.42410", "2005-01-31": "-1.18360"}, "Return On Tangible Equity": {"2020-10-31": "15.20230", "2020-07-31": "26.08480", "2020-04-30": "15.92130", "2020-01-31": "16.23540", "2019-10-31": "25.17750", "2019-07-31": "19.46760", "2019-04-30": "25.43720", "2019-01-31": "50.04080", "2018-10-31": "-1364.57200", "2018-07-31": "-21.51140", "2018-04-30": "-33.17080", "2018-01-31": "0.86950", "2017-10-31": "-37.65420", "2017-07-31": "22.70740", "2017-04-30": "12.07800", "2017-01-31": "23.37020", "2016-10-31": "17.72060", "2016-07-31": "20.86200", "2016-04-30": "21.07890", "2016-01-31": "33.32340", "2015-10-31": "16.63790", "2015-07-31": "11.44520", "2015-04-30": "10.89060", "2015-01-31": "18.17290", "2014-10-31": "14.34320", "2014-07-31": "17.85390", "2014-04-30": "23.79400", "2014-01-31": "12.34240", "2013-10-31": "11.92960", "2013-07-31": "13.23440", "2013-04-30": "21.35240", "2013-01-31": "35.01220", "2012-10-31": "28.88990", "2012-07-31": "18.85170", "2012-04-30": "7.09800", "2012-01-31": "8.15970", "2011-10-31": "6.48430", "2011-07-31": "7.89740", "2011-04-30": "12.10110", "2011-01-31": "7.32160", "2010-10-31": "4.34440", "2010-07-31": "4.23230", "2010-04-30": "4.20980", "2010-01-31": "14.02210", "2009-10-31": "2.39710", "2009-07-31": "6.52780", "2009-04-30": "7.12930", "2009-01-31": "9.09510", "2008-10-31": "9.02720", "2008-07-31": "11.32650", "2008-04-30": "6.40990", "2008-01-31": "7.69080", "2007-10-31": "6.94550", "2007-07-31": "5.12270", "2007-04-30": "8.32470", "2007-01-31": "5.31050", "2006-10-31": "3.14890", "2006-07-31": "2.52970", "2006-04-30": "1.58420", "2006-01-31": "0.58480", "2005-10-31": "-4.45570", "2005-07-31": "6.17480", "2005-04-30": "-1.40640", "2005-01-31": "-4.04080"}, "ROA - Return On Assets": {"2020-10-31": "2.44770", "2020-07-31": "3.30030", "2020-04-30": "1.50110", "2020-01-31": "1.44470", "2019-10-31": "2.50910", "2019-07-31": "1.62400", "2019-04-30": "1.90840", "2019-01-31": "2.41960", "2018-10-31": "4.13810", "2018-07-31": "1.37030", "2018-04-30": "1.79800", "2018-01-31": "-0.06460", "2017-10-31": "-2.22520", "2017-07-31": "2.05590", "2017-04-30": "0.97510", "2017-01-31": "1.64480", "2016-10-31": "1.38730", "2016-07-31": "1.26680", "2016-04-30": "1.39720", "2016-01-31": "1.26460", "2015-10-31": "0.98620", "2015-07-31": "1.11800", "2015-04-30": "1.16890", "2015-01-31": "1.39820", "2014-10-31": "1.30780", "2014-07-31": "1.44460", "2014-04-30": "1.38840", "2014-01-31": "1.61480", "2013-10-31": "1.30510", "2013-07-31": "1.21950", "2013-04-30": "1.67580", "2013-01-31": "1.73910", "2012-10-31": "0.70110", "2012-07-31": "1.95530", "2012-04-30": "0.56010", "2012-01-31": "1.71850", "2011-10-31": "1.18560", "2011-07-31": "1.54610", "2011-04-30": "2.52730", "2011-01-31": "1.50080", "2010-10-31": "0.77290", "2010-07-31": "1.26260", "2010-04-30": "1.31600", "2010-01-31": "4.56350", "2009-10-31": "0.66450", "2009-07-31": "1.64840", "2009-04-30": "1.79110", "2009-01-31": "1.98850", "2008-10-31": "1.69180", "2008-07-31": "2.17190", "2008-04-30": "1.62080", "2008-01-31": "1.88430", "2007-10-31": "1.56700", "2007-07-31": "1.01240", "2007-04-30": "1.75520", "2007-01-31": "1.02630", "2006-10-31": "0.46900", "2006-07-31": "0.36560", "2006-04-30": "0.25210", "2006-01-31": "0.08200", "2005-10-31": "-0.70830", "2005-07-31": "0.81480", "2005-04-30": "-0.23650", "2005-01-31": "-0.66780"}, "ROI - Return On Investment": {"2020-10-31": "3.92080", "2020-07-31": "5.37150", "2020-04-30": "2.50080", "2020-01-31": "2.43290", "2019-10-31": "3.81840", "2019-07-31": "2.45830", "2019-04-30": "2.92480", "2019-01-31": "3.92440", "2018-10-31": "7.04400", "2018-07-31": "2.41530", "2018-04-30": "3.02460", "2018-01-31": "-0.11280", "2017-10-31": "-3.51760", "2017-07-31": "3.27860", "2017-04-30": "1.51560", "2017-01-31": "2.49740", "2016-10-31": "2.27520", "2016-07-31": "2.07380", "2016-04-30": "2.20240", "2016-01-31": "2.00760", "2015-10-31": "1.58780", "2015-07-31": "1.75230", "2015-04-30": "1.79630", "2015-01-31": "2.19160", "2014-10-31": "2.01390", "2014-07-31": "2.15370", "2014-04-30": "2.12540", "2014-01-31": "2.34180", "2013-10-31": "1.98690", "2013-07-31": "1.85540", "2013-04-30": "2.46300", "2013-01-31": "2.59000", "2012-10-31": "1.09780", "2012-07-31": "3.02190", "2012-04-30": "0.87020", "2012-01-31": "2.61050", "2011-10-31": "1.90080", "2011-07-31": "2.45500", "2011-04-30": "3.77730", "2011-01-31": "2.23490", "2010-10-31": "1.20950", "2010-07-31": "1.91860", "2010-04-30": "1.92160", "2010-01-31": "6.73790", "2009-10-31": "1.05890", "2009-07-31": "2.69080", "2009-04-30": "2.85060", "2009-01-31": "3.26840", "2008-10-31": "3.03570", "2008-07-31": "3.77340", "2008-04-30": "2.74510", "2008-01-31": "3.22550", "2007-10-31": "2.85530", "2007-07-31": "1.88590", "2007-04-30": "3.14130", "2007-01-31": "1.84220", "2006-10-31": "0.87000", "2006-07-31": "0.65280", "2006-04-30": "0.44850", "2006-01-31": "0.14510", "2005-10-31": "-1.24820", "2005-07-31": "1.43860", "2005-04-30": "-0.42410", "2005-01-31": "-1.18360"}, "Book Value Per Share": {"2020-10-31": "32.18730", "2020-07-31": "30.32010", "2020-04-30": "28.36790", "2020-01-31": "27.66070", "2019-10-31": "27.19920", "2019-07-31": "26.19930", "2019-04-30": "26.10600", "2019-01-31": "25.35350", "2018-10-31": "23.34780", "2018-07-31": "21.29800", "2018-04-30": "21.88760", "2018-01-31": "21.08470", "2017-10-31": "21.80020", "2017-07-31": "22.78500", "2017-04-30": "22.43450", "2017-01-31": "22.10150", "2016-10-31": "21.09650", "2016-07-31": "20.60760", "2016-04-30": "20.68900", "2016-01-31": "19.73730", "2015-10-31": "20.19880", "2015-07-31": "20.12610", "2015-04-30": "19.76730", "2015-01-31": "19.13910", "2014-10-31": "19.59520", "2014-07-31": "19.25010", "2014-04-30": "18.86870", "2014-01-31": "18.32630", "2013-10-31": "18.08590", "2013-07-31": "17.72700", "2013-04-30": "17.57060", "2013-01-31": "17.12290", "2012-10-31": "16.85880", "2012-07-31": "16.08800", "2012-04-30": "15.58340", "2012-01-31": "15.08800", "2011-10-31": "14.66280", "2011-07-31": "14.76690", "2011-04-30": "14.65950", "2011-01-31": "14.45850", "2010-10-31": "14.14460", "2010-07-31": "13.89350", "2010-04-30": "13.73920", "2010-01-31": "13.44810", "2009-10-31": "12.55000", "2009-07-31": "12.21750", "2009-04-30": "11.75360", "2009-01-31": "11.29580", "2008-10-31": "10.77940", "2008-07-31": "10.71380", "2008-04-30": "10.12180", "2008-01-31": "10.02290", "2007-10-31": "9.81380", "2007-07-31": "9.17580", "2007-04-30": "9.07590", "2007-01-31": "8.78660", "2006-10-31": "8.27480", "2006-07-31": "8.23690", "2006-04-30": "8.33240", "2006-01-31": "8.19920", "2005-10-31": "8.29790", "2005-07-31": "8.33730", "2005-04-30": "8.15540", "2005-01-31": "8.33530"}, "Operating Cash Flow Per Share": {"2020-10-31": 1.307, "2020-07-31": 2.535, "2020-04-30": 2.461, "2020-01-31": "0.06360", "2019-10-31": 1.4448, "2019-07-31": 2.3902, "2019-04-30": 2.3001, "2019-01-31": "-0.94340", "2018-10-31": 0.8437, "2018-07-31": 1.8948, "2018-04-30": 0.4234, "2018-01-31": "-0.39520", "2017-10-31": 1.1765, "2017-07-31": 1.8105, "2017-04-30": 0.7932, "2017-01-31": "0.30360", "2016-10-31": 0.9391, "2016-07-31": 1.6407, "2016-04-30": 1.4383, "2016-01-31": "-0.22650", "2015-10-31": 0.9713, "2015-07-31": 1.7312, "2015-04-30": 0.9857, "2015-01-31": "-0.55560", "2014-10-31": 1.0951, "2014-07-31": 2.1571, "2014-04-30": 0.7127, "2014-01-31": "-0.47140", "2013-10-31": 1.2275, "2013-07-31": 1.6742, "2013-04-30": 0.8618, "2013-01-31": "-0.59170", "2012-10-31": 0.6911, "2012-07-31": 1.9575, "2012-04-30": 0.8531, "2012-01-31": "-0.26730", "2011-10-31": 0.4474, "2011-07-31": 2.1083, "2011-04-30": 0.6306, "2011-01-31": "-0.25800", "2010-10-31": 0.6293, "2010-07-31": 1.3781, "2010-04-30": 0.5388, "2010-01-31": "-0.30120", "2009-10-31": 0.4399, "2009-07-31": 1.5932, "2009-04-30": 0.1811, "2009-01-31": "-0.57450", "2008-10-31": 0.783, "2008-07-31": 1.5702, "2008-04-30": 0.2286, "2008-01-31": "-0.33970", "2007-10-31": 1.1564, "2007-07-31": 0.776, "2007-04-30": 0.5844, "2007-01-31": "0.37850", "2006-10-31": 0.6853, "2006-07-31": 0.4176, "2006-04-30": 0.1856, "2006-01-31": "0.13410", "2005-10-31": 0.5192, "2005-07-31": 0.4357, "2005-04-30": -0.0707, "2005-01-31": "0.97270"}, "Free Cash Flow Per Share": {"2020-10-31": 1.0776, "2020-07-31": 2.281, "2020-04-30": 2.2851, "2020-01-31": "-0.29680", "2019-10-31": 0.9382, "2019-07-31": 2.042, "2019-04-30": 2.0371, "2019-01-31": "-1.13820", "2018-10-31": 0.6587, "2018-07-31": 1.7442, "2018-04-30": 0.3002, "2018-01-31": "-0.59000", "2017-10-31": 1.0465, "2017-07-31": 1.6803, "2017-04-30": 0.7029, "2017-01-31": "0.17920", "2016-10-31": 0.8126, "2016-07-31": 1.5078, "2016-04-30": 1.3432, "2016-01-31": "-0.33120", "2015-10-31": 0.8425, "2015-07-31": 1.5777, "2015-04-30": 0.8251, "2015-01-31": "-0.68610", "2014-10-31": 0.8034, "2014-07-31": 1.973, "2014-04-30": 0.6078, "2014-01-31": "-0.56870", "2013-10-31": 1.1067, "2013-07-31": 1.5533, "2013-04-30": 0.771, "2013-01-31": "-0.68750", "2012-10-31": 0.541, "2012-07-31": 1.8665, "2012-04-30": 0.7914, "2012-01-31": "-0.34710", "2011-10-31": 0.3514, "2011-07-31": 1.9486, "2011-04-30": 0.5568, "2011-01-31": "-0.32910", "2010-10-31": 0.5489, "2010-07-31": 1.2812, "2010-04-30": 0.4972, "2010-01-31": "-0.35930", "2009-10-31": 0.3355, "2009-07-31": 1.5209, "2009-04-30": 0.1324, "2009-01-31": "-0.63740", "2008-10-31": 0.6943, "2008-07-31": 1.5201, "2008-04-30": 0.1539, "2008-01-31": "-0.40890", "2007-10-31": 1.0979, "2007-07-31": 0.693, "2007-04-30": 0.6687, "2007-01-31": "0.29550", "2006-10-31": 0.5834, "2006-07-31": 0.3332, "2006-04-30": 0.0732, "2006-01-31": "0.07760", "2005-10-31": 0.4519, "2005-07-31": 0.3403, "2005-04-30": -0.1805, "2005-01-31": "0.92430"}}, "revenue": {"Synopsys Annual Revenue (Millions of US $)": {"2020": "$3,685", "2019": "$3,361", "2018": "$3,121", "2017": "$2,725", "2016": "$2,423", "2015": "$2,242", "2014": "$2,057", "2013": "$1,962", "2012": "$1,756", "2011": "$1,536", "2010": "$1,381", "2009": "$1,360", "2008": "$1,337", "2007": "$1,212", "2006": "$1,096", "2005": "$992"}, "Synopsys Quarterly Revenue (Millions of US $)": {"2020-10-31": "$1,025", "2020-07-31": "$964", "2020-04-30": "$861", "2020-01-31": "$834", "2019-10-31": "$851", "2019-07-31": "$853", "2019-04-30": "$836", "2019-01-31": "$820", "2018-10-31": "$795", "2018-07-31": "$780", "2018-04-30": "$777", "2018-01-31": "$769", "2017-10-31": "$697", "2017-07-31": "$695", "2017-04-30": "$680", "2017-01-31": "$653", "2016-10-31": "$634", "2016-07-31": "$615", "2016-04-30": "$605", "2016-01-31": "$569", "2015-10-31": "$587", "2015-07-31": "$556", "2015-04-30": "$557", "2015-01-31": "$542", "2014-10-31": "$539", "2014-07-31": "$522", "2014-04-30": "$518", "2014-01-31": "$479", "2013-10-31": "$505", "2013-07-31": "$483", "2013-04-30": "$499", "2013-01-31": "$475", "2012-10-31": "$454", "2012-07-31": "$444", "2012-04-30": "$433", "2012-01-31": "$425", "2011-10-31": "$391", "2011-07-31": "$387", "2011-04-30": "$394", "2011-01-31": "$365", "2010-10-31": "$375", "2010-07-31": "$337", "2010-04-30": "$338", "2010-01-31": "$330", "2009-10-31": "$338", "2009-07-31": "$345", "2009-04-30": "$337", "2009-01-31": "$340", "2008-10-31": "$353", "2008-07-31": "$344", "2008-04-30": "$325", "2008-01-31": "$315", "2007-10-31": "$315", "2007-07-31": "$304", "2007-04-30": "$293", "2007-01-31": "$300", "2006-10-31": "$283", "2006-07-31": "$277", "2006-04-30": "$275", "2006-01-31": "$260", "2005-10-31": "$255", "2005-07-31": "$251", "2005-04-30": "$244", "2005-01-31": "$241"}}, "gross-profit": {"Synopsys Annual Gross Profit (Millions of US $)": {"2020": "$2,891", "2019": "$2,608", "2018": "$2,385", "2017": "$2,071", "2016": "$1,880", "2015": "$1,723", "2014": "$1,601", "2013": "$1,509", "2012": "$1,363", "2011": "$1,195", "2010": "$1,100", "2009": "$1,086", "2008": "$1,078", "2007": "$978", "2006": "$872", "2005": "$737"}, "Synopsys Quarterly Gross Profit (Millions of US $)": {"2020-10-31": "$801", "2020-07-31": "$771", "2020-04-30": "$677", "2020-01-31": "$642", "2019-10-31": "$668", "2019-07-31": "$666", "2019-04-30": "$646", "2019-01-31": "$628", "2018-10-31": "$605", "2018-07-31": "$594", "2018-04-30": "$598", "2018-01-31": "$588", "2017-10-31": "$530", "2017-07-31": "$526", "2017-04-30": "$518", "2017-01-31": "$497", "2016-10-31": "$492", "2016-07-31": "$476", "2016-04-30": "$473", "2016-01-31": "$439", "2015-10-31": "$447", "2015-07-31": "$426", "2015-04-30": "$432", "2015-01-31": "$417", "2014-10-31": "$418", "2014-07-31": "$406", "2014-04-30": "$404", "2014-01-31": "$373", "2013-10-31": "$386", "2013-07-31": "$367", "2013-04-30": "$392", "2013-01-31": "$364", "2012-10-31": "$352", "2012-07-31": "$344", "2012-04-30": "$332", "2012-01-31": "$336", "2011-10-31": "$305", "2011-07-31": "$302", "2011-04-30": "$308", "2011-01-31": "$280", "2010-10-31": "$296", "2010-07-31": "$270", "2010-04-30": "$269", "2010-01-31": "$265", "2009-10-31": "$265", "2009-07-31": "$275", "2009-04-30": "$272", "2009-01-31": "$274", "2008-10-31": "$286", "2008-07-31": "$277", "2008-04-30": "$261", "2008-01-31": "$254", "2007-10-31": "$253", "2007-07-31": "$246", "2007-04-30": "$238", "2007-01-31": "$242", "2006-10-31": "$227", "2006-07-31": "$222", "2006-04-30": "$219", "2006-01-31": "$205", "2005-10-31": "$199", "2005-07-31": "$192", "2005-04-30": "$175", "2005-01-31": "$171"}}, "operating-income": {"Synopsys Annual Operating Income (Millions of US $)": {"2020": "$620", "2019": "$520", "2018": "$360", "2017": "$348", "2016": "$317", "2015": "$266", "2014": "$249", "2013": "$246", "2012": "$190", "2011": "$213", "2010": "$184", "2009": "$208", "2008": "$219", "2007": "$118", "2006": "$29", "2005": "$-60"}, "Synopsys Quarterly Operating Income (Millions of US $)": {"2020-10-31": "$196", "2020-07-31": "$211", "2020-04-30": "$126", "2020-01-31": "$88", "2019-10-31": "$130", "2019-07-31": "$128", "2019-04-30": "$116", "2019-01-31": "$147", "2018-10-31": "$62", "2018-07-31": "$64", "2018-04-30": "$127", "2018-01-31": "$108", "2017-10-31": "$92", "2017-07-31": "$105", "2017-04-30": "$54", "2017-01-31": "$97", "2016-10-31": "$83", "2016-07-31": "$77", "2016-04-30": "$87", "2016-01-31": "$71", "2015-10-31": "$58", "2015-07-31": "$61", "2015-04-30": "$76", "2015-01-31": "$71", "2014-10-31": "$58", "2014-07-31": "$67", "2014-04-30": "$64", "2014-01-31": "$60", "2013-10-31": "$51", "2013-07-31": "$55", "2013-04-30": "$80", "2013-01-31": "$61", "2012-10-31": "$39", "2012-07-31": "$63", "2012-04-30": "$17", "2012-01-31": "$70", "2011-10-31": "$56", "2011-07-31": "$58", "2011-04-30": "$52", "2011-01-31": "$47", "2010-10-31": "$33", "2010-07-31": "$51", "2010-04-30": "$45", "2010-01-31": "$55", "2009-10-31": "$25", "2009-07-31": "$61", "2009-04-30": "$55", "2009-01-31": "$68", "2008-10-31": "$65", "2008-07-31": "$50", "2008-04-30": "$50", "2008-01-31": "$54", "2007-10-31": "$38", "2007-07-31": "$23", "2007-04-30": "$37", "2007-01-31": "$20", "2006-10-31": "$11", "2006-07-31": "$13", "2006-04-30": "$5", "2006-01-31": "$-0", "2005-10-31": "$-7", "2005-07-31": "$-8", "2005-04-30": "$-20", "2005-01-31": "$-25"}}, "ebitda": {"Synopsys Annual EBITDA (Millions of US $)": {"2020": "$891", "2019": "$785", "2018": "$569", "2017": "$537", "2016": "$524", "2015": "$478", "2014": "$442", "2013": "$434", "2012": "$347", "2011": "$341", "2010": "$285", "2009": "$310", "2008": "$316", "2007": "$223", "2006": "$144", "2005": "$109"}, "Synopsys Quarterly EBITDA (Millions of US $)": {"2020-10-31": "$263", "2020-07-31": "$281", "2020-04-30": "$193", "2020-01-31": "$154", "2019-10-31": "$196", "2019-07-31": "$195", "2019-04-30": "$182", "2019-01-31": "$212", "2018-10-31": "$120", "2018-07-31": "$117", "2018-04-30": "$180", "2018-01-31": "$152", "2017-10-31": "$137", "2017-07-31": "$152", "2017-04-30": "$101", "2017-01-31": "$146", "2016-10-31": "$132", "2016-07-31": "$127", "2016-04-30": "$138", "2016-01-31": "$128", "2015-10-31": "$115", "2015-07-31": "$114", "2015-04-30": "$127", "2015-01-31": "$122", "2014-10-31": "$110", "2014-07-31": "$116", "2014-04-30": "$112", "2014-01-31": "$104", "2013-10-31": "$97", "2013-07-31": "$103", "2013-04-30": "$127", "2013-01-31": "$108", "2012-10-31": "$81", "2012-07-31": "$104", "2012-04-30": "$60", "2012-01-31": "$102", "2011-10-31": "$88", "2011-07-31": "$90", "2011-04-30": "$85", "2011-01-31": "$78", "2010-10-31": "$63", "2010-07-31": "$72", "2010-04-30": "$70", "2010-01-31": "$81", "2009-10-31": "$52", "2009-07-31": "$86", "2009-04-30": "$79", "2009-01-31": "$93", "2008-10-31": "$89", "2008-07-31": "$73", "2008-04-30": "$75", "2008-01-31": "$79", "2007-10-31": "$65", "2007-07-31": "$48", "2007-04-30": "$63", "2007-01-31": "$47", "2006-10-31": "$40", "2006-07-31": "$41", "2006-04-30": "$34", "2006-01-31": "$29", "2005-10-31": "$24", "2005-07-31": "$31", "2005-04-30": "$30", "2005-01-31": "$25"}}, "net-income": {"Synopsys Annual Net Income (Millions of US $)": {"2020": "$664", "2019": "$532", "2018": "$433", "2017": "$137", "2016": "$267", "2015": "$226", "2014": "$259", "2013": "$248", "2012": "$182", "2011": "$221", "2010": "$237", "2009": "$168", "2008": "$190", "2007": "$130", "2006": "$25", "2005": "$-17"}, "Synopsys Quarterly Net Income (Millions of US $)": {"2020-10-31": "$197", "2020-07-31": "$253", "2020-04-30": "$110", "2020-01-31": "$104", "2019-10-31": "$161", "2019-07-31": "$100", "2019-04-30": "$118", "2019-01-31": "$154", "2018-10-31": "$254", "2018-07-31": "$79", "2018-04-30": "$102", "2018-01-31": "$-4", "2017-10-31": "$-120", "2017-07-31": "$117", "2017-04-30": "$53", "2017-01-31": "$87", "2016-10-31": "$73", "2016-07-31": "$65", "2016-04-30": "$69", "2016-01-31": "$60", "2015-10-31": "$50", "2015-07-31": "$55", "2015-04-30": "$56", "2015-01-31": "$65", "2014-10-31": "$62", "2014-07-31": "$66", "2014-04-30": "$63", "2014-01-31": "$68", "2013-10-31": "$57", "2013-07-31": "$52", "2013-04-30": "$69", "2013-01-31": "$70", "2012-10-31": "$29", "2012-07-31": "$76", "2012-04-30": "$21", "2012-01-31": "$57", "2011-10-31": "$40", "2011-07-31": "$52", "2011-04-30": "$81", "2011-01-31": "$48", "2010-10-31": "$25", "2010-07-31": "$39", "2010-04-30": "$40", "2010-01-31": "$133", "2009-10-31": "$20", "2009-07-31": "$47", "2009-04-30": "$48", "2009-01-31": "$52", "2008-10-31": "$46", "2008-07-31": "$58", "2008-04-30": "$39", "2008-01-31": "$46", "2007-10-31": "$41", "2007-07-31": "$25", "2007-04-30": "$41", "2007-01-31": "$23", "2006-10-31": "$10", "2006-07-31": "$8", "2006-04-30": "$5", "2006-01-31": "$2", "2005-10-31": "$-15", "2005-07-31": "$17", "2005-04-30": "$-5", "2005-01-31": "$-14"}}, "eps-earnings-per-share-diluted": {"Synopsys Annual EPS": {"2020": "$4.27", "2019": "$3.45", "2018": "$2.82", "2017": "$0.88", "2016": "$1.73", "2015": "$1.43", "2014": "$1.64", "2013": "$1.58", "2012": "$1.21", "2011": "$1.47", "2010": "$1.56", "2009": "$1.15", "2008": "$1.29", "2007": "$0.87", "2006": "$0.17", "2005": "$-0.12"}, "Synopsys Quarterly EPS": {"2020-10-31": "$1.27", "2020-07-31": "$1.62", "2020-04-30": "$0.71", "2020-01-31": "$0.67", "2019-10-31": "$1.02", "2019-07-31": "$0.65", "2019-04-30": "$0.77", "2019-01-31": "$1.01", "2018-10-31": "$1.65", "2018-07-31": "$0.52", "2018-04-30": "$0.67", "2018-01-31": "$-0.02", "2017-10-31": "$-0.77", "2017-07-31": "$0.75", "2017-04-30": "$0.34", "2017-01-31": "$0.56", "2016-10-31": "$0.47", "2016-07-31": "$0.42", "2016-04-30": "$0.45", "2016-01-31": "$0.39", "2015-10-31": "$0.32", "2015-07-31": "$0.35", "2015-04-30": "$0.35", "2015-01-31": "$0.41", "2014-10-31": "$0.39", "2014-07-31": "$0.42", "2014-04-30": "$0.40", "2014-01-31": "$0.43", "2013-10-31": "$0.36", "2013-07-31": "$0.33", "2013-04-30": "$0.44", "2013-01-31": "$0.45", "2012-10-31": "$0.18", "2012-07-31": "$0.50", "2012-04-30": "$0.14", "2012-01-31": "$0.39", "2011-10-31": "$0.28", "2011-07-31": "$0.35", "2011-04-30": "$0.53", "2011-01-31": "$0.31", "2010-10-31": "$0.16", "2010-07-31": "$0.26", "2010-04-30": "$0.26", "2010-01-31": "$0.88", "2009-10-31": "$0.13", "2009-07-31": "$0.32", "2009-04-30": "$0.33", "2009-01-31": "$0.37", "2008-10-31": "$0.32", "2008-07-31": "$0.39", "2008-04-30": "$0.27", "2008-01-31": "$0.31", "2007-10-31": "$0.26", "2007-07-31": "$0.17", "2007-04-30": "$0.28", "2007-01-31": "$0.16", "2006-10-31": "$0.07", "2006-07-31": "$0.05", "2006-04-30": "$0.04", "2006-01-31": "$0.01", "2005-10-31": "$-0.11", "2005-07-31": "$0.12", "2005-04-30": "$-0.03", "2005-01-31": "$-0.10"}}, "shares-outstanding": {"Synopsys Annual Shares Outstanding (Millions of Shares)": {"2020": "156", "2019": "154", "2018": "153", "2017": "155", "2016": "155", "2015": "158", "2014": "158", "2013": "157", "2012": "150", "2011": "150", "2010": "152", "2009": "146", "2008": "148", "2007": "150", "2006": "145", "2005": "145"}, "Synopsys Quarterly Shares Outstanding (Millions of Shares)": {"2020-10-31": "156", "2020-07-31": "156", "2020-04-30": "154", "2020-01-31": "155", "2019-10-31": "154", "2019-07-31": "155", "2019-04-30": "154", "2019-01-31": "153", "2018-10-31": "153", "2018-07-31": "153", "2018-04-30": "153", "2018-01-31": "149", "2017-10-31": "155", "2017-07-31": "155", "2017-04-30": "155", "2017-01-31": "154", "2016-10-31": "155", "2016-07-31": "154", "2016-04-30": "155", "2016-01-31": "155", "2015-10-31": "158", "2015-07-31": "159", "2015-04-30": "157", "2015-01-31": "157", "2014-10-31": "158", "2014-07-31": "158", "2014-04-30": "157", "2014-01-31": "157", "2013-10-31": "157", "2013-07-31": "157", "2013-04-30": "157", "2013-01-31": "155", "2012-10-31": "150", "2012-07-31": "151", "2012-04-30": "149", "2012-01-31": "147", "2011-10-31": "150", "2011-07-31": "148", "2011-04-30": "153", "2011-01-31": "154", "2010-10-31": "152", "2010-07-31": "151", "2010-04-30": "152", "2010-01-31": "151", "2009-10-31": "146", "2009-07-31": "146", "2009-04-30": "145", "2009-01-31": "143", "2008-10-31": "148", "2008-07-31": "147", "2008-04-30": "145", "2008-01-31": "151", "2007-10-31": "150", "2007-07-31": "150", "2007-04-30": "150", "2007-01-31": "148", "2006-10-31": "145", "2006-07-31": "144", "2006-04-30": "146", "2006-01-31": "147", "2005-10-31": "145", "2005-07-31": "146", "2005-04-30": "145", "2005-01-31": "146"}}, "total-assets": {"Synopsys Annual Total Assets (Millions of US $)": {"2020": "$8,030", "2019": "$6,405", "2018": "$6,146", "2017": "$5,396", "2016": "$5,240", "2015": "$5,046", "2014": "$4,775", "2013": "$4,359", "2012": "$4,148", "2011": "$3,369", "2010": "$3,287", "2009": "$2,939", "2008": "$2,742", "2007": "$2,617", "2006": "$2,158", "2005": "$2,133"}, "Synopsys Quarterly Total Assets (Millions of US $)": {"2020-10-31": "$8,030", "2020-07-31": "$7,663", "2020-04-30": "$7,322", "2020-01-31": "$7,203", "2019-10-31": "$6,405", "2019-07-31": "$6,153", "2019-04-30": "$6,194", "2019-01-31": "$6,344", "2018-10-31": "$6,146", "2018-07-31": "$5,795", "2018-04-30": "$5,699", "2018-01-31": "$5,718", "2017-10-31": "$5,396", "2017-07-31": "$5,679", "2017-04-30": "$5,467", "2017-01-31": "$5,264", "2016-10-31": "$5,240", "2016-07-31": "$5,109", "2016-04-30": "$4,965", "2016-01-31": "$4,748", "2015-10-31": "$5,046", "2015-07-31": "$4,954", "2015-04-30": "$4,756", "2015-01-31": "$4,662", "2014-10-31": "$4,775", "2014-07-31": "$4,545", "2014-04-30": "$4,561", "2014-01-31": "$4,192", "2013-10-31": "$4,359", "2013-07-31": "$4,288", "2013-04-30": "$4,099", "2013-01-31": "$4,021", "2012-10-31": "$4,148", "2012-07-31": "$3,869", "2012-04-30": "$3,744", "2012-01-31": "$3,299", "2011-10-31": "$3,369", "2011-07-31": "$3,369", "2011-04-30": "$3,209", "2011-01-31": "$3,213", "2010-10-31": "$3,287", "2010-07-31": "$3,115", "2010-04-30": "$3,005", "2010-01-31": "$2,910", "2009-10-31": "$2,939", "2009-07-31": "$2,878", "2009-04-30": "$2,696", "2009-01-31": "$2,637", "2008-10-31": "$2,742", "2008-07-31": "$2,659", "2008-04-30": "$2,430", "2008-01-31": "$2,465", "2007-10-31": "$2,617", "2007-07-31": "$2,455", "2007-04-30": "$2,351", "2007-01-31": "$2,276", "2006-10-31": "$2,158", "2006-07-31": "$2,065", "2006-04-30": "$2,132", "2006-01-31": "$2,070", "2005-10-31": "$2,133", "2005-07-31": "$2,122", "2005-04-30": "$2,102", "2005-01-31": "$2,145"}}, "cash-on-hand": {"Synopsys Annual Cash on Hand (Millions of US $)": {"2020": "$1,236", "2019": "$729", "2018": "$723", "2017": "$1,048", "2016": "$1,117", "2015": "$965", "2014": "$986", "2013": "$1,022", "2012": "$700", "2011": "$1,004", "2010": "$939", "2009": "$1,168", "2008": "$951", "2007": "$984", "2006": "$573", "2005": "$587"}, "Synopsys Quarterly Cash on Hand (Millions of US $)": {"2020-10-31": "$1,236", "2020-07-31": "$1,050", "2020-04-30": "$856", "2020-01-31": "$700", "2019-10-31": "$729", "2019-07-31": "$687", "2019-04-30": "$631", "2019-01-31": "$592", "2018-10-31": "$723", "2018-07-31": "$741", "2018-04-30": "$571", "2018-01-31": "$606", "2017-10-31": "$1,048", "2017-07-31": "$1,302", "2017-04-30": "$1,132", "2017-01-31": "$966", "2016-10-31": "$1,117", "2016-07-31": "$1,090", "2016-04-30": "$960", "2016-01-31": "$706", "2015-10-31": "$965", "2015-07-31": "$1,123", "2015-04-30": "$1,005", "2015-01-31": "$917", "2014-10-31": "$986", "2014-07-31": "$903", "2014-04-30": "$822", "2014-01-31": "$893", "2013-10-31": "$1,022", "2013-07-31": "$892", "2013-04-30": "$681", "2013-01-31": "$550", "2012-10-31": "$700", "2012-07-31": "$964", "2012-04-30": "$797", "2012-01-31": "$943", "2011-10-31": "$1,004", "2011-07-31": "$1,038", "2011-04-30": "$840", "2011-01-31": "$867", "2010-10-31": "$939", "2010-07-31": "$1,210", "2010-04-30": "$1,078", "2010-01-31": "$1,092", "2009-10-31": "$1,168", "2009-07-31": "$1,083", "2009-04-30": "$877", "2009-01-31": "$842", "2008-10-31": "$951", "2008-07-31": "$877", "2008-04-30": "$817", "2008-01-31": "$860", "2007-10-31": "$984", "2007-07-31": "$794", "2007-04-30": "$768", "2007-01-31": "$680", "2006-10-31": "$573", "2006-07-31": "$511", "2006-04-30": "$535", "2006-01-31": "$514", "2005-10-31": "$587", "2005-07-31": "$499", "2005-04-30": "$524", "2005-01-31": "$583"}}, "long-term-debt": {"Synopsys Annual Long Term Debt (Millions of US $)": {"2020": "$101", "2019": "$120", "2018": "$126", "2017": "$134", "2016": "$", "2015": "$", "2014": "$45", "2013": "$75", "2012": "$105", "2011": "$", "2010": "$", "2009": "$", "2008": "$", "2007": "$", "2006": "$", "2005": "$"}, "Synopsys Quarterly Long Term Debt (Millions of US $)": {"2020-10-31": "$101", "2020-07-31": "$107", "2020-04-30": "$114", "2020-01-31": "$123", "2019-10-31": "$120", "2019-07-31": "$125", "2019-04-30": "$126", "2019-01-31": "$127", "2018-10-31": "$126", "2018-07-31": "$124", "2018-04-30": "$128", "2018-01-31": "$131", "2017-10-31": "$134", "2017-07-31": "$138", "2017-04-30": "$140", "2017-01-31": "$143", "2016-10-31": "", "2016-07-31": "", "2016-04-30": "", "2016-01-31": "", "2015-10-31": "", "2015-07-31": "$23", "2015-04-30": "$30", "2015-01-31": "$38", "2014-10-31": "$45", "2014-07-31": "$53", "2014-04-30": "$60", "2014-01-31": "$68", "2013-10-31": "$75", "2013-07-31": "$83", "2013-04-30": "$90", "2013-01-31": "$98", "2012-10-31": "$105", "2012-07-31": "$113", "2012-04-30": "$120", "2012-01-31": "", "2011-10-31": "", "2011-07-31": "", "2011-04-30": "", "2011-01-31": "", "2010-10-31": "", "2010-07-31": "", "2010-04-30": "", "2010-01-31": "", "2009-10-31": "", "2009-07-31": "", "2009-04-30": "", "2009-01-31": "", "2008-10-31": "", "2008-07-31": "", "2008-04-30": "", "2008-01-31": "", "2007-10-31": "", "2007-07-31": "", "2007-04-30": "", "2007-01-31": "", "2006-10-31": "", "2006-07-31": "", "2006-04-30": "", "2006-01-31": "", "2005-10-31": "", "2005-07-31": "", "2005-04-30": "", "2005-01-31": ""}}, "total-liabilities": {"Synopsys Annual Total Liabilities (Millions of US $)": {"2020": "$3,118", "2019": "$2,316", "2018": "$2,661", "2017": "$2,117", "2016": "$2,045", "2015": "$1,912", "2014": "$1,719", "2013": "$1,571", "2012": "$1,604", "2011": "$1,268", "2010": "$1,186", "2009": "$1,095", "2008": "$1,214", "2007": "$1,181", "2006": "$995", "2005": "$923"}, "Synopsys Quarterly Total Liabilities (Millions of US $)": {"2020-10-31": "$3,118", "2020-07-31": "$3,062", "2020-04-30": "$3,042", "2020-01-31": "$3,048", "2019-10-31": "$2,316", "2019-07-31": "$2,214", "2019-04-30": "$2,279", "2019-01-31": "$2,560", "2018-10-31": "$2,661", "2018-07-31": "$2,631", "2018-04-30": "$2,439", "2018-01-31": "$2,577", "2017-10-31": "$2,117", "2017-07-31": "$2,256", "2017-04-30": "$2,089", "2017-01-31": "$1,940", "2016-10-31": "$2,045", "2016-07-31": "$1,988", "2016-04-30": "$1,815", "2016-01-31": "$1,757", "2015-10-31": "$1,912", "2015-07-31": "$1,816", "2015-04-30": "$1,691", "2015-01-31": "$1,725", "2014-10-31": "$1,719", "2014-07-31": "$1,549", "2014-04-30": "$1,641", "2014-01-31": "$1,369", "2013-10-31": "$1,571", "2013-07-31": "$1,552", "2013-04-30": "$1,400", "2013-01-31": "$1,418", "2012-10-31": "$1,604", "2012-07-31": "$1,478", "2012-04-30": "$1,455", "2012-01-31": "$1,127", "2011-10-31": "$1,268", "2011-07-31": "$1,247", "2011-04-30": "$1,062", "2011-01-31": "$1,055", "2010-10-31": "$1,186", "2010-07-31": "$1,065", "2010-04-30": "$947", "2010-01-31": "$939", "2009-10-31": "$1,095", "2009-07-31": "$1,115", "2009-04-30": "$1,002", "2009-01-31": "$1,033", "2008-10-31": "$1,214", "2008-07-31": "$1,128", "2008-04-30": "$995", "2008-01-31": "$1,025", "2007-10-31": "$1,181", "2007-07-31": "$1,137", "2007-04-30": "$1,037", "2007-01-31": "$1,008", "2006-10-31": "$995", "2006-07-31": "$909", "2006-04-30": "$933", "2006-01-31": "$900", "2005-10-31": "$923", "2005-07-31": "$920", "2005-04-30": "$930", "2005-01-31": "$935"}}, "total-share-holder-equity": {"Synopsys Annual Share Holder Equity (Millions of US $)": {"2020": "$4,912", "2019": "$4,089", "2018": "$3,485", "2017": "$3,280", "2016": "$3,195", "2015": "$3,134", "2014": "$3,056", "2013": "$2,788", "2012": "$2,544", "2011": "$2,101", "2010": "$2,100", "2009": "$1,844", "2008": "$1,528", "2007": "$1,436", "2006": "$1,163", "2005": "$1,211"}, "Synopsys Quarterly Share Holder Equity (Millions of US $)": {"2020-10-31": "$4,912", "2020-07-31": "$4,601", "2020-04-30": "$4,281", "2020-01-31": "$4,155", "2019-10-31": "$4,089", "2019-07-31": "$3,940", "2019-04-30": "$3,915", "2019-01-31": "$3,785", "2018-10-31": "$3,485", "2018-07-31": "$3,164", "2018-04-30": "$3,260", "2018-01-31": "$3,141", "2017-10-31": "$3,280", "2017-07-31": "$3,423", "2017-04-30": "$3,377", "2017-01-31": "$3,325", "2016-10-31": "$3,195", "2016-07-31": "$3,121", "2016-04-30": "$3,150", "2016-01-31": "$2,990", "2015-10-31": "$3,134", "2015-07-31": "$3,138", "2015-04-30": "$3,065", "2015-01-31": "$2,937", "2014-10-31": "$3,056", "2014-07-31": "$2,996", "2014-04-30": "$2,919", "2014-01-31": "$2,823", "2013-10-31": "$2,788", "2013-07-31": "$2,736", "2013-04-30": "$2,699", "2013-01-31": "$2,602", "2012-10-31": "$2,544", "2012-07-31": "$2,391", "2012-04-30": "$2,290", "2012-01-31": "$2,172", "2011-10-31": "$2,101", "2011-07-31": "$2,122", "2011-04-30": "$2,147", "2011-01-31": "$2,158", "2010-10-31": "$2,100", "2010-07-31": "$2,050", "2010-04-30": "$2,058", "2010-01-31": "$1,971", "2009-10-31": "$1,844", "2009-07-31": "$1,763", "2009-04-30": "$1,694", "2009-01-31": "$1,604", "2008-10-31": "$1,528", "2008-07-31": "$1,530", "2008-04-30": "$1,435", "2008-01-31": "$1,440", "2007-10-31": "$1,436", "2007-07-31": "$1,318", "2007-04-30": "$1,314", "2007-01-31": "$1,268", "2006-10-31": "$1,163", "2006-07-31": "$1,157", "2006-04-30": "$1,198", "2006-01-31": "$1,170", "2005-10-31": "$1,211", "2005-07-31": "$1,202", "2005-04-30": "$1,172", "2005-01-31": "$1,210"}}, "profit-margins": {"current": "18.03%"}, "gross margin": {"2020-10-31": "78.47%", "2020-07-31": "78.58%", "2020-04-30": "78.05%", "2020-01-31": "77.71%", "2019-10-31": "77.62%", "2019-07-31": "77.03%", "2019-04-30": "76.54%", "2019-01-31": "76.45%", "2018-10-31": "76.42%", "2018-07-31": "76.41%", "2018-04-30": "76.31%", "2018-01-31": "76.10%", "2017-10-31": "76.00%", "2017-07-31": "76.37%", "2017-04-30": "76.80%", "2017-01-31": "77.30%", "2016-10-31": "77.59%", "2016-07-31": "77.23%", "2016-04-30": "77.04%", "2016-01-31": "76.86%", "2015-10-31": "76.81%", "2015-07-31": "77.16%", "2015-04-30": "77.45%", "2015-01-31": "77.56%", "2014-10-31": "77.79%", "2014-07-31": "77.52%", "2014-04-30": "77.08%", "2014-01-31": "77.21%", "2013-10-31": "76.91%", "2013-07-31": "77.18%", "2013-04-30": "77.56%", "2013-01-31": "77.08%", "2012-10-31": "77.68%", "2012-07-31": "77.79%", "2012-04-30": "77.93%", "2012-01-31": "78.33%", "2011-10-31": "77.75%", "2011-07-31": "77.98%", "2011-04-30": "78.45%", "2011-01-31": "78.80%", "2010-10-31": "79.71%", "2010-07-31": "79.60%", "2010-04-30": "79.50%", "2010-01-31": "79.78%", "2009-10-31": "79.85%", "2009-07-31": "80.51%", "2009-04-30": "80.71%", "2009-01-31": "80.62%", "2008-10-31": "80.63%", "2008-07-31": "80.45%", "2008-04-30": "80.54%", "2008-01-31": "80.77%", "2007-10-31": "80.78%", "2007-07-31": "80.76%", "2007-04-30": "80.57%", "2007-01-31": "80.18%", "2006-10-31": "79.73%", "2006-07-31": "79.19%", "2006-04-30": "78.29%", "2006-01-31": "76.34%", "2005-10-31": "74.37%"}, "operating margin": {"2020-10-31": "16.86%", "2020-07-31": "15.81%", "2020-04-30": "13.89%", "2020-01-31": "13.69%", "2019-10-31": "15.51%", "2019-07-31": "13.71%", "2019-04-30": "12.04%", "2019-01-31": "12.61%", "2018-10-31": "11.57%", "2018-07-31": "12.93%", "2018-04-30": "14.70%", "2018-01-31": "12.64%", "2017-10-31": "12.77%", "2017-07-31": "12.73%", "2017-04-30": "12.04%", "2017-01-31": "13.72%", "2016-10-31": "13.12%", "2016-07-31": "12.33%", "2016-04-30": "11.96%", "2016-01-31": "11.72%", "2015-10-31": "11.86%", "2015-07-31": "12.08%", "2015-04-30": "12.55%", "2015-01-31": "12.21%", "2014-10-31": "12.05%", "2014-07-31": "11.96%", "2014-04-30": "11.59%", "2014-01-31": "12.51%", "2013-10-31": "12.59%", "2013-07-31": "12.30%", "2013-04-30": "12.98%", "2013-01-31": "9.97%", "2012-10-31": "10.76%", "2012-07-31": "12.17%", "2012-04-30": "12.29%", "2012-01-31": "14.78%", "2011-10-31": "13.86%", "2011-07-31": "12.49%", "2011-04-30": "12.44%", "2011-01-31": "12.44%", "2010-10-31": "13.33%", "2010-07-31": "13.10%", "2010-04-30": "13.77%", "2010-01-31": "14.52%", "2009-10-31": "15.37%", "2009-07-31": "18.11%", "2009-04-30": "17.32%", "2009-01-31": "17.11%", "2008-10-31": "16.38%", "2008-07-31": "14.78%", "2008-04-30": "13.11%", "2008-01-31": "12.39%", "2007-10-31": "9.74%", "2007-07-31": "7.71%", "2007-04-30": "7.03%", "2007-01-31": "4.32%", "2006-10-31": "2.65%", "2006-07-31": "1.03%", "2006-04-30": "-0.96%", "2006-01-31": "-3.47%", "2005-10-31": "-6.05%"}, "ebitda margin": {"2020-10-31": "24.19%", "2020-07-31": "23.48%", "2020-04-30": "21.71%", "2020-01-31": "21.55%", "2019-10-31": "23.36%", "2019-07-31": "21.46%", "2019-04-30": "19.53%", "2019-01-31": "19.83%", "2018-10-31": "18.23%", "2018-07-31": "19.38%", "2018-04-30": "21.14%", "2018-01-31": "19.08%", "2017-10-31": "19.67%", "2017-07-31": "19.95%", "2017-04-30": "19.60%", "2017-01-31": "21.66%", "2016-10-31": "21.67%", "2016-07-31": "21.38%", "2016-04-30": "21.36%", "2016-01-31": "21.33%", "2015-10-31": "21.32%", "2015-07-31": "21.56%", "2015-04-30": "21.99%", "2015-01-31": "21.69%", "2014-10-31": "21.48%", "2014-07-31": "21.20%", "2014-04-30": "20.96%", "2014-01-31": "21.92%", "2013-10-31": "22.17%", "2013-07-31": "21.93%", "2013-04-30": "22.44%", "2013-01-31": "19.55%", "2012-10-31": "19.76%", "2012-07-31": "20.91%", "2012-04-30": "20.78%", "2012-01-31": "22.86%", "2011-10-31": "22.19%", "2011-07-31": "20.78%", "2011-04-30": "20.26%", "2011-01-31": "20.00%", "2010-10-31": "20.72%", "2010-07-31": "20.48%", "2010-04-30": "21.39%", "2010-01-31": "22.07%", "2009-10-31": "22.79%", "2009-07-31": "25.24%", "2009-04-30": "24.31%", "2009-01-31": "24.23%", "2008-10-31": "23.64%", "2008-07-31": "22.48%", "2008-04-30": "21.21%", "2008-01-31": "20.78%", "2007-10-31": "18.40%", "2007-07-31": "16.78%", "2007-04-30": "16.57%", "2007-01-31": "14.27%", "2006-10-31": "13.15%", "2006-07-31": "12.00%", "2006-04-30": "11.34%", "2006-01-31": "11.29%", "2005-10-31": "11.10%"}, "pre tax profit margin": {"2020-10-31": "17.35%", "2020-07-31": "16.50%", "2020-04-30": "13.97%", "2020-01-31": "14.79%", "2019-10-31": "16.25%", "2019-07-31": "14.10%", "2019-04-30": "12.53%", "2019-01-31": "12.30%", "2018-10-31": "11.63%", "2018-07-31": "13.60%", "2018-04-30": "15.38%", "2018-01-31": "13.90%", "2017-10-31": "14.06%", "2017-07-31": "13.75%", "2017-04-30": "13.09%", "2017-01-31": "14.88%", "2016-10-31": "13.58%", "2016-07-31": "12.71%", "2016-04-30": "12.17%", "2016-01-31": "11.86%", "2015-10-31": "12.58%", "2015-07-31": "13.13%", "2015-04-30": "13.61%", "2015-01-31": "13.11%", "2014-10-31": "13.22%", "2014-07-31": "13.29%", "2014-04-30": "12.90%", "2014-01-31": "13.99%", "2013-10-31": "14.07%", "2013-07-31": "13.61%", "2013-04-30": "14.05%", "2013-01-31": "11.02%", "2012-10-31": "11.45%", "2012-07-31": "12.52%", "2012-04-30": "12.65%", "2012-01-31": "15.09%", "2011-10-31": "14.25%", "2011-07-31": "13.48%", "2011-04-30": "13.39%", "2011-01-31": "13.71%", "2010-10-31": "14.42%", "2010-07-31": "14.22%", "2010-04-30": "15.47%", "2010-01-31": "16.30%", "2009-10-31": "17.13%", "2009-07-31": "18.69%", "2009-04-30": "17.76%", "2009-01-31": "16.81%", "2008-10-31": "16.38%", "2008-07-31": "16.17%", "2008-04-30": "15.17%", "2008-01-31": "16.14%", "2007-10-31": "13.70%", "2007-07-31": "11.44%", "2007-04-30": "10.15%", "2007-01-31": "6.08%", "2006-10-31": "4.02%", "2006-07-31": "2.72%", "2006-04-30": "4.13%", "2006-01-31": "1.49%", "2005-10-31": "-0.71%"}, "net profit margin": {"2020-10-31": "18.02%", "2020-07-31": "17.89%", "2020-04-30": "13.97%", "2020-01-31": "14.32%", "2019-10-31": "15.86%", "2019-07-31": "18.95%", "2019-04-30": "18.72%", "2019-01-31": "18.57%", "2018-10-31": "13.81%", "2018-07-31": "1.89%", "2018-04-30": "3.23%", "2018-01-31": "1.62%", "2017-10-31": "5.03%", "2017-07-31": "12.40%", "2017-04-30": "10.77%", "2017-01-31": "11.73%", "2016-10-31": "11.02%", "2016-07-31": "10.27%", "2016-04-30": "10.10%", "2016-01-31": "9.74%", "2015-10-31": "10.08%", "2015-07-31": "10.85%", "2015-04-30": "11.53%", "2015-01-31": "12.07%", "2014-10-31": "12.59%", "2014-07-31": "12.55%", "2014-04-30": "12.09%", "2014-01-31": "12.51%", "2013-10-31": "12.64%", "2013-07-31": "11.51%", "2013-04-30": "13.03%", "2013-01-31": "10.85%", "2012-10-31": "10.42%", "2012-07-31": "11.46%", "2012-04-30": "10.39%", "2012-01-31": "14.40%", "2011-10-31": "14.38%", "2011-07-31": "13.54%", "2011-04-30": "13.12%", "2011-01-31": "10.74%", "2010-10-31": "17.17%", "2010-07-31": "17.27%", "2010-04-30": "17.76%", "2010-01-31": "18.37%", "2009-10-31": "12.28%", "2009-07-31": "14.04%", "2009-04-30": "14.85%", "2009-01-31": "14.32%", "2008-10-31": "14.14%", "2008-07-31": "14.16%", "2008-04-30": "11.99%", "2008-01-31": "12.47%", "2007-10-31": "10.73%", "2007-07-31": "8.39%", "2007-04-30": "7.11%", "2007-01-31": "4.05%", "2006-10-31": "2.28%", "2006-07-31": "0.00%", "2006-04-30": "0.86%", "2006-01-31": "-0.10%", "2005-10-31": "-1.72%"}, "pe ratio": {"current": "65.30", "2021-02-11": "67.30", "2020-10-31": "50.20", "2020-07-31": "49.31", "2020-04-30": "51.18", "2020-01-31": "47.13", "2019-10-31": "39.12", "2019-07-31": "32.46", "2019-04-30": "30.58", "2019-01-31": "24.18", "2018-10-31": "31.64", "2018-07-31": "241.70", "2018-04-30": "142.52", "2018-01-31": "343.00", "2017-10-31": "101.79", "2017-07-31": "36.12", "2017-04-30": "41.17", "2017-01-31": "33.10", "2016-10-31": "34.28", "2016-07-31": "34.50", "2016-04-30": "31.68", "2016-01-31": "30.64", "2015-10-31": "35.20", "2015-07-31": "33.89", "2015-04-30": "29.86", "2015-01-31": "26.54", "2014-10-31": "24.99", "2014-07-31": "23.46", "2014-04-30": "24.75", "2014-01-31": "25.55", "2013-10-31": "23.05", "2013-07-31": "26.27", "2013-04-30": "22.51", "2013-01-31": "26.13", "2012-10-31": "26.39", "2012-07-31": "23.30", "2012-04-30": "26.10", "2012-01-31": "18.94", "2011-10-31": "18.36", "2011-07-31": "17.63", "2011-04-30": "21.57", "2011-01-31": "27.13", "2010-10-31": "16.29", "2010-07-31": "14.27", "2010-04-30": "14.25", "2010-01-31": "12.81", "2009-10-31": "19.15", "2009-07-31": "14.91", "2009-04-30": "15.45", "2009-01-31": "13.70", "2008-10-31": "14.17", "2008-07-31": "19.37", "2008-04-30": "22.66", "2008-01-31": "21.38", "2007-10-31": "32.11", "2007-07-31": "35.97", "2007-04-30": "49.39", "2007-01-31": "83.13", "2006-10-31": "132.41"}, "price sales": {"2021-02-11": "12.07", "2020-10-31": "9.01", "2020-07-31": "8.78", "2020-04-30": "7.14", "2020-01-31": "6.74", "2019-10-31": "6.21", "2019-07-31": "6.17", "2019-04-30": "5.74", "2019-01-31": "4.50", "2018-10-31": "4.36", "2018-07-31": "4.51", "2018-04-30": "4.45", "2018-01-31": "5.00", "2017-10-31": "4.91", "2017-07-31": "4.45", "2017-04-30": "4.41", "2017-01-31": "3.87", "2016-10-31": "3.78", "2016-07-31": "3.54", "2016-04-30": "3.21", "2016-01-31": "2.98", "2015-10-31": "3.52", "2015-07-31": "3.66", "2015-04-30": "3.42", "2015-01-31": "3.19", "2014-10-31": "3.13", "2014-07-31": "2.93", "2014-04-30": "2.97", "2014-01-31": "3.18", "2013-10-31": "2.90", "2013-07-31": "3.00", "2013-04-30": "2.91", "2013-01-31": "2.80", "2012-10-31": "2.74", "2012-07-31": "2.67", "2012-04-30": "2.73", "2012-01-31": "2.73", "2011-10-31": "2.64", "2011-07-31": "2.39", "2011-04-30": "2.84", "2011-01-31": "2.92", "2010-10-31": "2.81", "2010-07-31": "2.44", "2010-04-30": "2.49", "2010-01-31": "2.31", "2009-10-31": "2.35", "2009-07-31": "2.11", "2009-04-30": "2.31", "2009-01-31": "1.98", "2008-10-31": "2.02", "2008-07-31": "2.74", "2008-04-30": "2.73", "2008-01-31": "2.69", "2007-10-31": "3.48", "2007-07-31": "3.07", "2007-04-30": "3.52", "2007-01-31": "3.41", "2006-10-31": "2.99"}, "price book": {"current": "8.59", "2021-02-11": "8.91", "2020-10-31": "6.64", "2020-07-31": "6.57", "2020-04-30": "5.54", "2020-01-31": "5.33", "2019-10-31": "4.99", "2019-07-31": "5.07", "2019-04-30": "4.64", "2019-01-31": "3.68", "2018-10-31": "3.83", "2018-07-31": "4.20", "2018-04-30": "3.91", "2018-01-31": "4.39", "2017-10-31": "3.97", "2017-07-31": "3.36", "2017-04-30": "3.29", "2017-01-31": "2.85", "2016-10-31": "2.81", "2016-07-31": "2.63", "2016-04-30": "2.30", "2016-01-31": "2.17", "2015-10-31": "2.47", "2015-07-31": "2.53", "2015-04-30": "2.37", "2015-01-31": "2.25", "2014-10-31": "2.09", "2014-07-31": "1.96", "2014-04-30": "1.99", "2014-01-31": "2.18", "2013-10-31": "2.01", "2013-07-31": "2.09", "2013-04-30": "2.02", "2013-01-31": "1.95", "2012-10-31": "1.91", "2012-07-31": "1.88", "2012-04-30": "1.93", "2012-01-31": "1.93", "2011-10-31": "1.83", "2011-07-31": "1.62", "2011-04-30": "1.87", "2011-01-31": "1.88", "2010-10-31": "1.81", "2010-07-31": "1.57", "2010-04-30": "1.65", "2010-01-31": "1.58", "2009-10-31": "1.75", "2009-07-31": "1.64", "2009-04-30": "1.85", "2009-01-31": "1.64", "2008-10-31": "1.70", "2008-07-31": "2.24", "2008-04-30": "2.28", "2008-01-31": "2.20", "2007-10-31": "2.88", "2007-07-31": "2.67", "2007-04-30": "3.05", "2007-01-31": "3.03", "2006-10-31": "2.72", "2006-07-31": "2.17", "2006-04-30": "2.62", "2006-01-31": "2.70"}, "price fcf": {"2021-02-11": "", "2020-10-31": "$5.35", "2020-07-31": "$5.21", "2020-04-30": "$4.97", "2020-01-31": "$4.72", "2019-10-31": "$3.88", "2019-07-31": "$3.60", "2019-04-30": "$3.30", "2019-01-31": "$1.56", "2018-10-31": "$2.11", "2018-07-31": "$2.50", "2018-04-30": "$2.44", "2018-01-31": "$2.84", "2017-10-31": "$3.61", "2017-07-31": "$3.38", "2017-04-30": "$3.20", "2017-01-31": "$3.84", "2016-10-31": "$3.33", "2016-07-31": "$3.36", "2016-04-30": "$3.43", "2016-01-31": "$2.91", "2015-10-31": "$2.56", "2015-07-31": "$2.52", "2015-04-30": "$2.92", "2015-01-31": "$2.70", "2014-10-31": "$2.82", "2014-07-31": "$3.12", "2014-04-30": "$2.70", "2014-01-31": "$2.86", "2013-10-31": "$2.74", "2013-07-31": "$2.18", "2013-04-30": "$2.49", "2013-01-31": "$2.51", "2012-10-31": "$2.85", "2012-07-31": "$2.66", "2012-04-30": "$2.74", "2012-01-31": "$2.51", "2011-10-31": "$2.53", "2011-07-31": "$2.73", "2011-04-30": "$2.06", "2011-01-31": "$2.00", "2010-10-31": "$1.97", "2010-07-31": "$1.75", "2010-04-30": "$1.99", "2010-01-31": "$1.63", "2009-10-31": "$1.35", "2009-07-31": "$1.71", "2009-04-30": "$1.71", "2009-01-31": "$1.73", "2008-10-31": "$1.96", "2008-07-31": "$2.36", "2008-04-30": "$1.54", "2008-01-31": "$2.05", "2007-10-31": "$2.76", "2007-07-31": "$2.24", "2007-04-30": "$1.88", "2007-01-31": "$1.29", "2006-10-31": "$1.07"}, "net worth": {"value": "$42.57B"}, "current ratio": {"current": "1.19", "2020-10-31": "1.19", "2020-07-31": "1.06", "2020-04-30": "0.96", "2020-01-31": "0.95", "2019-10-31": "0.99", "2019-07-31": "0.99", "2019-04-30": "0.95", "2019-01-31": "0.89", "2018-10-31": "0.73", "2018-07-31": "0.70", "2018-04-30": "0.73", "2018-01-31": "0.68", "2017-10-31": "1.04", "2017-07-31": "1.07", "2017-04-30": "1.06", "2017-01-31": "1.02", "2016-10-31": "1.00", "2016-07-31": "0.93", "2016-04-30": "0.95", "2016-01-31": "0.84", "2015-10-31": "0.93", "2015-07-31": "1.12", "2015-04-30": "1.17", "2015-01-31": "1.05", "2014-10-31": "1.09", "2014-07-31": "1.07", "2014-04-30": "1.02", "2014-01-31": "1.27", "2013-10-31": "1.18", "2013-07-31": "1.14", "2013-04-30": "1.09", "2013-01-31": "0.98", "2012-10-31": "0.91", "2012-07-31": "1.14", "2012-04-30": "1.09", "2012-01-31": "1.49", "2011-10-31": "1.32", "2011-07-31": "1.39", "2011-04-30": "1.49", "2011-01-31": "1.52", "2010-10-31": "1.35", "2010-07-31": "1.79", "2010-04-30": "1.92", "2010-01-31": "1.93", "2009-10-31": "1.80", "2009-07-31": "1.78", "2009-04-30": "1.78", "2009-01-31": "1.65", "2008-10-31": "1.46", "2008-07-31": "1.48", "2008-04-30": "1.72", "2008-01-31": "1.72", "2007-10-31": "1.29", "2007-07-31": "1.22", "2007-04-30": "1.25", "2007-01-31": "1.17", "2006-10-31": "1.03", "2006-07-31": "0.99", "2006-04-30": "1.15", "2006-01-31": "1.09", "2005-10-31": "1.16", "2005-07-31": "0.97", "2005-04-30": "1.03", "2005-01-31": "1.06"}, "quick ratio": {"2020-10-31": "1.10", "2020-07-31": "0.99", "2020-04-30": "0.87", "2020-01-31": "0.88", "2019-10-31": "0.91", "2019-07-31": "0.90", "2019-04-30": "0.85", "2019-01-31": "0.82", "2018-10-31": "0.68", "2018-07-31": "0.00", "2018-04-30": "0.00", "2018-01-31": "0.00", "2017-10-31": "1.00", "2017-07-31": "0.00", "2017-04-30": "0.00", "2017-01-31": "0.00", "2016-10-31": "0.00", "2016-07-31": "0.00", "2016-04-30": "0.00", "2016-01-31": "0.00", "2015-10-31": "0.00", "2015-07-31": "0.00", "2015-04-30": "0.00", "2015-01-31": "0.00", "2014-10-31": "0.00", "2014-07-31": "0.00", "2014-04-30": "0.00", "2014-01-31": "0.00", "2013-10-31": "0.00", "2013-07-31": "0.00", "2013-04-30": "0.00", "2013-01-31": "0.00", "2012-10-31": "0.00", "2012-07-31": "0.00", "2012-04-30": "0.00", "2012-01-31": "0.00", "2011-10-31": "0.00", "2011-07-31": "0.00", "2011-04-30": "0.00", "2011-01-31": "0.00", "2010-10-31": "0.00", "2010-07-31": "0.00", "2010-04-30": "0.00", "2010-01-31": "0.00", "2009-10-31": "0.00", "2009-07-31": "0.00", "2009-04-30": "0.00", "2009-01-31": "0.00", "2008-10-31": "0.00", "2008-07-31": "0.00", "2008-04-30": "0.00", "2008-01-31": "0.00", "2007-10-31": "0.00", "2007-07-31": "0.00", "2007-04-30": "0.00", "2007-01-31": "0.00", "2006-10-31": "0.00", "2006-07-31": "0.00", "2006-04-30": "0.00", "2006-01-31": "0.00", "2005-10-31": "0.00", "2005-07-31": "0.00", "2005-04-30": "0.00", "2005-01-31": "0.00"}, "debt equity ratio": {"current": "0.02", "2020-10-31": "0.64", "2020-07-31": "0.67", "2020-04-30": "0.71", "2020-01-31": "0.73", "2019-10-31": "0.57", "2019-07-31": "0.56", "2019-04-30": "0.58", "2019-01-31": "0.68", "2018-10-31": "0.76", "2018-07-31": "0.83", "2018-04-30": "0.75", "2018-01-31": "0.82", "2017-10-31": "0.65", "2017-07-31": "0.66", "2017-04-30": "0.62", "2017-01-31": "0.58", "2016-10-31": "0.64", "2016-07-31": "0.64", "2016-04-30": "0.58", "2016-01-31": "0.59", "2015-10-31": "0.61", "2015-07-31": "0.58", "2015-04-30": "0.55", "2015-01-31": "0.59", "2014-10-31": "0.56", "2014-07-31": "0.52", "2014-04-30": "0.56", "2014-01-31": "0.49", "2013-10-31": "0.56", "2013-07-31": "0.57", "2013-04-30": "0.52", "2013-01-31": "0.55", "2012-10-31": "0.63", "2012-07-31": "0.62", "2012-04-30": "0.64", "2012-01-31": "0.52", "2011-10-31": "0.60", "2011-07-31": "0.59", "2011-04-30": "0.50", "2011-01-31": "0.49", "2010-10-31": "0.57", "2010-07-31": "0.52", "2010-04-30": "0.46", "2010-01-31": "0.48", "2009-10-31": "0.59", "2009-07-31": "0.63", "2009-04-30": "0.59", "2009-01-31": "0.64", "2008-10-31": "0.79", "2008-07-31": "0.74", "2008-04-30": "0.69", "2008-01-31": "0.71", "2007-10-31": "0.82", "2007-07-31": "0.86", "2007-04-30": "0.79", "2007-01-31": "0.80", "2006-10-31": "0.86", "2006-07-31": "0.79", "2006-04-30": "0.78", "2006-01-31": "0.77", "2005-10-31": "0.76", "2005-07-31": "0.77", "2005-04-30": "0.79", "2005-01-31": "0.77"}, "return on equity": {"2020-10-31": "14.80%", "2020-07-31": "14.67%", "2020-04-30": "11.54%", "2020-01-31": "12.00%", "2019-10-31": "13.55%", "2019-07-31": "16.56%", "2019-04-30": "16.87%", "2019-01-31": "17.20%", "2018-10-31": "13.21%", "2018-07-31": "1.78%", "2018-04-30": "2.90%", "2018-01-31": "1.39%", "2017-10-31": "4.09%", "2017-07-31": "9.91%", "2017-04-30": "8.54%", "2017-01-31": "9.19%", "2016-10-31": "8.57%", "2016-07-31": "7.87%", "2016-04-30": "7.54%", "2016-01-31": "7.17%", "2015-10-31": "7.37%", "2015-07-31": "7.81%", "2015-04-30": "8.26%", "2015-01-31": "8.60%", "2014-10-31": "8.78%", "2014-07-31": "8.81%", "2014-04-30": "8.52%", "2014-01-31": "8.91%", "2013-10-31": "9.16%", "2013-07-31": "8.32%", "2013-04-30": "9.53%", "2013-01-31": "7.98%", "2012-10-31": "7.79%", "2012-07-31": "8.67%", "2012-04-30": "7.83%", "2012-01-31": "10.77%", "2011-10-31": "10.37%", "2011-07-31": "9.66%", "2011-04-30": "9.13%", "2011-01-31": "7.27%", "2010-10-31": "11.59%", "2010-07-31": "11.71%", "2010-04-30": "12.57%", "2010-01-31": "13.64%", "2009-10-31": "9.67%", "2009-07-31": "11.72%", "2009-04-30": "12.84%", "2009-01-31": "12.79%", "2008-10-31": "12.74%", "2008-07-31": "12.60%", "2008-04-30": "10.73%", "2008-01-31": "11.11%", "2007-10-31": "9.75%", "2007-07-31": "7.82%", "2007-04-30": "6.69%", "2007-01-31": "3.84%", "2006-10-31": "2.13%", "2006-07-31": "0.00%", "2006-04-30": "0.75%", "2006-01-31": "-0.08%", "2005-10-31": "-1.42%"}, "return on assets": {"2020-10-31": "8.79%", "2020-07-31": "8.79%", "2020-04-30": "7.02%", "2020-01-31": "7.44%", "2019-10-31": "8.50%", "2019-07-31": "10.08%", "2019-04-30": "9.89%", "2019-01-31": "9.82%", "2018-10-31": "7.38%", "2018-07-31": "1.01%", "2018-04-30": "1.69%", "2018-01-31": "0.83%", "2017-10-31": "2.51%", "2017-07-31": "6.10%", "2017-04-30": "5.28%", "2017-01-31": "5.71%", "2016-10-31": "5.32%", "2016-07-31": "4.91%", "2016-04-30": "4.75%", "2016-01-31": "4.53%", "2015-10-31": "4.66%", "2015-07-31": "4.97%", "2015-04-30": "5.32%", "2015-01-31": "5.52%", "2014-10-31": "5.73%", "2014-07-31": "5.75%", "2014-04-30": "5.52%", "2014-01-31": "5.81%", "2013-10-31": "5.92%", "2013-07-31": "5.32%", "2013-04-30": "6.05%", "2013-01-31": "4.97%", "2012-10-31": "4.86%", "2012-07-31": "5.43%", "2012-04-30": "4.93%", "2012-01-31": "6.95%", "2011-10-31": "6.72%", "2011-07-31": "6.30%", "2011-04-30": "6.02%", "2011-01-31": "4.82%", "2010-10-31": "7.70%", "2010-07-31": "7.75%", "2010-04-30": "8.18%", "2010-01-31": "8.68%", "2009-10-31": "5.99%", "2009-07-31": "7.05%", "2009-04-30": "7.60%", "2009-01-31": "7.45%", "2008-10-31": "7.34%", "2008-07-31": "7.24%", "2008-04-30": "6.06%", "2008-01-31": "6.19%", "2007-10-31": "5.36%", "2007-07-31": "4.29%", "2007-04-30": "3.71%", "2007-01-31": "2.13%", "2006-10-31": "1.19%", "2006-07-31": "0.00%", "2006-04-30": "0.43%", "2006-01-31": "-0.05%", "2005-10-31": "-0.80%"}, "return on investments": {"2020-10-31": "13.51%", "2020-07-31": "12.62%", "2020-04-30": "11.14%", "2020-01-31": "11.14%", "2019-10-31": "12.84%", "2019-07-31": "11.59%", "2019-04-30": "10.48%", "2019-01-31": "11.27%", "2018-10-31": "10.65%", "2018-07-31": "11.70%", "2018-04-30": "12.67%", "2018-01-31": "10.43%", "2017-10-31": "9.97%", "2017-07-31": "12.86%", "2017-04-30": "17.81%", "2017-01-31": "39.69%", "2016-10-31": "inf%", "2016-07-31": "inf%", "2016-04-30": "35.05%", "2016-01-31": "17.01%", "2015-10-31": "11.53%", "2015-07-31": "8.60%", "2015-04-30": "8.87%", "2015-01-31": "8.56%", "2014-10-31": "8.25%", "2014-07-31": "8.22%", "2014-04-30": "7.96%", "2014-01-31": "8.66%", "2013-10-31": "8.84%", "2013-07-31": "8.58%", "2013-04-30": "9.13%", "2013-01-31": "7.02%", "2012-10-31": "10.00%", "2012-07-31": "16.77%", "2012-04-30": "33.36%", "2012-01-31": "inf%", "2011-10-31": "inf%", "2011-07-31": "inf%", "2011-04-30": "inf%", "2011-01-31": "inf%", "2010-10-31": "inf%", "2010-07-31": "inf%", "2010-04-30": "inf%", "2010-01-31": "inf%", "2009-10-31": "inf%", "2009-07-31": "inf%", "2009-04-30": "inf%", "2009-01-31": "inf%", "2008-10-31": "inf%", "2008-07-31": "inf%", "2008-04-30": "inf%", "2008-01-31": "inf%", "2007-10-31": "inf%", "2007-07-31": "inf%", "2007-04-30": "inf%", "2007-01-31": "inf%", "2006-10-31": "inf%", "2006-07-31": "inf%", "2006-04-30": "inf%", "2006-01-31": "inf%", "2005-10-31": "inf%"}, "return on tangible equity": {"2020-10-31": "73.90%", "2020-07-31": "85.47%", "2020-04-30": "76.55%", "2020-01-31": "85.60%", "2019-10-31": "110.87%", "2019-07-31": "197.79%", "2019-04-30": "630.21%", "2019-01-31": "-604.10%", "2018-10-31": "-153.65%", "2018-07-31": "-29.08%", "2018-04-30": "383.84%", "2018-01-31": "21.67%", "2017-10-31": "33.31%", "2017-07-31": "76.04%", "2017-04-30": "72.58%", "2017-01-31": "82.82%", "2016-10-31": "86.90%", "2016-07-31": "87.30%", "2016-04-30": "72.45%", "2016-01-31": "60.01%", "2015-10-31": "54.72%", "2015-07-31": "53.24%", "2015-04-30": "59.57%", "2015-01-31": "71.71%", "2014-10-31": "64.07%", "2014-07-31": "61.24%", "2014-04-30": "56.94%", "2014-01-31": "56.49%", "2013-10-31": "71.16%", "2013-07-31": "86.44%", "2013-04-30": "95.31%", "2013-01-31": "78.64%", "2012-10-31": "49.06%", "2012-07-31": "38.66%", "2012-04-30": "30.02%", "2012-01-31": "34.85%", "2011-10-31": "33.95%", "2011-07-31": "32.02%", "2011-04-30": "27.15%", "2011-01-31": "19.54%", "2010-10-31": "27.88%", "2010-07-31": "25.56%", "2010-04-30": "28.00%", "2010-01-31": "31.33%", "2009-10-31": "23.90%", "2009-07-31": "30.95%", "2009-04-30": "35.84%", "2009-01-31": "35.23%", "2008-10-31": "33.72%", "2008-07-31": "31.74%", "2008-04-30": "26.33%", "2008-01-31": "28.13%", "2007-10-31": "25.84%", "2007-07-31": "22.73%", "2007-04-30": "21.09%", "2007-01-31": "13.16%", "2006-10-31": "8.01%", "2006-07-31": "0.00%", "2006-04-30": "2.88%", "2006-01-31": "-0.32%", "2005-10-31": "-5.12%"}, "dividend yield history": {"last payout": "$0.00", "last yield": "0.00%"}}