{"ticker": "SON", "price": {"title": "Sonoco Products Historical Annual Stock Price Data", "value": 59.81, "historical": {"2021": {"Average Stock Price": "59.8567", "Year Open": "58.4000", "Year High": "61.6100", "Year Low": "57.7500", "Year Close": "59.8100", "Annual % Change": "0.95%"}, "2020": {"Average Stock Price": "52.9960", "Year Open": "60.8800", "Year High": "61.7400", "Year Low": "37.9200", "Year Close": "59.2500", "Annual % Change": "-4.00%"}, "2019": {"Average Stock Price": "59.8625", "Year Open": "52.2600", "Year High": "66.3800", "Year Low": "51.5100", "Year Close": "61.7200", "Annual % Change": "16.17%"}, "2018": {"Average Stock Price": "53.2093", "Year Open": "53.8800", "Year High": "58.3800", "Year Low": "46.6000", "Year Close": "53.1300", "Annual % Change": "-0.02%"}, "2017": {"Average Stock Price": "51.7166", "Year Open": "53.3300", "Year High": "55.4500", "Year Low": "47.1500", "Year Close": "53.1400", "Annual % Change": "0.83%"}, "2016": {"Average Stock Price": "48.4901", "Year Open": "40.2500", "Year High": "55.2500", "Year Low": "37.0100", "Year Close": "52.7000", "Annual % Change": "28.95%"}, "2015": {"Average Stock Price": "43.1150", "Year Open": "43.4700", "Year High": "47.4400", "Year Low": "37.2600", "Year Close": "40.8700", "Annual % Change": "-6.48%"}, "2014": {"Average Stock Price": "41.4804", "Year Open": "41.6300", "Year High": "44.5000", "Year Low": "37.5500", "Year Close": "43.7000", "Annual % Change": "4.75%"}, "2013": {"Average Stock Price": "36.3524", "Year Open": "30.3500", "Year High": "41.7200", "Year Low": "30.0200", "Year Close": "41.7200", "Annual % Change": "40.33%"}, "2012": {"Average Stock Price": "31.3350", "Year Open": "33.1700", "Year High": "34.4900", "Year Low": "29.2000", "Year Close": "29.7300", "Annual % Change": "-9.80%"}, "2011": {"Average Stock Price": "33.2594", "Year Open": "34.6100", "Year High": "36.8000", "Year Low": "27.3400", "Year Close": "32.9600", "Annual % Change": "-2.11%"}, "2010": {"Average Stock Price": "31.9177", "Year Open": "30.0500", "Year High": "34.8300", "Year Low": "26.9500", "Year Close": "33.6700", "Annual % Change": "15.11%"}, "2009": {"Average Stock Price": "24.9290", "Year Open": "24.1100", "Year High": "30.3100", "Year Low": "16.9500", "Year Close": "29.2500", "Annual % Change": "26.30%"}, "2008": {"Average Stock Price": "29.5826", "Year Open": "32.8700", "Year High": "35.6100", "Year Low": "21.2200", "Year Close": "23.1600", "Annual % Change": "-29.13%"}, "2007": {"Average Stock Price": "36.8603", "Year Open": "38.4900", "Year High": "44.8900", "Year Low": "28.5100", "Year Close": "32.6800", "Annual % Change": "-14.14%"}, "2006": {"Average Stock Price": "33.2201", "Year Open": "29.2500", "Year High": "38.6400", "Year Low": "29.2500", "Year Close": "38.0600", "Annual % Change": "29.46%"}, "2005": {"Average Stock Price": "27.7929", "Year Open": "29.2400", "Year High": "30.4800", "Year Low": "25.6800", "Year Close": "29.4000", "Annual % Change": "-0.84%"}, "2004": {"Average Stock Price": "25.6711", "Year Open": "24.5800", "Year High": "29.7000", "Year Low": "22.8600", "Year Close": "29.6500", "Annual % Change": "20.43%"}, "2003": {"Average Stock Price": "22.2051", "Year Open": "23.2900", "Year High": "24.7300", "Year Low": "19.4700", "Year Close": "24.6200", "Annual % Change": "7.37%"}, "2002": {"Average Stock Price": "25.5681", "Year Open": "26.3200", "Year High": "29.7000", "Year Low": "19.8100", "Year Close": "22.9300", "Annual % Change": "-13.73%"}, "2001": {"Average Stock Price": "23.8275", "Year Open": "21.3100", "Year High": "26.5800", "Year Low": "19.6900", "Year Close": "26.5800", "Annual % Change": "22.94%"}, "2000": {"Average Stock Price": "19.8738", "Year Open": "21.8800", "Year High": "23.0000", "Year Low": "16.8800", "Year Close": "21.6200", "Annual % Change": "-4.97%"}, "1999": {"Average Stock Price": "25.4173", "Year Open": "28.0000", "Year High": "29.9400", "Year Low": "21.0600", "Year Close": "22.7500", "Annual % Change": "-23.19%"}, "1998": {"Average Stock Price": "32.4661", "Year Open": "34.1300", "Year High": "42.8100", "Year Low": "22.4400", "Year Close": "29.6200", "Annual % Change": "-14.62%"}, "1997": {"Average Stock Price": "30.4767", "Year Open": "25.1300", "Year High": "35.3700", "Year Low": "24.8800", "Year Close": "34.6900", "Annual % Change": "34.04%"}, "1996": {"Average Stock Price": "27.7924", "Year Open": "26.6300", "Year High": "30.8700", "Year Low": "25.8800", "Year Close": "25.8800", "Annual % Change": "-1.41%"}, "1995": {"Average Stock Price": "24.9707", "Year Open": "21.5000", "Year High": "28.6300", "Year Low": "20.7500", "Year Close": "26.2500", "Annual % Change": "20.03%"}, "1994": {"Average Stock Price": "22.2288", "Year Open": "22.0000", "Year High": "25.5000", "Year Low": "19.7500", "Year Close": "21.8700", "Annual % Change": "-0.59%"}, "1993": {"Average Stock Price": "22.5228", "Year Open": "23.7500", "Year High": "24.7500", "Year Low": "20.1200", "Year Close": "22.0000", "Annual % Change": "-7.85%"}, "1992": {"Average Stock Price": "21.0354", "Year Open": "17.6250", "Year High": "25.0000", "Year Low": "17.2500", "Year Close": "23.8750", "Annual % Change": "38.41%"}, "1991": {"Average Stock Price": "17.4388", "Year Open": "16.2500", "Year High": "19.2500", "Year Low": "14.6250", "Year Close": "17.2500", "Annual % Change": "6.15%"}, "1990": {"Average Stock Price": "15.5460", "Year Open": "18.6850", "Year High": "18.8750", "Year Low": "12.6250", "Year Close": "16.2500", "Annual % Change": "-12.16%"}, "1989": {"Average Stock Price": "17.8488", "Year Open": "17.4350", "Year High": "19.5000", "Year Low": "16.5000", "Year Close": "18.5000", "Annual % Change": "8.03%"}, "1988": {"Average Stock Price": "14.1369", "Year Open": "10.9400", "Year High": "17.2500", "Year Low": "9.8750", "Year Close": "17.1250", "Annual % Change": "61.18%"}, "1987": {"Average Stock Price": "12.5751", "Year Open": "9.4375", "Year High": "15.2500", "Year Low": "9.4375", "Year Close": "10.6250", "Annual % Change": "11.84%"}, "1986": {"Average Stock Price": "9.2574", "Year Open": "7.4375", "Year High": "10.1250", "Year Low": "7.4375", "Year Close": "9.5000", "Annual % Change": "23.58%"}}}, "market cap": {"value": "$6.01B"}, "income statement": {"Revenue": {"2019-12-31": "5374.20700", "2018-12-31": "5390.93800", "2017-12-31": "5036.65000", "2016-12-31": "4782.87700", "2015-12-31": "4964.36900", "2014-12-31": "5016.99400", "2013-12-31": "4861.65700", "2012-12-31": "4813.57100", "2011-12-31": "4498.93200", "2010-12-31": "4124.12100", "2009-12-31": "3597.33100", "2008-12-31": "4122.38500", "2007-12-31": "4039.99200", "2006-12-31": "3656.83900", "2005-12-31": "3528.57400"}, "Cost Of Goods Sold": {"2019-12-31": "4316.37800", "2018-12-31": "4349.93200", "2017-12-31": "4077.99800", "2016-12-31": "3836.59400", "2015-12-31": "4034.94700", "2014-12-31": "4109.10800", "2013-12-31": "4000.01300", "2012-12-31": "3974.00700", "2011-12-31": "3742.14900", "2010-12-31": "3356.58900", "2009-12-31": "2931.28500", "2008-12-31": "3398.35500", "2007-12-31": "3286.19800", "2006-12-31": "2951.79900", "2005-12-31": "2867.62300"}, "Gross Profit": {"2019-12-31": "1057.82900", "2018-12-31": "1041.00600", "2017-12-31": "958.65190", "2016-12-31": "946.28300", "2015-12-31": "929.42210", "2014-12-31": "907.88620", "2013-12-31": "861.64430", "2012-12-31": "839.56370", "2011-12-31": "756.78320", "2010-12-31": "767.53200", "2009-12-31": "666.04610", "2008-12-31": "724.02980", "2007-12-31": "753.79390", "2006-12-31": "705.04000", "2005-12-31": "660.95090"}, "Research And Development Expenses": {"2019-12-31": "", "2018-12-31": "", "2017-12-31": "", "2016-12-31": "", "2015-12-31": "", "2014-12-31": "", "2013-12-31": "", "2012-12-31": "", "2011-12-31": "", "2010-12-31": "", "2009-12-31": "", "2008-12-31": "", "2007-12-31": "", "2006-12-31": "", "2005-12-31": ""}, "SG&A Expenses": {"2019-12-31": "530.86700", "2018-12-31": "563.30600", "2017-12-31": "507.82400", "2016-12-31": "503.04900", "2015-12-31": "496.24100", "2014-12-31": "506.99600", "2013-12-31": "487.17100", "2012-12-31": "463.71500", "2011-12-31": "397.47700", "2010-12-31": "405.35600", "2009-12-31": "386.45900", "2008-12-31": "374.39600", "2007-12-31": "409.71900", "2006-12-31": "358.95200", "2005-12-31": "364.96700"}, "Other Operating Income Or Expenses": {"2019-12-31": "", "2018-12-31": "", "2017-12-31": "", "2016-12-31": "", "2015-12-31": "", "2014-12-31": "", "2013-12-31": "", "2012-12-31": "", "2011-12-31": "", "2010-12-31": "", "2009-12-31": "", "2008-12-31": "", "2007-12-31": "", "2006-12-31": "", "2005-12-31": ""}, "Operating Expenses": {"2019-12-31": "4907.12500", "2018-12-31": "4953.30900", "2017-12-31": "4624.24100", "2016-12-31": "4382.52600", "2015-12-31": "4581.82500", "2014-12-31": "4638.89600", "2013-12-31": "4512.22200", "2012-12-31": "4470.58000", "2011-12-31": "4176.45200", "2010-12-31": "3785.94400", "2009-12-31": "3344.54500", "2008-12-31": "3872.81200", "2007-12-31": "3732.10800", "2006-12-31": "3336.72100", "2005-12-31": "3253.82700"}, "Operating Income": {"2019-12-31": "467.08200", "2018-12-31": "437.62890", "2017-12-31": "412.40870", "2016-12-31": "400.35110", "2015-12-31": "382.54390", "2014-12-31": "378.09810", "2013-12-31": "349.43510", "2012-12-31": "342.99070", "2011-12-31": "322.48000", "2010-12-31": "338.17700", "2009-12-31": "252.78610", "2008-12-31": "249.57280", "2007-12-31": "307.88400", "2006-12-31": "320.11820", "2005-12-31": "274.74680"}, "Total Non-Operating Income/Expense": {"2019-12-31": "-86.31600", "2018-12-31": "-59.09800", "2017-12-31": "-97.85500", "2016-12-31": "40.92600", "2015-12-31": "-54.59800", "2014-12-31": "-52.39100", "2013-12-31": "-56.72600", "2012-12-31": "-59.98500", "2011-12-31": "-38.07400", "2010-12-31": "-83.72300", "2009-12-31": "-38.56500", "2008-12-31": "-47.19700", "2007-12-31": "-52.25800", "2006-12-31": "-45.31000", "2005-12-31": "-43.62100"}, "Pre-Tax Income": {"2019-12-31": "380.76600", "2018-12-31": "378.53100", "2017-12-31": "314.55400", "2016-12-31": "441.27700", "2015-12-31": "327.94600", "2014-12-31": "325.70700", "2013-12-31": "292.70900", "2012-12-31": "283.00600", "2011-12-31": "284.40600", "2010-12-31": "254.45400", "2009-12-31": "214.22100", "2008-12-31": "202.37600", "2007-12-31": "255.62600", "2006-12-31": "274.80800", "2005-12-31": "231.12600"}, "Income Taxes": {"2019-12-31": "93.26900", "2018-12-31": "75.00800", "2017-12-31": "146.58900", "2016-12-31": "164.63100", "2015-12-31": "87.73800", "2014-12-31": "108.75800", "2013-12-31": "93.63100", "2012-12-31": "100.40200", "2011-12-31": "78.42300", "2010-12-31": "64.48500", "2009-12-31": "66.81800", "2008-12-31": "54.79700", "2007-12-31": "55.18600", "2006-12-31": "93.32900", "2005-12-31": "84.17400"}, "Income After Taxes": {"2019-12-31": "287.49700", "2018-12-31": "303.52300", "2017-12-31": "167.96500", "2016-12-31": "276.64600", "2015-12-31": "240.20800", "2014-12-31": "216.94900", "2013-12-31": "199.07800", "2012-12-31": "182.60400", "2011-12-31": "205.98300", "2010-12-31": "189.96900", "2009-12-31": "147.40300", "2008-12-31": "147.57900", "2007-12-31": "200.44000", "2006-12-31": "181.47900", "2005-12-31": "146.95200"}, "Other Income": {"2019-12-31": "", "2018-12-31": "", "2017-12-31": "", "2016-12-31": "", "2015-12-31": "", "2014-12-31": "", "2013-12-31": "", "2012-12-31": "", "2011-12-31": "", "2010-12-31": "", "2009-12-31": "", "2008-12-31": "", "2007-12-31": "", "2006-12-31": "", "2005-12-31": ""}, "Income From Continuous Operations": {"2019-12-31": "292.66800", "2018-12-31": "314.73900", "2017-12-31": "177.44700", "2016-12-31": "287.88100", "2015-12-31": "250.62400", "2014-12-31": "226.83500", "2013-12-31": "211.10700", "2012-12-31": "195.40900", "2011-12-31": "218.04400", "2010-12-31": "201.47400", "2009-12-31": "155.14500", "2008-12-31": "157.25800", "2007-12-31": "212.02600", "2006-12-31": "195.08100", "2005-12-31": "161.87700"}, "Income From Discontinued Operations": {"2019-12-31": "", "2018-12-31": "", "2017-12-31": "", "2016-12-31": "", "2015-12-31": "", "2014-12-31": "", "2013-12-31": "", "2012-12-31": "", "2011-12-31": "", "2010-12-31": "", "2009-12-31": "", "2008-12-31": "", "2007-12-31": "", "2006-12-31": "", "2005-12-31": ""}, "Net Income": {"2019-12-31": "291.78500", "2018-12-31": "313.56000", "2017-12-31": "175.34500", "2016-12-31": "286.43400", "2015-12-31": "250.13600", "2014-12-31": "225.91600", "2013-12-31": "209.82500", "2012-12-31": "195.29900", "2011-12-31": "217.51700", "2010-12-31": "201.05300", "2009-12-31": "151.48200", "2008-12-31": "164.60800", "2007-12-31": "214.15600", "2006-12-31": "195.08100", "2005-12-31": "161.87700"}, "EBITDA": {"2019-12-31": "706.22200", "2018-12-31": "673.87390", "2017-12-31": "630.03370", "2016-12-31": "605.53310", "2015-12-31": "595.70500", "2014-12-31": "576.81620", "2013-12-31": "547.10610", "2012-12-31": "543.39370", "2011-12-31": "502.35100", "2010-12-31": "507.84200", "2009-12-31": "426.37310", "2008-12-31": "432.60680", "2007-12-31": "489.22300", "2006-12-31": "484.98120", "2005-12-31": "437.82080"}, "EBIT": {"2019-12-31": "467.08200", "2018-12-31": "437.62890", "2017-12-31": "412.40870", "2016-12-31": "400.35110", "2015-12-31": "382.54390", "2014-12-31": "378.09810", "2013-12-31": "349.43510", "2012-12-31": "342.99070", "2011-12-31": "322.48000", "2010-12-31": "338.17700", "2009-12-31": "252.78610", "2008-12-31": "249.57280", "2007-12-31": "307.88400", "2006-12-31": "320.11820", "2005-12-31": "274.74680"}, "Basic Shares Outstanding": {"2019-12-31": "100.74200", "2018-12-31": "100.53900", "2017-12-31": "100.23700", "2016-12-31": "101.09300", "2015-12-31": "101.48200", "2014-12-31": "102.21500", "2013-12-31": "102.57700", "2012-12-31": "101.80400", "2011-12-31": "101.07100", "2010-12-31": "101.59900", "2009-12-31": "100.78000", "2008-12-31": "100.32100", "2007-12-31": "100.63200", "2006-12-31": "100.07300", "2005-12-31": "99.33600"}, "Shares Outstanding": {"2019-12-31": "101.17600", "2018-12-31": "101.01600", "2017-12-31": "100.85200", "2016-12-31": "101.78200", "2015-12-31": "102.39200", "2014-12-31": "103.17200", "2013-12-31": "103.24800", "2012-12-31": "102.57300", "2011-12-31": "102.17300", "2010-12-31": "102.54300", "2009-12-31": "101.02900", "2008-12-31": "100.98600", "2007-12-31": "101.87500", "2006-12-31": "101.53400", "2005-12-31": "100.41800"}, "Basic EPS": {"2019-12-31": "2.90000", "2018-12-31": "3.12000", "2017-12-31": "1.75000", "2016-12-31": "2.83000", "2015-12-31": "2.46000", "2014-12-31": "2.21000", "2013-12-31": "2.05000", "2012-12-31": "1.92000", "2011-12-31": "2.15000", "2010-12-31": "1.98000", "2009-12-31": "1.50000", "2008-12-31": "1.64000", "2007-12-31": "2.13000", "2006-12-31": "1.95000", "2005-12-31": "1.63000"}, "EPS - Earnings Per Share": {"2019-12-31": "2.88000", "2018-12-31": "3.10000", "2017-12-31": "1.74000", "2016-12-31": "2.81000", "2015-12-31": "2.44000", "2014-12-31": "2.19000", "2013-12-31": "2.03000", "2012-12-31": "1.90000", "2011-12-31": "2.13000", "2010-12-31": "1.96000", "2009-12-31": "1.50000", "2008-12-31": "1.63000", "2007-12-31": "2.10000", "2006-12-31": "1.92000", "2005-12-31": "1.61000"}}, "income statement, quarterly": {"Revenue": {"2020-09-30": "1312.31400", "2020-06-30": "1245.48500", "2020-03-31": "1303.29600", "2019-12-31": "1308.85000", "2019-09-30": "1353.93100", "2019-06-30": "1359.72100", "2019-03-31": "1351.70500", "2018-12-31": "1355.61600", "2018-09-30": "1364.76200", "2018-06-30": "1366.37300", "2018-03-31": "1304.18700", "2017-12-31": "1299.01800", "2017-09-30": "1324.63400", "2017-06-30": "1240.67400", "2017-03-31": "1172.32400", "2016-12-31": "1142.19700", "2016-09-30": "1208.72400", "2016-06-30": "1205.68000", "2016-03-31": "1226.27600", "2015-12-31": "1267.13500", "2015-09-30": "1242.59200", "2015-06-30": "1248.59000", "2015-03-31": "1206.05200", "2014-12-31": "1316.84300", "2014-09-30": "1262.50300", "2014-06-30": "1247.61600", "2014-03-31": "1190.03200", "2013-12-31": "1228.43900", "2013-09-30": "1227.74900", "2013-06-30": "1226.25600", "2013-03-31": "1179.21300", "2012-12-31": "1203.31200", "2012-09-30": "1195.53000", "2012-06-30": "1202.35900", "2012-03-31": "1212.37000", "2011-12-31": "1129.57300", "2011-09-30": "1124.17100", "2011-06-30": "1127.86500", "2011-03-31": "1117.32300", "2010-12-31": "1127.14700", "2010-09-30": "1051.72500", "2010-06-30": "1010.11600", "2010-03-31": "935.13300", "2009-12-31": "1001.91100", "2009-09-30": "930.56000", "2009-06-30": "864.23100", "2009-03-31": "800.62900", "2008-12-31": "934.57180", "2008-09-30": "1063.25000", "2008-06-30": "1086.56700", "2008-03-31": "1037.99600", "2007-12-31": "1060.11800", "2007-09-30": "1029.76400", "2007-06-30": "994.43100", "2007-03-31": "955.67900", "2006-12-31": "989.53810", "2006-09-30": "931.52200", "2006-06-30": "917.01000", "2006-03-31": "818.76900", "2005-12-31": "954.90820", "2005-09-30": "881.05800", "2005-06-30": "878.17000", "2005-03-31": "814.43800"}, "Cost Of Goods Sold": {"2020-09-30": "1055.30400", "2020-06-30": "997.50200", "2020-03-31": "1036.70600", "2019-12-31": "1061.96300", "2019-09-30": "1088.44600", "2019-06-30": "1084.38500", "2019-03-31": "1081.58400", "2018-12-31": "1101.30800", "2018-09-30": "1105.12600", "2018-06-30": "1089.91300", "2018-03-31": "1053.58500", "2017-12-31": "1054.60900", "2017-09-30": "1071.75500", "2017-06-30": "1002.28900", "2017-03-31": "949.34500", "2016-12-31": "918.55290", "2016-09-30": "973.35100", "2016-06-30": "963.66700", "2016-03-31": "981.02300", "2015-12-31": "1027.79200", "2015-09-30": "1013.21900", "2015-06-30": "1008.27400", "2015-03-31": "985.66200", "2014-12-31": "1070.11200", "2014-09-30": "1040.05900", "2014-06-30": "1018.66600", "2014-03-31": "980.27100", "2013-12-31": "1019.11200", "2013-09-30": "1003.71200", "2013-06-30": "1003.69200", "2013-03-31": "973.49700", "2012-12-31": "1003.38000", "2012-09-30": "989.30100", "2012-06-30": "985.81700", "2012-03-31": "995.50900", "2011-12-31": "944.82870", "2011-09-30": "937.43100", "2011-06-30": "936.77500", "2011-03-31": "923.11400", "2010-12-31": "927.48120", "2010-09-30": "852.14100", "2010-06-30": "817.59200", "2010-03-31": "759.37500", "2009-12-31": "808.06770", "2009-09-30": "757.50400", "2009-06-30": "705.94700", "2009-03-31": "659.76600", "2008-12-31": "776.36110", "2008-09-30": "878.51400", "2008-06-30": "891.88600", "2008-03-31": "851.59400", "2007-12-31": "868.84100", "2007-09-30": "842.48500", "2007-06-30": "804.35800", "2007-03-31": "770.51400", "2006-12-31": "796.26820", "2006-09-30": "749.95400", "2006-06-30": "742.98400", "2006-03-31": "662.59300", "2005-12-31": "766.40900", "2005-09-30": "717.66600", "2005-06-30": "717.42600", "2005-03-31": "666.12200"}, "Gross Profit": {"2020-09-30": "257.01000", "2020-06-30": "247.98300", "2020-03-31": "266.59000", "2019-12-31": "246.88710", "2019-09-30": "265.48500", "2019-06-30": "275.33590", "2019-03-31": "270.12100", "2018-12-31": "254.30790", "2018-09-30": "259.63600", "2018-06-30": "276.46010", "2018-03-31": "250.60210", "2017-12-31": "244.40870", "2017-09-30": "252.87900", "2017-06-30": "238.38490", "2017-03-31": "222.97900", "2016-12-31": "223.64370", "2016-09-30": "235.37300", "2016-06-30": "242.01310", "2016-03-31": "245.25300", "2015-12-31": "239.34290", "2015-09-30": "229.37300", "2015-06-30": "240.31600", "2015-03-31": "220.39000", "2014-12-31": "246.73140", "2014-09-30": "222.44410", "2014-06-30": "228.95000", "2014-03-31": "209.76100", "2013-12-31": "209.32730", "2013-09-30": "224.03700", "2013-06-30": "222.56400", "2013-03-31": "205.71600", "2012-12-31": "199.93160", "2012-09-30": "206.22900", "2012-06-30": "216.54200", "2012-03-31": "216.86100", "2011-12-31": "184.74450", "2011-09-30": "186.74000", "2011-06-30": "191.09000", "2011-03-31": "194.20900", "2010-12-31": "199.66580", "2010-09-30": "199.58400", "2010-06-30": "192.52400", "2010-03-31": "175.75800", "2009-12-31": "193.84330", "2009-09-30": "173.05600", "2009-06-30": "158.28400", "2009-03-31": "140.86300", "2008-12-31": "158.21070", "2008-09-30": "184.73600", "2008-06-30": "194.68100", "2008-03-31": "186.40200", "2007-12-31": "191.27690", "2007-09-30": "187.27910", "2007-06-30": "190.07310", "2007-03-31": "185.16500", "2006-12-31": "193.27000", "2006-09-30": "181.56800", "2006-06-30": "174.02600", "2006-03-31": "156.17600", "2005-12-31": "188.49920", "2005-09-30": "163.39200", "2005-06-30": "160.74400", "2005-03-31": "148.31600"}, "Research And Development Expenses": {"2020-09-30": "", "2020-06-30": "", "2020-03-31": "", "2019-12-31": "", "2019-09-30": "", "2019-06-30": "", "2019-03-31": "", "2018-12-31": "", "2018-09-30": "", "2018-06-30": "", "2018-03-31": "", "2017-12-31": "", "2017-09-30": "", "2017-06-30": "", "2017-03-31": "", "2016-12-31": "", "2016-09-30": "", "2016-06-30": "", "2016-03-31": "", "2015-12-31": "", "2015-09-30": "", "2015-06-30": "", "2015-03-31": "", "2014-12-31": "", "2014-09-30": "", "2014-06-30": "", "2014-03-31": "", "2013-12-31": "", "2013-09-30": "", "2013-06-30": "", "2013-03-31": "", "2012-12-31": "", "2012-09-30": "", "2012-06-30": "", "2012-03-31": "", "2011-12-31": "", "2011-09-30": "", "2011-06-30": "", "2011-03-31": "", "2010-12-31": "", "2010-09-30": "", "2010-06-30": "", "2010-03-31": "", "2009-12-31": "", "2009-09-30": "", "2009-06-30": "", "2009-03-31": "", "2008-12-31": "", "2008-09-30": "", "2008-06-30": "", "2008-03-31": "", "2007-12-31": "", "2007-09-30": "", "2007-06-30": "", "2007-03-31": "", "2006-12-31": "", "2006-09-30": "", "2006-06-30": "", "2006-03-31": "", "2005-12-31": "", "2005-09-30": "", "2005-06-30": "", "2005-03-31": ""}, "SG&A Expenses": {"2020-09-30": "126.11700", "2020-06-30": "121.37100", "2020-03-31": "123.88800", "2019-12-31": "135.77100", "2019-09-30": "120.32200", "2019-06-30": "132.21300", "2019-03-31": "142.56100", "2018-12-31": "148.83200", "2018-09-30": "136.00200", "2018-06-30": "141.03100", "2018-03-31": "137.44100", "2017-12-31": "128.17100", "2017-09-30": "129.13600", "2017-06-30": "125.30800", "2017-03-31": "125.20900", "2016-12-31": "120.66200", "2016-09-30": "121.58300", "2016-06-30": "126.61100", "2016-03-31": "134.19300", "2015-12-31": "138.34800", "2015-09-30": "130.34100", "2015-06-30": "130.88700", "2015-03-31": "96.66500", "2014-12-31": "146.28400", "2014-09-30": "110.50700", "2014-06-30": "126.45500", "2014-03-31": "123.75000", "2013-12-31": "127.37700", "2013-09-30": "117.93500", "2013-06-30": "121.84800", "2013-03-31": "120.01100", "2012-12-31": "112.02500", "2012-09-30": "110.33000", "2012-06-30": "118.55400", "2012-03-31": "122.80600", "2011-12-31": "105.98200", "2011-09-30": "89.92400", "2011-06-30": "99.27300", "2011-03-31": "102.29800", "2010-12-31": "107.04800", "2010-09-30": "102.53300", "2010-06-30": "99.63900", "2010-03-31": "96.13600", "2009-12-31": "108.83600", "2009-09-30": "98.08500", "2009-06-30": "90.58900", "2009-03-31": "88.94900", "2008-12-31": "82.35700", "2008-09-30": "92.98900", "2008-06-30": "100.90100", "2008-03-31": "98.14900", "2007-12-31": "103.32900", "2007-09-30": "96.88100", "2007-06-30": "119.82300", "2007-03-31": "89.68600", "2006-12-31": "100.17500", "2006-09-30": "88.77700", "2006-06-30": "88.66300", "2006-03-31": "81.33700", "2005-12-31": "110.03800", "2005-09-30": "85.27400", "2005-06-30": "88.85800", "2005-03-31": "80.79700"}, "Other Operating Income Or Expenses": {"2020-09-30": "", "2020-06-30": "", "2020-03-31": "", "2019-12-31": "", "2019-09-30": "", "2019-06-30": "", "2019-03-31": "", "2018-12-31": "", "2018-09-30": "", "2018-06-30": "", "2018-03-31": "", "2017-12-31": "", "2017-09-30": "", "2017-06-30": "", "2017-03-31": "", "2016-12-31": "", "2016-09-30": "", "2016-06-30": "", "2016-03-31": "", "2015-12-31": "", "2015-09-30": "", "2015-06-30": "", "2015-03-31": "", "2014-12-31": "", "2014-09-30": "", "2014-06-30": "", "2014-03-31": "", "2013-12-31": "", "2013-09-30": "", "2013-06-30": "", "2013-03-31": "", "2012-12-31": "", "2012-09-30": "", "2012-06-30": "", "2012-03-31": "", "2011-12-31": "", "2011-09-30": "", "2011-06-30": "", "2011-03-31": "", "2010-12-31": "", "2010-09-30": "", "2010-06-30": "", "2010-03-31": "", "2009-12-31": "", "2009-09-30": "", "2009-06-30": "", "2009-03-31": "", "2008-12-31": "", "2008-09-30": "", "2008-06-30": "", "2008-03-31": "", "2007-12-31": "", "2007-09-30": "", "2007-06-30": "", "2007-03-31": "", "2006-12-31": "", "2006-09-30": "", "2006-06-30": "", "2006-03-31": "", "2005-12-31": "", "2005-09-30": "", "2005-06-30": "", "2005-03-31": ""}, "Operating Expenses": {"2020-09-30": "1205.57000", "2020-06-30": "1141.75800", "2020-03-31": "1173.19300", "2019-12-31": "1226.97200", "2019-09-30": "1215.38300", "2019-06-30": "1229.95300", "2019-03-31": "1234.81700", "2018-12-31": "1261.52000", "2018-09-30": "1263.18900", "2018-06-30": "1234.51100", "2018-03-31": "1194.08900", "2017-12-31": "1208.68000", "2017-09-30": "1201.40200", "2017-06-30": "1135.49400", "2017-03-31": "1078.66500", "2016-12-31": "1040.64500", "2016-09-30": "1103.88100", "2016-06-30": "1113.55600", "2016-03-31": "1124.44400", "2015-12-31": "1187.14000", "2015-09-30": "1163.11100", "2015-06-30": "1149.60600", "2015-03-31": "1081.96800", "2014-12-31": "1227.61700", "2014-09-30": "1156.47400", "2014-06-30": "1148.79200", "2014-03-31": "1106.01300", "2013-12-31": "1152.74200", "2013-09-30": "1127.46500", "2013-06-30": "1134.21800", "2013-03-31": "1097.79700", "2012-12-31": "1124.09900", "2012-09-30": "1099.18700", "2012-06-30": "1113.76700", "2012-03-31": "1133.52700", "2011-12-31": "1063.69400", "2011-09-30": "1039.40300", "2011-06-30": "1045.62600", "2011-03-31": "1027.72900", "2010-12-31": "1039.90400", "2010-09-30": "966.84000", "2010-06-30": "919.74190", "2010-03-31": "859.45800", "2009-12-31": "925.95090", "2009-09-30": "855.74710", "2009-06-30": "806.92200", "2009-03-31": "755.92500", "2008-12-31": "880.94100", "2008-09-30": "977.03300", "2008-06-30": "1003.55700", "2008-03-31": "1011.28100", "2007-12-31": "980.86490", "2007-09-30": "956.76700", "2007-06-30": "927.47000", "2007-03-31": "867.00600", "2006-12-31": "916.43000", "2006-09-30": "839.79500", "2006-06-30": "834.21110", "2006-03-31": "746.28500", "2005-12-31": "879.22410", "2005-09-30": "807.21500", "2005-06-30": "815.42710", "2005-03-31": "751.96100"}, "Operating Income": {"2020-09-30": "106.74400", "2020-06-30": "103.72690", "2020-03-31": "130.10300", "2019-12-31": "81.87790", "2019-09-30": "138.54800", "2019-06-30": "129.76790", "2019-03-31": "116.88790", "2018-12-31": "94.09580", "2018-09-30": "101.57300", "2018-06-30": "131.86210", "2018-03-31": "110.09800", "2017-12-31": "90.33750", "2017-09-30": "123.23210", "2017-06-30": "105.17990", "2017-03-31": "93.65910", "2016-12-31": "101.55160", "2016-09-30": "104.84300", "2016-06-30": "92.12420", "2016-03-31": "101.83190", "2015-12-31": "79.99490", "2015-09-30": "79.48100", "2015-06-30": "98.98400", "2015-03-31": "124.08400", "2014-12-31": "89.22610", "2014-09-30": "106.02920", "2014-06-30": "98.82400", "2014-03-31": "84.01900", "2013-12-31": "75.69700", "2013-09-30": "100.28410", "2013-06-30": "92.03800", "2013-03-31": "81.41600", "2012-12-31": "79.21270", "2012-09-30": "96.34300", "2012-06-30": "88.59200", "2012-03-31": "78.84300", "2011-12-31": "65.87890", "2011-09-30": "84.76810", "2011-06-30": "82.23900", "2011-03-31": "89.59400", "2010-12-31": "87.24290", "2010-09-30": "84.88500", "2010-06-30": "90.37410", "2010-03-31": "75.67500", "2009-12-31": "75.96010", "2009-09-30": "74.81290", "2009-06-30": "57.30900", "2009-03-31": "44.70400", "2008-12-31": "53.63070", "2008-09-30": "86.21700", "2008-06-30": "83.01000", "2008-03-31": "26.71500", "2007-12-31": "79.25310", "2007-09-30": "72.99710", "2007-06-30": "66.96110", "2007-03-31": "88.67300", "2006-12-31": "73.10820", "2006-09-30": "91.72700", "2006-06-30": "82.79900", "2006-03-31": "72.48400", "2005-12-31": "75.68410", "2005-09-30": "73.84300", "2005-06-30": "62.74290", "2005-03-31": "62.47700"}, "Total Non-Operating Income/Expense": {"2020-09-30": "-26.03400", "2020-06-30": "-26.28500", "2020-03-31": "-23.62400", "2019-12-31": "-21.42200", "2019-09-30": "-21.96600", "2019-06-30": "-21.50200", "2019-03-31": "-21.42600", "2018-12-31": "-15.91700", "2018-09-30": "-14.47700", "2018-06-30": "-15.64000", "2018-03-31": "-13.06400", "2017-12-31": "-18.11200", "2017-09-30": "-16.79700", "2017-06-30": "-47.20200", "2017-03-31": "-15.74400", "2016-12-31": "80.69400", "2016-09-30": "-12.43700", "2016-06-30": "-13.54400", "2016-03-31": "-13.78700", "2015-12-31": "-14.08900", "2015-09-30": "-13.68700", "2015-06-30": "-13.60100", "2015-03-31": "-13.22100", "2014-12-31": "-13.69500", "2014-09-30": "-12.91800", "2014-06-30": "-13.13500", "2014-03-31": "-12.64300", "2013-12-31": "-13.76500", "2013-09-30": "-14.28600", "2013-06-30": "-14.40700", "2013-03-31": "-14.26800", "2012-12-31": "-14.46400", "2012-09-30": "-14.85200", "2012-06-30": "-15.24800", "2012-03-31": "-15.42100", "2011-12-31": "-12.82900", "2011-09-30": "-8.33400", "2011-06-30": "-8.17400", "2011-03-31": "-8.73700", "2010-12-31": "-58.28400", "2010-09-30": "-8.44400", "2010-06-30": "-8.55800", "2010-03-31": "-8.43700", "2009-12-31": "-9.46200", "2009-09-30": "-9.40100", "2009-06-30": "-10.07100", "2009-03-31": "-9.63100", "2008-12-31": "-11.24300", "2008-09-30": "-10.62900", "2008-06-30": "-12.09700", "2008-03-31": "-13.22800", "2007-12-31": "-13.95600", "2007-09-30": "-14.05400", "2007-06-30": "-12.76000", "2007-03-31": "-11.48800", "2006-12-31": "-11.19900", "2006-09-30": "-10.74100", "2006-06-30": "-12.51700", "2006-03-31": "-10.85300", "2005-12-31": "-11.49200", "2005-09-30": "-11.92200", "2005-06-30": "-10.81200", "2005-03-31": "-9.39500"}, "Pre-Tax Income": {"2020-09-30": "80.71000", "2020-06-30": "77.44200", "2020-03-31": "106.47900", "2019-12-31": "60.45600", "2019-09-30": "116.58200", "2019-06-30": "108.26600", "2019-03-31": "95.46200", "2018-12-31": "78.17900", "2018-09-30": "87.09600", "2018-06-30": "116.22200", "2018-03-31": "97.03400", "2017-12-31": "72.22600", "2017-09-30": "106.43500", "2017-06-30": "57.97800", "2017-03-31": "77.91500", "2016-12-31": "182.24600", "2016-09-30": "92.40600", "2016-06-30": "78.58000", "2016-03-31": "88.04500", "2015-12-31": "65.90600", "2015-09-30": "65.79400", "2015-06-30": "85.38300", "2015-03-31": "110.86300", "2014-12-31": "75.53100", "2014-09-30": "93.11100", "2014-06-30": "85.68900", "2014-03-31": "71.37600", "2013-12-31": "61.93200", "2013-09-30": "85.99800", "2013-06-30": "77.63100", "2013-03-31": "67.14800", "2012-12-31": "64.74900", "2012-09-30": "81.49100", "2012-06-30": "73.34400", "2012-03-31": "63.42200", "2011-12-31": "53.05000", "2011-09-30": "76.43400", "2011-06-30": "74.06500", "2011-03-31": "80.85700", "2010-12-31": "28.95900", "2010-09-30": "76.44100", "2010-06-30": "81.81600", "2010-03-31": "67.23800", "2009-12-31": "66.49800", "2009-09-30": "65.41200", "2009-06-30": "47.23800", "2009-03-31": "35.07300", "2008-12-31": "42.38800", "2008-09-30": "75.58800", "2008-06-30": "70.91300", "2008-03-31": "13.48700", "2007-12-31": "65.29700", "2007-09-30": "58.94300", "2007-06-30": "54.20100", "2007-03-31": "77.18500", "2006-12-31": "61.90900", "2006-09-30": "80.98600", "2006-06-30": "70.28200", "2006-03-31": "61.63100", "2005-12-31": "64.19200", "2005-09-30": "61.92100", "2005-06-30": "51.93100", "2005-03-31": "53.08200"}, "Income Taxes": {"2020-09-30": "-0.64900", "2020-06-30": "23.23000", "2020-03-31": "26.75600", "2019-12-31": "16.05600", "2019-09-30": "26.09800", "2019-06-30": "28.49100", "2019-03-31": "22.62400", "2018-12-31": "3.03400", "2018-09-30": "18.32500", "2018-06-30": "30.29300", "2018-03-31": "23.35600", "2017-12-31": "68.33800", "2017-09-30": "35.54500", "2017-06-30": "17.16700", "2017-03-31": "25.53900", "2016-12-31": "81.02900", "2016-09-30": "29.61800", "2016-06-30": "24.79000", "2016-03-31": "29.19400", "2015-12-31": "12.71900", "2015-09-30": "24.77500", "2015-06-30": "24.02300", "2015-03-31": "26.22100", "2014-12-31": "29.43700", "2014-09-30": "27.53900", "2014-06-30": "29.27100", "2014-03-31": "22.51100", "2013-12-31": "18.88500", "2013-09-30": "27.08500", "2013-06-30": "26.40900", "2013-03-31": "21.25200", "2012-12-31": "27.20100", "2012-09-30": "25.39900", "2012-06-30": "25.90500", "2012-03-31": "21.89700", "2011-12-31": "27.12000", "2011-09-30": "2.34400", "2011-06-30": "23.77500", "2011-03-31": "25.18400", "2010-12-31": "-2.36800", "2010-09-30": "21.09100", "2010-06-30": "25.85100", "2010-03-31": "19.91100", "2009-12-31": "23.90600", "2009-09-30": "16.43600", "2009-06-30": "15.08400", "2009-03-31": "11.39200", "2008-12-31": "8.12600", "2008-09-30": "21.80700", "2008-06-30": "18.41500", "2008-03-31": "6.44900", "2007-12-31": "15.64400", "2007-09-30": "-2.02900", "2007-06-30": "15.02200", "2007-03-31": "26.54900", "2006-12-31": "26.84200", "2006-09-30": "23.19100", "2006-06-30": "24.06000", "2006-03-31": "19.23600", "2005-12-31": "29.58500", "2005-09-30": "19.10900", "2005-06-30": "16.30100", "2005-03-31": "19.17900"}, "Income After Taxes": {"2020-09-30": "81.35900", "2020-06-30": "54.21200", "2020-03-31": "79.72300", "2019-12-31": "44.40000", "2019-09-30": "90.48400", "2019-06-30": "79.77500", "2019-03-31": "72.83800", "2018-12-31": "75.14500", "2018-09-30": "68.77100", "2018-06-30": "85.92900", "2018-03-31": "73.67800", "2017-12-31": "3.88800", "2017-09-30": "70.89000", "2017-06-30": "40.81100", "2017-03-31": "52.37600", "2016-12-31": "101.21700", "2016-09-30": "62.78800", "2016-06-30": "53.79000", "2016-03-31": "58.85100", "2015-12-31": "53.18700", "2015-09-30": "41.01900", "2015-06-30": "61.36000", "2015-03-31": "84.64200", "2014-12-31": "46.09400", "2014-09-30": "65.57200", "2014-06-30": "56.41800", "2014-03-31": "48.86500", "2013-12-31": "43.04700", "2013-09-30": "58.91300", "2013-06-30": "51.22200", "2013-03-31": "45.89600", "2012-12-31": "37.54800", "2012-09-30": "56.09200", "2012-06-30": "47.43900", "2012-03-31": "41.52500", "2011-12-31": "25.93000", "2011-09-30": "74.09000", "2011-06-30": "50.29000", "2011-03-31": "55.67300", "2010-12-31": "31.32700", "2010-09-30": "55.35000", "2010-06-30": "55.96500", "2010-03-31": "47.32700", "2009-12-31": "42.59200", "2009-09-30": "48.97600", "2009-06-30": "32.15400", "2009-03-31": "23.68100", "2008-12-31": "34.26200", "2008-09-30": "53.78100", "2008-06-30": "52.49800", "2008-03-31": "7.03800", "2007-12-31": "49.65300", "2007-09-30": "60.97200", "2007-06-30": "39.17900", "2007-03-31": "50.63600", "2006-12-31": "35.06700", "2006-09-30": "57.79500", "2006-06-30": "46.22200", "2006-03-31": "42.39500", "2005-12-31": "34.60700", "2005-09-30": "42.81200", "2005-06-30": "35.63000", "2005-03-31": "33.90300"}, "Other Income": {"2020-09-30": "", "2020-06-30": "", "2020-03-31": "", "2019-12-31": "", "2019-09-30": "", "2019-06-30": "", "2019-03-31": "", "2018-12-31": "", "2018-09-30": "", "2018-06-30": "", "2018-03-31": "", "2017-12-31": "", "2017-09-30": "", "2017-06-30": "", "2017-03-31": "", "2016-12-31": "", "2016-09-30": "", "2016-06-30": "", "2016-03-31": "", "2015-12-31": "", "2015-09-30": "", "2015-06-30": "", "2015-03-31": "", "2014-12-31": "", "2014-09-30": "", "2014-06-30": "", "2014-03-31": "", "2013-12-31": "", "2013-09-30": "", "2013-06-30": "", "2013-03-31": "", "2012-12-31": "", "2012-09-30": "", "2012-06-30": "", "2012-03-31": "", "2011-12-31": "", "2011-09-30": "", "2011-06-30": "", "2011-03-31": "", "2010-12-31": "", "2010-09-30": "", "2010-06-30": "", "2010-03-31": "", "2009-12-31": "", "2009-09-30": "", "2009-06-30": "", "2009-03-31": "", "2008-12-31": "", "2008-09-30": "", "2008-06-30": "", "2008-03-31": "", "2007-12-31": "", "2007-09-30": "", "2007-06-30": "", "2007-03-31": "", "2006-12-31": "", "2006-09-30": "", "2006-06-30": "", "2006-03-31": "", "2005-12-31": "", "2005-09-30": "", "2005-06-30": "", "2005-03-31": ""}, "Income From Continuous Operations": {"2020-09-30": "83.29800", "2020-06-30": "54.99000", "2020-03-31": "80.23600", "2019-12-31": "45.33100", "2019-09-30": "92.28300", "2019-06-30": "81.28600", "2019-03-31": "73.76800", "2018-12-31": "77.34900", "2018-09-30": "72.82000", "2018-06-30": "89.64500", "2018-03-31": "74.92500", "2017-12-31": "6.05000", "2017-09-30": "73.41100", "2017-06-30": "43.65600", "2017-03-31": "54.33000", "2016-12-31": "104.99500", "2016-09-30": "65.97800", "2016-06-30": "56.71800", "2016-03-31": "60.19000", "2015-12-31": "56.31200", "2015-09-30": "43.99500", "2015-06-30": "64.62900", "2015-03-31": "85.68800", "2014-12-31": "49.08400", "2014-09-30": "67.86600", "2014-06-30": "59.54400", "2014-03-31": "50.34100", "2013-12-31": "46.84300", "2013-09-30": "61.42500", "2013-06-30": "55.04600", "2013-03-31": "47.79300", "2012-12-31": "42.11700", "2012-09-30": "59.02900", "2012-06-30": "51.35100", "2012-03-31": "42.91200", "2011-12-31": "29.52800", "2011-09-30": "77.17300", "2011-06-30": "53.70600", "2011-03-31": "57.63700", "2010-12-31": "34.74400", "2010-09-30": "59.22100", "2010-06-30": "58.95600", "2010-03-31": "48.55300", "2009-12-31": "47.04300", "2009-09-30": "51.37700", "2009-06-30": "32.99000", "2009-03-31": "23.73500", "2008-12-31": "36.25200", "2008-09-30": "56.75100", "2008-06-30": "55.33900", "2008-03-31": "8.91600", "2007-12-31": "52.03800", "2007-09-30": "64.53300", "2007-06-30": "42.35100", "2007-03-31": "53.10400", "2006-12-31": "39.50400", "2006-09-30": "61.09100", "2006-06-30": "49.34200", "2006-03-31": "45.14400", "2005-12-31": "38.79900", "2005-09-30": "45.91300", "2005-06-30": "40.17600", "2005-03-31": "36.98900"}, "Income From Discontinued Operations": {"2020-09-30": "", "2020-06-30": "", "2020-03-31": "", "2019-12-31": "", "2019-09-30": "", "2019-06-30": "", "2019-03-31": "", "2018-12-31": "", "2018-09-30": "", "2018-06-30": "", "2018-03-31": "", "2017-12-31": "", "2017-09-30": "", "2017-06-30": "", "2017-03-31": "", "2016-12-31": "", "2016-09-30": "", "2016-06-30": "", "2016-03-31": "", "2015-12-31": "", "2015-09-30": "", "2015-06-30": "", "2015-03-31": "", "2014-12-31": "", "2014-09-30": "", "2014-06-30": "", "2014-03-31": "", "2013-12-31": "", "2013-09-30": "", "2013-06-30": "", "2013-03-31": "", "2012-12-31": "", "2012-09-30": "", "2012-06-30": "", "2012-03-31": "", "2011-12-31": "", "2011-09-30": "", "2011-06-30": "", "2011-03-31": "", "2010-12-31": "", "2010-09-30": "", "2010-06-30": "", "2010-03-31": "", "2009-12-31": "", "2009-09-30": "", "2009-06-30": "", "2009-03-31": "", "2008-12-31": "", "2008-09-30": "", "2008-06-30": "", "2008-03-31": "", "2007-12-31": "", "2007-09-30": "", "2007-06-30": "", "2007-03-31": "", "2006-12-31": "", "2006-09-30": "", "2006-06-30": "", "2006-03-31": "", "2005-12-31": "", "2005-09-30": "", "2005-06-30": "", "2005-03-31": ""}, "Net Income": {"2020-09-30": "83.44900", "2020-06-30": "55.21100", "2020-03-31": "80.44500", "2019-12-31": "44.89900", "2019-09-30": "92.06400", "2019-06-30": "81.15900", "2019-03-31": "73.66300", "2018-12-31": "77.67800", "2018-09-30": "72.41500", "2018-06-30": "89.41200", "2018-03-31": "74.05500", "2017-12-31": "5.67500", "2017-09-30": "72.81200", "2017-06-30": "43.12500", "2017-03-31": "53.73300", "2016-12-31": "104.87300", "2016-09-30": "65.39500", "2016-06-30": "56.25200", "2016-03-31": "59.91400", "2015-12-31": "56.06300", "2015-09-30": "43.91400", "2015-06-30": "64.37900", "2015-03-31": "85.78000", "2014-12-31": "49.02300", "2014-09-30": "67.05600", "2014-06-30": "59.41900", "2014-03-31": "50.41800", "2013-12-31": "45.45800", "2013-09-30": "61.24000", "2013-06-30": "54.98800", "2013-03-31": "48.13900", "2012-12-31": "42.07200", "2012-09-30": "58.83600", "2012-06-30": "51.32300", "2012-03-31": "43.06800", "2011-12-31": "29.51500", "2011-09-30": "77.20300", "2011-06-30": "53.40800", "2011-03-31": "57.39100", "2010-12-31": "34.50900", "2010-09-30": "59.01900", "2010-06-30": "58.95300", "2010-03-31": "48.57200", "2009-12-31": "47.07900", "2009-09-30": "47.67100", "2009-06-30": "33.61000", "2009-03-31": "23.12200", "2008-12-31": "36.01200", "2008-09-30": "57.35100", "2008-06-30": "57.98600", "2008-03-31": "13.25900", "2007-12-31": "54.16800", "2007-09-30": "64.53300", "2007-06-30": "42.35100", "2007-03-31": "53.10400", "2006-12-31": "39.50400", "2006-09-30": "61.09100", "2006-06-30": "49.34200", "2006-03-31": "45.14400", "2005-12-31": "38.79900", "2005-09-30": "45.91300", "2005-06-30": "40.17600", "2005-03-31": "36.98900"}, "EBITDA": {"2020-09-30": "169.89900", "2020-06-30": "166.34990", "2020-03-31": "190.92700", "2019-12-31": "147.93290", "2019-09-30": "194.65500", "2019-06-30": "188.13190", "2019-03-31": "175.50190", "2018-12-31": "153.44580", "2018-09-30": "158.06600", "2018-06-30": "194.19610", "2018-03-31": "168.16600", "2017-12-31": "148.83250", "2017-09-30": "178.71310", "2017-06-30": "159.82090", "2017-03-31": "142.66710", "2016-12-31": "150.19160", "2016-09-30": "155.85500", "2016-06-30": "144.08220", "2016-03-31": "155.40390", "2015-12-31": "135.93990", "2015-09-30": "132.67300", "2015-06-30": "151.13100", "2015-03-31": "175.96100", "2014-12-31": "143.21610", "2014-09-30": "155.24120", "2014-06-30": "147.16100", "2014-03-31": "131.19800", "2013-12-31": "127.79400", "2013-09-30": "147.60410", "2013-06-30": "143.06100", "2013-03-31": "128.64700", "2012-12-31": "130.45660", "2012-09-30": "144.36900", "2012-06-30": "138.49500", "2012-03-31": "130.07300", "2011-12-31": "114.13890", "2011-09-30": "128.70010", "2011-06-30": "125.57700", "2011-03-31": "133.93500", "2010-12-31": "132.49990", "2010-09-30": "128.01290", "2010-06-30": "131.24110", "2010-03-31": "116.08800", "2009-12-31": "121.44310", "2009-09-30": "118.97990", "2009-06-30": "100.38900", "2009-03-31": "85.56100", "2008-12-31": "98.00270", "2008-09-30": "131.63100", "2008-06-30": "130.40500", "2008-03-31": "72.56800", "2007-12-31": "127.00110", "2007-09-30": "121.10810", "2007-06-30": "109.71910", "2007-03-31": "131.39500", "2006-12-31": "116.40520", "2006-09-30": "136.02100", "2006-06-30": "121.90800", "2006-03-31": "110.64700", "2005-12-31": "117.96320", "2005-09-30": "114.40100", "2005-06-30": "104.37590", "2005-03-31": "101.08100"}, "EBIT": {"2020-09-30": "106.74400", "2020-06-30": "103.72690", "2020-03-31": "130.10300", "2019-12-31": "81.87820", "2019-09-30": "138.54800", "2019-06-30": "129.76790", "2019-03-31": "116.88790", "2018-12-31": "94.09580", "2018-09-30": "101.57300", "2018-06-30": "131.86210", "2018-03-31": "110.09800", "2017-12-31": "90.33770", "2017-09-30": "123.23210", "2017-06-30": "105.17990", "2017-03-31": "93.65910", "2016-12-31": "101.55200", "2016-09-30": "104.84300", "2016-06-30": "92.12420", "2016-03-31": "101.83190", "2015-12-31": "79.99500", "2015-09-30": "79.48100", "2015-06-30": "98.98400", "2015-03-31": "124.08400", "2014-12-31": "89.22600", "2014-09-30": "106.02920", "2014-06-30": "98.82400", "2014-03-31": "84.01900", "2013-12-31": "75.69700", "2013-09-30": "100.28410", "2013-06-30": "92.03800", "2013-03-31": "81.41600", "2012-12-31": "79.21270", "2012-09-30": "96.34300", "2012-06-30": "88.59200", "2012-03-31": "78.84300", "2011-12-31": "65.87890", "2011-09-30": "84.76810", "2011-06-30": "82.23900", "2011-03-31": "89.59400", "2010-12-31": "87.24300", "2010-09-30": "84.88500", "2010-06-30": "90.37410", "2010-03-31": "75.67500", "2009-12-31": "75.96010", "2009-09-30": "74.81290", "2009-06-30": "57.30900", "2009-03-31": "44.70400", "2008-12-31": "53.63080", "2008-09-30": "86.21700", "2008-06-30": "83.01000", "2008-03-31": "26.71500", "2007-12-31": "79.25290", "2007-09-30": "72.99710", "2007-06-30": "66.96110", "2007-03-31": "88.67300", "2006-12-31": "73.10820", "2006-09-30": "91.72700", "2006-06-30": "82.79900", "2006-03-31": "72.48400", "2005-12-31": "75.68400", "2005-09-30": "73.84300", "2005-06-30": "62.74290", "2005-03-31": "62.47700"}, "Basic Shares Outstanding": {"2020-09-30": "100.97400", "2020-06-30": "100.97100", "2020-03-31": "100.85500", "2019-12-31": "100.74200", "2019-09-30": "100.77800", "2019-06-30": "100.75900", "2019-03-31": "100.64000", "2018-12-31": "100.53900", "2018-09-30": "100.64000", "2018-06-30": "100.56800", "2018-03-31": "100.39600", "2017-12-31": "100.23700", "2017-09-30": "100.27500", "2017-06-30": "100.25800", "2017-03-31": "100.11200", "2016-12-31": "101.09300", "2016-09-30": "100.92500", "2016-06-30": "101.28100", "2016-03-31": "101.62800", "2015-12-31": "101.48200", "2015-09-30": "101.54800", "2015-06-30": "101.42800", "2015-03-31": "101.28300", "2014-12-31": "102.21500", "2014-09-30": "102.12800", "2014-06-30": "102.46100", "2014-03-31": "102.77100", "2013-12-31": "102.57700", "2013-09-30": "102.83500", "2013-06-30": "102.64000", "2013-03-31": "102.27300", "2012-12-31": "101.80400", "2012-09-30": "101.89200", "2012-06-30": "101.81200", "2012-03-31": "101.45500", "2011-12-31": "101.07100", "2011-09-30": "101.00400", "2011-06-30": "100.89100", "2011-03-31": "101.31000", "2010-12-31": "101.59900", "2010-09-30": "101.69300", "2010-06-30": "101.51100", "2010-03-31": "101.16500", "2009-12-31": "100.78000", "2009-09-30": "100.82900", "2009-06-30": "100.70900", "2009-03-31": "100.61200", "2008-12-31": "100.32100", "2008-09-30": "100.37100", "2008-06-30": "100.22000", "2008-03-31": "100.08900", "2007-12-31": "100.63200", "2007-09-30": "100.77500", "2007-06-30": "100.99000", "2007-03-31": "100.71400", "2006-12-31": "100.07300", "2006-09-30": "99.56900", "2006-06-30": "99.34200", "2006-03-31": "100.42400", "2005-12-31": "99.33600", "2005-09-30": "99.33200", "2005-06-30": "99.24500", "2005-03-31": "98.97000"}, "Shares Outstanding": {"2020-09-30": "101.24500", "2020-06-30": "101.10900", "2020-03-31": "101.07100", "2019-12-31": "101.17600", "2019-09-30": "101.18600", "2019-06-30": "101.17800", "2019-03-31": "101.07200", "2018-12-31": "101.01600", "2018-09-30": "101.04000", "2018-06-30": "101.04000", "2018-03-31": "100.89600", "2017-12-31": "100.85200", "2017-09-30": "100.68400", "2017-06-30": "100.71700", "2017-03-31": "100.98000", "2016-12-31": "101.78200", "2016-09-30": "101.57900", "2016-06-30": "101.87300", "2016-03-31": "102.32900", "2015-12-31": "102.39200", "2015-09-30": "102.40500", "2015-06-30": "102.42400", "2015-03-31": "102.16700", "2014-12-31": "103.17200", "2014-09-30": "103.08700", "2014-06-30": "103.44600", "2014-03-31": "103.76700", "2013-12-31": "103.24800", "2013-09-30": "103.51000", "2013-06-30": "102.97700", "2013-03-31": "102.81400", "2012-12-31": "102.57300", "2012-09-30": "102.54400", "2012-06-30": "102.56900", "2012-03-31": "102.60000", "2011-12-31": "102.17300", "2011-09-30": "101.95900", "2011-06-30": "101.98200", "2011-03-31": "102.75400", "2010-12-31": "102.54300", "2010-09-30": "102.68400", "2010-06-30": "102.48400", "2010-03-31": "101.84200", "2009-12-31": "101.02900", "2009-09-30": "101.10500", "2009-06-30": "100.81000", "2009-03-31": "100.71200", "2008-12-31": "100.98600", "2008-09-30": "101.29200", "2008-06-30": "101.08000", "2008-03-31": "100.70200", "2007-12-31": "101.87500", "2007-09-30": "101.85900", "2007-06-30": "102.56500", "2007-03-31": "102.29300", "2006-12-31": "101.53400", "2006-09-30": "101.01100", "2006-06-30": "100.53000", "2006-03-31": "101.92900", "2005-12-31": "100.41800", "2005-09-30": "100.41300", "2005-06-30": "100.58100", "2005-03-31": "100.44900"}, "Basic EPS": {"2020-09-30": "0.83000", "2020-06-30": "0.55000", "2020-03-31": "0.80000", "2019-12-31": "0.45000", "2019-09-30": "0.91000", "2019-06-30": "0.81000", "2019-03-31": "0.73000", "2018-12-31": "0.77000", "2018-09-30": "0.72000", "2018-06-30": "0.89000", "2018-03-31": "0.74000", "2017-12-31": "0.05000", "2017-09-30": "0.73000", "2017-06-30": "0.43000", "2017-03-31": "0.54000", "2016-12-31": "1.03000", "2016-09-30": "0.65000", "2016-06-30": "0.56000", "2016-03-31": "0.59000", "2015-12-31": "0.55000", "2015-09-30": "0.43000", "2015-06-30": "0.63000", "2015-03-31": "0.85000", "2014-12-31": "0.48000", "2014-09-30": "0.66000", "2014-06-30": "0.58000", "2014-03-31": "0.49000", "2013-12-31": "0.44000", "2013-09-30": "0.60000", "2013-06-30": "0.54000", "2013-03-31": "0.47000", "2012-12-31": "0.42000", "2012-09-30": "0.58000", "2012-06-30": "0.50000", "2012-03-31": "0.42000", "2011-12-31": "0.29000", "2011-09-30": "0.76000", "2011-06-30": "0.53000", "2011-03-31": "0.57000", "2010-12-31": "0.34000", "2010-09-30": "0.58000", "2010-06-30": "0.58000", "2010-03-31": "0.48000", "2009-12-31": "0.47000", "2009-09-30": "0.47000", "2009-06-30": "0.33000", "2009-03-31": "0.23000", "2008-12-31": "0.36000", "2008-09-30": "0.57000", "2008-06-30": "0.58000", "2008-03-31": "0.13000", "2007-12-31": "0.54000", "2007-09-30": "0.64000", "2007-06-30": "0.42000", "2007-03-31": "0.53000", "2006-12-31": "0.39000", "2006-09-30": "0.61000", "2006-06-30": "0.50000", "2006-03-31": "0.45000", "2005-12-31": "0.40000", "2005-09-30": "0.46000", "2005-06-30": "0.40000", "2005-03-31": "0.37000"}, "EPS - Earnings Per Share": {"2020-09-30": "0.82000", "2020-06-30": "0.55000", "2020-03-31": "0.80000", "2019-12-31": "0.44000", "2019-09-30": "0.91000", "2019-06-30": "0.80000", "2019-03-31": "0.73000", "2018-12-31": "0.77000", "2018-09-30": "0.72000", "2018-06-30": "0.88000", "2018-03-31": "0.73000", "2017-12-31": "0.06000", "2017-09-30": "0.72000", "2017-06-30": "0.43000", "2017-03-31": "0.53000", "2016-12-31": "1.03000", "2016-09-30": "0.64000", "2016-06-30": "0.55000", "2016-03-31": "0.59000", "2015-12-31": "0.54000", "2015-09-30": "0.43000", "2015-06-30": "0.63000", "2015-03-31": "0.84000", "2014-12-31": "0.48000", "2014-09-30": "0.65000", "2014-06-30": "0.57000", "2014-03-31": "0.49000", "2013-12-31": "0.44000", "2013-09-30": "0.59000", "2013-06-30": "0.53000", "2013-03-31": "0.47000", "2012-12-31": "0.41000", "2012-09-30": "0.57000", "2012-06-30": "0.50000", "2012-03-31": "0.42000", "2011-12-31": "0.29000", "2011-09-30": "0.76000", "2011-06-30": "0.52000", "2011-03-31": "0.56000", "2010-12-31": "0.33000", "2010-09-30": "0.57000", "2010-06-30": "0.58000", "2010-03-31": "0.48000", "2009-12-31": "0.47000", "2009-09-30": "0.47000", "2009-06-30": "0.33000", "2009-03-31": "0.23000", "2008-12-31": "0.36000", "2008-09-30": "0.57000", "2008-06-30": "0.57000", "2008-03-31": "0.13000", "2007-12-31": "0.54000", "2007-09-30": "0.63000", "2007-06-30": "0.41000", "2007-03-31": "0.52000", "2006-12-31": "0.39000", "2006-09-30": "0.60000", "2006-06-30": "0.49000", "2006-03-31": "0.44000", "2005-12-31": "0.38000", "2005-09-30": "0.46000", "2005-06-30": "0.40000", "2005-03-31": "0.37000"}}, "balance sheet": {"Cash On Hand": {"2019-12-31": "145.28300", "2018-12-31": "120.38900", "2017-12-31": "254.91200", "2016-12-31": "257.22600", "2015-12-31": "182.43400", "2014-12-31": "161.16800", "2013-12-31": "217.56700", "2012-12-31": "373.08400", "2011-12-31": "175.52300", "2010-12-31": "158.24900", "2009-12-31": "185.24500", "2008-12-31": "101.65500", "2007-12-31": "70.75800", "2006-12-31": "86.49800", "2005-12-31": "59.60800"}, "Receivables": {"2019-12-31": "811.90300", "2018-12-31": "849.33500", "2017-12-31": "789.81200", "2016-12-31": "668.96400", "2015-12-31": "674.76300", "2014-12-31": "692.31700", "2013-12-31": "653.04800", "2012-12-31": "656.07200", "2011-12-31": "650.16300", "2010-12-31": "540.06100", "2009-12-31": "463.76200", "2008-12-31": "438.99800", "2007-12-31": "522.73700", "2006-12-31": "492.30900", "2005-12-31": "458.43400"}, "Inventory": {"2019-12-31": "503.80800", "2018-12-31": "493.76400", "2017-12-31": "474.06300", "2016-12-31": "372.81400", "2015-12-31": "385.48300", "2014-12-31": "420.27600", "2013-12-31": "409.60300", "2012-12-31": "383.27200", "2011-12-31": "395.32200", "2010-12-31": "369.42700", "2009-12-31": "288.52800", "2008-12-31": "314.16900", "2007-12-31": "343.08400", "2006-12-31": "303.84800", "2005-12-31": "318.31600"}, "Pre-Paid Expenses": {"2019-12-31": "60.20200", "2018-12-31": "55.78400", "2017-12-31": "44.84900", "2016-12-31": "49.76400", "2015-12-31": "64.69800", "2014-12-31": "61.07100", "2013-12-31": "60.21400", "2012-12-31": "65.39500", "2011-12-31": "63.89600", "2010-12-31": "66.78200", "2009-12-31": "33.30000", "2008-12-31": "50.25900", "2007-12-31": "50.74700", "2006-12-31": "27.61100", "2005-12-31": "23.06800"}, "Other Current Assets": {"2019-12-31": "", "2018-12-31": "", "2017-12-31": "", "2016-12-31": "", "2015-12-31": "", "2014-12-31": "", "2013-12-31": "", "2012-12-31": "", "2011-12-31": "", "2010-12-31": "", "2009-12-31": "", "2008-12-31": "", "2007-12-31": "", "2006-12-31": "", "2005-12-31": ""}, "Total Current Assets": {"2019-12-31": "1521.19600", "2018-12-31": "1519.27200", "2017-12-31": "1563.63600", "2016-12-31": "1348.76800", "2015-12-31": "1307.37800", "2014-12-31": "1373.78900", "2013-12-31": "1379.83800", "2012-12-31": "1499.89600", "2011-12-31": "1311.71000", "2010-12-31": "1157.51600", "2009-12-31": "996.57300", "2008-12-31": "929.99000", "2007-12-31": "1027.67900", "2006-12-31": "942.79800", "2005-12-31": "885.50000"}, "Property, Plant, And Equipment": {"2019-12-31": "1286.84200", "2018-12-31": "1233.82100", "2017-12-31": "1169.37700", "2016-12-31": "1060.01700", "2015-12-31": "1112.03600", "2014-12-31": "1148.60700", "2013-12-31": "1021.92000", "2012-12-31": "1034.90600", "2011-12-31": "1013.62200", "2010-12-31": "944.13600", "2009-12-31": "926.82900", "2008-12-31": "973.44200", "2007-12-31": "1105.34200", "2006-12-31": "1019.59400", "2005-12-31": "943.95100"}, "Long-Term Investments": {"2019-12-31": "", "2018-12-31": "", "2017-12-31": "", "2016-12-31": "", "2015-12-31": "", "2014-12-31": "", "2013-12-31": "", "2012-12-31": "", "2011-12-31": "", "2010-12-31": "", "2009-12-31": "", "2008-12-31": "", "2007-12-31": "", "2006-12-31": "", "2005-12-31": ""}, "Goodwill And Intangible Assets": {"2019-12-31": "1817.63800", "2018-12-31": "1661.20400", "2017-12-31": "1573.17000", "2016-12-31": "1317.17300", "2015-12-31": "1385.55600", "2014-12-31": "1458.89700", "2013-12-31": "1343.12700", "2012-12-31": "1387.31400", "2011-12-31": "1409.37600", "2010-12-31": "970.14790", "2009-12-31": "928.57400", "2008-12-31": "903.52290", "2007-12-31": "967.78410", "2006-12-31": "763.17300", "2005-12-31": "646.94000"}, "Other Long-Term Assets": {"2019-12-31": "155.71800", "2018-12-31": "121.87100", "2017-12-31": "189.48500", "2016-12-31": "155.11500", "2015-12-31": "156.08900", "2014-12-31": "167.17600", "2013-12-31": "168.40600", "2012-12-31": "163.01300", "2011-12-31": "170.83500", "2010-12-31": "167.11400", "2009-12-31": "153.49900", "2008-12-31": "146.97500", "2007-12-31": "239.43800", "2006-12-31": "191.11300", "2005-12-31": "223.44500"}, "Total Long-Term Assets": {"2019-12-31": "3605.09300", "2018-12-31": "3064.19300", "2017-12-31": "2994.08500", "2016-12-31": "2574.43500", "2015-12-31": "2706.30700", "2014-12-31": "2820.12200", "2013-12-31": "2594.68500", "2012-12-31": "2676.16900", "2011-12-31": "2681.08900", "2010-12-31": "2123.49800", "2009-12-31": "2066.00700", "2008-12-31": "2156.47600", "2007-12-31": "2312.56400", "2006-12-31": "1973.88000", "2005-12-31": "2096.24000"}, "Total Assets": {"2019-12-31": "5126.28900", "2018-12-31": "4583.46500", "2017-12-31": "4557.72100", "2016-12-31": "3923.20300", "2015-12-31": "4013.68500", "2014-12-31": "4193.91100", "2013-12-31": "3974.52300", "2012-12-31": "4176.06500", "2011-12-31": "3992.79900", "2010-12-31": "3281.01400", "2009-12-31": "3062.58000", "2008-12-31": "3086.46600", "2007-12-31": "3340.24300", "2006-12-31": "2916.67800", "2005-12-31": "2981.74000"}, "Total Current Liabilities": {"2019-12-31": "1404.49200", "2018-12-31": "1082.93000", "2017-12-31": "999.97000", "2016-12-31": "802.61600", "2015-12-31": "922.51600", "2014-12-31": "912.19300", "2013-12-31": "881.73300", "2012-12-31": "1044.23500", "2011-12-31": "843.75200", "2010-12-31": "780.64900", "2009-12-31": "805.63900", "2008-12-31": "698.19600", "2007-12-31": "758.08100", "2006-12-31": "659.82400", "2005-12-31": "620.48600"}, "Long Term Debt": {"2019-12-31": "1193.13500", "2018-12-31": "1189.71700", "2017-12-31": "1288.00200", "2016-12-31": "1020.69800", "2015-12-31": "1015.27000", "2014-12-31": "1200.88500", "2013-12-31": "946.25700", "2012-12-31": "1099.45400", "2011-12-31": "1232.96600", "2010-12-31": "603.94100", "2009-12-31": "462.74300", "2008-12-31": "656.84700", "2007-12-31": "804.33900", "2006-12-31": "712.08900", "2005-12-31": "657.07500"}, "Other Non-Current Liabilities": {"2019-12-31": "77.96100", "2018-12-31": "99.84800", "2017-12-31": "110.42900", "2016-12-31": "38.09200", "2015-12-31": "37.12900", "2014-12-31": "41.59800", "2013-12-31": "48.76000", "2012-12-31": "51.63200", "2011-12-31": "54.47100", "2010-12-31": "41.10800", "2009-12-31": "61.64200", "2008-12-31": "51.25800", "2007-12-31": "70.80000", "2006-12-31": "63.52500", "2005-12-31": "119.94500"}, "Total Long Term Liabilities": {"2019-12-31": "1906.09200", "2018-12-31": "1728.25700", "2017-12-31": "1827.69100", "2016-12-31": "1565.88200", "2015-12-31": "1558.29600", "2014-12-31": "1777.87100", "2013-12-31": "1386.74100", "2012-12-31": "1628.61600", "2011-12-31": "1723.63900", "2010-12-31": "992.67200", "2009-12-31": "876.31100", "2008-12-31": "1213.75200", "2007-12-31": "1140.62500", "2006-12-31": "1037.78600", "2005-12-31": "1097.94000"}, "Total Liabilities": {"2019-12-31": "3310.58400", "2018-12-31": "2811.18700", "2017-12-31": "2827.66100", "2016-12-31": "2368.49800", "2015-12-31": "2480.81200", "2014-12-31": "2690.06400", "2013-12-31": "2268.47400", "2012-12-31": "2672.85100", "2011-12-31": "2567.39100", "2010-12-31": "1773.32100", "2009-12-31": "1681.95000", "2008-12-31": "1911.94800", "2007-12-31": "1898.70600", "2006-12-31": "1697.61000", "2005-12-31": "1718.42600"}, "Common Stock Net": {"2019-12-31": "7.17500", "2018-12-31": "7.17500", "2017-12-31": "7.17500", "2016-12-31": "7.17500", "2015-12-31": "7.17500", "2014-12-31": "7.17500", "2013-12-31": "7.17500", "2012-12-31": "7.17500", "2011-12-31": "7.17500", "2010-12-31": "7.17500", "2009-12-31": "7.17500", "2008-12-31": "7.17500", "2007-12-31": "7.17500", "2006-12-31": "7.17500", "2005-12-31": "7.17500"}, "Retained Earnings (Accumulated Deficit)": {"2019-12-31": "2301.53200", "2018-12-31": "2188.11500", "2017-12-31": "2036.00600", "2016-12-31": "1942.51300", "2015-12-31": "1803.82700", "2014-12-31": "1692.89100", "2013-12-31": "1596.96500", "2012-12-31": "1512.14500", "2011-12-31": "1437.43500", "2010-12-31": "1336.15500", "2009-12-31": "1248.04300", "2008-12-31": "1205.54000", "2007-12-31": "1150.10800", "2006-12-31": "1044.19600", "2005-12-31": "943.86000"}, "Comprehensive Income": {"2019-12-31": "-816.80300", "2018-12-31": "-740.91300", "2017-12-31": "-666.27200", "2016-12-31": "-738.38000", "2015-12-31": "-702.53300", "2014-12-31": "-608.85100", "2013-12-31": "-369.86900", "2012-12-31": "-475.82600", "2011-12-31": "-460.29900", "2010-12-31": "-292.86700", "2009-12-31": "-310.46900", "2008-12-31": "-454.67900", "2007-12-31": "-107.37400", "2006-12-31": "-262.30500", "2005-12-31": "-106.38900"}, "Other Share Holders Equity": {"2019-12-31": "", "2018-12-31": "", "2017-12-31": "", "2016-12-31": "", "2015-12-31": "", "2014-12-31": "", "2013-12-31": "", "2012-12-31": "", "2011-12-31": "", "2010-12-31": "", "2009-12-31": "", "2008-12-31": "", "2007-12-31": "", "2006-12-31": "", "2005-12-31": ""}, "Share Holder Equity": {"2019-12-31": "1815.70500", "2018-12-31": "1772.27800", "2017-12-31": "1730.06000", "2016-12-31": "1554.70500", "2015-12-31": "1532.87300", "2014-12-31": "1503.84700", "2013-12-31": "1706.04900", "2012-12-31": "1503.21400", "2011-12-31": "1425.40800", "2010-12-31": "1507.69300", "2009-12-31": "1380.63000", "2008-12-31": "1174.51800", "2007-12-31": "1441.53700", "2006-12-31": "1219.06800", "2005-12-31": "1263.31400"}, "Total Liabilities And Share Holders Equity": {"2019-12-31": "5126.28900", "2018-12-31": "4583.46500", "2017-12-31": "4557.72100", "2016-12-31": "3923.20300", "2015-12-31": "4013.68500", "2014-12-31": "4193.91100", "2013-12-31": "3974.52300", "2012-12-31": "4176.06500", "2011-12-31": "3992.79900", "2010-12-31": "3281.01400", "2009-12-31": "3062.58000", "2008-12-31": "3086.46600", "2007-12-31": "3340.24300", "2006-12-31": "2916.67800", "2005-12-31": "2981.74000"}}, "balance sheet, quarterly": {"Cash On Hand": {"2020-09-30": "782.67900", "2020-06-30": "857.27200", "2020-03-31": "123.33500", "2019-12-31": "145.28300", "2019-09-30": "115.85300", "2019-06-30": "96.29500", "2019-03-31": "124.32800", "2018-12-31": "120.38900", "2018-09-30": "250.42400", "2018-06-30": "197.69100", "2018-03-31": "305.25000", "2017-12-31": "254.91200", "2017-09-30": "247.90800", "2017-06-30": "207.59100", "2017-03-31": "212.79000", "2016-12-31": "257.22600", "2016-09-30": "159.32100", "2016-06-30": "107.74800", "2016-03-31": "152.33800", "2015-12-31": "182.43400", "2015-09-30": "193.42300", "2015-06-30": "217.77500", "2015-03-31": "200.80400", "2014-12-31": "161.16800", "2014-09-30": "231.55600", "2014-06-30": "199.78000", "2014-03-31": "191.40700", "2013-12-31": "217.56700", "2013-09-30": "287.57700", "2013-06-30": "179.36100", "2013-03-31": "163.45000", "2012-12-31": "373.08400", "2012-09-30": "201.14300", "2012-06-30": "196.00500", "2012-03-31": "176.10000", "2011-12-31": "175.52300", "2011-09-30": "146.28900", "2011-06-30": "133.98300", "2011-03-31": "185.17500", "2010-12-31": "158.24900", "2010-09-30": "168.70000", "2010-06-30": "167.37800", "2010-03-31": "188.22800", "2009-12-31": "185.24500", "2009-09-30": "194.11800", "2009-06-30": "111.47600", "2009-03-31": "78.57400", "2008-12-31": "101.65500", "2008-09-30": "147.47600", "2008-06-30": "80.80800", "2008-03-31": "74.02900", "2007-12-31": "70.75800", "2007-09-30": "80.85400", "2007-06-30": "78.30200", "2007-03-31": "82.33700", "2006-12-31": "86.49800", "2006-09-30": "117.92500", "2006-06-30": "60.65000", "2006-03-31": "66.13600", "2005-12-31": "59.60800", "2005-09-30": "140.57900", "2005-06-30": "123.19200", "2005-03-31": "127.31800"}, "Receivables": {"2020-09-30": "786.34300", "2020-06-30": "797.34000", "2020-03-31": "836.40800", "2019-12-31": "811.90300", "2019-09-30": "879.44900", "2019-06-30": "885.29100", "2019-03-31": "870.23700", "2018-12-31": "849.33500", "2018-09-30": "868.52400", "2018-06-30": "859.29200", "2018-03-31": "847.42100", "2017-12-31": "789.81200", "2017-09-30": "802.67400", "2017-06-30": "757.49100", "2017-03-31": "706.31500", "2016-12-31": "668.96400", "2016-09-30": "718.19500", "2016-06-30": "715.51200", "2016-03-31": "717.57700", "2015-12-31": "674.76300", "2015-09-30": "726.53900", "2015-06-30": "717.58100", "2015-03-31": "725.34900", "2014-12-31": "692.31700", "2014-09-30": "742.73800", "2014-06-30": "742.73000", "2014-03-31": "717.71600", "2013-12-31": "653.04800", "2013-09-30": "724.05300", "2013-06-30": "698.77300", "2013-03-31": "673.24300", "2012-12-31": "656.07200", "2012-09-30": "710.99010", "2012-06-30": "681.34600", "2012-03-31": "696.26600", "2011-12-31": "650.16300", "2011-09-30": "623.01600", "2011-06-30": "639.03900", "2011-03-31": "621.57100", "2010-12-31": "540.06100", "2010-09-30": "577.17400", "2010-06-30": "536.58300", "2010-03-31": "517.63600", "2009-12-31": "463.76200", "2009-09-30": "483.08400", "2009-06-30": "447.45100", "2009-03-31": "425.06600", "2008-12-31": "438.99800", "2008-09-30": "535.09900", "2008-06-30": "588.18600", "2008-03-31": "554.53500", "2007-12-31": "522.73700", "2007-09-30": "586.00400", "2007-06-30": "549.75500", "2007-03-31": "524.34300", "2006-12-31": "492.30900", "2006-09-30": "500.99500", "2006-06-30": "483.79400", "2006-03-31": "461.46200", "2005-12-31": "458.43400", "2005-09-30": "484.55900", "2005-06-30": "464.80300", "2005-03-31": "463.57800"}, "Inventory": {"2020-09-30": "445.82700", "2020-06-30": "523.85500", "2020-03-31": "500.09600", "2019-12-31": "503.80800", "2019-09-30": "497.63400", "2019-06-30": "512.24900", "2019-03-31": "515.66500", "2018-12-31": "493.76400", "2018-09-30": "467.23900", "2018-06-30": "471.44800", "2018-03-31": "460.72700", "2017-12-31": "474.06300", "2017-09-30": "472.95600", "2017-06-30": "439.35300", "2017-03-31": "430.35900", "2016-12-31": "372.81400", "2016-09-30": "376.31700", "2016-06-30": "397.58000", "2016-03-31": "402.53300", "2015-12-31": "385.48300", "2015-09-30": "396.80900", "2015-06-30": "417.96900", "2015-03-31": "403.48500", "2014-12-31": "420.27600", "2014-09-30": "403.58000", "2014-06-30": "423.74000", "2014-03-31": "413.76500", "2013-12-31": "409.60300", "2013-09-30": "391.57200", "2013-06-30": "391.12100", "2013-03-31": "395.48700", "2012-12-31": "383.27200", "2012-09-30": "394.95500", "2012-06-30": "407.42500", "2012-03-31": "411.42200", "2011-12-31": "395.32200", "2011-09-30": "392.85700", "2011-06-30": "394.18900", "2011-03-31": "393.68800", "2010-12-31": "369.42700", "2010-09-30": "353.22500", "2010-06-30": "320.76600", "2010-03-31": "313.55900", "2009-12-31": "288.52800", "2009-09-30": "294.14000", "2009-06-30": "297.34600", "2009-03-31": "316.21900", "2008-12-31": "314.16900", "2008-09-30": "356.98200", "2008-06-30": "359.57300", "2008-03-31": "349.99000", "2007-12-31": "343.08400", "2007-09-30": "338.77600", "2007-06-30": "327.40400", "2007-03-31": "313.44400", "2006-12-31": "303.84800", "2006-09-30": "304.90800", "2006-06-30": "305.62600", "2006-03-31": "321.24900", "2005-12-31": "318.31600", "2005-09-30": "338.50100", "2005-06-30": "343.40800", "2005-03-31": "326.45000"}, "Pre-Paid Expenses": {"2020-09-30": "66.51600", "2020-06-30": "60.19500", "2020-03-31": "53.98900", "2019-12-31": "60.20200", "2019-09-30": "71.08600", "2019-06-30": "85.18500", "2019-03-31": "58.26100", "2018-12-31": "55.78400", "2018-09-30": "64.31800", "2018-06-30": "46.53700", "2018-03-31": "50.63800", "2017-12-31": "44.84900", "2017-09-30": "51.78700", "2017-06-30": "60.54200", "2017-03-31": "41.83100", "2016-12-31": "49.76400", "2016-09-30": "43.09000", "2016-06-30": "50.91300", "2016-03-31": "48.03700", "2015-12-31": "64.69800", "2015-09-30": "53.92000", "2015-06-30": "66.68700", "2015-03-31": "51.09700", "2014-12-31": "61.07100", "2014-09-30": "55.19900", "2014-06-30": "54.47900", "2014-03-31": "41.82000", "2013-12-31": "60.21400", "2013-09-30": "34.02700", "2013-06-30": "37.69900", "2013-03-31": "35.69500", "2012-12-31": "65.39500", "2012-09-30": "47.44700", "2012-06-30": "54.87200", "2012-03-31": "42.41000", "2011-12-31": "63.89600", "2011-09-30": "60.33900", "2011-06-30": "55.31700", "2011-03-31": "41.24900", "2010-12-31": "66.78200", "2010-09-30": "53.98900", "2010-06-30": "47.23800", "2010-03-31": "34.71900", "2009-12-31": "33.30000", "2009-09-30": "27.84700", "2009-06-30": "36.62200", "2009-03-31": "35.31700", "2008-12-31": "50.25900", "2008-09-30": "46.42400", "2008-06-30": "57.75200", "2008-03-31": "54.12600", "2007-12-31": "50.74700", "2007-09-30": "107.39400", "2007-06-30": "95.30400", "2007-03-31": "62.15300", "2006-12-31": "27.61100", "2006-09-30": "51.91200", "2006-06-30": "57.40600", "2006-03-31": "48.52500", "2005-12-31": "23.06800", "2005-09-30": "52.09300", "2005-06-30": "52.87200", "2005-03-31": "52.65500"}, "Other Current Assets": {"2020-09-30": "202.06900", "2020-06-30": "", "2020-03-31": "", "2019-12-31": "", "2019-09-30": "", "2019-06-30": "", "2019-03-31": "", "2018-12-31": "", "2018-09-30": "", "2018-06-30": "", "2018-03-31": "", "2017-12-31": "", "2017-09-30": "", "2017-06-30": "", "2017-03-31": "", "2016-12-31": "", "2016-09-30": "183.28400", "2016-06-30": "", "2016-03-31": "", "2015-12-31": "", "2015-09-30": "", "2015-06-30": "", "2015-03-31": "", "2014-12-31": "", "2014-09-30": "", "2014-06-30": "", "2014-03-31": "", "2013-12-31": "", "2013-09-30": "", "2013-06-30": "", "2013-03-31": "", "2012-12-31": "", "2012-09-30": "", "2012-06-30": "", "2012-03-31": "", "2011-12-31": "", "2011-09-30": "", "2011-06-30": "", "2011-03-31": "", "2010-12-31": "", "2010-09-30": "", "2010-06-30": "", "2010-03-31": "", "2009-12-31": "", "2009-09-30": "", "2009-06-30": "", "2009-03-31": "", "2008-12-31": "", "2008-09-30": "", "2008-06-30": "", "2008-03-31": "", "2007-12-31": "", "2007-09-30": "", "2007-06-30": "", "2007-03-31": "", "2006-12-31": "", "2006-09-30": "", "2006-06-30": "", "2006-03-31": "", "2005-12-31": "", "2005-09-30": "", "2005-06-30": "", "2005-03-31": ""}, "Total Current Assets": {"2020-09-30": "2283.43400", "2020-06-30": "2238.66200", "2020-03-31": "1513.82800", "2019-12-31": "1521.19600", "2019-09-30": "1564.02200", "2019-06-30": "1579.02000", "2019-03-31": "1568.49100", "2018-12-31": "1519.27200", "2018-09-30": "1650.50500", "2018-06-30": "1574.96800", "2018-03-31": "1664.03600", "2017-12-31": "1563.63600", "2017-09-30": "1575.32500", "2017-06-30": "1464.97700", "2017-03-31": "1391.29500", "2016-12-31": "1348.76800", "2016-09-30": "1480.20700", "2016-06-30": "1271.75300", "2016-03-31": "1320.48500", "2015-12-31": "1307.37800", "2015-09-30": "1403.17200", "2015-06-30": "1448.83200", "2015-03-31": "1406.24700", "2014-12-31": "1373.78900", "2014-09-30": "1470.80700", "2014-06-30": "1462.45600", "2014-03-31": "1404.94700", "2013-12-31": "1379.83800", "2013-09-30": "1459.34700", "2013-06-30": "1330.93900", "2013-03-31": "1289.95500", "2012-12-31": "1499.89600", "2012-09-30": "1379.11100", "2012-06-30": "1363.62900", "2012-03-31": "1350.38100", "2011-12-31": "1311.71000", "2011-09-30": "1245.37400", "2011-06-30": "1245.40100", "2011-03-31": "1264.55600", "2010-12-31": "1157.51600", "2010-09-30": "1178.93100", "2010-06-30": "1097.89100", "2010-03-31": "1080.41000", "2009-12-31": "996.57300", "2009-09-30": "1023.67400", "2009-06-30": "917.40000", "2009-03-31": "879.64400", "2008-12-31": "929.99000", "2008-09-30": "1135.88600", "2008-06-30": "1139.51900", "2008-03-31": "1074.49600", "2007-12-31": "1027.67900", "2007-09-30": "1113.02800", "2007-06-30": "1050.76500", "2007-03-31": "982.27700", "2006-12-31": "942.79800", "2006-09-30": "975.74000", "2006-06-30": "907.47600", "2006-03-31": "897.37200", "2005-12-31": "885.50000", "2005-09-30": "1015.73200", "2005-06-30": "984.27500", "2005-03-31": "970.00100"}, "Property, Plant, And Equipment": {"2020-09-30": "1227.12200", "2020-06-30": "1235.50500", "2020-03-31": "1236.82700", "2019-12-31": "1286.84200", "2019-09-30": "1249.76100", "2019-06-30": "1233.61500", "2019-03-31": "1224.14300", "2018-12-31": "1233.82100", "2018-09-30": "1140.11300", "2018-06-30": "1167.66500", "2018-03-31": "1164.96800", "2017-12-31": "1169.37700", "2017-09-30": "1182.38400", "2017-06-30": "1150.99000", "2017-03-31": "1155.19200", "2016-12-31": "1060.01700", "2016-09-30": "1068.43200", "2016-06-30": "1109.01300", "2016-03-31": "1121.81800", "2015-12-31": "1112.03600", "2015-09-30": "1102.47200", "2015-06-30": "1114.37500", "2015-03-31": "1102.48100", "2014-12-31": "1148.60700", "2014-09-30": "1018.78000", "2014-06-30": "1028.81400", "2014-03-31": "1016.75100", "2013-12-31": "1021.92000", "2013-09-30": "1049.59700", "2013-06-30": "1033.18900", "2013-03-31": "1041.52900", "2012-12-31": "1034.90600", "2012-09-30": "1034.88900", "2012-06-30": "1017.70500", "2012-03-31": "1027.62500", "2011-12-31": "1013.62200", "2011-09-30": "923.93700", "2011-06-30": "953.22100", "2011-03-31": "953.77400", "2010-12-31": "944.13600", "2010-09-30": "937.39700", "2010-06-30": "896.33000", "2010-03-31": "909.02800", "2009-12-31": "926.82900", "2009-09-30": "955.49600", "2009-06-30": "956.24100", "2009-03-31": "956.94300", "2008-12-31": "973.44200", "2008-09-30": "1040.20200", "2008-06-30": "1083.65100", "2008-03-31": "1098.49000", "2007-12-31": "1105.34200", "2007-09-30": "1096.04700", "2007-06-30": "1086.31100", "2007-03-31": "1019.70200", "2006-12-31": "1019.59400", "2006-09-30": "952.72500", "2006-06-30": "954.71400", "2006-03-31": "957.79200", "2005-12-31": "943.95100", "2005-09-30": "962.67100", "2005-06-30": "970.80800", "2005-03-31": "990.89400"}, "Long-Term Investments": {"2020-09-30": "", "2020-06-30": "", "2020-03-31": "", "2019-12-31": "", "2019-09-30": "", "2019-06-30": "", "2019-03-31": "", "2018-12-31": "", "2018-09-30": "", "2018-06-30": "", "2018-03-31": "", "2017-12-31": "", "2017-09-30": "", "2017-06-30": "", "2017-03-31": "", "2016-12-31": "", "2016-09-30": "", "2016-06-30": "", "2016-03-31": "", "2015-12-31": "", "2015-09-30": "", "2015-06-30": "", "2015-03-31": "", "2014-12-31": "", "2014-09-30": "", "2014-06-30": "", "2014-03-31": "", "2013-12-31": "", "2013-09-30": "", "2013-06-30": "", "2013-03-31": "", "2012-12-31": "", "2012-09-30": "", "2012-06-30": "", "2012-03-31": "", "2011-12-31": "", "2011-09-30": "", "2011-06-30": "", "2011-03-31": "", "2010-12-31": "", "2010-09-30": "", "2010-06-30": "", "2010-03-31": "", "2009-12-31": "", "2009-09-30": "", "2009-06-30": "", "2009-03-31": "", "2008-12-31": "", "2008-09-30": "", "2008-06-30": "", "2008-03-31": "", "2007-12-31": "", "2007-09-30": "", "2007-06-30": "", "2007-03-31": "", "2006-12-31": "", "2006-09-30": "", "2006-06-30": "", "2006-03-31": "", "2005-12-31": "", "2005-09-30": "", "2005-06-30": "", "2005-03-31": ""}, "Goodwill And Intangible Assets": {"2020-09-30": "1743.65700", "2020-06-30": "1784.70800", "2020-03-31": "1784.77900", "2019-12-31": "1817.63800", "2019-09-30": "1689.51700", "2019-06-30": "1639.25500", "2019-03-31": "1648.01000", "2018-12-31": "1661.20400", "2018-09-30": "1626.19200", "2018-06-30": "1638.25400", "2018-03-31": "1574.64500", "2017-12-31": "1573.17000", "2017-09-30": "1582.75500", "2017-06-30": "1451.88200", "2017-03-31": "1430.56800", "2016-12-31": "1317.17300", "2016-09-30": "1294.26400", "2016-06-30": "1381.25800", "2016-03-31": "1394.85200", "2015-12-31": "1385.55600", "2015-09-30": "1402.06200", "2015-06-30": "1426.62800", "2015-03-31": "1408.06300", "2014-12-31": "1458.89700", "2014-09-30": "1312.23600", "2014-06-30": "1334.39600", "2014-03-31": "1331.75800", "2013-12-31": "1343.12700", "2013-09-30": "1354.15200", "2013-06-30": "1354.41000", "2013-03-31": "1372.86500", "2012-12-31": "1387.31400", "2012-09-30": "1395.07900", "2012-06-30": "1394.66200", "2012-03-31": "1407.68300", "2011-12-31": "1409.37600", "2011-09-30": "952.60200", "2011-06-30": "982.60000", "2011-03-31": "977.39500", "2010-12-31": "970.14790", "2010-09-30": "968.49000", "2010-06-30": "908.69300", "2010-03-31": "920.85300", "2009-12-31": "928.57400", "2009-09-30": "924.23500", "2009-06-30": "910.11300", "2009-03-31": "895.80800", "2008-12-31": "903.52290", "2008-09-30": "952.01400", "2008-06-30": "972.06700", "2008-03-31": "973.86600", "2007-12-31": "967.78410", "2007-09-30": "959.45300", "2007-06-30": "942.59700", "2007-03-31": "762.43500", "2006-12-31": "763.17300", "2006-09-30": "674.94200", "2006-06-30": "673.56900", "2006-03-31": "664.15600", "2005-12-31": "646.94000", "2005-09-30": "648.95000", "2005-06-30": "651.42700", "2005-03-31": "654.86100"}, "Other Long-Term Assets": {"2020-09-30": "165.31300", "2020-06-30": "144.63400", "2020-03-31": "148.67000", "2019-12-31": "155.71800", "2019-09-30": "138.32900", "2019-06-30": "140.91900", "2019-03-31": "144.82200", "2018-12-31": "121.87100", "2018-09-30": "191.76500", "2018-06-30": "192.60200", "2018-03-31": "197.60000", "2017-12-31": "189.48500", "2017-09-30": "176.61500", "2017-06-30": "173.36800", "2017-03-31": "165.97900", "2016-12-31": "155.11500", "2016-09-30": "153.19500", "2016-06-30": "153.60500", "2016-03-31": "157.75200", "2015-12-31": "156.08900", "2015-09-30": "161.33600", "2015-06-30": "172.41500", "2015-03-31": "173.33200", "2014-12-31": "167.17600", "2014-09-30": "173.45800", "2014-06-30": "172.70200", "2014-03-31": "170.49900", "2013-12-31": "168.40600", "2013-09-30": "164.09000", "2013-06-30": "164.95600", "2013-03-31": "163.83300", "2012-12-31": "163.01300", "2012-09-30": "168.09400", "2012-06-30": "171.30500", "2012-03-31": "169.82100", "2011-12-31": "170.83500", "2011-09-30": "172.96300", "2011-06-30": "171.66400", "2011-03-31": "165.23100", "2010-12-31": "167.11400", "2010-09-30": "162.42000", "2010-06-30": "162.88900", "2010-03-31": "155.48300", "2009-12-31": "153.49900", "2009-09-30": "149.40900", "2009-06-30": "147.14800", "2009-03-31": "144.89100", "2008-12-31": "146.97500", "2008-09-30": "197.44300", "2008-06-30": "206.34300", "2008-03-31": "199.76600", "2007-12-31": "239.43800", "2007-09-30": "192.30000", "2007-06-30": "194.15400", "2007-03-31": "202.48500", "2006-12-31": "191.11300", "2006-09-30": "475.78500", "2006-06-30": "485.22600", "2006-03-31": "496.93200", "2005-12-31": "223.44500", "2005-09-30": "463.26600", "2005-06-30": "450.57200", "2005-03-31": "448.24300"}, "Total Long-Term Assets": {"2020-09-30": "3483.79800", "2020-06-30": "3500.19800", "2020-03-31": "3498.30900", "2019-12-31": "3605.09300", "2019-09-30": "3422.15400", "2019-06-30": "3366.54400", "2019-03-31": "3373.01300", "2018-12-31": "3064.19300", "2018-09-30": "3008.12900", "2018-06-30": "3048.00000", "2018-03-31": "2989.03300", "2017-12-31": "2994.08500", "2017-09-30": "2994.30300", "2017-06-30": "2827.76600", "2017-03-31": "2799.11000", "2016-12-31": "2574.43500", "2016-09-30": "2564.34200", "2016-06-30": "2693.12300", "2016-03-31": "2727.52000", "2015-12-31": "2706.30700", "2015-09-30": "2710.46400", "2015-06-30": "2756.65700", "2015-03-31": "2729.88300", "2014-12-31": "2820.12200", "2014-09-30": "2542.19700", "2014-06-30": "2576.49300", "2014-03-31": "2575.37200", "2013-12-31": "2594.68500", "2013-09-30": "2630.00800", "2013-06-30": "2625.88800", "2013-03-31": "2659.16700", "2012-12-31": "2676.16900", "2012-09-30": "2677.19100", "2012-06-30": "2661.28700", "2012-03-31": "2682.04400", "2011-12-31": "2681.08900", "2011-09-30": "2104.80100", "2011-06-30": "2148.18800", "2011-03-31": "2132.68000", "2010-12-31": "2123.49800", "2010-09-30": "2123.95300", "2010-06-30": "2029.87800", "2010-03-31": "2042.89500", "2009-12-31": "2066.00700", "2009-09-30": "2131.28300", "2009-06-30": "2119.97100", "2009-03-31": "2099.36800", "2008-12-31": "2156.47600", "2008-09-30": "2189.65900", "2008-06-30": "2262.06100", "2008-03-31": "2272.12200", "2007-12-31": "2312.56400", "2007-09-30": "2247.80000", "2007-06-30": "2223.06200", "2007-03-31": "1984.62200", "2006-12-31": "1973.88000", "2006-09-30": "2103.45200", "2006-06-30": "2113.50900", "2006-03-31": "2118.88000", "2005-12-31": "2096.24000", "2005-09-30": "2074.88700", "2005-06-30": "2072.80700", "2005-03-31": "2093.99800"}, "Total Assets": {"2020-09-30": "5767.23200", "2020-06-30": "5738.86000", "2020-03-31": "5012.13700", "2019-12-31": "5126.28900", "2019-09-30": "4986.17600", "2019-06-30": "4945.56400", "2019-03-31": "4941.50400", "2018-12-31": "4583.46500", "2018-09-30": "4658.63400", "2018-06-30": "4622.96800", "2018-03-31": "4653.06900", "2017-12-31": "4557.72100", "2017-09-30": "4569.62800", "2017-06-30": "4292.74300", "2017-03-31": "4190.40500", "2016-12-31": "3923.20300", "2016-09-30": "4044.54900", "2016-06-30": "3964.87600", "2016-03-31": "4048.00500", "2015-12-31": "4013.68500", "2015-09-30": "4113.63600", "2015-06-30": "4205.48900", "2015-03-31": "4136.13000", "2014-12-31": "4193.91100", "2014-09-30": "4013.00400", "2014-06-30": "4038.94900", "2014-03-31": "3980.31900", "2013-12-31": "3974.52300", "2013-09-30": "4089.35500", "2013-06-30": "3956.82700", "2013-03-31": "3949.12200", "2012-12-31": "4176.06500", "2012-09-30": "4056.30200", "2012-06-30": "4024.91600", "2012-03-31": "4032.42500", "2011-12-31": "3992.79900", "2011-09-30": "3350.17500", "2011-06-30": "3393.58900", "2011-03-31": "3397.23600", "2010-12-31": "3281.01400", "2010-09-30": "3302.88400", "2010-06-30": "3127.76900", "2010-03-31": "3123.30500", "2009-12-31": "3062.58000", "2009-09-30": "3154.95700", "2009-06-30": "3037.37100", "2009-03-31": "2979.01200", "2008-12-31": "3086.46600", "2008-09-30": "3325.54500", "2008-06-30": "3401.58000", "2008-03-31": "3346.61800", "2007-12-31": "3340.24300", "2007-09-30": "3360.82800", "2007-06-30": "3273.82700", "2007-03-31": "2966.89900", "2006-12-31": "2916.67800", "2006-09-30": "3079.19200", "2006-06-30": "3020.98500", "2006-03-31": "3016.25200", "2005-12-31": "2981.74000", "2005-09-30": "3090.61900", "2005-06-30": "3057.08200", "2005-03-31": "3063.99900"}, "Total Current Liabilities": {"2020-09-30": "1499.04300", "2020-06-30": "1576.27200", "2020-03-31": "1363.80400", "2019-12-31": "1404.49200", "2019-09-30": "1307.45800", "2019-06-30": "1274.88800", "2019-03-31": "1156.22800", "2018-12-31": "1082.93000", "2018-09-30": "994.38400", "2018-06-30": "1030.07200", "2018-03-31": "1035.37400", "2017-12-31": "999.97000", "2017-09-30": "991.16800", "2017-06-30": "906.10700", "2017-03-31": "882.40000", "2016-12-31": "802.61600", "2016-09-30": "885.69700", "2016-06-30": "824.68600", "2016-03-31": "916.26800", "2015-12-31": "922.51600", "2015-09-30": "974.71300", "2015-06-30": "970.32500", "2015-03-31": "870.76600", "2014-12-31": "912.19300", "2014-09-30": "928.67400", "2014-06-30": "935.58000", "2014-03-31": "890.18100", "2013-12-31": "881.73300", "2013-09-30": "1034.25100", "2013-06-30": "956.81900", "2013-03-31": "963.80600", "2012-12-31": "1044.23500", "2012-09-30": "860.07100", "2012-06-30": "836.49200", "2012-03-31": "884.66500", "2011-12-31": "843.75200", "2011-09-30": "790.04100", "2011-06-30": "786.59200", "2011-03-31": "803.57200", "2010-12-31": "780.64900", "2010-09-30": "888.75900", "2010-06-30": "834.80300", "2010-03-31": "852.89700", "2009-12-31": "805.63900", "2009-09-30": "721.96600", "2009-06-30": "642.71400", "2009-03-31": "656.02800", "2008-12-31": "698.19600", "2008-09-30": "781.78700", "2008-06-30": "776.19300", "2008-03-31": "755.70000", "2007-12-31": "758.08100", "2007-09-30": "742.65600", "2007-06-30": "674.96800", "2007-03-31": "642.30000", "2006-12-31": "659.82400", "2006-09-30": "685.91000", "2006-06-30": "632.62700", "2006-03-31": "642.41600", "2005-12-31": "620.48600", "2005-09-30": "662.02400", "2005-06-30": "634.60300", "2005-03-31": "648.47800"}, "Long Term Debt": {"2020-09-30": "1627.03700", "2020-06-30": "1618.64000", "2020-03-31": "1187.90400", "2019-12-31": "1193.13500", "2019-09-30": "1180.22100", "2019-06-30": "1188.02600", "2019-03-31": "1189.41500", "2018-12-31": "1189.71700", "2018-09-30": "1312.67800", "2018-06-30": "1274.32500", "2018-03-31": "1289.04500", "2017-12-31": "1288.00200", "2017-09-30": "1300.19100", "2017-06-30": "1190.64600", "2017-03-31": "1177.18800", "2016-12-31": "1020.69800", "2016-09-30": "1030.33800", "2016-06-30": "1029.94300", "2016-03-31": "1015.80400", "2015-12-31": "1015.27000", "2015-09-30": "1073.04300", "2015-06-30": "1124.58000", "2015-03-31": "1200.50900", "2014-12-31": "1200.88500", "2014-09-30": "945.90000", "2014-06-30": "947.08100", "2014-03-31": "946.51200", "2013-12-31": "946.25700", "2013-09-30": "947.54100", "2013-06-30": "947.95800", "2013-03-31": "947.56800", "2012-12-31": "1099.45400", "2012-09-30": "1204.10500", "2012-06-30": "1276.49800", "2012-03-31": "1212.05400", "2011-12-31": "1232.96600", "2011-09-30": "717.22600", "2011-06-30": "716.80700", "2011-03-31": "745.18800", "2010-12-31": "603.94100", "2010-09-30": "513.59200", "2010-06-30": "468.06000", "2010-03-31": "464.70500", "2009-12-31": "462.74300", "2009-09-30": "561.67300", "2009-06-30": "618.08800", "2009-03-31": "635.42600", "2008-12-31": "656.84700", "2008-09-30": "746.52000", "2008-06-30": "782.81700", "2008-03-31": "796.31100", "2007-12-31": "804.33900", "2007-09-30": "916.27500", "2007-06-30": "926.27500", "2007-03-31": "754.77900", "2006-12-31": "712.08900", "2006-09-30": "625.62400", "2006-06-30": "674.56400", "2006-03-31": "685.86900", "2005-12-31": "657.07500", "2005-09-30": "789.75100", "2005-06-30": "815.38200", "2005-03-31": "807.48900"}, "Other Non-Current Liabilities": {"2020-09-30": "92.57500", "2020-06-30": "87.45900", "2020-03-31": "77.19100", "2019-12-31": "77.96100", "2019-09-30": "76.84600", "2019-06-30": "75.83700", "2019-03-31": "98.34300", "2018-12-31": "99.84800", "2018-09-30": "97.79000", "2018-06-30": "107.81300", "2018-03-31": "110.07200", "2017-12-31": "110.42900", "2017-09-30": "40.14200", "2017-06-30": "38.98000", "2017-03-31": "39.30300", "2016-12-31": "38.09200", "2016-09-30": "48.09400", "2016-06-30": "41.88700", "2016-03-31": "39.43800", "2015-12-31": "37.12900", "2015-09-30": "38.05700", "2015-06-30": "45.87900", "2015-03-31": "42.63500", "2014-12-31": "41.59800", "2014-09-30": "45.08800", "2014-06-30": "47.01100", "2014-03-31": "47.27000", "2013-12-31": "48.76000", "2013-09-30": "52.38200", "2013-06-30": "52.12500", "2013-03-31": "49.89600", "2012-12-31": "51.63200", "2012-09-30": "54.11500", "2012-06-30": "56.68800", "2012-03-31": "57.44500", "2011-12-31": "54.47100", "2011-09-30": "38.99000", "2011-06-30": "40.35700", "2011-03-31": "41.05700", "2010-12-31": "41.10800", "2010-09-30": "59.24200", "2010-06-30": "60.61900", "2010-03-31": "60.83700", "2009-12-31": "61.64200", "2009-09-30": "59.79200", "2009-06-30": "61.73300", "2009-03-31": "53.19700", "2008-12-31": "51.25800", "2008-09-30": "64.58700", "2008-06-30": "67.26100", "2008-03-31": "67.60000", "2007-12-31": "70.80000", "2007-09-30": "", "2007-06-30": "", "2007-03-31": "", "2006-12-31": "63.52500", "2006-09-30": "", "2006-06-30": "", "2006-03-31": "", "2005-12-31": "119.94500", "2005-09-30": "", "2005-06-30": "", "2005-03-31": ""}, "Total Long Term Liabilities": {"2020-09-30": "2386.85600", "2020-06-30": "2354.88400", "2020-03-31": "1892.89200", "2019-12-31": "1906.09200", "2019-09-30": "1824.40600", "2019-06-30": "1817.05600", "2019-03-31": "1984.13700", "2018-12-31": "1728.25700", "2018-09-30": "1831.32000", "2018-06-30": "1802.63100", "2018-03-31": "1821.23900", "2017-12-31": "1827.69100", "2017-09-30": "1819.83400", "2017-06-30": "1704.84400", "2017-03-31": "1699.13800", "2016-12-31": "1565.88200", "2016-09-30": "1569.21500", "2016-06-30": "1564.47400", "2016-03-31": "1546.39500", "2015-12-31": "1558.29600", "2015-09-30": "1639.63700", "2015-06-30": "1692.02900", "2015-03-31": "1765.56700", "2014-12-31": "1777.87100", "2014-09-30": "1348.50400", "2014-06-30": "1345.91000", "2014-03-31": "1348.96600", "2013-12-31": "1386.74100", "2013-09-30": "1461.11700", "2013-06-30": "1466.13700", "2013-03-31": "1465.95000", "2012-12-31": "1628.61600", "2012-09-30": "1660.44900", "2012-06-30": "1722.82900", "2012-03-31": "1668.16000", "2011-12-31": "1723.63900", "2011-09-30": "1012.65600", "2011-06-30": "1004.56200", "2011-03-31": "1041.53300", "2010-12-31": "992.67200", "2010-09-30": "913.52200", "2010-06-30": "874.26700", "2010-03-31": "870.27800", "2009-12-31": "876.31100", "2009-09-30": "1114.47300", "2009-06-30": "1151.82400", "2009-03-31": "1149.22600", "2008-12-31": "1213.75200", "2008-09-30": "1070.11800", "2008-06-30": "1120.89300", "2008-03-31": "1138.27900", "2007-12-31": "1140.62500", "2007-09-30": "1284.87000", "2007-06-30": "1293.19600", "2007-03-31": "1101.78500", "2006-12-31": "1037.78600", "2006-09-30": "1055.73400", "2006-06-30": "1110.82600", "2006-03-31": "1122.57900", "2005-12-31": "1097.94000", "2005-09-30": "1192.21600", "2005-06-30": "1234.65700", "2005-03-31": "1238.99900"}, "Total Liabilities": {"2020-09-30": "3885.89900", "2020-06-30": "3931.15600", "2020-03-31": "3256.69600", "2019-12-31": "3310.58400", "2019-09-30": "3131.86300", "2019-06-30": "3091.94400", "2019-03-31": "3140.36500", "2018-12-31": "2811.18700", "2018-09-30": "2825.70400", "2018-06-30": "2832.70300", "2018-03-31": "2856.61300", "2017-12-31": "2827.66100", "2017-09-30": "2811.00200", "2017-06-30": "2610.95100", "2017-03-31": "2581.53800", "2016-12-31": "2368.49800", "2016-09-30": "2454.91200", "2016-06-30": "2389.16000", "2016-03-31": "2462.66300", "2015-12-31": "2480.81200", "2015-09-30": "2614.35000", "2015-06-30": "2662.35400", "2015-03-31": "2636.33300", "2014-12-31": "2690.06400", "2014-09-30": "2277.17800", "2014-06-30": "2281.49000", "2014-03-31": "2239.14700", "2013-12-31": "2268.47400", "2013-09-30": "2495.36800", "2013-06-30": "2422.95600", "2013-03-31": "2429.75600", "2012-12-31": "2672.85100", "2012-09-30": "2520.52000", "2012-06-30": "2559.32100", "2012-03-31": "2552.82500", "2011-12-31": "2567.39100", "2011-09-30": "1802.69700", "2011-06-30": "1791.15400", "2011-03-31": "1845.10500", "2010-12-31": "1773.32100", "2010-09-30": "1802.28100", "2010-06-30": "1709.07000", "2010-03-31": "1723.17500", "2009-12-31": "1681.95000", "2009-09-30": "1836.43900", "2009-06-30": "1794.53800", "2009-03-31": "1805.25400", "2008-12-31": "1911.94800", "2008-09-30": "1851.90500", "2008-06-30": "1897.08600", "2008-03-31": "1893.97900", "2007-12-31": "1898.70600", "2007-09-30": "2027.52600", "2007-06-30": "1968.16400", "2007-03-31": "1744.08500", "2006-12-31": "1697.61000", "2006-09-30": "1741.64400", "2006-06-30": "1743.45300", "2006-03-31": "1764.99500", "2005-12-31": "1718.42600", "2005-09-30": "1854.24000", "2005-06-30": "1869.26000", "2005-03-31": "1887.47700"}, "Common Stock Net": {"2020-09-30": "7.17500", "2020-06-30": "7.17500", "2020-03-31": "7.17500", "2019-12-31": "7.17500", "2019-09-30": "7.17500", "2019-06-30": "7.17500", "2019-03-31": "7.17500", "2018-12-31": "7.17500", "2018-09-30": "7.17500", "2018-06-30": "7.17500", "2018-03-31": "7.17500", "2017-12-31": "7.17500", "2017-09-30": "7.17500", "2017-06-30": "7.17500", "2017-03-31": "7.17500", "2016-12-31": "7.17500", "2016-09-30": "7.17500", "2016-06-30": "7.17500", "2016-03-31": "7.17500", "2015-12-31": "7.17500", "2015-09-30": "7.17500", "2015-06-30": "7.17500", "2015-03-31": "7.17500", "2014-12-31": "7.17500", "2014-09-30": "7.17500", "2014-06-30": "7.17500", "2014-03-31": "7.17500", "2013-12-31": "7.17500", "2013-09-30": "7.17500", "2013-06-30": "7.17500", "2013-03-31": "7.17500", "2012-12-31": "7.17500", "2012-09-30": "7.17500", "2012-06-30": "7.17500", "2012-03-31": "7.17500", "2011-12-31": "7.17500", "2011-09-30": "7.17500", "2011-06-30": "7.17500", "2011-03-31": "7.17500", "2010-12-31": "7.17500", "2010-09-30": "7.17500", "2010-06-30": "7.17500", "2010-03-31": "7.17500", "2009-12-31": "7.17500", "2009-09-30": "7.17500", "2009-06-30": "7.17500", "2009-03-31": "7.17500", "2008-12-31": "7.17500", "2008-09-30": "7.17500", "2008-06-30": "7.17500", "2008-03-31": "7.17500", "2007-12-31": "7.17500", "2007-09-30": "7.17500", "2007-06-30": "7.17500", "2007-03-31": "7.17500", "2006-12-31": "7.17500", "2006-09-30": "7.17500", "2006-06-30": "7.17500", "2006-03-31": "7.17500", "2005-12-31": "7.17500", "2005-09-30": "7.17500", "2005-06-30": "7.17500", "2005-03-31": "7.17500"}, "Retained Earnings (Accumulated Deficit)": {"2020-09-30": "2390.27200", "2020-06-30": "2350.18900", "2020-03-31": "2338.42900", "2019-12-31": "2301.53200", "2019-09-30": "2300.00600", "2019-06-30": "2251.27900", "2019-03-31": "2213.47300", "2018-12-31": "2188.11500", "2018-09-30": "2151.65800", "2018-06-30": "2120.52900", "2018-03-31": "2072.42300", "2017-12-31": "2036.00600", "2017-09-30": "1996.24400", "2017-06-30": "1962.57100", "2017-03-31": "1958.57700", "2016-12-31": "1942.51300", "2016-09-30": "1874.82900", "2016-06-30": "1846.90300", "2016-03-31": "1828.24200", "2015-12-31": "1803.82700", "2015-09-30": "1783.38400", "2015-06-30": "1775.04200", "2015-03-31": "1746.23800", "2014-12-31": "1692.89100", "2014-09-30": "1692.13900", "2014-06-30": "1653.95400", "2014-03-31": "1625.31000", "2013-12-31": "1596.96500", "2013-09-30": "1581.97800", "2013-06-30": "1552.68700", "2013-03-31": "1529.57100", "2012-12-31": "1512.14500", "2012-09-30": "1499.97600", "2012-06-30": "1471.72700", "2012-03-31": "1450.96800", "2011-12-31": "1437.43500", "2011-09-30": "1437.22600", "2011-06-30": "1389.31500", "2011-03-31": "1365.16200", "2010-12-31": "1336.15500", "2010-09-30": "1330.26100", "2010-06-30": "1299.74000", "2010-03-31": "1269.26000", "2009-12-31": "1248.04300", "2009-09-30": "1228.25300", "2009-06-30": "1207.83700", "2009-03-31": "1201.45100", "2008-12-31": "1205.54000", "2008-09-30": "1197.36500", "2008-06-30": "1166.90300", "2008-03-31": "1136.04200", "2007-12-31": "1150.10800", "2007-09-30": "1121.95100", "2007-06-30": "1083.77000", "2007-03-31": "1067.67700", "2006-12-31": "1044.19600", "2006-09-30": "1028.69200", "2006-06-30": "991.44200", "2006-03-31": "965.88100", "2005-12-31": "943.86000", "2005-09-30": "927.93000", "2005-06-30": "904.80200", "2005-03-31": "887.38900"}, "Comprehensive Income": {"2020-09-30": "-837.21400", "2020-06-30": "-869.45300", "2020-03-31": "-909.15300", "2019-12-31": "-816.80300", "2019-09-30": "-774.37300", "2019-06-30": "-723.84600", "2019-03-31": "-734.74500", "2018-12-31": "-740.91300", "2018-09-30": "-681.86500", "2018-06-30": "-692.40100", "2018-03-31": "-637.03100", "2017-12-31": "-666.27200", "2017-09-30": "-596.95300", "2017-06-30": "-633.99600", "2017-03-31": "-699.87400", "2016-12-31": "-738.38000", "2016-09-30": "-672.23500", "2016-06-30": "-675.51800", "2016-03-31": "-663.85700", "2015-12-31": "-702.53300", "2015-09-30": "-710.24800", "2015-06-30": "-661.70500", "2015-03-31": "-666.76900", "2014-12-31": "-608.85100", "2014-09-30": "-404.90700", "2014-06-30": "-360.04600", "2014-03-31": "-361.46900", "2013-12-31": "-369.86900", "2013-09-30": "-471.31500", "2013-06-30": "-500.91000", "2013-03-31": "-484.28900", "2012-12-31": "-475.82600", "2012-09-30": "-426.11800", "2012-06-30": "-466.45000", "2012-03-31": "-427.19500", "2011-12-31": "-460.29900", "2011-09-30": "-330.23600", "2011-06-30": "-226.13000", "2011-03-31": "-247.75500", "2010-12-31": "-292.86700", "2010-09-30": "-300.75700", "2010-06-30": "-345.71900", "2010-03-31": "-320.61700", "2009-12-31": "-310.46900", "2009-09-30": "-344.79300", "2009-06-30": "-395.11100", "2009-03-31": "-454.10100", "2008-12-31": "-454.67900", "2008-09-30": "-135.99100", "2008-06-30": "-66.95400", "2008-03-31": "-85.03800", "2007-12-31": "-107.37400", "2007-09-30": "-183.88300", "2007-06-30": "-219.70300", "2007-03-31": "-244.61000", "2006-12-31": "-262.30500", "2006-09-30": "-92.70200", "2006-06-30": "-100.02600", "2006-03-31": "-105.11500", "2005-12-31": "-106.38900", "2005-09-30": "-92.31300", "2005-06-30": "-114.50000", "2005-03-31": "-105.56100"}, "Other Share Holders Equity": {"2020-09-30": "", "2020-06-30": "", "2020-03-31": "", "2019-12-31": "", "2019-09-30": "", "2019-06-30": "", "2019-03-31": "", "2018-12-31": "", "2018-09-30": "", "2018-06-30": "", "2018-03-31": "", "2017-12-31": "", "2017-09-30": "", "2017-06-30": "", "2017-03-31": "", "2016-12-31": "", "2016-09-30": "", "2016-06-30": "", "2016-03-31": "", "2015-12-31": "", "2015-09-30": "", "2015-06-30": "", "2015-03-31": "", "2014-12-31": "", "2014-09-30": "", "2014-06-30": "", "2014-03-31": "", "2013-12-31": "", "2013-09-30": "", "2013-06-30": "", "2013-03-31": "", "2012-12-31": "", "2012-09-30": "", "2012-06-30": "", "2012-03-31": "", "2011-12-31": "", "2011-09-30": "", "2011-06-30": "", "2011-03-31": "", "2010-12-31": "", "2010-09-30": "", "2010-06-30": "", "2010-03-31": "", "2009-12-31": "", "2009-09-30": "", "2009-06-30": "", "2009-03-31": "", "2008-12-31": "", "2008-09-30": "", "2008-06-30": "", "2008-03-31": "", "2007-12-31": "", "2007-09-30": "", "2007-06-30": "", "2007-03-31": "", "2006-12-31": "", "2006-09-30": "", "2006-06-30": "", "2006-03-31": "", "2005-12-31": "", "2005-09-30": "", "2005-06-30": "", "2005-03-31": ""}, "Share Holder Equity": {"2020-09-30": "1881.33300", "2020-06-30": "1807.70400", "2020-03-31": "1755.44100", "2019-12-31": "1815.70500", "2019-09-30": "1854.31300", "2019-06-30": "1853.62000", "2019-03-31": "1801.13900", "2018-12-31": "1772.27800", "2018-09-30": "1832.93000", "2018-06-30": "1790.26500", "2018-03-31": "1796.45600", "2017-12-31": "1730.06000", "2017-09-30": "1758.62600", "2017-06-30": "1681.79200", "2017-03-31": "1608.86700", "2016-12-31": "1554.70500", "2016-09-30": "1589.63700", "2016-06-30": "1575.71600", "2016-03-31": "1585.34200", "2015-12-31": "1532.87300", "2015-09-30": "1499.28600", "2015-06-30": "1543.13500", "2015-03-31": "1499.79700", "2014-12-31": "1503.84700", "2014-09-30": "1735.82600", "2014-06-30": "1757.45900", "2014-03-31": "1741.17200", "2013-12-31": "1706.04900", "2013-09-30": "1593.98700", "2013-06-30": "1533.87100", "2013-03-31": "1519.36600", "2012-12-31": "1503.21400", "2012-09-30": "1535.78200", "2012-06-30": "1465.59500", "2012-03-31": "1479.60000", "2011-12-31": "1425.40800", "2011-09-30": "1547.47800", "2011-06-30": "1602.43500", "2011-03-31": "1552.13100", "2010-12-31": "1507.69300", "2010-09-30": "1500.60300", "2010-06-30": "1418.69900", "2010-03-31": "1400.13000", "2009-12-31": "1380.63000", "2009-09-30": "1318.51800", "2009-06-30": "1242.83300", "2009-03-31": "1173.75800", "2008-12-31": "1174.51800", "2008-09-30": "1473.64000", "2008-06-30": "1504.49400", "2008-03-31": "1452.63900", "2007-12-31": "1441.53700", "2007-09-30": "1333.30200", "2007-06-30": "1305.66300", "2007-03-31": "1222.81400", "2006-12-31": "1219.06800", "2006-09-30": "1337.54800", "2006-06-30": "1277.53200", "2006-03-31": "1251.25700", "2005-12-31": "1263.31400", "2005-09-30": "1236.37900", "2005-06-30": "1187.82200", "2005-03-31": "1176.52200"}, "Total Liabilities And Share Holders Equity": {"2020-09-30": "5767.23200", "2020-06-30": "5738.86000", "2020-03-31": "5012.13700", "2019-12-31": "5126.28900", "2019-09-30": "4986.17600", "2019-06-30": "4945.56400", "2019-03-31": "4941.50400", "2018-12-31": "4583.46500", "2018-09-30": "4658.63400", "2018-06-30": "4622.96800", "2018-03-31": "4653.06900", "2017-12-31": "4557.72100", "2017-09-30": "4569.62800", "2017-06-30": "4292.74300", "2017-03-31": "4190.40500", "2016-12-31": "3923.20300", "2016-09-30": "4044.54900", "2016-06-30": "3964.87600", "2016-03-31": "4048.00500", "2015-12-31": "4013.68500", "2015-09-30": "4113.63600", "2015-06-30": "4205.48900", "2015-03-31": "4136.13000", "2014-12-31": "4193.91100", "2014-09-30": "4013.00400", "2014-06-30": "4038.94900", "2014-03-31": "3980.31900", "2013-12-31": "3974.52300", "2013-09-30": "4089.35500", "2013-06-30": "3956.82700", "2013-03-31": "3949.12200", "2012-12-31": "4176.06500", "2012-09-30": "4056.30200", "2012-06-30": "4024.91600", "2012-03-31": "4032.42500", "2011-12-31": "3992.79900", "2011-09-30": "3350.17500", "2011-06-30": "3393.58900", "2011-03-31": "3397.23600", "2010-12-31": "3281.01400", "2010-09-30": "3302.88400", "2010-06-30": "3127.76900", "2010-03-31": "3123.30500", "2009-12-31": "3062.58000", "2009-09-30": "3154.95700", "2009-06-30": "3037.37100", "2009-03-31": "2979.01200", "2008-12-31": "3086.46600", "2008-09-30": "3325.54500", "2008-06-30": "3401.58000", "2008-03-31": "3346.61800", "2007-12-31": "3340.24300", "2007-09-30": "3360.82800", "2007-06-30": "3273.82700", "2007-03-31": "2966.89900", "2006-12-31": "2916.67800", "2006-09-30": "3079.19200", "2006-06-30": "3020.98500", "2006-03-31": "3016.25200", "2005-12-31": "2981.74000", "2005-09-30": "3090.61900", "2005-06-30": "3057.08200", "2005-03-31": "3063.99900"}}, "cash flow statement": {"Net Income/Loss": {"2019-12-31": "292.66800", "2018-12-31": "314.73900", "2017-12-31": "177.44700", "2016-12-31": "287.88100", "2015-12-31": "250.62400", "2014-12-31": "226.83500", "2013-12-31": "211.10700", "2012-12-31": "195.40900", "2011-12-31": "218.04400", "2010-12-31": "201.47400", "2009-12-31": "155.14500", "2008-12-31": "157.25800", "2007-12-31": "212.02600", "2006-12-31": "195.08100", "2005-12-31": "161.87700"}, "Total Depreciation And Amortization - Cash Flow": {"2019-12-31": "239.14000", "2018-12-31": "236.24500", "2017-12-31": "217.62500", "2016-12-31": "205.18200", "2015-12-31": "213.16100", "2014-12-31": "198.71800", "2013-12-31": "197.67100", "2012-12-31": "200.40300", "2011-12-31": "179.87100", "2010-12-31": "169.66500", "2009-12-31": "173.58700", "2008-12-31": "183.03400", "2007-12-31": "181.33900", "2006-12-31": "164.86300", "2005-12-31": "163.07400"}, "Other Non-Cash Items": {"2019-12-31": "-130.65500", "2018-12-31": "26.38900", "2017-12-31": "-17.59700", "2016-12-31": "-67.15400", "2015-12-31": "10.65900", "2014-12-31": "36.11700", "2013-12-31": "75.42400", "2012-12-31": "5.07500", "2011-12-31": "-66.11900", "2010-12-31": "118.18000", "2009-12-31": "-14.26300", "2008-12-31": "62.82000", "2007-12-31": "56.04400", "2006-12-31": "-4.91800", "2005-12-31": "-4.12800"}, "Total Non-Cash Items": {"2019-12-31": "108.48500", "2018-12-31": "262.63400", "2017-12-31": "200.02800", "2016-12-31": "138.02800", "2015-12-31": "223.82000", "2014-12-31": "234.83500", "2013-12-31": "273.09500", "2012-12-31": "205.47800", "2011-12-31": "113.75200", "2010-12-31": "287.84500", "2009-12-31": "159.32400", "2008-12-31": "245.85400", "2007-12-31": "237.38300", "2006-12-31": "159.94500", "2005-12-31": "158.94600"}, "Change In Accounts Receivable": {"2019-12-31": "59.61500", "2018-12-31": "38.19300", "2017-12-31": "-43.77300", "2016-12-31": "-44.67200", "2015-12-31": "-15.39800", "2014-12-31": "-35.92000", "2013-12-31": "0.16200", "2012-12-31": "1.19000", "2011-12-31": "-52.48400", "2010-12-31": "-66.41000", "2009-12-31": "-16.05700", "2008-12-31": "58.62700", "2007-12-31": "19.45800", "2006-12-31": "-12.98200", "2005-12-31": "-24.02600"}, "Change In Inventories": {"2019-12-31": "2.63100", "2018-12-31": "-6.15000", "2017-12-31": "-16.06700", "2016-12-31": "-11.51500", "2015-12-31": "-2.56700", "2014-12-31": "6.23000", "2013-12-31": "-32.52700", "2012-12-31": "17.08100", "2011-12-31": "3.42300", "2010-12-31": "-57.07100", "2009-12-31": "36.49200", "2008-12-31": "5.01700", "2007-12-31": "-9.25900", "2006-12-31": "33.15900", "2005-12-31": "-6.44700"}, "Change In Accounts Payable": {"2019-12-31": "-25.38300", "2018-12-31": "-4.38000", "2017-12-31": "4.22600", "2016-12-31": "5.55000", "2015-12-31": "12.34900", "2014-12-31": "26.85000", "2013-12-31": "71.00900", "2012-12-31": "-16.01000", "2011-12-31": "-13.79800", "2010-12-31": "43.25500", "2009-12-31": "15.43800", "2008-12-31": "-62.61400", "2007-12-31": "12.94400", "2006-12-31": "81.91200", "2005-12-31": "-8.37900"}, "Change In Assets/Liabilities": {"2019-12-31": "-13.43600", "2018-12-31": "-15.27700", "2017-12-31": "-29.18100", "2016-12-31": "13.23600", "2015-12-31": "-14.07900", "2014-12-31": "-31.09100", "2013-12-31": "0.09300", "2012-12-31": "11.69400", "2011-12-31": "-18.83200", "2010-12-31": "-3.72100", "2009-12-31": "9.60200", "2008-12-31": "-0.04800", "2007-12-31": "-55.27500", "2006-12-31": "38.96900", "2005-12-31": "-54.60800"}, "Total Change In Assets/Liabilities": {"2019-12-31": "24.69700", "2018-12-31": "12.52500", "2017-12-31": "-29.22100", "2016-12-31": "-27.23000", "2015-12-31": "-21.51400", "2014-12-31": "-43.75500", "2013-12-31": "53.82500", "2012-12-31": "3.02800", "2011-12-31": "-86.52100", "2010-12-31": "-114.18300", "2009-12-31": "76.51900", "2008-12-31": "-23.71800", "2007-12-31": "-4.27300", "2006-12-31": "127.53700", "2005-12-31": "-93.46000"}, "Cash Flow From Operating Activities": {"2019-12-31": "425.85000", "2018-12-31": "589.89800", "2017-12-31": "348.25400", "2016-12-31": "398.67900", "2015-12-31": "452.93000", "2014-12-31": "417.91500", "2013-12-31": "538.02700", "2012-12-31": "403.91500", "2011-12-31": "245.27500", "2010-12-31": "375.13600", "2009-12-31": "390.98800", "2008-12-31": "379.39400", "2007-12-31": "445.13600", "2006-12-31": "482.56300", "2005-12-31": "227.36300"}, "Net Change In Property, Plant, And Equipment": {"2019-12-31": "-181.32000", "2018-12-31": "-168.28600", "2017-12-31": "-183.64200", "2016-12-31": "93.63200", "2015-12-31": "-159.76500", "2014-12-31": "-169.31800", "2013-12-31": "-161.93100", "2012-12-31": "-182.89500", "2011-12-31": "-173.37200", "2010-12-31": "-145.91000", "2009-12-31": "-104.15000", "2008-12-31": "-123.11400", "2007-12-31": "-169.44400", "2006-12-31": "-123.27900", "2005-12-31": "-129.11200"}, "Net Change In Intangible Assets": {"2019-12-31": "", "2018-12-31": "", "2017-12-31": "", "2016-12-31": "", "2015-12-31": "", "2014-12-31": "", "2013-12-31": "", "2012-12-31": "", "2011-12-31": "", "2010-12-31": "", "2009-12-31": "", "2008-12-31": "", "2007-12-31": "", "2006-12-31": "", "2005-12-31": ""}, "Net Acquisitions/Divestitures": {"2019-12-31": "-298.38000", "2018-12-31": "-277.17700", "2017-12-31": "-383.72500", "2016-12-31": "-88.63200", "2015-12-31": "-17.44700", "2014-12-31": "-334.13200", "2013-12-31": "-4.00500", "2012-12-31": "-0.50300", "2011-12-31": "-566.90800", "2010-12-31": "-137.83500", "2009-12-31": "-5.50400", "2008-12-31": "-5.53500", "2007-12-31": "-236.26300", "2006-12-31": "-227.30400", "2005-12-31": "-3.56600"}, "Net Change In Short-term Investments": {"2019-12-31": "", "2018-12-31": "", "2017-12-31": "", "2016-12-31": "", "2015-12-31": "", "2014-12-31": "", "2013-12-31": "", "2012-12-31": "", "2011-12-31": "", "2010-12-31": "", "2009-12-31": "", "2008-12-31": "", "2007-12-31": "", "2006-12-31": "", "2005-12-31": ""}, "Net Change In Long-Term Investments": {"2019-12-31": "", "2018-12-31": "", "2017-12-31": "", "2016-12-31": "", "2015-12-31": "-2.65700", "2014-12-31": "-3.98300", "2013-12-31": "-3.51700", "2012-12-31": "0.02600", "2011-12-31": "", "2010-12-31": "-8.45000", "2009-12-31": "-1.76500", "2008-12-31": "-1.29300", "2007-12-31": "2.65200", "2006-12-31": "-2.50000", "2005-12-31": ""}, "Net Change In Investments - Total": {"2019-12-31": "", "2018-12-31": "", "2017-12-31": "", "2016-12-31": "", "2015-12-31": "-2.65700", "2014-12-31": "-3.98300", "2013-12-31": "-3.51700", "2012-12-31": "0.02600", "2011-12-31": "", "2010-12-31": "-8.45000", "2009-12-31": "-1.76500", "2008-12-31": "-1.29300", "2007-12-31": "2.65200", "2006-12-31": "-2.50000", "2005-12-31": ""}, "Investing Activities - Other": {"2019-12-31": "0.60300", "2018-12-31": "1.33500", "2017-12-31": "2.79100", "2016-12-31": "-8.14200", "2015-12-31": "", "2014-12-31": "", "2013-12-31": "", "2012-12-31": "", "2011-12-31": "11.12100", "2010-12-31": "8.48600", "2009-12-31": "19.90900", "2008-12-31": "19.75800", "2007-12-31": "23.41700", "2006-12-31": "21.03000", "2005-12-31": "13.37700"}, "Cash Flow From Investing Activities": {"2019-12-31": "-479.09700", "2018-12-31": "-444.12800", "2017-12-31": "-564.57600", "2016-12-31": "-3.14200", "2015-12-31": "-179.86900", "2014-12-31": "-507.43300", "2013-12-31": "-169.45300", "2012-12-31": "-183.37200", "2011-12-31": "-729.15900", "2010-12-31": "-283.70900", "2009-12-31": "-91.51000", "2008-12-31": "-110.18400", "2007-12-31": "-379.63800", "2006-12-31": "-332.05300", "2005-12-31": "-119.30100"}, "Net Long-Term Debt": {"2019-12-31": "137.26100", "2018-12-31": "-54.37700", "2017-12-31": "231.19100", "2016-12-31": "-65.12500", "2015-12-31": "-114.71800", "2014-12-31": "245.22200", "2013-12-31": "-236.39500", "2012-12-31": "-39.25200", "2011-12-31": "663.86500", "2010-12-31": "6.48800", "2009-12-31": "-21.15300", "2008-12-31": "-79.01300", "2007-12-31": "-1.32300", "2006-12-31": "-82.64700", "2005-12-31": "32.16000"}, "Net Current Debt": {"2019-12-31": "130.00000", "2018-12-31": "-4.00000", "2017-12-31": "124.00000", "2016-12-31": "", "2015-12-31": "", "2014-12-31": "", "2013-12-31": "-152.00000", "2012-12-31": "125.00000", "2011-12-31": "-3.00000", "2010-12-31": "29.92900", "2009-12-31": "-97.56800", "2008-12-31": "-74.00000", "2007-12-31": "79.20200", "2006-12-31": "49.38600", "2005-12-31": "-142.23500"}, "Debt Issuance/Retirement Net - Total": {"2019-12-31": "267.26100", "2018-12-31": "-58.37700", "2017-12-31": "355.19100", "2016-12-31": "-65.12500", "2015-12-31": "-114.71800", "2014-12-31": "245.22200", "2013-12-31": "-388.39500", "2012-12-31": "85.74800", "2011-12-31": "660.86500", "2010-12-31": "36.41700", "2009-12-31": "-118.72100", "2008-12-31": "-153.01300", "2007-12-31": "77.87900", "2006-12-31": "-33.26100", "2005-12-31": "-110.07500"}, "Net Common Equity Issued/Repurchased": {"2019-12-31": "-9.60800", "2018-12-31": "-14.56100", "2017-12-31": "-6.33500", "2016-12-31": "-106.73900", "2015-12-31": "-6.54400", "2014-12-31": "-82.42700", "2013-12-31": "-11.45800", "2012-12-31": "5.57200", "2011-12-31": "-28.18900", "2010-12-31": "-1.50300", "2009-12-31": "5.92000", "2008-12-31": "5.62700", "2007-12-31": "-59.50800", "2006-12-31": "-8.25500", "2005-12-31": "34.61700"}, "Net Total Equity Issued/Repurchased": {"2019-12-31": "-9.60800", "2018-12-31": "-14.56100", "2017-12-31": "-6.33500", "2016-12-31": "-106.73900", "2015-12-31": "-6.54400", "2014-12-31": "-82.42700", "2013-12-31": "-11.45800", "2012-12-31": "5.57200", "2011-12-31": "-28.18900", "2010-12-31": "-1.50300", "2009-12-31": "5.92000", "2008-12-31": "5.62700", "2007-12-31": "-59.50800", "2006-12-31": "-8.25500", "2005-12-31": "34.61700"}, "Total Common And Preferred Stock Dividends Paid": {"2019-12-31": "-170.25300", "2018-12-31": "-161.43400", "2017-12-31": "-153.13700", "2016-12-31": "-146.36400", "2015-12-31": "-138.03200", "2014-12-31": "-128.79300", "2013-12-31": "-124.84500", "2012-12-31": "-119.77100", "2011-12-31": "-114.95800", "2010-12-31": "-111.75600", "2009-12-31": "-107.88700", "2008-12-31": "-106.55800", "2007-12-31": "-102.65800", "2006-12-31": "-94.74500", "2005-12-31": "-90.12600"}, "Financial Activities - Other": {"2019-12-31": "-10.20000", "2018-12-31": "-39.28200", "2017-12-31": "7.51800", "2016-12-31": "2.53200", "2015-12-31": "2.93800", "2014-12-31": "5.46100", "2013-12-31": "9.63100", "2012-12-31": "1.08200", "2011-12-31": "-10.23300", "2010-12-31": "-39.74000", "2009-12-31": "1.03000", "2008-12-31": "12.56600", "2007-12-31": "9.31700", "2006-12-31": "10.58000", "2005-12-31": ""}, "Cash Flow From Financial Activities": {"2019-12-31": "77.20000", "2018-12-31": "-273.65400", "2017-12-31": "203.23700", "2016-12-31": "-315.69600", "2015-12-31": "-256.35600", "2014-12-31": "39.46300", "2013-12-31": "-515.06700", "2012-12-31": "-27.36900", "2011-12-31": "507.48500", "2010-12-31": "-116.58200", "2009-12-31": "-219.65800", "2008-12-31": "-241.37800", "2007-12-31": "-74.97000", "2006-12-31": "-125.68100", "2005-12-31": "-165.58400"}, "Net Cash Flow": {"2019-12-31": "24.89400", "2018-12-31": "-134.52300", "2017-12-31": "-2.31400", "2016-12-31": "74.79200", "2015-12-31": "21.26600", "2014-12-31": "-56.39900", "2013-12-31": "-155.51700", "2012-12-31": "197.56100", "2011-12-31": "17.27400", "2010-12-31": "-26.99600", "2009-12-31": "83.59000", "2008-12-31": "30.89700", "2007-12-31": "-15.74000", "2006-12-31": "26.89000", "2005-12-31": "-58.11700"}, "Stock-Based Compensation": {"2019-12-31": "14.33400", "2018-12-31": "10.73000", "2017-12-31": "13.48800", "2016-12-31": "19.28900", "2015-12-31": "9.25700", "2014-12-31": "17.09900", "2013-12-31": "11.47200", "2012-12-31": "8.85100", "2011-12-31": "12.10200", "2010-12-31": "15.80400", "2009-12-31": "8.61600", "2008-12-31": "4.17700", "2007-12-31": "11.00000", "2006-12-31": "11.34700", "2005-12-31": "4.54800"}, "Common Stock Dividends Paid": {"2019-12-31": "-170.25300", "2018-12-31": "-161.43400", "2017-12-31": "-153.13700", "2016-12-31": "-146.36400", "2015-12-31": "-138.03200", "2014-12-31": "-128.79300", "2013-12-31": "-124.84500", "2012-12-31": "-119.77100", "2011-12-31": "-114.95800", "2010-12-31": "-111.75600", "2009-12-31": "-107.88700", "2008-12-31": "-106.55800", "2007-12-31": "-102.65800", "2006-12-31": "-94.74500", "2005-12-31": "-90.12600"}}, "cash flow statement, quarterly": {"Net Income/Loss": {"2020-09-30": 83.298, "2020-06-30": 54.99, "2020-03-31": "80.23600", "2019-12-31": 45.331, "2019-09-30": 92.283, "2019-06-30": 81.286, "2019-03-31": "73.76800", "2018-12-31": 77.349, "2018-09-30": 72.82, "2018-06-30": 89.645, "2018-03-31": "74.92500", "2017-12-31": 6.05, "2017-09-30": 73.411, "2017-06-30": 43.656, "2017-03-31": "54.33000", "2016-12-31": 104.995, "2016-09-30": 65.978, "2016-06-30": 56.718, "2016-03-31": "60.19000", "2015-12-31": 56.312, "2015-09-30": 43.995, "2015-06-30": 64.629, "2015-03-31": "85.68800", "2014-12-31": 49.085, "2014-09-30": 67.865, "2014-06-30": 59.544, "2014-03-31": "50.34100", "2013-12-31": 46.843, "2013-09-30": 61.425, "2013-06-30": 55.046, "2013-03-31": "47.79300", "2012-12-31": 42.117, "2012-09-30": 59.029, "2012-06-30": 51.351, "2012-03-31": "42.91200", "2011-12-31": 29.528, "2011-09-30": 77.173, "2011-06-30": 53.706, "2011-03-31": "57.63700", "2010-12-31": 34.744, "2010-09-30": 59.221, "2010-06-30": 58.956, "2010-03-31": "48.55300", "2009-12-31": 47.043, "2009-09-30": 51.377, "2009-06-30": 32.99, "2009-03-31": "23.73500", "2008-12-31": 36.251, "2008-09-30": 56.751, "2008-06-30": 55.34, "2008-03-31": "8.91600", "2007-12-31": 52.038, "2007-09-30": 64.533, "2007-06-30": 42.351, "2007-03-31": "53.10400", "2006-12-31": 39.504, "2006-09-30": 61.091, "2006-06-30": 49.342, "2006-03-31": "45.14400", "2005-12-31": 38.799, "2005-09-30": 45.913, "2005-06-30": 40.176, "2005-03-31": "36.98900"}, "Total Depreciation And Amortization - Cash Flow": {"2020-09-30": 63.155, "2020-06-30": 62.623, "2020-03-31": "60.82400", "2019-12-31": 66.055, "2019-09-30": 56.107, "2019-06-30": 58.364, "2019-03-31": "58.61400", "2018-12-31": 59.35, "2018-09-30": 56.493, "2018-06-30": 62.334, "2018-03-31": "58.06800", "2017-12-31": 58.495, "2017-09-30": 55.481, "2017-06-30": 54.641, "2017-03-31": "49.00800", "2016-12-31": 48.64, "2016-09-30": 51.012, "2016-06-30": 51.958, "2016-03-31": "53.57200", "2015-12-31": 55.945, "2015-09-30": 53.192, "2015-06-30": 52.147, "2015-03-31": "51.87700", "2014-12-31": 53.99, "2014-09-30": 49.212, "2014-06-30": 48.337, "2014-03-31": "47.17900", "2013-12-31": 52.097, "2013-09-30": 47.32, "2013-06-30": 51.023, "2013-03-31": "47.23100", "2012-12-31": 51.244, "2012-09-30": 48.026, "2012-06-30": 49.903, "2012-03-31": "51.23000", "2011-12-31": 48.26, "2011-09-30": 43.932, "2011-06-30": 43.338, "2011-03-31": "44.34100", "2010-12-31": 45.257, "2010-09-30": 43.128, "2010-06-30": 40.867, "2010-03-31": "40.41300", "2009-12-31": 45.483, "2009-09-30": 44.167, "2009-06-30": 43.08, "2009-03-31": "40.85700", "2008-12-31": 44.372, "2008-09-30": 45.414, "2008-06-30": 47.395, "2008-03-31": "45.85300", "2007-12-31": 47.748, "2007-09-30": 48.111, "2007-06-30": 42.758, "2007-03-31": "42.72200", "2006-12-31": 43.297, "2006-09-30": 44.294, "2006-06-30": 39.109, "2006-03-31": "38.16300", "2005-12-31": 42.279, "2005-09-30": 40.558, "2005-06-30": 41.633, "2005-03-31": "38.60400"}, "Other Non-Cash Items": {"2020-09-30": 20.02, "2020-06-30": 30.235, "2020-03-31": "-2.13700", "2019-12-31": 29.613, "2019-09-30": -19.238, "2019-06-30": -137.356, "2019-03-31": "-3.67400", "2018-12-31": 6.613, "2018-09-30": 19.379, "2018-06-30": 9.662, "2018-03-31": "-9.26500", "2017-12-31": -38.661, "2017-09-30": 18.563, "2017-06-30": 29.929, "2017-03-31": "-27.42800", "2016-12-31": -100.206, "2016-09-30": 17.42, "2016-06-30": 33.429, "2016-03-31": "-17.79700", "2015-12-31": 26.221, "2015-09-30": 27.189, "2015-06-30": -4.8, "2015-03-31": "-37.95100", "2014-12-31": 34.86, "2014-09-30": 22.589, "2014-06-30": 6.491, "2014-03-31": "-27.82300", "2013-12-31": 19.086, "2013-09-30": 23.951, "2013-06-30": 18.26, "2013-03-31": "14.12700", "2012-12-31": 23.008, "2012-09-30": 9.131, "2012-06-30": 0.526, "2012-03-31": "-27.59000", "2011-12-31": 23.022, "2011-09-30": -3.044, "2011-06-30": -1.22, "2011-03-31": "-84.87700", "2010-12-31": 73.032, "2010-09-30": 36.045, "2010-06-30": 3.257, "2010-03-31": "5.84600", "2009-12-31": -71.688, "2009-09-30": 20.599, "2009-06-30": 12.276, "2009-03-31": "24.55000", "2008-12-31": -11.536, "2008-09-30": 18.441, "2008-06-30": -4.457, "2008-03-31": "60.37200", "2007-12-31": 43.836, "2007-09-30": 18.764, "2007-06-30": -10.994, "2007-03-31": "4.43800", "2006-12-31": -5.674, "2006-09-30": 3.545, "2006-06-30": -0.603, "2006-03-31": "-2.18600", "2005-12-31": 6.021, "2005-09-30": -2.799, "2005-06-30": -7.923, "2005-03-31": "0.57300"}, "Total Non-Cash Items": {"2020-09-30": 83.175, "2020-06-30": 92.858, "2020-03-31": "58.68700", "2019-12-31": 95.668, "2019-09-30": 36.869, "2019-06-30": -78.992, "2019-03-31": "54.94000", "2018-12-31": 65.963, "2018-09-30": 75.872, "2018-06-30": 71.996, "2018-03-31": "48.80300", "2017-12-31": 19.834, "2017-09-30": 74.044, "2017-06-30": 84.57, "2017-03-31": "21.58000", "2016-12-31": -51.566, "2016-09-30": 68.432, "2016-06-30": 85.387, "2016-03-31": "35.77500", "2015-12-31": 82.166, "2015-09-30": 80.381, "2015-06-30": 47.347, "2015-03-31": "13.92600", "2014-12-31": 88.85, "2014-09-30": 71.801, "2014-06-30": 54.828, "2014-03-31": "19.35600", "2013-12-31": 71.183, "2013-09-30": 71.271, "2013-06-30": 69.283, "2013-03-31": "61.35800", "2012-12-31": 74.252, "2012-09-30": 57.157, "2012-06-30": 50.429, "2012-03-31": "23.64000", "2011-12-31": 71.282, "2011-09-30": 40.888, "2011-06-30": 42.118, "2011-03-31": "-40.53600", "2010-12-31": 118.289, "2010-09-30": 79.173, "2010-06-30": 44.124, "2010-03-31": "46.25900", "2009-12-31": -26.205, "2009-09-30": 64.766, "2009-06-30": 55.356, "2009-03-31": "65.40700", "2008-12-31": 32.836, "2008-09-30": 63.855, "2008-06-30": 42.938, "2008-03-31": "106.22500", "2007-12-31": 91.584, "2007-09-30": 66.875, "2007-06-30": 31.764, "2007-03-31": "47.16000", "2006-12-31": 37.623, "2006-09-30": 47.839, "2006-06-30": 38.506, "2006-03-31": "35.97700", "2005-12-31": 48.3, "2005-09-30": 37.759, "2005-06-30": 33.71, "2005-03-31": "39.17700"}, "Change In Accounts Receivable": {"2020-09-30": -28.586, "2020-06-30": 51.352, "2020-03-31": "-64.86800", "2019-12-31": 93.189, "2019-09-30": 12.617, "2019-06-30": -6.155, "2019-03-31": "-40.03600", "2018-12-31": 96.38, "2018-09-30": -13.155, "2018-06-30": -25.686, "2018-03-31": "-19.34600", "2017-12-31": 27.135, "2017-09-30": -15.77, "2017-06-30": -45.136, "2017-03-31": "-10.00200", "2016-12-31": 24.517, "2016-09-30": -28.832, "2016-06-30": 1.266, "2016-03-31": "-41.62300", "2015-12-31": 55.396, "2015-09-30": -37.71, "2015-06-30": 15.852, "2015-03-31": "-48.93600", "2014-12-31": 64.086, "2014-09-30": -15.879, "2014-06-30": -15.985, "2014-03-31": "-68.14200", "2013-12-31": 78.165, "2013-09-30": -13.868, "2013-06-30": -33.534, "2013-03-31": "-30.60100", "2012-12-31": 57.831, "2012-09-30": -12.718, "2012-06-30": 4.393, "2012-03-31": "-48.31600", "2011-12-31": 43.942, "2011-09-30": -17.306, "2011-06-30": -13.191, "2011-03-31": "-65.92900", "2010-12-31": 39.249, "2010-09-30": -10.733, "2010-06-30": -32.026, "2010-03-31": "-62.90000", "2009-12-31": 26.007, "2009-09-30": -28.265, "2009-06-30": -7.451, "2009-03-31": "-6.34800", "2008-12-31": 74.411, "2008-09-30": 17.812, "2008-06-30": -10.659, "2008-03-31": "-22.93700", "2007-12-31": 70.968, "2007-09-30": -25.201, "2007-06-30": 3.585, "2007-03-31": "-29.89400", "2006-12-31": 34.59, "2006-09-30": -12.185, "2006-06-30": -20.4, "2006-03-31": "-14.98700", "2005-12-31": 37.169, "2005-09-30": -17.801, "2005-06-30": -4.614, "2005-03-31": "-38.78000"}, "Change In Inventories": {"2020-09-30": 42.605, "2020-06-30": -19.799, "2020-03-31": "-12.18500", "2019-12-31": 3.274, "2019-09-30": 16.182, "2019-06-30": 3.806, "2019-03-31": "-20.63100", "2018-12-31": 2.788, "2018-09-30": 7.803, "2018-06-30": 1.073, "2018-03-31": "-17.81400", "2017-12-31": -1.102, "2017-09-30": -2.17, "2017-06-30": -3.043, "2017-03-31": "-9.75200", "2016-12-31": -0.226, "2016-09-30": 4.709, "2016-06-30": -4.78, "2016-03-31": "-11.21800", "2015-12-31": 9.415, "2015-09-30": 6.038, "2015-06-30": -11.954, "2015-03-31": "-6.06600", "2014-12-31": 5.212, "2014-09-30": 11.684, "2014-06-30": -7.481, "2014-03-31": "-3.18500", "2013-12-31": -19.458, "2013-09-30": 1.648, "2013-06-30": 0.8, "2013-03-31": "-15.51700", "2012-12-31": 13.835, "2012-09-30": 18.485, "2012-06-30": -5.287, "2012-03-31": "-9.95200", "2011-12-31": 34.734, "2011-09-30": -12.49, "2011-06-30": -0.452, "2011-03-31": "-18.36900", "2010-12-31": -14.933, "2010-09-30": -3.59, "2010-06-30": -10.918, "2010-03-31": "-27.63000", "2009-12-31": 5.503, "2009-09-30": 10.272, "2009-06-30": 25.907, "2009-03-31": "-5.19000", "2008-12-31": 23.259, "2008-09-30": -6.644, "2008-06-30": -7.77, "2008-03-31": "-3.82800", "2007-12-31": 6.266, "2007-09-30": -8.675, "2007-06-30": 0.959, "2007-03-31": "-7.80900", "2006-12-31": 12.663, "2006-09-30": 3.484, "2006-06-30": 16.946, "2006-03-31": "0.06600", "2005-12-31": 17.162, "2005-09-30": 7.39, "2005-06-30": -18, "2005-03-31": "-12.99900"}, "Change In Accounts Payable": {"2020-09-30": -2.136, "2020-06-30": 11.024, "2020-03-31": "6.82000", "2019-12-31": -18.2, "2019-09-30": -4.341, "2019-06-30": -17.605, "2019-03-31": "14.76300", "2018-12-31": -49.418, "2018-09-30": 28.322, "2018-06-30": 6.449, "2018-03-31": "10.26700", "2017-12-31": -25.095, "2017-09-30": 17.437, "2017-06-30": -2.8, "2017-03-31": "14.68400", "2016-12-31": -2.128, "2016-09-30": 15.347, "2016-06-30": 9.544, "2016-03-31": "-17.21300", "2015-12-31": -14.232, "2015-09-30": 11.668, "2015-06-30": 7.819, "2015-03-31": "7.09400", "2014-12-31": -1.512, "2014-09-30": 9.547, "2014-06-30": 7.502, "2014-03-31": "11.31300", "2013-12-31": -4.198, "2013-09-30": 6.707, "2013-06-30": 24.469, "2013-03-31": "44.03100", "2012-12-31": -41.575, "2012-09-30": 5.678, "2012-06-30": -23.968, "2012-03-31": "43.85500", "2011-12-31": -38.393, "2011-09-30": -5.973, "2011-06-30": -4.986, "2011-03-31": "35.55400", "2010-12-31": -10.849, "2010-09-30": 2.152, "2010-06-30": 5.12, "2010-03-31": "46.83200", "2009-12-31": -4.722, "2009-09-30": 41.37, "2009-06-30": -11.512, "2009-03-31": "-9.69800", "2008-12-31": -54.931, "2008-09-30": 2.348, "2008-06-30": -3.821, "2008-03-31": "-6.21000", "2007-12-31": -2.551, "2007-09-30": 15.495, "2007-06-30": -3.555, "2007-03-31": "3.55500", "2006-12-31": 21.396, "2006-09-30": 64.643, "2006-06-30": -1.694, "2006-03-31": "-2.43300", "2005-12-31": -3.226, "2005-09-30": 12.549, "2005-06-30": -6.818, "2005-03-31": "-10.88400"}, "Change In Assets/Liabilities": {"2020-09-30": 23.56, "2020-06-30": 2.397, "2020-03-31": "2.68500", "2019-12-31": -24.296, "2019-09-30": 1.192, "2019-06-30": -16.712, "2019-03-31": "26.38000", "2018-12-31": -32.516, "2018-09-30": 6.284, "2018-06-30": 4.979, "2018-03-31": "5.97600", "2017-12-31": -15.804, "2017-09-30": -9.187, "2017-06-30": -2.015, "2017-03-31": "-2.17500", "2016-12-31": 3.54, "2016-09-30": 1.401, "2016-06-30": -9.937, "2016-03-31": "18.23200", "2015-12-31": -3.385, "2015-09-30": -2.019, "2015-06-30": -6.034, "2015-03-31": "-2.64100", "2014-12-31": -8.23, "2014-09-30": 7.195, "2014-06-30": -34.376, "2014-03-31": "4.32000", "2013-12-31": -2.006, "2013-09-30": -0.754, "2013-06-30": -4.927, "2013-03-31": "7.78000", "2012-12-31": 8.283, "2012-09-30": 1.569, "2012-06-30": -9.117, "2012-03-31": "10.95900", "2011-12-31": -11.477, "2011-09-30": -3.818, "2011-06-30": -6.011, "2011-03-31": "2.47400", "2010-12-31": -8.148, "2010-09-30": 3.494, "2010-06-30": -5.476, "2010-03-31": "6.40900", "2009-12-31": -45.522, "2009-09-30": 36.453, "2009-06-30": 11.064, "2009-03-31": "7.60700", "2008-12-31": -17.932, "2008-09-30": 32.221, "2008-06-30": 3.811, "2008-03-31": "-18.14800", "2007-12-31": -58.934, "2007-09-30": 8.181, "2007-06-30": 3.638, "2007-03-31": "-8.16000", "2006-12-31": 26.533, "2006-09-30": 1.472, "2006-06-30": 5.734, "2006-03-31": "5.23000", "2005-12-31": -71.442, "2005-09-30": 6.566, "2005-06-30": 1.187, "2005-03-31": "9.08100"}, "Total Change In Assets/Liabilities": {"2020-09-30": 41.037, "2020-06-30": 46.43, "2020-03-31": "-51.21000", "2019-12-31": 46.033, "2019-09-30": 69.585, "2019-06-30": -54.532, "2019-03-31": "-36.38900", "2018-12-31": -4.93, "2018-09-30": 51.576, "2018-06-30": -30.158, "2018-03-31": "-3.96300", "2017-12-31": 41.365, "2017-09-30": 30.372, "2017-06-30": -92.446, "2017-03-31": "-8.51200", "2016-12-31": -3.427, "2016-09-30": 28.218, "2016-06-30": -22.443, "2016-03-31": "-29.57800", "2015-12-31": -3.688, "2015-09-30": 20.682, "2015-06-30": 0.776, "2015-03-31": "-39.28400", "2014-12-31": 12.583, "2014-09-30": 22.197, "2014-06-30": -54.302, "2014-03-31": "-24.23300", "2013-12-31": -1.283, "2013-09-30": 44.108, "2013-06-30": -16.173, "2013-03-31": "27.17300", "2012-12-31": -4.981, "2012-09-30": 35.969, "2012-06-30": -58.884, "2012-03-31": "30.92400", "2011-12-31": 12.557, "2011-09-30": -18.228, "2011-06-30": -49.903, "2011-03-31": "-30.94700", "2010-12-31": -38.483, "2010-09-30": 6.82, "2010-06-30": -61.494, "2010-03-31": "-21.02600", "2009-12-31": 12.31, "2009-09-30": 59.83, "2009-06-30": 18.008, "2009-03-31": "-13.62900", "2008-12-31": 0.107, "2008-09-30": 45.737, "2008-06-30": -18.439, "2008-03-31": "-51.12300", "2007-12-31": 43.608, "2007-09-30": -0.27, "2007-06-30": -5.303, "2007-03-31": "-42.30800", "2006-12-31": 81.661, "2006-09-30": 57.414, "2006-06-30": 0.586, "2006-03-31": "-12.12400", "2005-12-31": -20.337, "2005-09-30": 8.704, "2005-06-30": -28.245, "2005-03-31": "-53.58200"}, "Cash Flow From Operating Activities": {"2020-09-30": 207.51, "2020-06-30": 194.278, "2020-03-31": "87.71300", "2019-12-31": 187.032, "2019-09-30": 198.737, "2019-06-30": -52.238, "2019-03-31": "92.31900", "2018-12-31": 138.382, "2018-09-30": 200.268, "2018-06-30": 131.483, "2018-03-31": "119.76500", "2017-12-31": 67.249, "2017-09-30": 177.827, "2017-06-30": 35.78, "2017-03-31": "67.39800", "2016-12-31": 50.002, "2016-09-30": 162.628, "2016-06-30": 119.662, "2016-03-31": "66.38700", "2015-12-31": 134.79, "2015-09-30": 145.058, "2015-06-30": 112.752, "2015-03-31": "60.33000", "2014-12-31": 150.518, "2014-09-30": 161.863, "2014-06-30": 60.07, "2014-03-31": "45.46400", "2013-12-31": 116.743, "2013-09-30": 176.804, "2013-06-30": 108.156, "2013-03-31": "136.32400", "2012-12-31": 111.388, "2012-09-30": 152.155, "2012-06-30": 42.896, "2012-03-31": "97.47600", "2011-12-31": 113.367, "2011-09-30": 99.833, "2011-06-30": 45.921, "2011-03-31": "-13.84600", "2010-12-31": 114.55, "2010-09-30": 145.214, "2010-06-30": 41.586, "2010-03-31": "73.78600", "2009-12-31": 33.148, "2009-09-30": 175.973, "2009-06-30": 106.354, "2009-03-31": "75.51300", "2008-12-31": 69.194, "2008-09-30": 166.343, "2008-06-30": 79.839, "2008-03-31": "64.01800", "2007-12-31": 187.23, "2007-09-30": 131.138, "2007-06-30": 68.812, "2007-03-31": "57.95600", "2006-12-31": 158.788, "2006-09-30": 166.344, "2006-06-30": 88.434, "2006-03-31": "68.99700", "2005-12-31": 66.762, "2005-09-30": 92.376, "2005-06-30": 45.641, "2005-03-31": "22.58400"}, "Net Change In Property, Plant, And Equipment": {"2020-09-30": -36.855, "2020-06-30": -40.909, "2020-03-31": "-30.66300", "2019-12-31": -37.195, "2019-09-30": -43.351, "2019-06-30": -59.11, "2019-03-31": "-41.66400", "2018-12-31": -56.31, "2018-09-30": -29.288, "2018-06-30": -46.68, "2018-03-31": "-36.00800", "2017-12-31": -42.647, "2017-09-30": -44.149, "2017-06-30": -47.872, "2017-03-31": "-48.97400", "2016-12-31": 229.14, "2016-09-30": -40.328, "2016-06-30": -42.087, "2016-03-31": "-53.09300", "2015-12-31": -50.206, "2015-09-30": -53.852, "2015-06-30": -45.461, "2015-03-31": "-10.24600", "2014-12-31": -40.482, "2014-09-30": -46.538, "2014-06-30": -46.88, "2014-03-31": "-35.41800", "2013-12-31": -26.955, "2013-09-30": -44.015, "2013-06-30": -35.668, "2013-03-31": "-55.29300", "2012-12-31": -44.774, "2012-09-30": -40.083, "2012-06-30": -54.864, "2012-03-31": "-43.17400", "2011-12-31": -48.886, "2011-09-30": -44.269, "2011-06-30": -41.926, "2011-03-31": "-38.29100", "2010-12-31": -44.751, "2010-09-30": -42.127, "2010-06-30": -30.518, "2010-03-31": "-28.51400", "2009-12-31": -21.343, "2009-09-30": -25.436, "2009-06-30": -22.728, "2009-03-31": "-34.64300", "2008-12-31": -31.594, "2008-09-30": -28.581, "2008-06-30": -28.813, "2008-03-31": "-34.12600", "2007-12-31": -34.165, "2007-09-30": -49.405, "2007-06-30": -48.955, "2007-03-31": "-36.91900", "2006-12-31": -35.75, "2006-09-30": -28.434, "2006-06-30": -31.277, "2006-03-31": "-27.81800", "2005-12-31": -36.884, "2005-09-30": -32.798, "2005-06-30": -30.497, "2005-03-31": "-28.93300"}, "Net Change In Intangible Assets": {"2020-09-30": 0, "2020-06-30": 0, "2020-03-31": "", "2019-12-31": 0, "2019-09-30": 0, "2019-06-30": 0, "2019-03-31": "", "2018-12-31": 0, "2018-09-30": 0, "2018-06-30": 0, "2018-03-31": "", "2017-12-31": 0, "2017-09-30": 0, "2017-06-30": 0, "2017-03-31": "", "2016-12-31": 0, "2016-09-30": 0, "2016-06-30": 0, "2016-03-31": "", "2015-12-31": 0, "2015-09-30": 0, "2015-06-30": 0, "2015-03-31": "", "2014-12-31": 0, "2014-09-30": 0, "2014-06-30": 0, "2014-03-31": "", "2013-12-31": 0, "2013-09-30": 0, "2013-06-30": 0, "2013-03-31": "", "2012-12-31": 0, "2012-09-30": 0, "2012-06-30": 0, "2012-03-31": "", "2011-12-31": 0, "2011-09-30": 0, "2011-06-30": 0, "2011-03-31": "", "2010-12-31": 0, "2010-09-30": 0, "2010-06-30": 0, "2010-03-31": "", "2009-12-31": 0, "2009-09-30": 0, "2009-06-30": 0, "2009-03-31": "", "2008-12-31": 0, "2008-09-30": 0, "2008-06-30": 0, "2008-03-31": "", "2007-12-31": 0, "2007-09-30": 0, "2007-06-30": 0, "2007-03-31": "", "2006-12-31": 0, "2006-09-30": 0, "2006-06-30": 0, "2006-03-31": "", "2005-12-31": 0, "2005-09-30": 0, "2005-06-30": 0, "2005-03-31": ""}, "Net Acquisitions/Divestitures": {"2020-09-30": -45.475, "2020-06-30": 0.186, "2020-03-31": "-3.97300", "2019-12-31": -187.371, "2019-09-30": -110.554, "2019-06-30": 0, "2019-03-31": "-0.45500", "2018-12-31": -126.182, "2018-09-30": -9.69, "2018-06-30": -141.305, "2018-03-31": "", "2017-12-31": -0.367, "2017-09-30": -165.869, "2017-06-30": 3.928, "2017-03-31": "-221.41700", "2016-12-31": -67.294, "2016-09-30": -20.475, "2016-06-30": -0.863, "2016-03-31": "", "2015-12-31": 0, "2015-09-30": -1.75, "2015-06-30": -15.697, "2015-03-31": "", "2014-12-31": -323.168, "2014-09-30": 0, "2014-06-30": -10.964, "2014-03-31": "", "2013-12-31": -0.277, "2013-09-30": -3.728, "2013-06-30": 0, "2013-03-31": "", "2012-12-31": 0, "2012-09-30": 0, "2012-06-30": 0, "2012-03-31": "-0.50300", "2011-12-31": -555.99, "2011-09-30": -0.523, "2011-06-30": -10.395, "2011-03-31": "", "2010-12-31": -3.575, "2010-09-30": -124.046, "2010-06-30": -10.214, "2010-03-31": "", "2009-12-31": -5.004, "2009-09-30": 0, "2009-06-30": -0.5, "2009-03-31": "", "2008-12-31": 0, "2008-09-30": 0, "2008-06-30": 0, "2008-03-31": "-5.53500", "2007-12-31": -20.922, "2007-09-30": -2.585, "2007-06-30": -212.756, "2007-03-31": "", "2006-12-31": -187.287, "2006-09-30": -0.116, "2006-06-30": -4.959, "2006-03-31": "-34.94200", "2005-12-31": -1.406, "2005-09-30": -0.586, "2005-06-30": -1.574, "2005-03-31": ""}, "Net Change In Short-term Investments": {"2020-09-30": 0, "2020-06-30": 0, "2020-03-31": "", "2019-12-31": 0, "2019-09-30": 0, "2019-06-30": 0, "2019-03-31": "", "2018-12-31": 0, "2018-09-30": 0, "2018-06-30": 0, "2018-03-31": "", "2017-12-31": 0, "2017-09-30": 0, "2017-06-30": 0, "2017-03-31": "", "2016-12-31": 0, "2016-09-30": 0, "2016-06-30": 0, "2016-03-31": "", "2015-12-31": 0, "2015-09-30": 0, "2015-06-30": 0, "2015-03-31": "", "2014-12-31": 0, "2014-09-30": 0, "2014-06-30": 0, "2014-03-31": "", "2013-12-31": 0, "2013-09-30": 0, "2013-06-30": 0, "2013-03-31": "", "2012-12-31": 0, "2012-09-30": 0, "2012-06-30": 0, "2012-03-31": "", "2011-12-31": 0, "2011-09-30": 0, "2011-06-30": 0, "2011-03-31": "", "2010-12-31": 0, "2010-09-30": 0, "2010-06-30": 0, "2010-03-31": "", "2009-12-31": 0, "2009-09-30": 0, "2009-06-30": 0, "2009-03-31": "", "2008-12-31": 0, "2008-09-30": 0, "2008-06-30": 0, "2008-03-31": "", "2007-12-31": 0, "2007-09-30": 0, "2007-06-30": 0, "2007-03-31": "", "2006-12-31": 0, "2006-09-30": 0, "2006-06-30": 0, "2006-03-31": "", "2005-12-31": 0, "2005-09-30": 0, "2005-06-30": 0, "2005-03-31": ""}, "Net Change In Long-Term Investments": {"2020-09-30": 0.047, "2020-06-30": 0.062, "2020-03-31": "0.46200", "2019-12-31": -1.494, "2019-09-30": 0.193, "2019-06-30": 0.151, "2019-03-31": "1.15000", "2018-12-31": -0.899, "2018-09-30": 0.34, "2018-06-30": 0.411, "2018-03-31": "0.14800", "2017-12-31": -2.843, "2017-09-30": 1.471, "2017-06-30": 1.239, "2017-03-31": "0.13300", "2016-12-31": -0.063, "2016-09-30": -0.106, "2016-06-30": 0.123, "2016-03-31": "0.04600", "2015-12-31": 0.116, "2015-09-30": 0.002, "2015-06-30": 0.033, "2015-03-31": "-2.80800", "2014-12-31": 0.537, "2014-09-30": -4.658, "2014-06-30": 0.116, "2014-03-31": "0.02200", "2013-12-31": 0.025, "2013-09-30": 0.029, "2013-06-30": 0.057, "2013-03-31": "-3.62800", "2012-12-31": 0.026, "2012-09-30": 0, "2012-06-30": 0, "2012-03-31": "", "2011-12-31": 0, "2011-09-30": 0, "2011-06-30": 0, "2011-03-31": "", "2010-12-31": -0.05, "2010-09-30": -8.4, "2010-06-30": 0, "2010-03-31": "", "2009-12-31": -1.765, "2009-09-30": 1.715, "2009-06-30": -1.715, "2009-03-31": "", "2008-12-31": -0.314, "2008-09-30": 0, "2008-06-30": 0, "2008-03-31": "-0.97900", "2007-12-31": 0, "2007-09-30": 0, "2007-06-30": 2.652, "2007-03-31": "", "2006-12-31": -2.5, "2006-09-30": 2, "2006-06-30": -2, "2006-03-31": "", "2005-12-31": 0, "2005-09-30": 0, "2005-06-30": 0, "2005-03-31": ""}, "Net Change In Investments - Total": {"2020-09-30": 0.047, "2020-06-30": 0.062, "2020-03-31": "0.46200", "2019-12-31": -1.494, "2019-09-30": 0.193, "2019-06-30": 0.151, "2019-03-31": "1.15000", "2018-12-31": -0.899, "2018-09-30": 0.34, "2018-06-30": 0.411, "2018-03-31": "0.14800", "2017-12-31": -2.843, "2017-09-30": 1.471, "2017-06-30": 1.239, "2017-03-31": "0.13300", "2016-12-31": -0.063, "2016-09-30": -0.106, "2016-06-30": 0.123, "2016-03-31": "0.04600", "2015-12-31": 0.116, "2015-09-30": 0.002, "2015-06-30": 0.033, "2015-03-31": "-2.80800", "2014-12-31": 0.537, "2014-09-30": -4.658, "2014-06-30": 0.116, "2014-03-31": "0.02200", "2013-12-31": 0.025, "2013-09-30": 0.029, "2013-06-30": 0.057, "2013-03-31": "-3.62800", "2012-12-31": 0.026, "2012-09-30": 0, "2012-06-30": 0, "2012-03-31": "", "2011-12-31": 0, "2011-09-30": 0, "2011-06-30": 0, "2011-03-31": "", "2010-12-31": -0.05, "2010-09-30": -8.4, "2010-06-30": 0, "2010-03-31": "", "2009-12-31": -1.765, "2009-09-30": 1.715, "2009-06-30": -1.715, "2009-03-31": "", "2008-12-31": -0.314, "2008-09-30": 0, "2008-06-30": 0, "2008-03-31": "-0.97900", "2007-12-31": 0, "2007-09-30": 0, "2007-06-30": 2.652, "2007-03-31": "", "2006-12-31": -2.5, "2006-09-30": 2, "2006-06-30": -2, "2006-03-31": "", "2005-12-31": 0, "2005-09-30": 0, "2005-06-30": 0, "2005-03-31": ""}, "Investing Activities - Other": {"2020-09-30": 0, "2020-06-30": 0, "2020-03-31": "", "2019-12-31": 0.603, "2019-09-30": 0, "2019-06-30": 0, "2019-03-31": "", "2018-12-31": 1.335, "2018-09-30": 0, "2018-06-30": 0, "2018-03-31": "", "2017-12-31": 2.791, "2017-09-30": 0, "2017-06-30": 0, "2017-03-31": "", "2016-12-31": 0.294, "2016-09-30": 0, "2016-06-30": -8.436, "2016-03-31": "", "2015-12-31": 0, "2015-09-30": 0, "2015-06-30": 0, "2015-03-31": "", "2014-12-31": 0, "2014-09-30": 0, "2014-06-30": 0, "2014-03-31": "", "2013-12-31": 0, "2013-09-30": 0, "2013-06-30": 0, "2013-03-31": "", "2012-12-31": 0, "2012-09-30": 0, "2012-06-30": 0, "2012-03-31": "", "2011-12-31": 1.325, "2011-09-30": 0.045, "2011-06-30": 7.946, "2011-03-31": "1.80500", "2010-12-31": 0.371, "2010-09-30": 5.362, "2010-06-30": 2.539, "2010-03-31": "0.21400", "2009-12-31": 5.168, "2009-09-30": 8.416, "2009-06-30": 1.315, "2009-03-31": "5.01000", "2008-12-31": 15.201, "2008-09-30": 1.52, "2008-06-30": 2.49, "2008-03-31": "0.54700", "2007-12-31": 11.799, "2007-09-30": 6.804, "2007-06-30": 4.088, "2007-03-31": "0.72600", "2006-12-31": 4.201, "2006-09-30": 2.023, "2006-06-30": 0, "2006-03-31": "14.80600", "2005-12-31": 6.51, "2005-09-30": 4.02, "2005-06-30": -0.064, "2005-03-31": "2.91100"}, "Cash Flow From Investing Activities": {"2020-09-30": -82.283, "2020-06-30": -40.661, "2020-03-31": "-34.17400", "2019-12-31": -225.457, "2019-09-30": -153.712, "2019-06-30": -58.959, "2019-03-31": "-40.96900", "2018-12-31": -182.056, "2018-09-30": -38.638, "2018-06-30": -187.574, "2018-03-31": "-35.86000", "2017-12-31": -43.066, "2017-09-30": -208.547, "2017-06-30": -42.705, "2017-03-31": "-270.25800", "2016-12-31": 162.077, "2016-09-30": -60.909, "2016-06-30": -51.263, "2016-03-31": "-53.04700", "2015-12-31": -50.09, "2015-09-30": -55.6, "2015-06-30": -61.125, "2015-03-31": "-13.05400", "2014-12-31": -363.113, "2014-09-30": -51.196, "2014-06-30": -57.728, "2014-03-31": "-35.39600", "2013-12-31": -27.207, "2013-09-30": -47.714, "2013-06-30": -35.611, "2013-03-31": "-58.92100", "2012-12-31": -44.748, "2012-09-30": -40.083, "2012-06-30": -54.864, "2012-03-31": "-43.67700", "2011-12-31": -603.551, "2011-09-30": -44.747, "2011-06-30": -44.375, "2011-03-31": "-36.48600", "2010-12-31": -48.005, "2010-09-30": -169.211, "2010-06-30": -38.193, "2010-03-31": "-28.30000", "2009-12-31": -22.944, "2009-09-30": -15.305, "2009-06-30": -23.628, "2009-03-31": "-29.63300", "2008-12-31": -16.707, "2008-09-30": -27.061, "2008-06-30": -26.323, "2008-03-31": "-40.09300", "2007-12-31": -43.288, "2007-09-30": -45.186, "2007-06-30": -254.971, "2007-03-31": "-36.19300", "2006-12-31": -221.336, "2006-09-30": -24.527, "2006-06-30": -38.236, "2006-03-31": "-47.95400", "2005-12-31": -31.78, "2005-09-30": -29.364, "2005-06-30": -32.135, "2005-03-31": "-26.02200"}, "Net Long-Term Debt": {"2020-09-30": -157.0081, "2020-06-30": 686.765, "2020-03-31": "162.88400", "2019-12-31": -11.881, "2019-09-30": -13.227, "2019-06-30": 181.454, "2019-03-31": "-19.08500", "2018-12-31": -98.926, "2018-09-30": 0.841, "2018-06-30": 41.882, "2018-03-31": "1.82600", "2017-12-31": -8.946, "2017-09-30": 94.235, "2017-06-30": -6.758, "2017-03-31": "152.66000", "2016-12-31": -26.501, "2016-09-30": 23.267, "2016-06-30": -64.685, "2016-03-31": "2.79400", "2015-12-31": -66.641, "2015-09-30": -64.742, "2015-06-30": 15.34, "2015-03-31": "1.32500", "2014-12-31": 244.963, "2014-09-30": -3.276, "2014-06-30": -0.16, "2014-03-31": "3.69500", "2013-12-31": -116.138, "2013-09-30": 9.1, "2013-06-30": -0.029, "2013-03-31": "-129.32800", "2012-12-31": -6.159, "2012-09-30": -10.529, "2012-06-30": -5.479, "2012-03-31": "-17.08500", "2011-12-31": 661.925, "2011-09-30": -0.202, "2011-06-30": -1.593, "2011-03-31": "3.73500", "2010-12-31": 11.723, "2010-09-30": -1.586, "2010-06-30": 0.658, "2010-03-31": "-4.30700", "2009-12-31": -11.978, "2009-09-30": -2.313, "2009-06-30": -5.837, "2009-03-31": "-1.02500", "2008-12-31": -4.148, "2008-09-30": -2.4, "2008-06-30": -34.66, "2008-03-31": "-37.80500", "2007-12-31": -2.633, "2007-09-30": 5.306, "2007-06-30": -0.258, "2007-03-31": "-3.73800", "2006-12-31": -55.94, "2006-09-30": 0.352, "2006-06-30": -25.788, "2006-03-31": "-1.27100", "2005-12-31": 19.253, "2005-09-30": -10.264, "2005-06-30": 10.225, "2005-03-31": "12.94600"}, "Net Current Debt": {"2020-09-30": 0, "2020-06-30": -65, "2020-03-31": "-185.00000", "2019-12-31": 118, "2019-09-30": 30, "2019-06-30": -49, "2019-03-31": "31.00000", "2018-12-31": 96, "2018-09-30": -67, "2018-06-30": -43, "2018-03-31": "10.00000", "2017-12-31": 26, "2017-09-30": 11, "2017-06-30": 46, "2017-03-31": "41.00000", "2016-12-31": 0, "2016-09-30": -14, "2016-06-30": 14, "2016-03-31": "", "2015-12-31": 0, "2015-09-30": 0, "2015-06-30": 0, "2015-03-31": "", "2014-12-31": -36, "2014-09-30": -15, "2014-06-30": 51, "2014-03-31": "", "2013-12-31": 0, "2013-09-30": 1.283, "2013-06-30": -24.283, "2013-03-31": "-129.00000", "2012-12-31": 142, "2012-09-30": -74.026, "2012-06-30": 76.026, "2012-03-31": "-19.00000", "2011-12-31": -108.812, "2011-09-30": -0.725, "2011-06-30": -33.463, "2011-03-31": "140.00000", "2010-12-31": -13.071, "2010-09-30": 43, "2010-06-30": 0, "2010-03-31": "", "2009-12-31": -2.568, "2009-09-30": -54, "2009-06-30": -20, "2009-03-31": "-21.00000", "2008-12-31": -80.794, "2008-09-30": -45.956, "2008-06-30": 13.971, "2008-03-31": "38.77900", "2007-12-31": -125.473, "2007-09-30": -11.103, "2007-06-30": 172.748, "2007-03-31": "43.03000", "2006-12-31": 78.961, "2006-09-30": -79.339, "2006-06-30": 1.416, "2006-03-31": "48.34800", "2005-12-31": -133.014, "2005-09-30": -17.195, "2005-06-30": -4.889, "2005-03-31": "12.86300"}, "Debt Issuance/Retirement Net - Total": {"2020-09-30": -157.0081, "2020-06-30": 621.765, "2020-03-31": "-22.11600", "2019-12-31": 106.119, "2019-09-30": 16.773, "2019-06-30": 132.454, "2019-03-31": "11.91500", "2018-12-31": -2.926, "2018-09-30": -66.159, "2018-06-30": -1.118, "2018-03-31": "11.82600", "2017-12-31": 17.054, "2017-09-30": 105.235, "2017-06-30": 39.242, "2017-03-31": "193.66000", "2016-12-31": -26.501, "2016-09-30": 9.267, "2016-06-30": -50.685, "2016-03-31": "2.79400", "2015-12-31": -66.641, "2015-09-30": -64.742, "2015-06-30": 15.34, "2015-03-31": "1.32500", "2014-12-31": 208.963, "2014-09-30": -18.276, "2014-06-30": 50.84, "2014-03-31": "3.69500", "2013-12-31": -116.138, "2013-09-30": 10.383, "2013-06-30": -24.312, "2013-03-31": "-258.32800", "2012-12-31": 135.841, "2012-09-30": -84.555, "2012-06-30": 70.547, "2012-03-31": "-36.08500", "2011-12-31": 553.113, "2011-09-30": -0.927, "2011-06-30": -35.056, "2011-03-31": "143.73500", "2010-12-31": -1.348, "2010-09-30": 41.414, "2010-06-30": 0.658, "2010-03-31": "-4.30700", "2009-12-31": -14.546, "2009-09-30": -56.313, "2009-06-30": -25.837, "2009-03-31": "-22.02500", "2008-12-31": -84.942, "2008-09-30": -48.356, "2008-06-30": -20.689, "2008-03-31": "0.97400", "2007-12-31": -128.106, "2007-09-30": -5.797, "2007-06-30": 172.49, "2007-03-31": "39.29200", "2006-12-31": 23.021, "2006-09-30": -78.987, "2006-06-30": -24.372, "2006-03-31": "47.07700", "2005-12-31": -113.761, "2005-09-30": -27.459, "2005-06-30": 5.336, "2005-03-31": "25.80900"}, "Net Common Equity Issued/Repurchased": {"2020-09-30": -3.385, "2020-06-30": -0.012, "2020-03-31": "-3.93800", "2019-12-31": -0.911, "2019-09-30": -0.147, "2019-06-30": -1.155, "2019-03-31": "-7.39500", "2018-12-31": -7.574, "2018-09-30": -2.429, "2018-06-30": -0.47, "2018-03-31": "-4.08800", "2017-12-31": -0.393, "2017-09-30": -0.058, "2017-06-30": -0.345, "2017-03-31": "-5.53900", "2016-12-31": -41.724, "2016-09-30": -23.522, "2016-06-30": -23.121, "2016-03-31": "-18.37200", "2015-12-31": -0.122, "2015-09-30": -0.004, "2015-06-30": 0.008, "2015-03-31": "-6.42600", "2014-12-31": -36.178, "2014-09-30": -19.018, "2014-06-30": -18.42, "2014-03-31": "-8.81100", "2013-12-31": -16.066, "2013-09-30": -3.371, "2013-06-30": 4.525, "2013-03-31": "3.45400", "2012-12-31": 1.856, "2012-09-30": 1.171, "2012-06-30": 1.276, "2012-03-31": "1.26900", "2011-12-31": 4.109, "2011-09-30": 0.026, "2011-06-30": 5.623, "2011-03-31": "-37.94700", "2010-12-31": -13.201, "2010-09-30": 0.897, "2010-06-30": 8.21, "2010-03-31": "2.59100", "2009-12-31": 3.884, "2009-09-30": 2.779, "2009-06-30": 0.213, "2009-03-31": "-0.95600", "2008-12-31": 0.066, "2008-09-30": 5.24, "2008-06-30": 0.955, "2008-03-31": "-0.63400", "2007-12-31": -0.814, "2007-09-30": -48.424, "2007-06-30": 32.865, "2007-03-31": "-43.13500", "2006-12-31": 30.03, "2006-09-30": 12.52, "2006-06-30": -7.629, "2006-03-31": "-43.17600", "2005-12-31": 21.012, "2005-09-30": 2.879, "2005-06-30": 1.046, "2005-03-31": "9.68000"}, "Net Total Equity Issued/Repurchased": {"2020-09-30": -3.385, "2020-06-30": -0.012, "2020-03-31": "-3.93800", "2019-12-31": -0.911, "2019-09-30": -0.147, "2019-06-30": -1.155, "2019-03-31": "-7.39500", "2018-12-31": -7.574, "2018-09-30": -2.429, "2018-06-30": -0.47, "2018-03-31": "-4.08800", "2017-12-31": -0.393, "2017-09-30": -0.058, "2017-06-30": -0.345, "2017-03-31": "-5.53900", "2016-12-31": -41.724, "2016-09-30": -23.522, "2016-06-30": -23.121, "2016-03-31": "-18.37200", "2015-12-31": -0.122, "2015-09-30": -0.004, "2015-06-30": 0.008, "2015-03-31": "-6.42600", "2014-12-31": -36.178, "2014-09-30": -19.018, "2014-06-30": -18.42, "2014-03-31": "-8.81100", "2013-12-31": -16.066, "2013-09-30": -3.371, "2013-06-30": 4.525, "2013-03-31": "3.45400", "2012-12-31": 1.856, "2012-09-30": 1.171, "2012-06-30": 1.276, "2012-03-31": "1.26900", "2011-12-31": 4.109, "2011-09-30": 0.026, "2011-06-30": 5.623, "2011-03-31": "-37.94700", "2010-12-31": -13.201, "2010-09-30": 0.897, "2010-06-30": 8.21, "2010-03-31": "2.59100", "2009-12-31": 3.884, "2009-09-30": 2.779, "2009-06-30": 0.213, "2009-03-31": "-0.95600", "2008-12-31": 0.066, "2008-09-30": 5.24, "2008-06-30": 0.955, "2008-03-31": "-0.63400", "2007-12-31": -0.814, "2007-09-30": -48.424, "2007-06-30": 32.865, "2007-03-31": "-43.13500", "2006-12-31": 30.03, "2006-09-30": 12.52, "2006-06-30": -7.629, "2006-03-31": "-43.17600", "2005-12-31": 21.012, "2005-09-30": 2.879, "2005-06-30": 1.046, "2005-03-31": "9.68000"}, "Total Common And Preferred Stock Dividends Paid": {"2020-09-30": -43.109, "2020-06-30": -43.135, "2020-03-31": "-43.20200", "2019-12-31": -43.084, "2019-09-30": -43.009, "2019-06-30": -43.024, "2019-03-31": "-41.13600", "2018-12-31": -40.783, "2018-09-30": -40.85, "2018-06-30": -40.972, "2018-03-31": "-38.82900", "2017-12-31": -38.769, "2017-09-30": -38.764, "2017-06-30": -38.764, "2017-03-31": "-36.84000", "2016-12-31": -36.543, "2016-09-30": -37.142, "2016-06-30": -37.283, "2016-03-31": "-35.39600", "2015-12-31": -35.33, "2015-09-30": -35.323, "2015-06-30": -35.116, "2015-03-31": "-32.26300", "2014-12-31": -32.347, "2014-09-30": -32.093, "2014-06-30": -32.628, "2014-03-31": "-31.72500", "2013-12-31": -31.629, "2013-09-30": -31.495, "2013-06-30": -31.418, "2013-03-31": "-30.30300", "2012-12-31": -30.234, "2012-09-30": -30.194, "2012-06-30": -30.178, "2012-03-31": "-29.16500", "2011-12-31": -29.003, "2011-09-30": -28.97, "2011-06-30": -28.909, "2011-03-31": "-28.07600", "2010-12-31": -28.324, "2010-09-30": -28.193, "2010-06-30": -28.169, "2010-03-31": "-27.07000", "2009-12-31": -27.011, "2009-09-30": -26.979, "2009-06-30": -26.952, "2009-03-31": "-26.94500", "2008-12-31": -26.932, "2008-09-30": -26.89, "2008-06-30": -26.87, "2008-03-31": "-25.86600", "2007-12-31": -26.012, "2007-09-30": -26.352, "2007-06-30": -26.258, "2007-03-31": "-24.03600", "2006-12-31": -23.996, "2006-09-30": -23.842, "2006-06-30": -23.783, "2006-03-31": "-23.12400", "2005-12-31": -22.869, "2005-09-30": -22.785, "2005-06-30": -22.763, "2005-03-31": "-21.70900"}, "Financial Activities - Other": {"2020-09-30": 0.575, "2020-06-30": -1.625, "2020-03-31": "6.59400", "2019-12-31": 2.618, "2019-09-30": 4.093, "2019-06-30": -5.704, "2019-03-31": "-11.20700", "2018-12-31": -32.866, "2018-09-30": -0.667, "2018-06-30": -0.243, "2018-03-31": "-5.50600", "2017-12-31": 7.018, "2017-09-30": -0.695, "2017-06-30": -1.547, "2017-03-31": "2.74200", "2016-12-31": -6.67, "2016-09-30": 2.616, "2016-06-30": -4.416, "2016-03-31": "11.00200", "2015-12-31": 2.022, "2015-09-30": -1.401, "2015-06-30": -9.835, "2015-03-31": "12.15200", "2014-12-31": 3.662, "2014-09-30": -4.246, "2014-06-30": 4.105, "2014-03-31": "1.94000", "2013-12-31": 7.503, "2013-09-30": 0.379, "2013-06-30": -0.12, "2013-03-31": "1.86900", "2012-12-31": -1.254, "2012-09-30": 0.469, "2012-06-30": -3.619, "2012-03-31": "5.48600", "2011-12-31": -7.763, "2011-09-30": 0.353, "2011-06-30": 3.169, "2011-03-31": "-5.99200", "2010-12-31": -34.561, "2010-09-30": 5.172, "2010-06-30": -1.111, "2010-03-31": "-9.24000", "2009-12-31": 18.689, "2009-09-30": -1.267, "2009-06-30": 0.146, "2009-03-31": "-16.53800", "2008-12-31": 11.861, "2008-09-30": 0.53, "2008-06-30": 0.121, "2008-03-31": "0.05400", "2007-12-31": 0.051, "2007-09-30": 0.369, "2007-06-30": 6.722, "2007-03-31": "2.17500", "2006-12-31": 0.712, "2006-09-30": 4.628, "2006-06-30": 0.548, "2006-03-31": "4.69200", "2005-12-31": 0, "2005-09-30": 0, "2005-06-30": 0, "2005-03-31": ""}, "Cash Flow From Financial Activities": {"2020-09-30": -202.927, "2020-06-30": 576.993, "2020-03-31": "-62.66200", "2019-12-31": 64.742, "2019-09-30": -22.29, "2019-06-30": 82.571, "2019-03-31": "-47.82300", "2018-12-31": -84.149, "2018-09-30": -110.105, "2018-06-30": -42.803, "2018-03-31": "-36.59700", "2017-12-31": -15.09, "2017-09-30": 65.718, "2017-06-30": -1.414, "2017-03-31": "154.02300", "2016-12-31": -111.438, "2016-09-30": -48.781, "2016-06-30": -115.505, "2016-03-31": "-39.97200", "2015-12-31": -100.071, "2015-09-30": -101.47, "2015-06-30": -29.603, "2015-03-31": "-25.21200", "2014-12-31": 144.1, "2014-09-30": -73.633, "2014-06-30": 3.897, "2014-03-31": "-34.90100", "2013-12-31": -156.33, "2013-09-30": -24.104, "2013-06-30": -51.325, "2013-03-31": "-283.30800", "2012-12-31": 106.209, "2012-09-30": -113.109, "2012-06-30": 38.026, "2012-03-31": "-58.49500", "2011-12-31": 520.456, "2011-09-30": -29.518, "2011-06-30": -55.173, "2011-03-31": "71.72000", "2010-12-31": -77.434, "2010-09-30": 19.29, "2010-06-30": -20.412, "2010-03-31": "-38.02600", "2009-12-31": -18.984, "2009-09-30": -81.78, "2009-06-30": -52.43, "2009-03-31": "-66.46400", "2008-12-31": -99.947, "2008-09-30": -69.476, "2008-06-30": -46.483, "2008-03-31": "-25.47200", "2007-12-31": -154.881, "2007-09-30": -80.204, "2007-06-30": 185.819, "2007-03-31": "-25.70400", "2006-12-31": 29.767, "2006-09-30": -85.681, "2006-06-30": -55.236, "2006-03-31": "-14.53100", "2005-12-31": -115.618, "2005-09-30": -47.365, "2005-06-30": -16.381, "2005-03-31": "13.78000"}, "Net Cash Flow": {"2020-09-30": -74.593, "2020-06-30": 733.937, "2020-03-31": "-21.94800", "2019-12-31": 29.43, "2019-09-30": 19.558, "2019-06-30": -28.033, "2019-03-31": "3.93900", "2018-12-31": -130.035, "2018-09-30": 52.733, "2018-06-30": -107.559, "2018-03-31": "50.33800", "2017-12-31": 7.004, "2017-09-30": 40.317, "2017-06-30": -5.199, "2017-03-31": "-44.43600", "2016-12-31": 97.905, "2016-09-30": 51.573, "2016-06-30": -44.59, "2016-03-31": "-30.09600", "2015-12-31": -10.989, "2015-09-30": -24.352, "2015-06-30": 16.971, "2015-03-31": "39.63600", "2014-12-31": -70.388, "2014-09-30": 31.776, "2014-06-30": 8.373, "2014-03-31": "-26.16000", "2013-12-31": -70.01, "2013-09-30": 108.216, "2013-06-30": 15.911, "2013-03-31": "-209.63400", "2012-12-31": 171.941, "2012-09-30": 5.138, "2012-06-30": 19.905, "2012-03-31": "0.57700", "2011-12-31": 29.234, "2011-09-30": 12.306, "2011-06-30": -51.192, "2011-03-31": "26.92600", "2010-12-31": -10.451, "2010-09-30": 1.322, "2010-06-30": -20.85, "2010-03-31": "2.98300", "2009-12-31": -8.873, "2009-09-30": 82.642, "2009-06-30": 32.902, "2009-03-31": "-23.08100", "2008-12-31": -45.821, "2008-09-30": 66.668, "2008-06-30": 6.779, "2008-03-31": "3.27100", "2007-12-31": -10.096, "2007-09-30": 2.552, "2007-06-30": -4.035, "2007-03-31": "-4.16100", "2006-12-31": -31.427, "2006-09-30": 57.275, "2006-06-30": -5.487, "2006-03-31": "6.52900", "2005-12-31": -80.971, "2005-09-30": 17.387, "2005-06-30": -4.126, "2005-03-31": "9.59300"}, "Stock-Based Compensation": {"2020-09-30": 4.615, "2020-06-30": 1.339, "2020-03-31": "0.59700", "2019-12-31": 2.534, "2019-09-30": 2.934, "2019-06-30": 4.306, "2019-03-31": "4.56000", "2018-12-31": 1.288, "2018-09-30": 3.32, "2018-06-30": 3.074, "2018-03-31": "3.04800", "2017-12-31": 4.46, "2017-09-30": 3.346, "2017-06-30": 2.656, "2017-03-31": "3.02600", "2016-12-31": 5.012, "2016-09-30": 4.612, "2016-06-30": 4.825, "2016-03-31": "4.84000", "2015-12-31": 4.474, "2015-09-30": 0.43, "2015-06-30": 0.475, "2015-03-31": "3.87800", "2014-12-31": 5.31, "2014-09-30": 2.544, "2014-06-30": 3.685, "2014-03-31": "5.56000", "2013-12-31": 3.814, "2013-09-30": 2.628, "2013-06-30": 2.595, "2013-03-31": "2.43500", "2012-12-31": 2.379, "2012-09-30": -0.354, "2012-06-30": 2.733, "2012-03-31": "4.09300", "2011-12-31": 2.063, "2011-09-30": 1.755, "2011-06-30": 2.802, "2011-03-31": "5.48200", "2010-12-31": 3.447, "2010-09-30": 3.19, "2010-06-30": 3.861, "2010-03-31": "5.30600", "2009-12-31": 3.036, "2009-09-30": 1.44, "2009-06-30": 1.436, "2009-03-31": "2.70400", "2008-12-31": -2.663, "2008-09-30": 1.944, "2008-06-30": 1.479, "2008-03-31": "3.41700", "2007-12-31": 3.218, "2007-09-30": 1.507, "2007-06-30": 2.452, "2007-03-31": "3.82300", "2006-12-31": 2.166, "2006-09-30": 3.371, "2006-06-30": 2.677, "2006-03-31": "3.13300", "2005-12-31": 2.496, "2005-09-30": -0.125, "2005-06-30": 1.082, "2005-03-31": "1.09500"}, "Common Stock Dividends Paid": {"2020-09-30": -43.109, "2020-06-30": -43.135, "2020-03-31": "-43.20200", "2019-12-31": -43.084, "2019-09-30": -43.009, "2019-06-30": -43.024, "2019-03-31": "-41.13600", "2018-12-31": -40.783, "2018-09-30": -40.85, "2018-06-30": -40.972, "2018-03-31": "-38.82900", "2017-12-31": -38.769, "2017-09-30": -38.764, "2017-06-30": -38.764, "2017-03-31": "-36.84000", "2016-12-31": -36.543, "2016-09-30": -37.142, "2016-06-30": -37.283, "2016-03-31": "-35.39600", "2015-12-31": -35.33, "2015-09-30": -35.323, "2015-06-30": -35.116, "2015-03-31": "-32.26300", "2014-12-31": -32.347, "2014-09-30": -32.093, "2014-06-30": -32.628, "2014-03-31": "-31.72500", "2013-12-31": -31.629, "2013-09-30": -31.495, "2013-06-30": -31.418, "2013-03-31": "-30.30300", "2012-12-31": -30.234, "2012-09-30": -30.194, "2012-06-30": -30.178, "2012-03-31": "-29.16500", "2011-12-31": -29.003, "2011-09-30": -28.97, "2011-06-30": -28.909, "2011-03-31": "-28.07600", "2010-12-31": -28.324, "2010-09-30": -28.193, "2010-06-30": -28.169, "2010-03-31": "-27.07000", "2009-12-31": -27.011, "2009-09-30": -26.979, "2009-06-30": -26.952, "2009-03-31": "-26.94500", "2008-12-31": -26.932, "2008-09-30": -26.89, "2008-06-30": -26.87, "2008-03-31": "-25.86600", "2007-12-31": -26.012, "2007-09-30": -26.352, "2007-06-30": -26.258, "2007-03-31": "-24.03600", "2006-12-31": -23.996, "2006-09-30": -23.842, "2006-06-30": -23.783, "2006-03-31": "-23.12400", "2005-12-31": -22.869, "2005-09-30": -22.785, "2005-06-30": -22.763, "2005-03-31": "-21.70900"}}, "financial ratios": {"Current Ratio": {"2019-12-31": "1.08310", "2018-12-31": "1.40290", "2017-12-31": "1.56370", "2016-12-31": "1.68050", "2015-12-31": "1.41720", "2014-12-31": "1.50600", "2013-12-31": "1.56490", "2012-12-31": "1.43640", "2011-12-31": "1.55460", "2010-12-31": "1.48280", "2009-12-31": "1.23700", "2008-12-31": "1.33200", "2007-12-31": "1.35560", "2006-12-31": "1.42890", "2005-12-31": "1.42710"}, "Long-term Debt / Capital": {"2019-12-31": "0.39650", "2018-12-31": "0.40170", "2017-12-31": "0.42680", "2016-12-31": "0.39630", "2015-12-31": "0.39840", "2014-12-31": "0.44400", "2013-12-31": "0.35680", "2012-12-31": "0.42240", "2011-12-31": "0.46380", "2010-12-31": "0.28600", "2009-12-31": "0.25100", "2008-12-31": "0.35870", "2007-12-31": "0.35810", "2006-12-31": "0.36870", "2005-12-31": "0.34220"}, "Debt/Equity Ratio": {"2019-12-31": "0.92600", "2018-12-31": "0.78160", "2017-12-31": "0.83660", "2016-12-31": "0.67710", "2015-12-31": "0.73610", "2014-12-31": "0.83330", "2013-12-31": "0.57530", "2012-12-31": "0.91340", "2011-12-31": "0.90260", "2010-12-31": "0.41180", "2009-12-31": "0.42070", "2008-12-31": "0.58730", "2007-12-31": "0.58930", "2006-12-31": "0.62670", "2005-12-31": "0.61870"}, "Gross Margin": {"2019-12-31": "19.68340", "2018-12-31": "19.31030", "2017-12-31": "19.03350", "2016-12-31": "19.78480", "2015-12-31": "18.72190", "2014-12-31": "18.09620", "2013-12-31": "17.72330", "2012-12-31": "17.44160", "2011-12-31": "16.82140", "2010-12-31": "18.61080", "2009-12-31": "18.51500", "2008-12-31": "17.56340", "2007-12-31": "18.65830", "2006-12-31": "19.28000", "2005-12-31": "18.73140"}, "Operating Margin": {"2019-12-31": "8.69120", "2018-12-31": "8.11790", "2017-12-31": "8.18820", "2016-12-31": "8.37050", "2015-12-31": "7.70580", "2014-12-31": "7.53630", "2013-12-31": "7.18760", "2012-12-31": "7.12550", "2011-12-31": "7.16790", "2010-12-31": "8.20000", "2009-12-31": "7.02700", "2008-12-31": "6.05410", "2007-12-31": "7.62090", "2006-12-31": "8.75400", "2005-12-31": "7.78630"}, "EBIT Margin": {"2019-12-31": "8.69120", "2018-12-31": "8.11790", "2017-12-31": "8.18820", "2016-12-31": "8.37050", "2015-12-31": "7.70580", "2014-12-31": "7.53630", "2013-12-31": "7.18760", "2012-12-31": "7.12550", "2011-12-31": "7.16790", "2010-12-31": "8.20000", "2009-12-31": "7.02700", "2008-12-31": "6.05410", "2007-12-31": "7.62090", "2006-12-31": "8.75400", "2005-12-31": "7.78630"}, "EBITDA Margin": {"2019-12-31": "13.14100", "2018-12-31": "12.50010", "2017-12-31": "12.50900", "2016-12-31": "12.66040", "2015-12-31": "11.99960", "2014-12-31": "11.49730", "2013-12-31": "11.25350", "2012-12-31": "11.28880", "2011-12-31": "11.16600", "2010-12-31": "12.31390", "2009-12-31": "11.85250", "2008-12-31": "10.49410", "2007-12-31": "12.10950", "2006-12-31": "13.26230", "2005-12-31": "12.40790"}, "Pre-Tax Profit Margin": {"2019-12-31": "7.08510", "2018-12-31": "7.02160", "2017-12-31": "6.24530", "2016-12-31": "9.22620", "2015-12-31": "6.60600", "2014-12-31": "6.49210", "2013-12-31": "6.02080", "2012-12-31": "5.87930", "2011-12-31": "6.32160", "2010-12-31": "6.16990", "2009-12-31": "5.95500", "2008-12-31": "4.90920", "2007-12-31": "6.32740", "2006-12-31": "7.51490", "2005-12-31": "6.55010"}, "Net Profit Margin": {"2019-12-31": "5.42940", "2018-12-31": "5.81640", "2017-12-31": "3.48140", "2016-12-31": "5.98870", "2015-12-31": "5.03860", "2014-12-31": "4.50300", "2013-12-31": "4.31590", "2012-12-31": "4.05730", "2011-12-31": "4.83490", "2010-12-31": "4.87510", "2009-12-31": "4.21100", "2008-12-31": "3.99300", "2007-12-31": "5.30090", "2006-12-31": "5.33470", "2005-12-31": "4.58760"}, "Asset Turnover": {"2019-12-31": "1.04840", "2018-12-31": "1.17620", "2017-12-31": "1.10510", "2016-12-31": "1.21910", "2015-12-31": "1.23690", "2014-12-31": "1.19630", "2013-12-31": "1.22320", "2012-12-31": "1.15270", "2011-12-31": "1.12680", "2010-12-31": "1.25700", "2009-12-31": "1.17460", "2008-12-31": "1.33560", "2007-12-31": "1.20950", "2006-12-31": "1.25380", "2005-12-31": "1.18340"}, "Inventory Turnover Ratio": {"2019-12-31": "8.56750", "2018-12-31": "8.80970", "2017-12-31": "8.60220", "2016-12-31": "10.29090", "2015-12-31": "10.46730", "2014-12-31": "9.77720", "2013-12-31": "9.76560", "2012-12-31": "10.36860", "2011-12-31": "9.46610", "2010-12-31": "9.08590", "2009-12-31": "10.15950", "2008-12-31": "10.81700", "2007-12-31": "9.57840", "2006-12-31": "9.71470", "2005-12-31": "9.00870"}, "Receiveable Turnover": {"2019-12-31": "6.61930", "2018-12-31": "6.34720", "2017-12-31": "6.37700", "2016-12-31": "7.14970", "2015-12-31": "7.35720", "2014-12-31": "7.24670", "2013-12-31": "7.44460", "2012-12-31": "7.33700", "2011-12-31": "6.91970", "2010-12-31": "7.63640", "2009-12-31": "7.75680", "2008-12-31": "9.39040", "2007-12-31": "7.72850", "2006-12-31": "7.42790", "2005-12-31": "7.69700"}, "Days Sales In Receivables": {"2019-12-31": "55.14200", "2018-12-31": "57.50530", "2017-12-31": "57.23670", "2016-12-31": "51.05130", "2015-12-31": "49.61120", "2014-12-31": "50.36800", "2013-12-31": "49.02910", "2012-12-31": "49.74820", "2011-12-31": "52.74800", "2010-12-31": "47.79740", "2009-12-31": "47.05520", "2008-12-31": "38.86930", "2007-12-31": "47.22760", "2006-12-31": "49.13880", "2005-12-31": "47.42100"}, "ROE - Return On Equity": {"2019-12-31": "16.11870", "2018-12-31": "17.75900", "2017-12-31": "10.25670", "2016-12-31": "18.51680", "2015-12-31": "16.35000", "2014-12-31": "15.08370", "2013-12-31": "12.37400", "2012-12-31": "12.99940", "2011-12-31": "15.29700", "2010-12-31": "13.36310", "2009-12-31": "11.23730", "2008-12-31": "13.38920", "2007-12-31": "14.70830", "2006-12-31": "16.00250", "2005-12-31": "12.81370"}, "Return On Tangible Equity": {"2019-12-31": "-15141.70000", "2018-12-31": "283.36010", "2017-12-31": "113.10260", "2016-12-31": "121.19680", "2015-12-31": "170.12560", "2014-12-31": "504.63630", "2013-12-31": "58.16880", "2012-12-31": "168.60150", "2011-12-31": "1360.05600", "2010-12-31": "37.48040", "2009-12-31": "34.31990", "2008-12-31": "58.02980", "2007-12-31": "44.75460", "2006-12-31": "42.79080", "2005-12-31": "26.26280"}, "ROA - Return On Assets": {"2019-12-31": "5.70920", "2018-12-31": "6.86680", "2017-12-31": "3.89330", "2016-12-31": "7.33790", "2015-12-31": "6.24420", "2014-12-31": "5.40870", "2013-12-31": "5.31150", "2012-12-31": "4.67930", "2011-12-31": "5.46090", "2010-12-31": "6.14060", "2009-12-31": "5.06580", "2008-12-31": "5.09510", "2007-12-31": "6.34760", "2006-12-31": "6.68850", "2005-12-31": "5.42890"}, "ROI - Return On Investment": {"2019-12-31": "9.72690", "2018-12-31": "10.62590", "2017-12-31": "5.87950", "2016-12-31": "11.17810", "2015-12-31": "9.83560", "2014-12-31": "8.38660", "2013-12-31": "7.95940", "2012-12-31": "7.50800", "2011-12-31": "8.20220", "2010-12-31": "9.54110", "2009-12-31": "8.41640", "2008-12-31": "8.58690", "2007-12-31": "9.44070", "2006-12-31": "10.10180", "2005-12-31": "8.42940"}, "Book Value Per Share": {"2019-12-31": "18.12120", "2018-12-31": "17.75310", "2017-12-31": "17.40260", "2016-12-31": "15.67350", "2015-12-31": "15.18540", "2014-12-31": "14.94830", "2013-12-31": "16.70190", "2012-12-31": "14.90590", "2011-12-31": "14.22410", "2010-12-31": "15.00040", "2009-12-31": "13.78580", "2008-12-31": "11.77670", "2007-12-31": "14.49790", "2006-12-31": "12.12400", "2005-12-31": "12.63470"}, "Operating Cash Flow Per Share": {"2019-12-31": -1.6306, "2018-12-31": 2.3865, "2017-12-31": -0.4639, "2016-12-31": -0.5065, "2015-12-31": 0.3728, "2014-12-31": -1.1603, "2013-12-31": 1.2732, "2012-12-31": 1.5372, "2011-12-31": -1.2577, "2010-12-31": -0.2118, "2009-12-31": 0.1132, "2008-12-31": -0.6125, "2007-12-31": -0.3833, "2006-12-31": 2.4885, "2005-12-31": 2.2642}, "Free Cash Flow Per Share": {"2019-12-31": -1.7568, "2018-12-31": 2.5415, "2017-12-31": -3.2047, "2016-12-31": 1.9737, "2015-12-31": 0.4537, "2014-12-31": -1.2331, "2013-12-31": 1.4878, "2012-12-31": 1.4511, "2011-12-31": -1.5317, "2010-12-31": -0.6038, "2009-12-31": 0.3014, "2008-12-31": -0.1684, "2007-12-31": -0.8324, "2006-12-31": 2.5602, "2005-12-31": 0.9784}}, "financial ratios, quarterly": {"Current Ratio": {"2020-09-30": "1.52330", "2020-06-30": "1.42020", "2020-03-31": "1.11000", "2019-12-31": "1.08310", "2019-09-30": "1.19620", "2019-06-30": "1.23860", "2019-03-31": "1.35660", "2018-12-31": "1.40290", "2018-09-30": "1.65980", "2018-06-30": "1.52900", "2018-03-31": "1.60720", "2017-12-31": "1.56370", "2017-09-30": "1.58940", "2017-06-30": "1.61680", "2017-03-31": "1.57670", "2016-12-31": "1.68050", "2016-09-30": "1.67120", "2016-06-30": "1.54210", "2016-03-31": "1.44120", "2015-12-31": "1.41720", "2015-09-30": "1.43960", "2015-06-30": "1.49310", "2015-03-31": "1.61500", "2014-12-31": "1.50600", "2014-09-30": "1.58380", "2014-06-30": "1.56320", "2014-03-31": "1.57830", "2013-12-31": "1.56490", "2013-09-30": "1.41100", "2013-06-30": "1.39100", "2013-03-31": "1.33840", "2012-12-31": "1.43640", "2012-09-30": "1.60350", "2012-06-30": "1.63020", "2012-03-31": "1.52640", "2011-12-31": "1.55460", "2011-09-30": "1.57630", "2011-06-30": "1.58330", "2011-03-31": "1.57370", "2010-12-31": "1.48280", "2010-09-30": "1.32650", "2010-06-30": "1.31520", "2010-03-31": "1.26680", "2009-12-31": "1.23700", "2009-09-30": "1.41790", "2009-06-30": "1.42740", "2009-03-31": "1.34090", "2008-12-31": "1.33200", "2008-09-30": "1.45290", "2008-06-30": "1.46810", "2008-03-31": "1.42190", "2007-12-31": "1.35560", "2007-09-30": "1.49870", "2007-06-30": "1.55680", "2007-03-31": "1.52930", "2006-12-31": "1.42890", "2006-09-30": "1.42250", "2006-06-30": "1.43450", "2006-03-31": "1.39690", "2005-12-31": "1.42710", "2005-09-30": "1.53430", "2005-06-30": "1.55100", "2005-03-31": "1.49580"}, "Long-term Debt / Capital": {"2020-09-30": "0.46380", "2020-06-30": "0.47240", "2020-03-31": "0.40360", "2019-12-31": "0.39650", "2019-09-30": "0.38890", "2019-06-30": "0.39060", "2019-03-31": "0.39770", "2018-12-31": "0.40170", "2018-09-30": "0.41730", "2018-06-30": "0.41580", "2018-03-31": "0.41780", "2017-12-31": "0.42680", "2017-09-30": "0.42510", "2017-06-30": "0.41450", "2017-03-31": "0.42250", "2016-12-31": "0.39630", "2016-09-30": "0.39330", "2016-06-30": "0.39530", "2016-03-31": "0.39050", "2015-12-31": "0.39840", "2015-09-30": "0.41710", "2015-06-30": "0.42160", "2015-03-31": "0.44460", "2014-12-31": "0.44400", "2014-09-30": "0.35270", "2014-06-30": "0.35020", "2014-03-31": "0.35220", "2013-12-31": "0.35680", "2013-09-30": "0.37280", "2013-06-30": "0.38200", "2013-03-31": "0.38410", "2012-12-31": "0.42240", "2012-09-30": "0.43950", "2012-06-30": "0.46550", "2012-03-31": "0.45030", "2011-12-31": "0.46380", "2011-09-30": "0.31670", "2011-06-30": "0.30910", "2011-03-31": "0.32440", "2010-12-31": "0.28600", "2010-09-30": "0.25500", "2010-06-30": "0.24810", "2010-03-31": "0.24920", "2009-12-31": "0.25100", "2009-09-30": "0.29870", "2009-06-30": "0.33210", "2009-03-31": "0.35120", "2008-12-31": "0.35870", "2008-09-30": "0.33620", "2008-06-30": "0.34220", "2008-03-31": "0.35410", "2007-12-31": "0.35810", "2007-09-30": "0.40730", "2007-06-30": "0.41500", "2007-03-31": "0.38170", "2006-12-31": "0.36870", "2006-09-30": "0.31870", "2006-06-30": "0.34560", "2006-03-31": "0.35410", "2005-12-31": "0.34220", "2005-09-30": "0.38980", "2005-06-30": "0.40700", "2005-03-31": "0.40700"}, "Debt/Equity Ratio": {"2020-09-30": "1.13540", "2020-06-30": "1.25310", "2020-03-31": "0.93470", "2019-12-31": "0.92600", "2019-09-30": "0.83860", "2019-06-30": "0.83360", "2019-03-31": "0.78320", "2018-12-31": "0.78160", "2018-09-30": "0.75650", "2018-06-30": "0.81100", "2018-03-31": "0.81530", "2017-12-31": "0.83660", "2017-09-30": "0.81090", "2017-06-30": "0.77760", "2017-03-31": "0.77940", "2016-12-31": "0.67710", "2016-09-30": "0.68640", "2016-06-30": "0.68650", "2016-03-31": "0.71460", "2015-12-31": "0.73610", "2015-09-30": "0.80180", "2015-06-30": "0.82390", "2015-03-31": "0.83510", "2014-12-31": "0.83330", "2014-09-30": "0.58620", "2014-06-30": "0.59010", "2014-03-31": "0.56600", "2013-12-31": "0.57530", "2013-09-30": "0.68990", "2013-06-30": "0.71160", "2013-03-31": "0.73360", "2012-12-31": "0.91340", "2012-09-30": "0.80510", "2012-06-30": "0.89990", "2012-03-31": "0.84610", "2011-12-31": "0.90260", "2011-09-30": "0.47510", "2011-06-30": "0.45940", "2011-03-31": "0.49370", "2010-12-31": "0.41180", "2010-09-30": "0.41710", "2010-06-30": "0.41010", "2010-03-31": "0.41290", "2009-12-31": "0.42070", "2009-09-30": "0.44870", "2009-06-30": "0.51970", "2009-03-31": "0.56850", "2008-12-31": "0.58730", "2008-09-30": "0.53370", "2008-06-30": "0.54890", "2008-03-31": "0.57820", "2007-12-31": "0.58930", "2007-09-30": "0.73170", "2007-06-30": "0.74810", "2007-03-31": "0.65750", "2006-12-31": "0.62670", "2006-09-30": "0.54630", "2006-06-30": "0.60830", "2006-03-31": "0.65020", "2005-12-31": "0.61870", "2005-09-30": "0.72590", "2005-06-30": "0.78390", "2005-03-31": "0.77600"}, "Gross Margin": {"2020-09-30": "19.58450", "2020-06-30": "19.91060", "2020-03-31": "20.45510", "2019-12-31": "18.86290", "2019-09-30": "19.60850", "2019-06-30": "20.24950", "2019-03-31": "19.98370", "2018-12-31": "18.75960", "2018-09-30": "19.02430", "2018-06-30": "20.23310", "2018-03-31": "19.21520", "2017-12-31": "18.81490", "2017-09-30": "19.09050", "2017-06-30": "19.21420", "2017-03-31": "19.02030", "2016-12-31": "19.58020", "2016-09-30": "19.47290", "2016-06-30": "20.07270", "2016-03-31": "19.99980", "2015-12-31": "18.88850", "2015-09-30": "18.45920", "2015-06-30": "19.24700", "2015-03-31": "18.27370", "2014-12-31": "18.73660", "2014-09-30": "17.61930", "2014-06-30": "18.35100", "2014-03-31": "17.62650", "2013-12-31": "17.04010", "2013-09-30": "18.24780", "2013-06-30": "18.14990", "2013-03-31": "17.44520", "2012-12-31": "16.61520", "2012-09-30": "17.25000", "2012-06-30": "18.00980", "2012-03-31": "17.88740", "2011-12-31": "16.35520", "2011-09-30": "16.61140", "2011-06-30": "16.94260", "2011-03-31": "17.38160", "2010-12-31": "17.71430", "2010-09-30": "18.97680", "2010-06-30": "19.05960", "2010-03-31": "18.79500", "2009-12-31": "19.34730", "2009-09-30": "18.59700", "2009-06-30": "18.31500", "2009-03-31": "17.59400", "2008-12-31": "16.92870", "2008-09-30": "17.37470", "2008-06-30": "17.91710", "2008-03-31": "17.95790", "2007-12-31": "18.04300", "2007-09-30": "18.18660", "2007-06-30": "19.11370", "2007-03-31": "19.37520", "2006-12-31": "19.53130", "2006-09-30": "19.49150", "2006-06-30": "18.97760", "2006-03-31": "19.07450", "2005-12-31": "19.74000", "2005-09-30": "18.54500", "2005-06-30": "18.30440", "2005-03-31": "18.21080"}, "Operating Margin": {"2020-09-30": "8.13400", "2020-06-30": "8.32820", "2020-03-31": "9.98260", "2019-12-31": "6.25570", "2019-09-30": "10.23300", "2019-06-30": "9.54370", "2019-03-31": "8.64740", "2018-12-31": "6.94120", "2018-09-30": "7.44250", "2018-06-30": "9.65050", "2018-03-31": "8.44190", "2017-12-31": "6.95430", "2017-09-30": "9.30310", "2017-06-30": "8.47760", "2017-03-31": "7.98920", "2016-12-31": "8.89090", "2016-09-30": "8.67390", "2016-06-30": "7.64080", "2016-03-31": "8.30420", "2015-12-31": "6.31310", "2015-09-30": "6.39640", "2015-06-30": "7.92770", "2015-03-31": "10.28840", "2014-12-31": "6.77580", "2014-09-30": "8.39830", "2014-06-30": "7.92100", "2014-03-31": "7.06020", "2013-12-31": "6.16200", "2013-09-30": "8.16810", "2013-06-30": "7.50560", "2013-03-31": "6.90430", "2012-12-31": "6.58290", "2012-09-30": "8.05860", "2012-06-30": "7.36820", "2012-03-31": "6.50320", "2011-12-31": "5.83220", "2011-09-30": "7.54050", "2011-06-30": "7.29160", "2011-03-31": "8.01860", "2010-12-31": "7.74020", "2010-09-30": "8.07100", "2010-06-30": "8.94690", "2010-03-31": "8.09240", "2009-12-31": "7.58150", "2009-09-30": "8.03960", "2009-06-30": "6.63120", "2009-03-31": "5.58360", "2008-12-31": "5.73850", "2008-09-30": "8.10880", "2008-06-30": "7.63970", "2008-03-31": "2.57370", "2007-12-31": "7.47590", "2007-09-30": "7.08870", "2007-06-30": "6.73360", "2007-03-31": "9.27850", "2006-12-31": "7.38810", "2006-09-30": "9.84700", "2006-06-30": "9.02920", "2006-03-31": "8.85280", "2005-12-31": "7.92580", "2005-09-30": "8.38120", "2005-06-30": "7.14470", "2005-03-31": "7.67120"}, "EBIT Margin": {"2020-09-30": "8.13400", "2020-06-30": "8.32820", "2020-03-31": "9.98260", "2019-12-31": "6.25570", "2019-09-30": "10.23300", "2019-06-30": "9.54370", "2019-03-31": "8.64740", "2018-12-31": "6.94120", "2018-09-30": "7.44250", "2018-06-30": "9.65050", "2018-03-31": "8.44190", "2017-12-31": "6.95430", "2017-09-30": "9.30310", "2017-06-30": "8.47760", "2017-03-31": "7.98920", "2016-12-31": "8.89090", "2016-09-30": "8.67390", "2016-06-30": "7.64080", "2016-03-31": "8.30420", "2015-12-31": "6.31310", "2015-09-30": "6.39640", "2015-06-30": "7.92770", "2015-03-31": "10.28840", "2014-12-31": "6.77570", "2014-09-30": "8.39830", "2014-06-30": "7.92100", "2014-03-31": "7.06020", "2013-12-31": "6.16200", "2013-09-30": "8.16810", "2013-06-30": "7.50560", "2013-03-31": "6.90430", "2012-12-31": "6.58290", "2012-09-30": "8.05860", "2012-06-30": "7.36820", "2012-03-31": "6.50320", "2011-12-31": "5.83220", "2011-09-30": "7.54050", "2011-06-30": "7.29160", "2011-03-31": "8.01860", "2010-12-31": "7.74020", "2010-09-30": "8.07100", "2010-06-30": "8.94690", "2010-03-31": "8.09240", "2009-12-31": "7.58150", "2009-09-30": "8.03960", "2009-06-30": "6.63120", "2009-03-31": "5.58360", "2008-12-31": "5.73850", "2008-09-30": "8.10880", "2008-06-30": "7.63970", "2008-03-31": "2.57370", "2007-12-31": "7.47590", "2007-09-30": "7.08870", "2007-06-30": "6.73360", "2007-03-31": "9.27850", "2006-12-31": "7.38810", "2006-09-30": "9.84700", "2006-06-30": "9.02920", "2006-03-31": "8.85280", "2005-12-31": "7.92580", "2005-09-30": "8.38120", "2005-06-30": "7.14470", "2005-03-31": "7.67120"}, "EBITDA Margin": {"2020-09-30": "", "2020-06-30": "", "2020-03-31": "", "2019-12-31": "", "2019-09-30": "", "2019-06-30": "", "2019-03-31": "", "2018-12-31": "", "2018-09-30": "", "2018-06-30": "", "2018-03-31": "", "2017-12-31": "", "2017-09-30": "", "2017-06-30": "", "2017-03-31": "", "2016-12-31": "", "2016-09-30": "", "2016-06-30": "", "2016-03-31": "", "2015-12-31": "", "2015-09-30": "", "2015-06-30": "", "2015-03-31": "", "2014-12-31": "", "2014-09-30": "", "2014-06-30": "", "2014-03-31": "", "2013-12-31": "", "2013-09-30": "", "2013-06-30": "", "2013-03-31": "", "2012-12-31": "", "2012-09-30": "", "2012-06-30": "", "2012-03-31": "", "2011-12-31": "", "2011-09-30": "", "2011-06-30": "", "2011-03-31": "", "2010-12-31": "", "2010-09-30": "", "2010-06-30": "", "2010-03-31": "", "2009-12-31": "", "2009-09-30": "", "2009-06-30": "", "2009-03-31": "", "2008-12-31": "", "2008-09-30": "", "2008-06-30": "", "2008-03-31": "", "2007-12-31": "", "2007-09-30": "", "2007-06-30": "", "2007-03-31": "", "2006-12-31": "", "2006-09-30": "", "2006-06-30": "", "2006-03-31": "", "2005-12-31": "", "2005-09-30": "", "2005-06-30": "", "2005-03-31": ""}, "Pre-Tax Profit Margin": {"2020-09-30": "6.15020", "2020-06-30": "6.21780", "2020-03-31": "8.17000", "2019-12-31": "4.61900", "2019-09-30": "8.61060", "2019-06-30": "7.96240", "2019-03-31": "7.06230", "2018-12-31": "5.76700", "2018-09-30": "6.38180", "2018-06-30": "8.50590", "2018-03-31": "7.44020", "2017-12-31": "5.56000", "2017-09-30": "8.03500", "2017-06-30": "4.67310", "2017-03-31": "6.64620", "2016-12-31": "15.95580", "2016-09-30": "7.64490", "2016-06-30": "6.51750", "2016-03-31": "7.17990", "2015-12-31": "5.20120", "2015-09-30": "5.29490", "2015-06-30": "6.83840", "2015-03-31": "9.19220", "2014-12-31": "5.73580", "2014-09-30": "7.37510", "2014-06-30": "6.86820", "2014-03-31": "5.99780", "2013-12-31": "5.04150", "2013-09-30": "7.00450", "2013-06-30": "6.33070", "2013-03-31": "5.69430", "2012-12-31": "5.38090", "2012-09-30": "6.81630", "2012-06-30": "6.10000", "2012-03-31": "5.23120", "2011-12-31": "4.69650", "2011-09-30": "6.79910", "2011-06-30": "6.56680", "2011-03-31": "7.23670", "2010-12-31": "2.56920", "2010-09-30": "7.26820", "2010-06-30": "8.09970", "2010-03-31": "7.19020", "2009-12-31": "6.63710", "2009-09-30": "7.02930", "2009-06-30": "5.46590", "2009-03-31": "4.38070", "2008-12-31": "4.53560", "2008-09-30": "7.10910", "2008-06-30": "6.52630", "2008-03-31": "1.29930", "2007-12-31": "6.15940", "2007-09-30": "5.72390", "2007-06-30": "5.45050", "2007-03-31": "8.07650", "2006-12-31": "6.25640", "2006-09-30": "8.69390", "2006-06-30": "7.66430", "2006-03-31": "7.52730", "2005-12-31": "6.72230", "2005-09-30": "7.02800", "2005-06-30": "5.91350", "2005-03-31": "6.51760"}, "Net Profit Margin": {"2020-09-30": "6.35890", "2020-06-30": "4.43290", "2020-03-31": "6.17240", "2019-12-31": "3.43040", "2019-09-30": "6.79980", "2019-06-30": "5.96880", "2019-03-31": "5.44960", "2018-12-31": "5.73010", "2018-09-30": "5.30610", "2018-06-30": "6.54370", "2018-03-31": "5.67830", "2017-12-31": "0.43690", "2017-09-30": "5.49680", "2017-06-30": "3.47590", "2017-03-31": "4.58350", "2016-12-31": "9.18170", "2016-09-30": "5.41030", "2016-06-30": "4.66560", "2016-03-31": "4.88590", "2015-12-31": "4.42440", "2015-09-30": "3.53410", "2015-06-30": "5.15610", "2015-03-31": "7.11250", "2014-12-31": "3.72280", "2014-09-30": "5.31140", "2014-06-30": "4.76260", "2014-03-31": "4.23670", "2013-12-31": "3.70050", "2013-09-30": "4.98800", "2013-06-30": "4.48420", "2013-03-31": "4.08230", "2012-12-31": "3.49640", "2012-09-30": "4.92130", "2012-06-30": "4.26850", "2012-03-31": "3.55240", "2011-12-31": "2.61290", "2011-09-30": "6.86750", "2011-06-30": "4.73530", "2011-03-31": "5.13650", "2010-12-31": "3.06160", "2010-09-30": "5.61160", "2010-06-30": "5.83630", "2010-03-31": "5.19410", "2009-12-31": "4.69890", "2009-09-30": "5.12280", "2009-06-30": "3.88900", "2009-03-31": "2.88800", "2008-12-31": "3.85330", "2008-09-30": "5.39390", "2008-06-30": "5.33660", "2008-03-31": "1.27740", "2007-12-31": "5.10960", "2007-09-30": "6.26680", "2007-06-30": "4.25880", "2007-03-31": "5.55670", "2006-12-31": "3.99220", "2006-09-30": "6.55820", "2006-06-30": "5.38070", "2006-03-31": "5.51360", "2005-12-31": "4.06310", "2005-09-30": "5.21110", "2005-06-30": "4.57500", "2005-03-31": "4.54170"}, "Asset Turnover": {"2020-09-30": "0.22750", "2020-06-30": "0.21700", "2020-03-31": "0.26000", "2019-12-31": "0.25530", "2019-09-30": "0.27150", "2019-06-30": "0.27490", "2019-03-31": "0.27350", "2018-12-31": "0.29580", "2018-09-30": "0.29300", "2018-06-30": "0.29560", "2018-03-31": "0.28030", "2017-12-31": "0.28500", "2017-09-30": "0.28990", "2017-06-30": "0.28900", "2017-03-31": "0.27980", "2016-12-31": "0.29110", "2016-09-30": "0.29890", "2016-06-30": "0.30410", "2016-03-31": "0.30290", "2015-12-31": "0.31570", "2015-09-30": "0.30210", "2015-06-30": "0.29690", "2015-03-31": "0.29160", "2014-12-31": "0.31400", "2014-09-30": "0.31460", "2014-06-30": "0.30890", "2014-03-31": "0.29900", "2013-12-31": "0.30910", "2013-09-30": "0.30020", "2013-06-30": "0.30990", "2013-03-31": "0.29860", "2012-12-31": "0.28810", "2012-09-30": "0.29470", "2012-06-30": "0.29870", "2012-03-31": "0.30070", "2011-12-31": "0.28290", "2011-09-30": "0.33560", "2011-06-30": "0.33240", "2011-03-31": "0.32890", "2010-12-31": "0.34350", "2010-09-30": "0.31840", "2010-06-30": "0.32300", "2010-03-31": "0.29940", "2009-12-31": "0.32710", "2009-09-30": "0.29500", "2009-06-30": "0.28450", "2009-03-31": "0.26880", "2008-12-31": "0.30280", "2008-09-30": "0.31970", "2008-06-30": "0.31940", "2008-03-31": "0.31020", "2007-12-31": "0.31740", "2007-09-30": "0.30640", "2007-06-30": "0.30380", "2007-03-31": "0.32210", "2006-12-31": "0.33930", "2006-09-30": "0.30250", "2006-06-30": "0.30350", "2006-03-31": "0.27150", "2005-12-31": "0.32030", "2005-09-30": "0.28510", "2005-06-30": "0.28730", "2005-03-31": "0.26580"}, "Inventory Turnover Ratio": {"2020-09-30": "2.36710", "2020-06-30": "1.90420", "2020-03-31": "2.07300", "2019-12-31": "2.10790", "2019-09-30": "2.18720", "2019-06-30": "2.11690", "2019-03-31": "2.09750", "2018-12-31": "2.23040", "2018-09-30": "2.36520", "2018-06-30": "2.31180", "2018-03-31": "2.28680", "2017-12-31": "2.22460", "2017-09-30": "2.26610", "2017-06-30": "2.28130", "2017-03-31": "2.20590", "2016-12-31": "2.46380", "2016-09-30": "2.58650", "2016-06-30": "2.42380", "2016-03-31": "2.43710", "2015-12-31": "2.66620", "2015-09-30": "2.55340", "2015-06-30": "2.41230", "2015-03-31": "2.44290", "2014-12-31": "2.54620", "2014-09-30": "2.57710", "2014-06-30": "2.40400", "2014-03-31": "2.36910", "2013-12-31": "2.48800", "2013-09-30": "2.56330", "2013-06-30": "2.56620", "2013-03-31": "2.46150", "2012-12-31": "2.61790", "2012-09-30": "2.50480", "2012-06-30": "2.41960", "2012-03-31": "2.41970", "2011-12-31": "2.39000", "2011-09-30": "2.38620", "2011-06-30": "2.37650", "2011-03-31": "2.34480", "2010-12-31": "2.51060", "2010-09-30": "2.41250", "2010-06-30": "2.54890", "2010-03-31": "2.42180", "2009-12-31": "2.80070", "2009-09-30": "2.57530", "2009-06-30": "2.37420", "2009-03-31": "2.08640", "2008-12-31": "2.47120", "2008-09-30": "2.46090", "2008-06-30": "2.48040", "2008-03-31": "2.43320", "2007-12-31": "2.53240", "2007-09-30": "2.48690", "2007-06-30": "2.45680", "2007-03-31": "2.45820", "2006-12-31": "2.62060", "2006-09-30": "2.45960", "2006-06-30": "2.43100", "2006-03-31": "2.06260", "2005-12-31": "2.40770", "2005-09-30": "2.12010", "2005-06-30": "2.08910", "2005-03-31": "2.04050"}, "Receiveable Turnover": {"2020-09-30": "1.66890", "2020-06-30": "1.56210", "2020-03-31": "1.55820", "2019-12-31": "1.61210", "2019-09-30": "1.53950", "2019-06-30": "1.53590", "2019-03-31": "1.55330", "2018-12-31": "1.59610", "2018-09-30": "1.57140", "2018-06-30": "1.59010", "2018-03-31": "1.53900", "2017-12-31": "1.64470", "2017-09-30": "1.65030", "2017-06-30": "1.63790", "2017-03-31": "1.65980", "2016-12-31": "1.70740", "2016-09-30": "1.68300", "2016-06-30": "1.68510", "2016-03-31": "1.70890", "2015-12-31": "1.87790", "2015-09-30": "1.71030", "2015-06-30": "1.74000", "2015-03-31": "1.66270", "2014-12-31": "1.90210", "2014-09-30": "1.69980", "2014-06-30": "1.67980", "2014-03-31": "1.65810", "2013-12-31": "1.88110", "2013-09-30": "1.69570", "2013-06-30": "1.75490", "2013-03-31": "1.75150", "2012-12-31": "1.83410", "2012-09-30": "1.68150", "2012-06-30": "1.76470", "2012-03-31": "1.74120", "2011-12-31": "1.73740", "2011-09-30": "1.80440", "2011-06-30": "1.76490", "2011-03-31": "1.79760", "2010-12-31": "2.08710", "2010-09-30": "1.82220", "2010-06-30": "1.88250", "2010-03-31": "1.80650", "2009-12-31": "2.16040", "2009-09-30": "1.92630", "2009-06-30": "1.93150", "2009-03-31": "1.88350", "2008-12-31": "2.12890", "2008-09-30": "1.98700", "2008-06-30": "1.84730", "2008-03-31": "1.87180", "2007-12-31": "2.02800", "2007-09-30": "1.75730", "2007-06-30": "1.80890", "2007-03-31": "1.82260", "2006-12-31": "2.01000", "2006-09-30": "1.85930", "2006-06-30": "1.89550", "2006-03-31": "1.77430", "2005-12-31": "2.08300", "2005-09-30": "1.81830", "2005-06-30": "1.88930", "2005-03-31": "1.75690"}, "Days Sales In Receivables": {"2020-09-30": "53.92830", "2020-06-30": "57.61660", "2020-03-31": "57.75870", "2019-12-31": "55.82860", "2019-09-30": "58.45970", "2019-06-30": "58.59750", "2019-03-31": "57.94260", "2018-12-31": "56.38780", "2018-09-30": "57.27530", "2018-06-30": "56.59970", "2018-03-31": "58.47930", "2017-12-31": "54.72060", "2017-09-30": "54.53630", "2017-06-30": "54.94930", "2017-03-31": "54.22420", "2016-12-31": "52.71140", "2016-09-30": "53.47590", "2016-06-30": "53.41060", "2016-03-31": "52.66510", "2015-12-31": "47.92600", "2015-09-30": "52.62270", "2015-06-30": "51.72420", "2015-03-31": "54.12820", "2014-12-31": "47.31660", "2014-09-30": "52.94750", "2014-06-30": "53.57880", "2014-03-31": "54.27960", "2013-12-31": "47.84470", "2013-09-30": "53.07660", "2013-06-30": "51.28580", "2013-03-31": "51.38330", "2012-12-31": "49.07000", "2012-09-30": "53.52360", "2012-06-30": "51.00070", "2012-03-31": "51.68710", "2011-12-31": "51.80250", "2011-09-30": "49.87800", "2011-06-30": "50.99330", "2011-03-31": "50.06730", "2010-12-31": "43.12260", "2010-09-30": "49.39090", "2010-06-30": "47.80880", "2010-03-31": "49.81880", "2009-12-31": "41.65900", "2009-09-30": "46.72190", "2009-06-30": "46.59700", "2009-03-31": "47.78240", "2008-12-31": "42.27590", "2008-09-30": "45.29410", "2008-06-30": "48.71930", "2008-03-31": "48.08130", "2007-12-31": "44.37840", "2007-09-30": "51.21600", "2007-06-30": "49.75500", "2007-03-31": "49.37940", "2006-12-31": "44.77630", "2006-09-30": "48.40420", "2006-06-30": "47.48200", "2006-03-31": "50.72440", "2005-12-31": "43.20740", "2005-09-30": "49.49770", "2005-06-30": "47.63570", "2005-03-31": "51.22800"}, "ROE - Return On Equity": {"2020-09-30": "4.42760", "2020-06-30": "3.04200", "2020-03-31": "4.57070", "2019-12-31": "2.49660", "2019-09-30": "4.97670", "2019-06-30": "4.38530", "2019-03-31": "4.09560", "2018-12-31": "4.36440", "2018-09-30": "3.97290", "2018-06-30": "5.00740", "2018-03-31": "4.17070", "2017-12-31": "0.34970", "2017-09-30": "4.17430", "2017-06-30": "2.59580", "2017-03-31": "3.37690", "2016-12-31": "6.75340", "2016-09-30": "4.15050", "2016-06-30": "3.59950", "2016-03-31": "3.79670", "2015-12-31": "3.67360", "2015-09-30": "2.93440", "2015-06-30": "4.18820", "2015-03-31": "5.71330", "2014-12-31": "3.26390", "2014-09-30": "3.90970", "2014-06-30": "3.38810", "2014-03-31": "2.89120", "2013-12-31": "2.74570", "2013-09-30": "3.85350", "2013-06-30": "3.58870", "2013-03-31": "3.14560", "2012-12-31": "2.80180", "2012-09-30": "3.84360", "2012-06-30": "3.50380", "2012-03-31": "2.90020", "2011-12-31": "2.07150", "2011-09-30": "4.98700", "2011-06-30": "3.35150", "2011-03-31": "3.71340", "2010-12-31": "2.30440", "2010-09-30": "3.94650", "2010-06-30": "4.15560", "2010-03-31": "3.46770", "2009-12-31": "3.40740", "2009-09-30": "3.89660", "2009-06-30": "2.65440", "2009-03-31": "2.02210", "2008-12-31": "3.08650", "2008-09-30": "3.85110", "2008-06-30": "3.67820", "2008-03-31": "0.61380", "2007-12-31": "3.60990", "2007-09-30": "4.84010", "2007-06-30": "3.24360", "2007-03-31": "4.34280", "2006-12-31": "3.24050", "2006-09-30": "4.56740", "2006-06-30": "3.86230", "2006-03-31": "3.60790", "2005-12-31": "3.07120", "2005-09-30": "3.71350", "2005-06-30": "3.38230", "2005-03-31": "3.14390"}, "Return On Tangible Equity": {"2020-09-30": "60.50290", "2020-06-30": "239.13010", "2020-03-31": "-273.48930", "2019-12-31": "-2345.27900", "2019-09-30": "55.99840", "2019-06-30": "37.91940", "2019-03-31": "48.17380", "2018-12-31": "69.63750", "2018-09-30": "35.22340", "2018-06-30": "58.97280", "2018-03-31": "33.77880", "2017-12-31": "3.85620", "2017-09-30": "41.74140", "2017-06-30": "18.98830", "2017-03-31": "30.47130", "2016-12-31": "44.20250", "2016-09-30": "22.33720", "2016-06-30": "29.16720", "2016-03-31": "31.59750", "2015-12-31": "38.22510", "2015-09-30": "45.25110", "2015-06-30": "55.47230", "2015-03-31": "93.40930", "2014-12-31": "109.19640", "2014-09-30": "16.02160", "2014-06-30": "14.07450", "2014-03-31": "12.29590", "2013-12-31": "12.90720", "2013-09-30": "25.61140", "2013-06-30": "30.67300", "2013-03-31": "32.62300", "2012-12-31": "36.33910", "2012-09-30": "41.95290", "2012-06-30": "72.39370", "2012-03-31": "59.66870", "2011-12-31": "184.18180", "2011-09-30": "12.97300", "2011-06-30": "8.66460", "2011-03-31": "10.02840", "2010-12-31": "6.46350", "2010-09-30": "11.12940", "2010-06-30": "11.55990", "2010-03-31": "10.13050", "2009-12-31": "10.40650", "2009-09-30": "13.03050", "2009-06-30": "9.91520", "2009-03-31": "8.53930", "2008-12-31": "13.37740", "2008-09-30": "10.87960", "2008-06-30": "10.39370", "2008-03-31": "1.86230", "2007-12-31": "10.98420", "2007-09-30": "17.26180", "2007-06-30": "11.66480", "2007-03-31": "11.53480", "2006-12-31": "8.66520", "2006-09-30": "9.21980", "2006-06-30": "8.16970", "2006-03-31": "7.68930", "2005-12-31": "6.29470", "2005-09-30": "7.81590", "2005-06-30": "7.49000", "2005-03-31": "7.09060"}, "ROA - Return On Assets": {"2020-09-30": "1.44430", "2020-06-30": "0.95820", "2020-03-31": "1.60080", "2019-12-31": "0.88430", "2019-09-30": "1.85080", "2019-06-30": "1.64360", "2019-03-31": "1.49280", "2018-12-31": "1.68760", "2018-09-30": "1.56310", "2018-06-30": "1.93910", "2018-03-31": "1.61020", "2017-12-31": "0.13270", "2017-09-30": "1.60650", "2017-06-30": "1.01700", "2017-03-31": "1.29650", "2016-12-31": "2.67630", "2016-09-30": "1.63130", "2016-06-30": "1.43050", "2016-03-31": "1.48690", "2015-12-31": "1.40300", "2015-09-30": "1.06950", "2015-06-30": "1.53680", "2015-03-31": "2.07170", "2014-12-31": "1.17040", "2014-09-30": "1.69120", "2014-06-30": "1.47420", "2014-03-31": "1.26470", "2013-12-31": "1.17860", "2013-09-30": "1.50210", "2013-06-30": "1.39120", "2013-03-31": "1.21020", "2012-12-31": "1.00850", "2012-09-30": "1.45520", "2012-06-30": "1.27580", "2012-03-31": "1.06420", "2011-12-31": "0.73950", "2011-09-30": "2.30360", "2011-06-30": "1.58260", "2011-03-31": "1.69660", "2010-12-31": "1.05890", "2010-09-30": "1.79300", "2010-06-30": "1.88490", "2010-03-31": "1.55450", "2009-12-31": "1.53610", "2009-09-30": "1.62850", "2009-06-30": "1.08610", "2009-03-31": "0.79670", "2008-12-31": "1.17450", "2008-09-30": "1.70650", "2008-06-30": "1.62690", "2008-03-31": "0.26640", "2007-12-31": "1.55790", "2007-09-30": "1.92020", "2007-06-30": "1.29360", "2007-03-31": "1.78990", "2006-12-31": "1.35440", "2006-09-30": "1.98400", "2006-06-30": "1.63330", "2006-03-31": "1.49670", "2005-12-31": "1.30120", "2005-09-30": "1.48560", "2005-06-30": "1.31420", "2005-03-31": "1.20720"}, "ROI - Return On Investment": {"2020-09-30": "2.37430", "2020-06-30": "1.60490", "2020-03-31": "2.72600", "2019-12-31": "1.50660", "2019-09-30": "3.04110", "2019-06-30": "2.67240", "2019-03-31": "2.46670", "2018-12-31": "2.61140", "2018-09-30": "2.31500", "2018-06-30": "2.92520", "2018-03-31": "2.42830", "2017-12-31": "0.20050", "2017-09-30": "2.40000", "2017-06-30": "1.51980", "2017-03-31": "1.95010", "2016-12-31": "4.07680", "2016-09-30": "2.51830", "2016-06-30": "2.17670", "2016-03-31": "2.31400", "2015-12-31": "2.20990", "2015-09-30": "1.71030", "2015-06-30": "2.42260", "2015-03-31": "3.17330", "2014-12-31": "1.81470", "2014-09-30": "2.53070", "2014-06-30": "2.20160", "2014-03-31": "1.87300", "2013-12-31": "1.76610", "2013-09-30": "2.41690", "2013-06-30": "2.21800", "2013-03-31": "1.93730", "2012-12-31": "1.61820", "2012-09-30": "2.15440", "2012-06-30": "1.87270", "2012-03-31": "1.59430", "2011-12-31": "1.11080", "2011-09-30": "3.40760", "2011-06-30": "2.31570", "2011-03-31": "2.50890", "2010-12-31": "1.64540", "2010-09-30": "2.94020", "2010-06-30": "3.12470", "2010-03-31": "2.60360", "2009-12-31": "2.55200", "2009-09-30": "2.73250", "2009-06-30": "1.77280", "2009-03-31": "1.31190", "2008-12-31": "1.97950", "2008-09-30": "2.55620", "2008-06-30": "2.41940", "2008-03-31": "0.39650", "2007-12-31": "2.31700", "2007-09-30": "2.86870", "2007-06-30": "1.89750", "2007-03-31": "2.68530", "2006-12-31": "2.04560", "2006-09-30": "3.11190", "2006-06-30": "2.52760", "2006-03-31": "2.33050", "2005-12-31": "2.02040", "2005-09-30": "2.26600", "2005-06-30": "2.00560", "2005-03-31": "1.86440"}, "Book Value Per Share": {"2020-09-30": "18.73540", "2020-06-30": "18.01760", "2020-03-31": "17.49690", "2019-12-31": "18.12120", "2019-09-30": "18.52790", "2019-06-30": "18.52230", "2019-03-31": "18.00490", "2018-12-31": "17.75310", "2018-09-30": "18.39370", "2018-06-30": "17.97850", "2018-03-31": "18.04340", "2017-12-31": "17.40260", "2017-09-30": "17.69280", "2017-06-30": "16.92010", "2017-03-31": "16.18840", "2016-12-31": "15.67350", "2016-09-30": "15.90580", "2016-06-30": "15.71020", "2016-03-31": "15.73510", "2015-12-31": "15.18540", "2015-09-30": "14.85370", "2015-06-30": "15.29130", "2015-03-31": "14.86430", "2014-12-31": "14.94830", "2014-09-30": "17.12600", "2014-06-30": "17.27060", "2014-03-31": "17.04340", "2013-12-31": "16.70190", "2013-09-30": "15.70380", "2013-06-30": "15.12960", "2013-03-31": "15.01570", "2012-12-31": "14.90590", "2012-09-30": "15.25120", "2012-06-30": "14.56230", "2012-03-31": "14.71020", "2011-12-31": "14.22410", "2011-09-30": "15.48180", "2011-06-30": "16.04310", "2011-03-31": "15.57600", "2010-12-31": "15.00040", "2010-09-30": "14.90320", "2010-06-30": "14.09570", "2010-03-31": "13.96220", "2009-12-31": "13.78580", "2009-09-30": "13.19050", "2009-06-30": "12.44210", "2009-03-31": "11.76150", "2008-12-31": "11.77670", "2008-09-30": "14.77660", "2008-06-30": "15.11600", "2008-03-31": "14.60120", "2007-12-31": "14.49790", "2007-09-30": "13.41040", "2007-06-30": "12.95200", "2007-03-31": "12.27810", "2006-12-31": "12.12400", "2006-09-30": "13.43570", "2006-06-30": "12.89160", "2006-03-31": "12.60130", "2005-12-31": "12.63470", "2005-09-30": "12.47480", "2005-06-30": "12.00100", "2005-03-31": "11.85750"}, "Operating Cash Flow Per Share": {"2020-09-30": 2.0458, "2020-06-30": 1.9212, "2020-03-31": "0.86780", "2019-12-31": 1.8488, "2019-09-30": 1.9641, "2019-06-30": -0.5173, "2019-03-31": "0.91340", "2018-12-31": 1.3709, "2018-09-30": 1.9821, "2018-06-30": 1.2996, "2018-03-31": "1.18700", "2017-12-31": 0.6621, "2017-09-30": 1.7666, "2017-06-30": 0.357, "2017-03-31": "0.66740", "2016-12-31": 0.4844, "2016-09-30": 1.6063, "2016-06-30": 1.1775, "2016-03-31": "0.64880", "2015-12-31": 1.3168, "2015-09-30": 1.4168, "2015-06-30": 1.0994, "2015-03-31": "0.59050", "2014-12-31": 1.4568, "2014-09-30": 1.5737, "2014-06-30": 0.5821, "2014-03-31": "0.43810", "2013-12-31": 1.141, "2013-09-30": 1.6959, "2013-06-30": 1.0482, "2013-03-31": "1.32590", "2012-12-31": 1.0851, "2012-09-30": 1.4841, "2012-06-30": 0.4185, "2012-03-31": "0.95010", "2011-12-31": 1.1069, "2011-09-30": 0.9792, "2011-06-30": 0.4492, "2011-03-31": "-0.13470", "2010-12-31": 1.1206, "2010-09-30": 1.4119, "2010-06-30": 0.4013, "2010-03-31": "0.72450", "2009-12-31": 0.3308, "2009-09-30": 1.7352, "2009-06-30": 1.0543, "2009-03-31": "0.74980", "2008-12-31": 0.6945, "2008-09-30": 1.6392, "2008-06-30": 0.7875, "2008-03-31": "0.63570", "2007-12-31": 1.8374, "2007-09-30": 1.296, "2007-06-30": 0.6694, "2007-03-31": "0.56660", "2006-12-31": 1.5474, "2006-09-30": 1.6393, "2006-06-30": 0.8891, "2006-03-31": "0.67690", "2005-12-31": 0.6648, "2005-09-30": 0.9211, "2005-06-30": 0.4535, "2005-03-31": "0.22480"}, "Free Cash Flow Per Share": {"2020-09-30": 1.6828, "2020-06-30": 1.5166, "2020-03-31": "0.56450", "2019-12-31": 1.4811, "2019-09-30": 1.5357, "2019-06-30": -1.1011, "2019-03-31": "0.50120", "2018-12-31": 0.8132, "2018-09-30": 1.6922, "2018-06-30": 0.8382, "2018-03-31": "0.83010", "2017-12-31": 0.2416, "2017-09-30": 1.3277, "2017-06-30": -0.1196, "2017-03-31": "0.18250", "2016-12-31": 2.7383, "2016-09-30": 1.2066, "2016-06-30": 0.7621, "2016-03-31": "0.12990", "2015-12-31": 0.8264, "2015-09-30": 0.8908, "2015-06-30": 0.6558, "2015-03-31": "0.49020", "2014-12-31": 1.0654, "2014-09-30": 1.1195, "2014-06-30": 0.1278, "2014-03-31": "0.09680", "2013-12-31": 0.8766, "2013-09-30": 1.2752, "2013-06-30": 0.7027, "2013-03-31": "0.78810", "2012-12-31": 0.649, "2012-09-30": 1.0931, "2012-06-30": -0.1166, "2012-03-31": "0.52930", "2011-12-31": 0.6309, "2011-09-30": 0.5449, "2011-06-30": 0.0353, "2011-03-31": "-0.50740", "2010-12-31": 0.6828, "2010-09-30": 1.0029, "2010-06-30": 0.1052, "2010-03-31": "0.44450", "2009-12-31": 0.1189, "2009-09-30": 1.4853, "2009-06-30": 0.8292, "2009-03-31": "0.40580", "2008-12-31": 0.3789, "2008-09-30": 1.3584, "2008-06-30": 0.5037, "2008-03-31": "0.29680", "2007-12-31": 1.5023, "2007-09-30": 0.8052, "2007-06-30": 0.193, "2007-03-31": "0.20570", "2006-12-31": 1.1998, "2006-09-30": 1.3606, "2006-06-30": 0.5742, "2006-03-31": "0.40400", "2005-12-31": 0.2975, "2005-09-30": 0.5935, "2005-06-30": 0.1506, "2005-03-31": "-0.06320"}}, "revenue": {"Sonoco Products Annual Revenue (Millions of US $)": {"2019": "$5,374", "2018": "$5,391", "2017": "$5,037", "2016": "$4,783", "2015": "$4,964", "2014": "$5,017", "2013": "$4,862", "2012": "$4,814", "2011": "$4,499", "2010": "$4,124", "2009": "$3,597", "2008": "$4,122", "2007": "$4,040", "2006": "$3,657", "2005": "$3,529"}, "Sonoco Products Quarterly Revenue (Millions of US $)": {"2020-09-30": "$1,312", "2020-06-30": "$1,245", "2020-03-31": "$1,303", "2019-12-31": "$1,309", "2019-09-30": "$1,354", "2019-06-30": "$1,360", "2019-03-31": "$1,352", "2018-12-31": "$1,356", "2018-09-30": "$1,365", "2018-06-30": "$1,366", "2018-03-31": "$1,304", "2017-12-31": "$1,299", "2017-09-30": "$1,325", "2017-06-30": "$1,241", "2017-03-31": "$1,172", "2016-12-31": "$1,142", "2016-09-30": "$1,209", "2016-06-30": "$1,206", "2016-03-31": "$1,226", "2015-12-31": "$1,267", "2015-09-30": "$1,243", "2015-06-30": "$1,249", "2015-03-31": "$1,206", "2014-12-31": "$1,317", "2014-09-30": "$1,263", "2014-06-30": "$1,248", "2014-03-31": "$1,190", "2013-12-31": "$1,228", "2013-09-30": "$1,228", "2013-06-30": "$1,226", "2013-03-31": "$1,179", "2012-12-31": "$1,203", "2012-09-30": "$1,196", "2012-06-30": "$1,202", "2012-03-31": "$1,212", "2011-12-31": "$1,130", "2011-09-30": "$1,124", "2011-06-30": "$1,128", "2011-03-31": "$1,117", "2010-12-31": "$1,127", "2010-09-30": "$1,052", "2010-06-30": "$1,010", "2010-03-31": "$935", "2009-12-31": "$1,002", "2009-09-30": "$931", "2009-06-30": "$864", "2009-03-31": "$801", "2008-12-31": "$935", "2008-09-30": "$1,063", "2008-06-30": "$1,087", "2008-03-31": "$1,038", "2007-12-31": "$1,060", "2007-09-30": "$1,030", "2007-06-30": "$994", "2007-03-31": "$956", "2006-12-31": "$990", "2006-09-30": "$932", "2006-06-30": "$917", "2006-03-31": "$819", "2005-12-31": "$955", "2005-09-30": "$881", "2005-06-30": "$878", "2005-03-31": "$814"}}, "gross-profit": {"Sonoco Products Annual Gross Profit (Millions of US $)": {"2019": "$1,058", "2018": "$1,041", "2017": "$959", "2016": "$946", "2015": "$929", "2014": "$908", "2013": "$862", "2012": "$840", "2011": "$757", "2010": "$768", "2009": "$666", "2008": "$724", "2007": "$754", "2006": "$705", "2005": "$661"}, "Sonoco Products Quarterly Gross Profit (Millions of US $)": {"2020-09-30": "$257", "2020-06-30": "$248", "2020-03-31": "$267", "2019-12-31": "$247", "2019-09-30": "$265", "2019-06-30": "$275", "2019-03-31": "$270", "2018-12-31": "$254", "2018-09-30": "$260", "2018-06-30": "$276", "2018-03-31": "$251", "2017-12-31": "$244", "2017-09-30": "$253", "2017-06-30": "$238", "2017-03-31": "$223", "2016-12-31": "$224", "2016-09-30": "$235", "2016-06-30": "$242", "2016-03-31": "$245", "2015-12-31": "$239", "2015-09-30": "$229", "2015-06-30": "$240", "2015-03-31": "$220", "2014-12-31": "$247", "2014-09-30": "$222", "2014-06-30": "$229", "2014-03-31": "$210", "2013-12-31": "$209", "2013-09-30": "$224", "2013-06-30": "$223", "2013-03-31": "$206", "2012-12-31": "$200", "2012-09-30": "$206", "2012-06-30": "$217", "2012-03-31": "$217", "2011-12-31": "$185", "2011-09-30": "$187", "2011-06-30": "$191", "2011-03-31": "$194", "2010-12-31": "$200", "2010-09-30": "$200", "2010-06-30": "$193", "2010-03-31": "$176", "2009-12-31": "$194", "2009-09-30": "$173", "2009-06-30": "$158", "2009-03-31": "$141", "2008-12-31": "$158", "2008-09-30": "$185", "2008-06-30": "$195", "2008-03-31": "$186", "2007-12-31": "$191", "2007-09-30": "$187", "2007-06-30": "$190", "2007-03-31": "$185", "2006-12-31": "$193", "2006-09-30": "$182", "2006-06-30": "$174", "2006-03-31": "$156", "2005-12-31": "$188", "2005-09-30": "$163", "2005-06-30": "$161", "2005-03-31": "$148"}}, "operating-income": {"Sonoco Products Annual Operating Income (Millions of US $)": {"2019": "$467", "2018": "$438", "2017": "$412", "2016": "$400", "2015": "$383", "2014": "$378", "2013": "$349", "2012": "$343", "2011": "$322", "2010": "$338", "2009": "$253", "2008": "$250", "2007": "$308", "2006": "$320", "2005": "$275"}, "Sonoco Products Quarterly Operating Income (Millions of US $)": {"2020-09-30": "$107", "2020-06-30": "$104", "2020-03-31": "$130", "2019-12-31": "$82", "2019-09-30": "$139", "2019-06-30": "$130", "2019-03-31": "$117", "2018-12-31": "$94", "2018-09-30": "$102", "2018-06-30": "$132", "2018-03-31": "$110", "2017-12-31": "$90", "2017-09-30": "$123", "2017-06-30": "$105", "2017-03-31": "$94", "2016-12-31": "$102", "2016-09-30": "$105", "2016-06-30": "$92", "2016-03-31": "$102", "2015-12-31": "$80", "2015-09-30": "$79", "2015-06-30": "$99", "2015-03-31": "$124", "2014-12-31": "$89", "2014-09-30": "$106", "2014-06-30": "$99", "2014-03-31": "$84", "2013-12-31": "$76", "2013-09-30": "$100", "2013-06-30": "$92", "2013-03-31": "$81", "2012-12-31": "$79", "2012-09-30": "$96", "2012-06-30": "$89", "2012-03-31": "$79", "2011-12-31": "$66", "2011-09-30": "$85", "2011-06-30": "$82", "2011-03-31": "$90", "2010-12-31": "$87", "2010-09-30": "$85", "2010-06-30": "$90", "2010-03-31": "$76", "2009-12-31": "$76", "2009-09-30": "$75", "2009-06-30": "$57", "2009-03-31": "$45", "2008-12-31": "$54", "2008-09-30": "$86", "2008-06-30": "$83", "2008-03-31": "$27", "2007-12-31": "$79", "2007-09-30": "$73", "2007-06-30": "$67", "2007-03-31": "$89", "2006-12-31": "$73", "2006-09-30": "$92", "2006-06-30": "$83", "2006-03-31": "$72", "2005-12-31": "$76", "2005-09-30": "$74", "2005-06-30": "$63", "2005-03-31": "$62"}}, "ebitda": {"Sonoco Products Annual EBITDA (Millions of US $)": {"2019": "$706", "2018": "$674", "2017": "$630", "2016": "$606", "2015": "$596", "2014": "$577", "2013": "$547", "2012": "$543", "2011": "$502", "2010": "$508", "2009": "$426", "2008": "$433", "2007": "$489", "2006": "$485", "2005": "$438"}, "Sonoco Products Quarterly EBITDA (Millions of US $)": {"2020-09-30": "$170", "2020-06-30": "$166", "2020-03-31": "$191", "2019-12-31": "$148", "2019-09-30": "$195", "2019-06-30": "$188", "2019-03-31": "$176", "2018-12-31": "$153", "2018-09-30": "$158", "2018-06-30": "$194", "2018-03-31": "$168", "2017-12-31": "$149", "2017-09-30": "$179", "2017-06-30": "$160", "2017-03-31": "$143", "2016-12-31": "$150", "2016-09-30": "$156", "2016-06-30": "$144", "2016-03-31": "$155", "2015-12-31": "$136", "2015-09-30": "$133", "2015-06-30": "$151", "2015-03-31": "$176", "2014-12-31": "$143", "2014-09-30": "$155", "2014-06-30": "$147", "2014-03-31": "$131", "2013-12-31": "$128", "2013-09-30": "$148", "2013-06-30": "$143", "2013-03-31": "$129", "2012-12-31": "$130", "2012-09-30": "$144", "2012-06-30": "$138", "2012-03-31": "$130", "2011-12-31": "$114", "2011-09-30": "$129", "2011-06-30": "$126", "2011-03-31": "$134", "2010-12-31": "$133", "2010-09-30": "$128", "2010-06-30": "$131", "2010-03-31": "$116", "2009-12-31": "$121", "2009-09-30": "$119", "2009-06-30": "$100", "2009-03-31": "$86", "2008-12-31": "$98", "2008-09-30": "$132", "2008-06-30": "$130", "2008-03-31": "$73", "2007-12-31": "$127", "2007-09-30": "$121", "2007-06-30": "$110", "2007-03-31": "$131", "2006-12-31": "$116", "2006-09-30": "$136", "2006-06-30": "$122", "2006-03-31": "$111", "2005-12-31": "$118", "2005-09-30": "$114", "2005-06-30": "$104", "2005-03-31": "$101"}}, "net-income": {"Sonoco Products Annual Net Income (Millions of US $)": {"2019": "$292", "2018": "$314", "2017": "$175", "2016": "$286", "2015": "$250", "2014": "$226", "2013": "$210", "2012": "$195", "2011": "$218", "2010": "$201", "2009": "$151", "2008": "$165", "2007": "$214", "2006": "$195", "2005": "$162"}, "Sonoco Products Quarterly Net Income (Millions of US $)": {"2020-09-30": "$83", "2020-06-30": "$55", "2020-03-31": "$80", "2019-12-31": "$45", "2019-09-30": "$92", "2019-06-30": "$81", "2019-03-31": "$74", "2018-12-31": "$78", "2018-09-30": "$72", "2018-06-30": "$89", "2018-03-31": "$74", "2017-12-31": "$6", "2017-09-30": "$73", "2017-06-30": "$43", "2017-03-31": "$54", "2016-12-31": "$105", "2016-09-30": "$65", "2016-06-30": "$56", "2016-03-31": "$60", "2015-12-31": "$56", "2015-09-30": "$44", "2015-06-30": "$64", "2015-03-31": "$86", "2014-12-31": "$49", "2014-09-30": "$67", "2014-06-30": "$59", "2014-03-31": "$50", "2013-12-31": "$45", "2013-09-30": "$61", "2013-06-30": "$55", "2013-03-31": "$48", "2012-12-31": "$42", "2012-09-30": "$59", "2012-06-30": "$51", "2012-03-31": "$43", "2011-12-31": "$30", "2011-09-30": "$77", "2011-06-30": "$53", "2011-03-31": "$57", "2010-12-31": "$35", "2010-09-30": "$59", "2010-06-30": "$59", "2010-03-31": "$49", "2009-12-31": "$47", "2009-09-30": "$48", "2009-06-30": "$34", "2009-03-31": "$23", "2008-12-31": "$36", "2008-09-30": "$57", "2008-06-30": "$58", "2008-03-31": "$13", "2007-12-31": "$54", "2007-09-30": "$65", "2007-06-30": "$42", "2007-03-31": "$53", "2006-12-31": "$40", "2006-09-30": "$61", "2006-06-30": "$49", "2006-03-31": "$45", "2005-12-31": "$39", "2005-09-30": "$46", "2005-06-30": "$40", "2005-03-31": "$37"}}, "eps-earnings-per-share-diluted": {"Sonoco Products Annual EPS": {"2019": "$2.88", "2018": "$3.10", "2017": "$1.74", "2016": "$2.81", "2015": "$2.44", "2014": "$2.19", "2013": "$2.03", "2012": "$1.90", "2011": "$2.13", "2010": "$1.96", "2009": "$1.50", "2008": "$1.63", "2007": "$2.10", "2006": "$1.92", "2005": "$1.61"}, "Sonoco Products Quarterly EPS": {"2020-09-30": "$0.82", "2020-06-30": "$0.55", "2020-03-31": "$0.80", "2019-12-31": "$0.44", "2019-09-30": "$0.91", "2019-06-30": "$0.80", "2019-03-31": "$0.73", "2018-12-31": "$0.77", "2018-09-30": "$0.72", "2018-06-30": "$0.88", "2018-03-31": "$0.73", "2017-12-31": "$0.06", "2017-09-30": "$0.72", "2017-06-30": "$0.43", "2017-03-31": "$0.53", "2016-12-31": "$1.03", "2016-09-30": "$0.64", "2016-06-30": "$0.55", "2016-03-31": "$0.59", "2015-12-31": "$0.54", "2015-09-30": "$0.43", "2015-06-30": "$0.63", "2015-03-31": "$0.84", "2014-12-31": "$0.48", "2014-09-30": "$0.65", "2014-06-30": "$0.57", "2014-03-31": "$0.49", "2013-12-31": "$0.44", "2013-09-30": "$0.59", "2013-06-30": "$0.53", "2013-03-31": "$0.47", "2012-12-31": "$0.41", "2012-09-30": "$0.57", "2012-06-30": "$0.50", "2012-03-31": "$0.42", "2011-12-31": "$0.29", "2011-09-30": "$0.76", "2011-06-30": "$0.52", "2011-03-31": "$0.56", "2010-12-31": "$0.33", "2010-09-30": "$0.57", "2010-06-30": "$0.58", "2010-03-31": "$0.48", "2009-12-31": "$0.47", "2009-09-30": "$0.47", "2009-06-30": "$0.33", "2009-03-31": "$0.23", "2008-12-31": "$0.36", "2008-09-30": "$0.57", "2008-06-30": "$0.57", "2008-03-31": "$0.13", "2007-12-31": "$0.54", "2007-09-30": "$0.63", "2007-06-30": "$0.41", "2007-03-31": "$0.52", "2006-12-31": "$0.39", "2006-09-30": "$0.60", "2006-06-30": "$0.49", "2006-03-31": "$0.44", "2005-12-31": "$0.38", "2005-09-30": "$0.46", "2005-06-30": "$0.40", "2005-03-31": "$0.37"}}, "shares-outstanding": {"Sonoco Products Annual Shares Outstanding (Millions of Shares)": {"2019": "101", "2018": "101", "2017": "101", "2016": "102", "2015": "102", "2014": "103", "2013": "103", "2012": "103", "2011": "102", "2010": "103", "2009": "101", "2008": "101", "2007": "102", "2006": "102", "2005": "100"}, "Sonoco Products Quarterly Shares Outstanding (Millions of Shares)": {"2020-09-30": "101", "2020-06-30": "101", "2020-03-31": "101", "2019-12-31": "101", "2019-09-30": "101", "2019-06-30": "101", "2019-03-31": "101", "2018-12-31": "101", "2018-09-30": "101", "2018-06-30": "101", "2018-03-31": "101", "2017-12-31": "101", "2017-09-30": "101", "2017-06-30": "101", "2017-03-31": "101", "2016-12-31": "102", "2016-09-30": "102", "2016-06-30": "102", "2016-03-31": "102", "2015-12-31": "102", "2015-09-30": "102", "2015-06-30": "102", "2015-03-31": "102", "2014-12-31": "103", "2014-09-30": "103", "2014-06-30": "103", "2014-03-31": "104", "2013-12-31": "103", "2013-09-30": "104", "2013-06-30": "103", "2013-03-31": "103", "2012-12-31": "103", "2012-09-30": "103", "2012-06-30": "103", "2012-03-31": "103", "2011-12-31": "102", "2011-09-30": "102", "2011-06-30": "102", "2011-03-31": "103", "2010-12-31": "103", "2010-09-30": "103", "2010-06-30": "102", "2010-03-31": "102", "2009-12-31": "101", "2009-09-30": "101", "2009-06-30": "101", "2009-03-31": "101", "2008-12-31": "101", "2008-09-30": "101", "2008-06-30": "101", "2008-03-31": "101", "2007-12-31": "102", "2007-09-30": "102", "2007-06-30": "103", "2007-03-31": "102", "2006-12-31": "102", "2006-09-30": "101", "2006-06-30": "101", "2006-03-31": "102", "2005-12-31": "100", "2005-09-30": "100", "2005-06-30": "101", "2005-03-31": "100"}}, "total-assets": {"Sonoco Products Annual Total Assets (Millions of US $)": {"2019": "$5,126", "2018": "$4,583", "2017": "$4,558", "2016": "$3,923", "2015": "$4,014", "2014": "$4,194", "2013": "$3,975", "2012": "$4,176", "2011": "$3,993", "2010": "$3,281", "2009": "$3,063", "2008": "$3,086", "2007": "$3,340", "2006": "$2,917", "2005": "$2,982"}, "Sonoco Products Quarterly Total Assets (Millions of US $)": {"2020-09-30": "$5,767", "2020-06-30": "$5,739", "2020-03-31": "$5,012", "2019-12-31": "$5,126", "2019-09-30": "$4,986", "2019-06-30": "$4,946", "2019-03-31": "$4,942", "2018-12-31": "$4,583", "2018-09-30": "$4,659", "2018-06-30": "$4,623", "2018-03-31": "$4,653", "2017-12-31": "$4,558", "2017-09-30": "$4,570", "2017-06-30": "$4,293", "2017-03-31": "$4,190", "2016-12-31": "$3,923", "2016-09-30": "$4,045", "2016-06-30": "$3,965", "2016-03-31": "$4,048", "2015-12-31": "$4,014", "2015-09-30": "$4,114", "2015-06-30": "$4,205", "2015-03-31": "$4,136", "2014-12-31": "$4,194", "2014-09-30": "$4,013", "2014-06-30": "$4,039", "2014-03-31": "$3,980", "2013-12-31": "$3,975", "2013-09-30": "$4,089", "2013-06-30": "$3,957", "2013-03-31": "$3,949", "2012-12-31": "$4,176", "2012-09-30": "$4,056", "2012-06-30": "$4,025", "2012-03-31": "$4,032", "2011-12-31": "$3,993", "2011-09-30": "$3,350", "2011-06-30": "$3,394", "2011-03-31": "$3,397", "2010-12-31": "$3,281", "2010-09-30": "$3,303", "2010-06-30": "$3,128", "2010-03-31": "$3,123", "2009-12-31": "$3,063", "2009-09-30": "$3,155", "2009-06-30": "$3,037", "2009-03-31": "$2,979", "2008-12-31": "$3,086", "2008-09-30": "$3,326", "2008-06-30": "$3,402", "2008-03-31": "$3,347", "2007-12-31": "$3,340", "2007-09-30": "$3,361", "2007-06-30": "$3,274", "2007-03-31": "$2,967", "2006-12-31": "$2,917", "2006-09-30": "$3,079", "2006-06-30": "$3,021", "2006-03-31": "$3,016", "2005-12-31": "$2,982", "2005-09-30": "$3,091", "2005-06-30": "$3,057", "2005-03-31": "$3,064"}}, "cash-on-hand": {"Sonoco Products Annual Cash on Hand (Millions of US $)": {"2019": "$145", "2018": "$120", "2017": "$255", "2016": "$257", "2015": "$182", "2014": "$161", "2013": "$218", "2012": "$373", "2011": "$176", "2010": "$158", "2009": "$185", "2008": "$102", "2007": "$71", "2006": "$86", "2005": "$60"}, "Sonoco Products Quarterly Cash on Hand (Millions of US $)": {"2020-09-30": "$783", "2020-06-30": "$857", "2020-03-31": "$123", "2019-12-31": "$145", "2019-09-30": "$116", "2019-06-30": "$96", "2019-03-31": "$124", "2018-12-31": "$120", "2018-09-30": "$250", "2018-06-30": "$198", "2018-03-31": "$305", "2017-12-31": "$255", "2017-09-30": "$248", "2017-06-30": "$208", "2017-03-31": "$213", "2016-12-31": "$257", "2016-09-30": "$159", "2016-06-30": "$108", "2016-03-31": "$152", "2015-12-31": "$182", "2015-09-30": "$193", "2015-06-30": "$218", "2015-03-31": "$201", "2014-12-31": "$161", "2014-09-30": "$232", "2014-06-30": "$200", "2014-03-31": "$191", "2013-12-31": "$218", "2013-09-30": "$288", "2013-06-30": "$179", "2013-03-31": "$163", "2012-12-31": "$373", "2012-09-30": "$201", "2012-06-30": "$196", "2012-03-31": "$176", "2011-12-31": "$176", "2011-09-30": "$146", "2011-06-30": "$134", "2011-03-31": "$185", "2010-12-31": "$158", "2010-09-30": "$169", "2010-06-30": "$167", "2010-03-31": "$188", "2009-12-31": "$185", "2009-09-30": "$194", "2009-06-30": "$111", "2009-03-31": "$79", "2008-12-31": "$102", "2008-09-30": "$147", "2008-06-30": "$81", "2008-03-31": "$74", "2007-12-31": "$71", "2007-09-30": "$81", "2007-06-30": "$78", "2007-03-31": "$82", "2006-12-31": "$86", "2006-09-30": "$118", "2006-06-30": "$61", "2006-03-31": "$66", "2005-12-31": "$60", "2005-09-30": "$141", "2005-06-30": "$123", "2005-03-31": "$127"}}, "long-term-debt": {"Sonoco Products Annual Long Term Debt (Millions of US $)": {"2019": "$1,193", "2018": "$1,190", "2017": "$1,288", "2016": "$1,021", "2015": "$1,015", "2014": "$1,201", "2013": "$946", "2012": "$1,099", "2011": "$1,233", "2010": "$604", "2009": "$463", "2008": "$657", "2007": "$804", "2006": "$712", "2005": "$657"}, "Sonoco Products Quarterly Long Term Debt (Millions of US $)": {"2020-09-30": "$1,627", "2020-06-30": "$1,619", "2020-03-31": "$1,188", "2019-12-31": "$1,193", "2019-09-30": "$1,180", "2019-06-30": "$1,188", "2019-03-31": "$1,189", "2018-12-31": "$1,190", "2018-09-30": "$1,313", "2018-06-30": "$1,274", "2018-03-31": "$1,289", "2017-12-31": "$1,288", "2017-09-30": "$1,300", "2017-06-30": "$1,191", "2017-03-31": "$1,177", "2016-12-31": "$1,021", "2016-09-30": "$1,030", "2016-06-30": "$1,030", "2016-03-31": "$1,016", "2015-12-31": "$1,015", "2015-09-30": "$1,073", "2015-06-30": "$1,125", "2015-03-31": "$1,201", "2014-12-31": "$1,201", "2014-09-30": "$946", "2014-06-30": "$947", "2014-03-31": "$947", "2013-12-31": "$946", "2013-09-30": "$948", "2013-06-30": "$948", "2013-03-31": "$948", "2012-12-31": "$1,099", "2012-09-30": "$1,204", "2012-06-30": "$1,276", "2012-03-31": "$1,212", "2011-12-31": "$1,233", "2011-09-30": "$717", "2011-06-30": "$717", "2011-03-31": "$745", "2010-12-31": "$604", "2010-09-30": "$514", "2010-06-30": "$468", "2010-03-31": "$465", "2009-12-31": "$463", "2009-09-30": "$562", "2009-06-30": "$618", "2009-03-31": "$635", "2008-12-31": "$657", "2008-09-30": "$747", "2008-06-30": "$783", "2008-03-31": "$796", "2007-12-31": "$804", "2007-09-30": "$916", "2007-06-30": "$926", "2007-03-31": "$755", "2006-12-31": "$712", "2006-09-30": "$626", "2006-06-30": "$675", "2006-03-31": "$686", "2005-12-31": "$657", "2005-09-30": "$790", "2005-06-30": "$815", "2005-03-31": "$807"}}, "total-liabilities": {"Sonoco Products Annual Total Liabilities (Millions of US $)": {"2019": "$3,311", "2018": "$2,811", "2017": "$2,828", "2016": "$2,368", "2015": "$2,481", "2014": "$2,690", "2013": "$2,268", "2012": "$2,673", "2011": "$2,567", "2010": "$1,773", "2009": "$1,682", "2008": "$1,912", "2007": "$1,899", "2006": "$1,698", "2005": "$1,718"}, "Sonoco Products Quarterly Total Liabilities (Millions of US $)": {"2020-09-30": "$3,886", "2020-06-30": "$3,931", "2020-03-31": "$3,257", "2019-12-31": "$3,311", "2019-09-30": "$3,132", "2019-06-30": "$3,092", "2019-03-31": "$3,140", "2018-12-31": "$2,811", "2018-09-30": "$2,826", "2018-06-30": "$2,833", "2018-03-31": "$2,857", "2017-12-31": "$2,828", "2017-09-30": "$2,811", "2017-06-30": "$2,611", "2017-03-31": "$2,582", "2016-12-31": "$2,368", "2016-09-30": "$2,455", "2016-06-30": "$2,389", "2016-03-31": "$2,463", "2015-12-31": "$2,481", "2015-09-30": "$2,614", "2015-06-30": "$2,662", "2015-03-31": "$2,636", "2014-12-31": "$2,690", "2014-09-30": "$2,277", "2014-06-30": "$2,281", "2014-03-31": "$2,239", "2013-12-31": "$2,268", "2013-09-30": "$2,495", "2013-06-30": "$2,423", "2013-03-31": "$2,430", "2012-12-31": "$2,673", "2012-09-30": "$2,521", "2012-06-30": "$2,559", "2012-03-31": "$2,553", "2011-12-31": "$2,567", "2011-09-30": "$1,803", "2011-06-30": "$1,791", "2011-03-31": "$1,845", "2010-12-31": "$1,773", "2010-09-30": "$1,802", "2010-06-30": "$1,709", "2010-03-31": "$1,723", "2009-12-31": "$1,682", "2009-09-30": "$1,836", "2009-06-30": "$1,795", "2009-03-31": "$1,805", "2008-12-31": "$1,912", "2008-09-30": "$1,852", "2008-06-30": "$1,897", "2008-03-31": "$1,894", "2007-12-31": "$1,899", "2007-09-30": "$2,028", "2007-06-30": "$1,968", "2007-03-31": "$1,744", "2006-12-31": "$1,698", "2006-09-30": "$1,742", "2006-06-30": "$1,743", "2006-03-31": "$1,765", "2005-12-31": "$1,718", "2005-09-30": "$1,854", "2005-06-30": "$1,869", "2005-03-31": "$1,887"}}, "total-share-holder-equity": {"Sonoco Products Annual Share Holder Equity (Millions of US $)": {"2019": "$1,816", "2018": "$1,772", "2017": "$1,730", "2016": "$1,555", "2015": "$1,533", "2014": "$1,504", "2013": "$1,706", "2012": "$1,503", "2011": "$1,425", "2010": "$1,508", "2009": "$1,381", "2008": "$1,175", "2007": "$1,442", "2006": "$1,219", "2005": "$1,263"}, "Sonoco Products Quarterly Share Holder Equity (Millions of US $)": {"2020-09-30": "$1,881", "2020-06-30": "$1,808", "2020-03-31": "$1,755", "2019-12-31": "$1,816", "2019-09-30": "$1,854", "2019-06-30": "$1,854", "2019-03-31": "$1,801", "2018-12-31": "$1,772", "2018-09-30": "$1,833", "2018-06-30": "$1,790", "2018-03-31": "$1,796", "2017-12-31": "$1,730", "2017-09-30": "$1,759", "2017-06-30": "$1,682", "2017-03-31": "$1,609", "2016-12-31": "$1,555", "2016-09-30": "$1,590", "2016-06-30": "$1,576", "2016-03-31": "$1,585", "2015-12-31": "$1,533", "2015-09-30": "$1,499", "2015-06-30": "$1,543", "2015-03-31": "$1,500", "2014-12-31": "$1,504", "2014-09-30": "$1,736", "2014-06-30": "$1,757", "2014-03-31": "$1,741", "2013-12-31": "$1,706", "2013-09-30": "$1,594", "2013-06-30": "$1,534", "2013-03-31": "$1,519", "2012-12-31": "$1,503", "2012-09-30": "$1,536", "2012-06-30": "$1,466", "2012-03-31": "$1,480", "2011-12-31": "$1,425", "2011-09-30": "$1,547", "2011-06-30": "$1,602", "2011-03-31": "$1,552", "2010-12-31": "$1,508", "2010-09-30": "$1,501", "2010-06-30": "$1,419", "2010-03-31": "$1,400", "2009-12-31": "$1,381", "2009-09-30": "$1,319", "2009-06-30": "$1,243", "2009-03-31": "$1,174", "2008-12-31": "$1,175", "2008-09-30": "$1,474", "2008-06-30": "$1,504", "2008-03-31": "$1,453", "2007-12-31": "$1,442", "2007-09-30": "$1,333", "2007-06-30": "$1,306", "2007-03-31": "$1,223", "2006-12-31": "$1,219", "2006-09-30": "$1,338", "2006-06-30": "$1,278", "2006-03-31": "$1,251", "2005-12-31": "$1,263", "2005-09-30": "$1,236", "2005-06-30": "$1,188", "2005-03-31": "$1,177"}}, "profit-margins": {"current": "5.11%"}, "gross margin": {"2020-09-30": "19.71%", "2020-06-30": "19.71%", "2020-03-31": "19.79%", "2019-12-31": "19.67%", "2019-09-30": "19.62%", "2019-06-30": "19.49%", "2019-03-31": "19.49%", "2018-12-31": "19.31%", "2018-09-30": "19.33%", "2018-06-30": "19.34%", "2018-03-31": "19.08%", "2017-12-31": "19.02%", "2017-09-30": "19.22%", "2017-06-30": "19.31%", "2017-03-31": "19.54%", "2016-12-31": "19.78%", "2016-09-30": "19.58%", "2016-06-30": "19.32%", "2016-03-31": "19.12%", "2015-12-31": "18.69%", "2015-09-30": "18.66%", "2015-06-30": "18.45%", "2015-03-31": "18.24%", "2014-12-31": "18.09%", "2014-09-30": "17.65%", "2014-06-30": "17.82%", "2014-03-31": "17.78%", "2013-12-31": "17.73%", "2013-09-30": "17.64%", "2013-06-30": "17.38%", "2013-03-31": "17.34%", "2012-12-31": "17.45%", "2012-09-30": "17.41%", "2012-06-30": "17.27%", "2012-03-31": "16.98%", "2011-12-31": "16.83%", "2011-09-30": "17.17%", "2011-06-30": "17.74%", "2011-03-31": "18.28%", "2010-12-31": "18.65%", "2010-09-30": "19.08%", "2010-06-30": "18.98%", "2010-03-31": "18.78%", "2009-12-31": "18.51%", "2009-09-30": "17.84%", "2009-06-30": "17.53%", "2009-03-31": "17.47%", "2008-12-31": "17.56%", "2008-09-30": "17.82%", "2008-06-30": "18.01%", "2008-03-31": "18.29%", "2007-12-31": "18.64%", "2007-09-30": "19.02%", "2007-06-30": "19.37%", "2007-03-31": "19.34%", "2006-12-31": "19.27%", "2006-09-30": "19.32%", "2006-06-30": "19.06%", "2006-03-31": "18.91%", "2005-12-31": "18.71%"}, "operating margin": {"2020-09-30": "8.18%", "2020-06-30": "8.73%", "2020-03-31": "9.03%", "2019-12-31": "8.71%", "2019-09-30": "8.85%", "2019-06-30": "8.15%", "2019-03-31": "8.18%", "2018-12-31": "8.12%", "2018-09-30": "8.14%", "2018-06-30": "8.59%", "2018-03-31": "8.28%", "2017-12-31": "8.18%", "2017-09-30": "8.69%", "2017-06-30": "8.52%", "2017-03-31": "8.31%", "2016-12-31": "8.38%", "2016-09-30": "7.72%", "2016-06-30": "7.14%", "2016-03-31": "7.22%", "2015-12-31": "7.69%", "2015-09-30": "7.80%", "2015-06-30": "8.30%", "2015-03-31": "8.30%", "2014-12-31": "7.53%", "2014-09-30": "7.41%", "2014-06-30": "7.34%", "2014-03-31": "7.22%", "2013-12-31": "7.18%", "2013-09-30": "7.28%", "2013-06-30": "7.24%", "2013-03-31": "7.22%", "2012-12-31": "7.13%", "2012-09-30": "6.96%", "2012-06-30": "6.83%", "2012-03-31": "6.79%", "2011-12-31": "7.18%", "2011-09-30": "7.65%", "2011-06-30": "7.78%", "2011-03-31": "8.17%", "2010-12-31": "8.20%", "2010-09-30": "8.18%", "2010-06-30": "8.17%", "2010-03-31": "7.61%", "2009-12-31": "7.03%", "2009-09-30": "6.54%", "2009-06-30": "6.61%", "2009-03-31": "6.90%", "2008-12-31": "6.06%", "2008-09-30": "6.47%", "2008-06-30": "6.22%", "2008-03-31": "5.97%", "2007-12-31": "7.62%", "2007-09-30": "7.61%", "2007-06-30": "8.29%", "2007-03-31": "8.88%", "2006-12-31": "8.75%", "2006-09-30": "8.92%", "2006-06-30": "8.54%", "2006-03-31": "8.07%", "2005-12-31": "7.79%"}, "ebitda margin": {"2020-09-30": "13.06%", "2020-06-30": "13.43%", "2020-03-31": "13.56%", "2019-12-31": "13.15%", "2019-09-30": "13.13%", "2019-06-30": "12.42%", "2019-03-31": "12.52%", "2018-12-31": "12.48%", "2018-09-30": "12.54%", "2018-06-30": "13.03%", "2018-03-31": "12.69%", "2017-12-31": "12.53%", "2017-09-30": "12.95%", "2017-06-30": "12.78%", "2017-03-31": "12.54%", "2016-12-31": "12.65%", "2016-09-30": "12.04%", "2016-06-30": "11.49%", "2016-03-31": "11.53%", "2015-12-31": "12.00%", "2015-09-30": "12.02%", "2015-06-30": "12.41%", "2015-03-31": "12.34%", "2014-12-31": "11.48%", "2014-09-30": "11.38%", "2014-06-30": "11.32%", "2014-03-31": "11.29%", "2013-12-31": "11.27%", "2013-09-30": "11.37%", "2013-06-30": "11.37%", "2013-03-31": "11.32%", "2012-12-31": "11.26%", "2012-09-30": "11.10%", "2012-06-30": "10.95%", "2012-03-31": "10.86%", "2011-12-31": "11.18%", "2011-09-30": "11.59%", "2011-06-30": "11.75%", "2011-03-31": "12.19%", "2010-12-31": "12.29%", "2010-09-30": "12.40%", "2010-06-30": "12.56%", "2010-03-31": "12.22%", "2009-12-31": "11.84%", "2009-09-30": "11.41%", "2009-06-30": "11.36%", "2009-03-31": "11.48%", "2008-12-31": "10.50%", "2008-09-30": "10.88%", "2008-06-30": "10.70%", "2008-03-31": "10.46%", "2007-12-31": "12.10%", "2007-09-30": "12.04%", "2007-06-30": "12.73%", "2007-03-31": "13.31%", "2006-12-31": "13.26%", "2006-09-30": "13.44%", "2006-06-30": "13.02%", "2006-03-31": "12.65%", "2005-12-31": "12.39%"}, "pre tax profit margin": {"2020-09-30": "6.27%", "2020-06-30": "6.91%", "2020-03-31": "7.34%", "2019-12-31": "7.07%", "2019-09-30": "7.34%", "2019-06-30": "6.77%", "2019-03-31": "6.91%", "2018-12-31": "7.01%", "2018-09-30": "6.97%", "2018-06-30": "7.39%", "2018-03-31": "6.44%", "2017-12-31": "6.23%", "2017-09-30": "8.69%", "2017-06-30": "8.61%", "2017-03-31": "9.11%", "2016-12-31": "9.22%", "2016-09-30": "6.62%", "2016-06-30": "6.05%", "2016-03-31": "6.12%", "2015-12-31": "6.61%", "2015-09-30": "6.74%", "2015-06-30": "7.25%", "2015-03-31": "7.27%", "2014-12-31": "6.50%", "2014-09-30": "6.33%", "2014-06-30": "6.23%", "2014-03-31": "6.10%", "2013-12-31": "6.03%", "2013-09-30": "6.12%", "2013-06-30": "6.06%", "2013-03-31": "5.98%", "2012-12-31": "5.86%", "2012-09-30": "5.70%", "2012-06-30": "5.68%", "2012-03-31": "5.79%", "2011-12-31": "6.31%", "2011-09-30": "5.78%", "2011-06-30": "5.88%", "2011-03-31": "6.22%", "2010-12-31": "6.16%", "2010-09-30": "7.28%", "2010-06-30": "7.22%", "2010-03-31": "6.56%", "2009-12-31": "5.92%", "2009-09-30": "5.35%", "2009-06-30": "5.46%", "2009-03-31": "5.76%", "2008-12-31": "4.90%", "2008-09-30": "5.30%", "2008-06-30": "4.93%", "2008-03-31": "4.63%", "2007-12-31": "6.31%", "2007-09-30": "6.35%", "2007-06-30": "7.08%", "2007-03-31": "7.64%", "2006-12-31": "7.52%", "2006-09-30": "7.65%", "2006-06-30": "7.22%", "2006-03-31": "6.79%", "2005-12-31": "6.55%"}, "net profit margin": {"2020-09-30": "5.09%", "2020-06-30": "5.22%", "2020-03-31": "5.60%", "2019-12-31": "5.43%", "2019-09-30": "5.99%", "2019-06-30": "5.61%", "2019-03-31": "5.75%", "2018-12-31": "5.81%", "2018-09-30": "4.52%", "2018-06-30": "4.57%", "2018-03-31": "3.79%", "2017-12-31": "3.49%", "2017-09-30": "5.64%", "2017-06-30": "5.60%", "2017-03-31": "5.92%", "2016-12-31": "5.98%", "2016-09-30": "4.83%", "2016-06-30": "4.37%", "2016-03-31": "4.49%", "2015-12-31": "5.04%", "2015-09-30": "4.85%", "2015-06-30": "5.28%", "2015-03-31": "5.18%", "2014-12-31": "4.48%", "2014-09-30": "4.48%", "2014-06-30": "4.39%", "2014-03-31": "4.33%", "2013-12-31": "4.30%", "2013-09-30": "4.26%", "2013-06-30": "4.25%", "2013-03-31": "4.18%", "2012-12-31": "4.05%", "2012-09-30": "3.86%", "2012-06-30": "4.31%", "2012-03-31": "4.42%", "2011-12-31": "4.82%", "2011-09-30": "4.94%", "2011-06-30": "4.61%", "2011-03-31": "4.88%", "2010-12-31": "4.90%", "2010-09-30": "5.35%", "2010-06-30": "5.23%", "2010-03-31": "4.77%", "2009-12-31": "4.22%", "2009-09-30": "3.99%", "2009-06-30": "4.10%", "2009-03-31": "4.48%", "2008-12-31": "3.98%", "2008-09-30": "4.28%", "2008-06-30": "4.51%", "2008-03-31": "4.22%", "2007-12-31": "5.30%", "2007-09-30": "5.04%", "2007-06-30": "5.06%", "2007-03-31": "5.35%", "2006-12-31": "5.33%", "2006-09-30": "5.35%", "2006-06-30": "5.01%", "2006-03-31": "4.81%", "2005-12-31": "4.59%"}, "pe ratio": {"current": "17.91", "2021-02-05": "23.00", "2020-09-30": "19.49", "2020-06-30": "19.13", "2020-03-31": "15.38", "2019-12-31": "20.80", "2019-09-30": "17.41", "2019-06-30": "20.63", "2019-03-31": "18.79", "2018-12-31": "16.11", "2018-09-30": "21.68", "2018-06-30": "20.35", "2018-03-31": "22.98", "2017-12-31": "27.85", "2017-09-30": "16.79", "2017-06-30": "17.49", "2017-03-31": "17.09", "2016-12-31": "16.54", "2016-09-30": "19.92", "2016-06-30": "20.43", "2016-03-31": "19.11", "2015-12-31": "14.20", "2015-09-30": "13.11", "2015-06-30": "13.35", "2015-03-31": "14.26", "2014-12-31": "15.74", "2014-09-30": "14.04", "2014-06-30": "16.28", "2014-03-31": "15.51", "2013-12-31": "15.87", "2013-09-30": "15.51", "2013-06-30": "13.80", "2013-03-31": "14.05", "2012-12-31": "12.14", "2012-09-30": "13.44", "2012-06-30": "11.70", "2012-03-31": "12.63", "2011-12-31": "11.61", "2011-09-30": "9.67", "2011-06-30": "13.22", "2011-03-31": "12.97", "2010-12-31": "12.45", "2010-09-30": "11.49", "2010-06-30": "10.91", "2010-03-31": "12.50", "2009-12-31": "13.74", "2009-09-30": "13.73", "2009-06-30": "11.02", "2009-03-31": "8.22", "2008-12-31": "9.49", "2008-09-30": "10.82", "2008-06-30": "10.83", "2008-03-31": "10.87", "2007-12-31": "10.01", "2007-09-30": "9.87", "2007-06-30": "14.11", "2007-03-31": "11.82", "2006-12-31": "12.39"}, "price sales": {"2021-02-05": "1.17", "2020-09-30": "0.99", "2020-06-30": "1.00", "2020-03-31": "0.86", "2019-12-31": "1.12", "2019-09-30": "1.04", "2019-06-30": "1.16", "2019-03-31": "1.08", "2018-12-31": "0.94", "2018-09-30": "0.98", "2018-06-30": "0.93", "2018-03-31": "0.87", "2017-12-31": "0.97", "2017-09-30": "0.95", "2017-06-30": "0.98", "2017-03-31": "1.01", "2016-12-31": "0.99", "2016-09-30": "0.97", "2016-06-30": "0.90", "2016-03-31": "0.86", "2015-12-31": "0.72", "2015-09-30": "0.66", "2015-06-30": "0.74", "2015-03-31": "0.78", "2014-12-31": "0.75", "2014-09-30": "0.68", "2014-06-30": "0.76", "2014-03-31": "0.71", "2013-12-31": "0.71", "2013-09-30": "0.66", "2013-06-30": "0.59", "2013-03-31": "0.59", "2012-12-31": "0.49", "2012-09-30": "0.52", "2012-06-30": "0.51", "2012-03-31": "0.56", "2011-12-31": "0.56", "2011-09-30": "0.48", "2011-06-30": "0.61", "2011-03-31": "0.63", "2010-12-31": "0.61", "2010-09-30": "0.61", "2010-06-30": "0.57", "2010-03-31": "0.59", "2009-12-31": "0.57", "2009-09-30": "0.55", "2009-06-30": "0.45", "2009-03-31": "0.37", "2008-12-31": "0.38", "2008-09-30": "0.47", "2008-06-30": "0.49", "2008-03-31": "0.46", "2007-12-31": "0.53", "2007-09-30": "0.49", "2007-06-30": "0.71", "2007-03-31": "0.63", "2006-12-31": "0.66"}, "price book": {"current": "3.19", "2021-02-05": "3.19", "2020-09-30": "2.70", "2020-06-30": "2.86", "2020-03-31": "2.58", "2019-12-31": "3.29", "2019-09-30": "3.02", "2019-06-30": "3.36", "2019-03-31": "3.24", "2018-12-31": "2.81", "2018-09-30": "2.82", "2018-06-30": "2.71", "2018-03-31": "2.47", "2017-12-31": "2.78", "2017-09-30": "2.58", "2017-06-30": "2.73", "2017-03-31": "2.91", "2016-12-31": "2.98", "2016-09-30": "2.92", "2016-06-30": "2.76", "2016-03-31": "2.67", "2015-12-31": "2.31", "2015-09-30": "2.16", "2015-06-30": "2.37", "2015-03-31": "2.56", "2014-12-31": "2.43", "2014-09-30": "1.89", "2014-06-30": "2.08", "2014-03-31": "1.96", "2013-12-31": "2.02", "2013-09-30": "1.98", "2013-06-30": "1.81", "2013-03-31": "1.83", "2012-12-31": "1.56", "2012-09-30": "1.57", "2012-06-30": "1.58", "2012-03-31": "1.71", "2011-12-31": "1.74", "2011-09-30": "1.36", "2011-06-30": "1.63", "2011-03-31": "1.70", "2010-12-31": "1.63", "2010-09-30": "1.61", "2010-06-30": "1.54", "2010-03-31": "1.56", "2009-12-31": "1.48", "2009-09-30": "1.45", "2009-06-30": "1.32", "2009-03-31": "1.21", "2008-12-31": "1.31", "2008-09-30": "1.33", "2008-06-30": "1.34", "2008-03-31": "1.27", "2007-12-31": "1.45", "2007-09-30": "1.44", "2007-06-30": "2.09", "2007-03-31": "1.93", "2006-12-31": "1.96", "2006-09-30": "1.56", "2006-06-30": "1.51", "2006-03-31": "1.64"}, "price fcf": {"2021-02-05": "", "2020-09-30": "$5.25", "2020-06-30": "$5.10", "2020-03-31": "$2.48", "2019-12-31": "$2.42", "2019-09-30": "$1.75", "2019-06-30": "$1.91", "2019-03-31": "$3.84", "2018-12-31": "$4.17", "2018-09-30": "$3.60", "2018-06-30": "$3.24", "2018-03-31": "$2.28", "2017-12-31": "$1.63", "2017-09-30": "$4.13", "2017-06-30": "$4.01", "2017-03-31": "$4.89", "2016-12-31": "$4.84", "2016-09-30": "$2.93", "2016-06-30": "$2.61", "2016-03-31": "$2.50", "2015-12-31": "$2.86", "2015-09-30": "$3.10", "2015-06-30": "$3.33", "2015-03-31": "$2.80", "2014-12-31": "$2.41", "2014-09-30": "$2.22", "2014-06-30": "$2.38", "2014-03-31": "$2.95", "2013-12-31": "$3.64", "2013-09-30": "$3.42", "2013-06-30": "$3.23", "2013-03-31": "$2.41", "2012-12-31": "$2.15", "2012-09-30": "$2.14", "2012-06-30": "$1.59", "2012-03-31": "$1.74", "2011-12-31": "$0.70", "2011-09-30": "$0.76", "2011-06-30": "$1.21", "2011-03-31": "$1.28", "2010-12-31": "$2.24", "2010-09-30": "$1.67", "2010-06-30": "$2.15", "2010-03-31": "$2.88", "2009-12-31": "$2.84", "2009-09-30": "$3.10", "2009-06-30": "$2.97", "2009-03-31": "$2.65", "2008-12-31": "$2.54", "2008-09-30": "$3.66", "2008-06-30": "$3.11", "2008-03-31": "$2.80", "2007-12-31": "$2.71", "2007-09-30": "$2.40", "2007-06-30": "$2.96", "2007-03-31": "$3.34", "2006-12-31": "$3.54"}, "net worth": {"value": "$6.01B"}, "current ratio": {"current": "1.52", "2020-09-30": "1.52", "2020-06-30": "1.42", "2020-03-31": "1.11", "2019-12-31": "1.08", "2019-09-30": "1.20", "2019-06-30": "1.24", "2019-03-31": "1.36", "2018-12-31": "1.40", "2018-09-30": "1.66", "2018-06-30": "1.53", "2018-03-31": "1.61", "2017-12-31": "1.56", "2017-09-30": "1.59", "2017-06-30": "1.62", "2017-03-31": "1.58", "2016-12-31": "1.68", "2016-09-30": "1.67", "2016-06-30": "1.54", "2016-03-31": "1.44", "2015-12-31": "1.42", "2015-09-30": "1.44", "2015-06-30": "1.49", "2015-03-31": "1.62", "2014-12-31": "1.51", "2014-09-30": "1.58", "2014-06-30": "1.56", "2014-03-31": "1.58", "2013-12-31": "1.57", "2013-09-30": "1.41", "2013-06-30": "1.39", "2013-03-31": "1.34", "2012-12-31": "1.44", "2012-09-30": "1.60", "2012-06-30": "1.63", "2012-03-31": "1.53", "2011-12-31": "1.56", "2011-09-30": "1.58", "2011-06-30": "1.58", "2011-03-31": "1.57", "2010-12-31": "1.48", "2010-09-30": "1.33", "2010-06-30": "1.32", "2010-03-31": "1.27", "2009-12-31": "1.24", "2009-09-30": "1.42", "2009-06-30": "1.43", "2009-03-31": "1.34", "2008-12-31": "1.33", "2008-09-30": "1.45", "2008-06-30": "1.47", "2008-03-31": "1.42", "2007-12-31": "1.36", "2007-09-30": "1.50", "2007-06-30": "1.56", "2007-03-31": "1.53", "2006-12-31": "1.43", "2006-09-30": "1.42", "2006-06-30": "1.43", "2006-03-31": "1.40", "2005-12-31": "1.43", "2005-09-30": "1.53", "2005-06-30": "1.55", "2005-03-31": "1.50"}, "quick ratio": {"2020-09-30": "1.23", "2020-06-30": "1.09", "2020-03-31": "0.74", "2019-12-31": "0.72", "2019-09-30": "0.82", "2019-06-30": "0.84", "2019-03-31": "0.91", "2018-12-31": "0.95", "2018-09-30": "1.19", "2018-06-30": "1.07", "2018-03-31": "1.16", "2017-12-31": "1.09", "2017-09-30": "1.11", "2017-06-30": "1.13", "2017-03-31": "1.09", "2016-12-31": "1.22", "2016-09-30": "1.25", "2016-06-30": "1.06", "2016-03-31": "1.00", "2015-12-31": "1.00", "2015-09-30": "1.03", "2015-06-30": "1.06", "2015-03-31": "1.15", "2014-12-31": "1.05", "2014-09-30": "1.15", "2014-06-30": "1.11", "2014-03-31": "1.11", "2013-12-31": "1.10", "2013-09-30": "1.03", "2013-06-30": "0.98", "2013-03-31": "0.93", "2012-12-31": "1.07", "2012-09-30": "1.14", "2012-06-30": "1.14", "2012-03-31": "1.06", "2011-12-31": "1.09", "2011-09-30": "1.08", "2011-06-30": "1.08", "2011-03-31": "1.08", "2010-12-31": "1.01", "2010-09-30": "0.93", "2010-06-30": "0.93", "2010-03-31": "0.90", "2009-12-31": "0.88", "2009-09-30": "1.01", "2009-06-30": "0.97", "2009-03-31": "0.86", "2008-12-31": "0.88", "2008-09-30": "1.00", "2008-06-30": "1.01", "2008-03-31": "0.96", "2007-12-31": "0.90", "2007-09-30": "1.04", "2007-06-30": "1.07", "2007-03-31": "1.04", "2006-12-31": "0.97", "2006-09-30": "0.98", "2006-06-30": "0.95", "2006-03-31": "0.90", "2005-12-31": "0.91", "2005-09-30": "1.02", "2005-06-30": "1.01", "2005-03-31": "0.99"}, "debt equity ratio": {"current": "0.86", "2020-09-30": "2.07", "2020-06-30": "2.18", "2020-03-31": "1.86", "2019-12-31": "1.82", "2019-09-30": "1.69", "2019-06-30": "1.67", "2019-03-31": "1.74", "2018-12-31": "1.59", "2018-09-30": "1.54", "2018-06-30": "1.58", "2018-03-31": "1.59", "2017-12-31": "1.63", "2017-09-30": "1.60", "2017-06-30": "1.55", "2017-03-31": "1.61", "2016-12-31": "1.52", "2016-09-30": "1.54", "2016-06-30": "1.52", "2016-03-31": "1.55", "2015-12-31": "1.62", "2015-09-30": "1.74", "2015-06-30": "1.73", "2015-03-31": "1.76", "2014-12-31": "1.79", "2014-09-30": "1.31", "2014-06-30": "1.30", "2014-03-31": "1.29", "2013-12-31": "1.33", "2013-09-30": "1.57", "2013-06-30": "1.58", "2013-03-31": "1.60", "2012-12-31": "1.78", "2012-09-30": "1.64", "2012-06-30": "1.75", "2012-03-31": "1.73", "2011-12-31": "1.80", "2011-09-30": "1.17", "2011-06-30": "1.12", "2011-03-31": "1.19", "2010-12-31": "1.18", "2010-09-30": "1.20", "2010-06-30": "1.21", "2010-03-31": "1.23", "2009-12-31": "1.22", "2009-09-30": "1.39", "2009-06-30": "1.44", "2009-03-31": "1.54", "2008-12-31": "1.63", "2008-09-30": "1.26", "2008-06-30": "1.26", "2008-03-31": "1.30", "2007-12-31": "1.32", "2007-09-30": "1.52", "2007-06-30": "1.51", "2007-03-31": "1.43", "2006-12-31": "1.39", "2006-09-30": "1.30", "2006-06-30": "1.37", "2006-03-31": "1.41", "2005-12-31": "1.36", "2005-09-30": "1.50", "2005-06-30": "1.57", "2005-03-31": "1.60"}, "return on equity": {"2020-09-30": "14.49%", "2020-06-30": "15.04%", "2020-03-31": "16.38%", "2019-12-31": "15.95%", "2019-09-30": "17.85%", "2019-06-30": "16.80%", "2019-03-31": "17.40%", "2018-12-31": "17.41%", "2018-09-30": "13.48%", "2018-06-30": "13.68%", "2018-03-31": "11.25%", "2017-12-31": "10.38%", "2017-09-30": "16.65%", "2017-06-30": "16.59%", "2017-03-31": "17.69%", "2016-12-31": "18.14%", "2016-09-30": "15.09%", "2016-06-30": "13.95%", "2016-03-31": "14.55%", "2015-12-31": "16.46%", "2015-09-30": "16.08%", "2015-06-30": "16.93%", "2015-03-31": "16.07%", "2014-12-31": "13.36%", "2014-09-30": "12.74%", "2014-06-30": "12.65%", "2014-03-31": "12.84%", "2013-12-31": "13.16%", "2013-09-30": "13.40%", "2013-06-30": "13.39%", "2013-03-31": "13.28%", "2012-12-31": "13.03%", "2012-09-30": "12.39%", "2012-06-30": "13.59%", "2012-03-31": "13.41%", "2011-12-31": "14.17%", "2011-09-30": "14.30%", "2011-06-30": "13.24%", "2011-03-31": "14.05%", "2010-12-31": "13.86%", "2010-09-30": "15.01%", "2010-06-30": "14.71%", "2010-03-31": "13.33%", "2009-12-31": "11.88%", "2009-09-30": "11.48%", "2009-06-30": "11.84%", "2009-03-31": "13.07%", "2008-12-31": "11.70%", "2008-09-30": "12.40%", "2008-06-30": "13.26%", "2008-03-31": "12.58%", "2007-12-31": "16.14%", "2007-09-30": "15.74%", "2007-06-30": "15.41%", "2007-03-31": "16.05%", "2006-12-31": "15.34%", "2006-09-30": "15.13%", "2006-06-30": "14.24%", "2006-03-31": "13.77%", "2005-12-31": "13.32%"}, "return on assets": {"2020-09-30": "4.86%", "2020-06-30": "5.21%", "2020-03-31": "5.94%", "2019-12-31": "5.84%", "2019-09-30": "6.68%", "2019-06-30": "6.38%", "2019-03-31": "6.66%", "2018-12-31": "6.76%", "2018-09-30": "5.21%", "2018-06-30": "5.26%", "2018-03-31": "4.34%", "2017-12-31": "4.00%", "2017-09-30": "6.48%", "2017-06-30": "6.49%", "2017-03-31": "6.95%", "2016-12-31": "7.16%", "2016-09-30": "5.90%", "2016-06-30": "5.35%", "2016-03-31": "5.47%", "2015-12-31": "6.07%", "2015-09-30": "5.84%", "2015-06-30": "6.43%", "2015-03-31": "6.37%", "2014-12-31": "5.55%", "2014-09-30": "5.52%", "2014-06-30": "5.35%", "2014-03-31": "5.27%", "2013-12-31": "5.23%", "2013-09-30": "5.10%", "2013-06-30": "5.06%", "2013-03-31": "4.94%", "2012-12-31": "4.79%", "2012-09-30": "4.54%", "2012-06-30": "5.22%", "2012-03-31": "5.50%", "2011-12-31": "6.14%", "2011-09-30": "6.62%", "2011-06-30": "6.10%", "2011-03-31": "6.41%", "2010-12-31": "6.30%", "2010-09-30": "6.78%", "2010-06-30": "6.51%", "2010-03-31": "5.75%", "2009-12-31": "4.97%", "2009-09-30": "4.60%", "2009-06-30": "4.83%", "2009-03-31": "5.44%", "2008-12-31": "4.98%", "2008-09-30": "5.43%", "2008-06-30": "5.65%", "2008-03-31": "5.22%", "2007-12-31": "6.61%", "2007-09-30": "6.39%", "2007-06-30": "6.41%", "2007-03-31": "6.78%", "2006-12-31": "6.48%", "2006-09-30": "6.41%", "2006-06-30": "5.91%", "2006-03-31": "5.60%", "2005-12-31": "5.31%"}, "return on investments": {"2020-09-30": "13.13%", "2020-06-30": "14.66%", "2020-03-31": "15.99%", "2019-12-31": "15.50%", "2019-09-30": "15.96%", "2019-06-30": "14.60%", "2019-03-31": "14.63%", "2018-12-31": "14.29%", "2018-09-30": "14.10%", "2018-06-30": "14.88%", "2018-03-31": "14.23%", "2017-12-31": "14.04%", "2017-09-30": "15.02%", "2017-06-30": "14.96%", "2017-03-31": "14.85%", "2016-12-31": "15.42%", "2016-09-30": "14.61%", "2016-06-30": "13.67%", "2016-03-31": "13.86%", "2015-12-31": "14.57%", "2015-09-30": "14.69%", "2015-06-30": "15.55%", "2015-03-31": "15.49%", "2014-12-31": "14.03%", "2014-09-30": "13.61%", "2014-06-30": "13.56%", "2014-03-31": "13.59%", "2013-12-31": "13.76%", "2013-09-30": "13.95%", "2013-06-30": "13.53%", "2013-03-31": "13.08%", "2012-12-31": "12.73%", "2012-09-30": "12.19%", "2012-06-30": "12.32%", "2012-03-31": "12.56%", "2011-12-31": "13.54%", "2011-09-30": "15.30%", "2011-06-30": "15.74%", "2011-03-31": "16.94%", "2010-12-31": "17.16%", "2010-09-30": "17.19%", "2010-06-30": "16.96%", "2010-03-31": "15.25%", "2009-12-31": "13.69%", "2009-09-30": "12.52%", "2009-06-30": "12.54%", "2009-03-31": "13.16%", "2008-12-31": "11.65%", "2008-09-30": "12.22%", "2008-06-30": "11.60%", "2008-03-31": "10.96%", "2007-12-31": "14.15%", "2007-09-30": "14.40%", "2007-06-30": "15.84%", "2007-03-31": "17.23%", "2006-12-31": "16.45%", "2006-09-30": "16.62%", "2006-06-30": "15.57%", "2006-03-31": "14.46%", "2005-12-31": "13.87%"}, "return on tangible equity": {"2020-09-30": "809.23%", "2020-06-30": "692.99%", "2020-03-31": "342.53%", "2019-12-31": "220.38%", "2019-09-30": "202.18%", "2019-06-30": "178.10%", "2019-03-31": "200.96%", "2018-12-31": "180.92%", "2018-09-30": "130.62%", "2018-06-30": "136.92%", "2018-03-31": "99.87%", "2017-12-31": "95.01%", "2017-09-30": "133.82%", "2017-06-30": "113.50%", "2017-03-31": "123.76%", "2016-12-31": "124.75%", "2016-09-30": "114.77%", "2016-06-30": "137.58%", "2016-03-31": "162.61%", "2015-12-31": "220.75%", "2015-09-30": "276.92%", "2015-06-30": "156.93%", "2015-03-31": "106.10%", "2014-12-31": "69.18%", "2014-09-30": "54.60%", "2014-06-30": "59.93%", "2014-03-31": "70.86%", "2013-12-31": "89.99%", "2013-09-30": "120.82%", "2013-06-30": "139.97%", "2013-03-31": "168.42%", "2012-12-31": "195.00%", "2012-09-30": "244.00%", "2012-06-30": "106.63%", "2012-03-31": "62.32%", "2011-12-31": "48.06%", "2011-09-30": "38.14%", "2011-06-30": "36.03%", "2011-03-31": "38.98%", "2010-12-31": "39.24%", "2010-09-30": "43.39%", "2010-06-30": "44.25%", "2010-03-31": "42.94%", "2009-12-31": "41.73%", "2009-09-30": "44.20%", "2009-06-30": "42.74%", "2009-03-31": "43.42%", "2008-12-31": "36.36%", "2008-09-30": "36.27%", "2008-06-30": "40.88%", "2008-03-31": "41.18%", "2007-12-31": "51.23%", "2007-09-30": "48.40%", "2007-06-30": "40.37%", "2007-03-31": "37.20%", "2006-12-31": "33.77%", "2006-09-30": "31.42%", "2006-06-30": "29.91%", "2006-03-31": "29.23%", "2005-12-31": "28.66%"}, "dividend yield history": {"last payout": "$1.72", "last yield": "2.88%"}}