{"ticker": "SO", "price": {"title": "Southern Historical Annual Stock Price Data", "value": 60.88, "historical": {"2021": {"Average Stock Price": "59.9929", "Year Open": "59.3600", "Year High": "61.5700", "Year Low": "58.5400", "Year Close": "60.8800", "Annual % Change": "-0.90%"}, "2020": {"Average Stock Price": "58.0931", "Year Open": "62.6200", "Year High": "70.8500", "Year Low": "43.2300", "Year Close": "61.4300", "Annual % Change": "-3.56%"}, "2019": {"Average Stock Price": "55.7083", "Year Open": "43.7200", "Year High": "63.8600", "Year Low": "43.7200", "Year Close": "63.7000", "Annual % Change": "45.04%"}, "2018": {"Average Stock Price": "45.1785", "Year Open": "47.1700", "Year High": "49.0800", "Year Low": "42.6600", "Year Close": "43.9200", "Annual % Change": "-8.67%"}, "2017": {"Average Stock Price": "49.7474", "Year Open": "49.0400", "Year High": "53.2500", "Year Low": "46.7800", "Year Close": "48.0900", "Annual % Change": "-2.24%"}, "2016": {"Average Stock Price": "50.2223", "Year Open": "47.0300", "Year High": "54.5400", "Year Low": "46.4500", "Year Close": "49.1900", "Annual % Change": "5.13%"}, "2015": {"Average Stock Price": "45.0470", "Year Open": "49.3700", "Year High": "52.7900", "Year Low": "41.6100", "Year Close": "46.7900", "Annual % Change": "-4.72%"}, "2014": {"Average Stock Price": "44.3493", "Year Open": "40.6900", "Year High": "50.8800", "Year Low": "40.4000", "Year Close": "49.1100", "Annual % Change": "19.46%"}, "2013": {"Average Stock Price": "43.6895", "Year Open": "43.7800", "Year High": "48.6500", "Year Low": "40.1200", "Year Close": "41.1100", "Annual % Change": "-3.97%"}, "2012": {"Average Stock Price": "45.3354", "Year Open": "45.0300", "Year High": "48.4200", "Year Low": "42.0300", "Year Close": "42.8100", "Annual % Change": "-7.52%"}, "2011": {"Average Stock Price": "40.4198", "Year Open": "38.4200", "Year High": "46.5900", "Year Low": "36.8000", "Year Close": "46.2900", "Annual % Change": "21.08%"}, "2010": {"Average Stock Price": "35.1294", "Year Open": "33.2500", "Year High": "38.4700", "Year Low": "31.1300", "Year Close": "38.2300", "Annual % Change": "14.74%"}, "2009": {"Average Stock Price": "31.3824", "Year Open": "37.4700", "Year High": "37.4700", "Year Low": "26.8100", "Year Close": "33.3200", "Annual % Change": "-9.95%"}, "2008": {"Average Stock Price": "36.1882", "Year Open": "38.1200", "Year High": "40.5000", "Year Low": "32.2600", "Year Close": "37.0000", "Annual % Change": "-4.52%"}, "2007": {"Average Stock Price": "36.3639", "Year Open": "36.9800", "Year High": "39.2000", "Year Low": "33.6200", "Year Close": "38.7500", "Annual % Change": "5.13%"}, "2006": {"Average Stock Price": "33.9400", "Year Open": "35.0700", "Year High": "37.3400", "Year Low": "30.4900", "Year Close": "36.8600", "Annual % Change": "6.75%"}, "2005": {"Average Stock Price": "33.9536", "Year Open": "33.0600", "Year High": "36.1600", "Year Low": "31.2500", "Year Close": "34.5300", "Annual % Change": "3.01%"}, "2004": {"Average Stock Price": "30.2544", "Year Open": "30.0600", "Year High": "33.9200", "Year Low": "27.8600", "Year Close": "33.5200", "Annual % Change": "10.81%"}, "2003": {"Average Stock Price": "29.2156", "Year Open": "28.9800", "Year High": "31.8100", "Year Low": "27.7100", "Year Close": "30.2500", "Annual % Change": "6.55%"}, "2002": {"Average Stock Price": "27.0614", "Year Open": "25.5000", "Year High": "30.8500", "Year Low": "23.8900", "Year Close": "28.3900", "Annual % Change": "11.99%"}, "2001": {"Average Stock Price": "25.2594", "Year Open": "32.2500", "Year High": "35.2900", "Year Low": "21.4700", "Year Close": "25.3500", "Annual % Change": "-23.76%"}, "2000": {"Average Stock Price": "26.5514", "Year Open": "22.7500", "Year High": "34.0600", "Year Low": "20.5600", "Year Close": "33.2500", "Annual % Change": "41.49%"}, "1999": {"Average Stock Price": "26.1513", "Year Open": "29.3100", "Year High": "29.3100", "Year Low": "22.0600", "Year Close": "23.5000", "Annual % Change": "-19.13%"}, "1998": {"Average Stock Price": "27.2151", "Year Open": "25.9400", "Year High": "31.3800", "Year Low": "24.0600", "Year Close": "29.0600", "Annual % Change": "12.29%"}, "1997": {"Average Stock Price": "22.1316", "Year Open": "22.2500", "Year High": "26.0000", "Year Low": "20.0000", "Year Close": "25.8800", "Annual % Change": "14.36%"}, "1996": {"Average Stock Price": "23.1237", "Year Open": "24.6300", "Year High": "25.7500", "Year Low": "21.2500", "Year Close": "22.6300", "Annual % Change": "-8.12%"}, "1995": {"Average Stock Price": "21.8415", "Year Open": "19.8800", "Year High": "24.6300", "Year Low": "19.5000", "Year Close": "24.6300", "Annual % Change": "23.15%"}, "1994": {"Average Stock Price": "19.5297", "Year Open": "21.8150", "Year High": "21.9400", "Year Low": "17.5000", "Year Close": "20.0000", "Annual % Change": "-9.36%"}, "1993": {"Average Stock Price": "21.1793", "Year Open": "19.1250", "Year High": "23.4400", "Year Low": "18.6250", "Year Close": "22.0650", "Annual % Change": "14.62%"}, "1992": {"Average Stock Price": "17.4202", "Year Open": "17.1250", "Year High": "19.5000", "Year Low": "15.2500", "Year Close": "19.2500", "Annual % Change": "11.98%"}, "1991": {"Average Stock Price": "14.1896", "Year Open": "13.6900", "Year High": "17.1900", "Year Low": "13.0000", "Year Close": "17.1900", "Annual % Change": "23.31%"}, "1990": {"Average Stock Price": "12.8321", "Year Open": "14.5650", "Year High": "14.6250", "Year Low": "11.5000", "Year Close": "13.9400", "Annual % Change": "-4.29%"}, "1989": {"Average Stock Price": "12.9206", "Year Open": "11.0000", "Year High": "14.8150", "Year Low": "11.0000", "Year Close": "14.5650", "Annual % Change": "30.16%"}, "1988": {"Average Stock Price": "11.2106", "Year Open": "11.5650", "Year High": "12.1250", "Year Low": "10.2500", "Year Close": "11.1900", "Annual % Change": "0.00%"}, "1987": {"Average Stock Price": "12.0578", "Year Open": "13.1250", "Year High": "14.3150", "Year Low": "9.0000", "Year Close": "11.1900", "Annual % Change": "-11.82%"}, "1986": {"Average Stock Price": "11.9914", "Year Open": "11.0650", "Year High": "13.5000", "Year Low": "10.5000", "Year Close": "12.6900", "Annual % Change": "14.07%"}, "1985": {"Average Stock Price": "10.1554", "Year Open": "9.3750", "Year High": "11.5650", "Year Low": "9.0650", "Year Close": "11.1250", "Annual % Change": "17.85%"}, "1984": {"Average Stock Price": "8.0963", "Year Open": "8.1850", "Year High": "9.4400", "Year Low": "7.2500", "Year Close": "9.4400", "Annual % Change": "15.33%"}, "1983": {"Average Stock Price": "8.0298", "Year Open": "7.7500", "Year High": "8.7500", "Year Low": "7.3750", "Year Close": "8.1850", "Annual % Change": "4.73%"}, "1982": {"Average Stock Price": "6.7205", "Year Open": "6.1250", "Year High": "7.8750", "Year Low": "5.7500", "Year Close": "7.8150", "Annual % Change": "30.25%"}}}, "market cap": {"value": "$64.3B"}, "income statement": {"Revenue": {"2019-12-31": "21419.00000", "2018-12-31": "23495.00000", "2017-12-31": "23031.00000", "2016-12-31": "19896.00000", "2015-12-31": "17489.00000", "2014-12-31": "18467.00000", "2013-12-31": "17087.00000", "2012-12-31": "16537.00000", "2011-12-31": "17657.00000", "2010-12-31": "17456.00000", "2009-12-31": "15743.00000", "2008-12-31": "17127.00000", "2007-12-31": "15353.00000", "2006-12-31": "14356.00000", "2005-12-31": "13554.00000"}, "Cost Of Goods Sold": {"2019-12-31": "6192.00000", "2018-12-31": "7953.00000", "2017-12-31": "7377.00000", "2016-12-31": "5984.00000", "2015-12-31": "5395.00000", "2014-12-31": "6677.00000", "2013-12-31": "5971.00000", "2012-12-31": "5601.00000", "2011-12-31": "6870.00000", "2010-12-31": "7262.00000", "2009-12-31": "6426.00000", "2008-12-31": "7633.00000", "2007-12-31": "6371.00000", "2006-12-31": "5695.00000", "2005-12-31": "5226.00000"}, "Gross Profit": {"2019-12-31": "15227.00000", "2018-12-31": "15542.00000", "2017-12-31": "15654.00000", "2016-12-31": "13912.00000", "2015-12-31": "12094.00000", "2014-12-31": "11790.00000", "2013-12-31": "11116.00000", "2012-12-31": "10936.00000", "2011-12-31": "10787.00000", "2010-12-31": "10194.00000", "2009-12-31": "9317.00000", "2008-12-31": "9494.00000", "2007-12-31": "8982.00000", "2006-12-31": "8661.00000", "2005-12-31": "8328.00000"}, "Research And Development Expenses": {"2019-12-31": "", "2018-12-31": "", "2017-12-31": "", "2016-12-31": "", "2015-12-31": "", "2014-12-31": "", "2013-12-31": "", "2012-12-31": "", "2011-12-31": "", "2010-12-31": "", "2009-12-31": "", "2008-12-31": "", "2007-12-31": "", "2006-12-31": "", "2005-12-31": ""}, "SG&A Expenses": {"2019-12-31": "6830.00000", "2018-12-31": "7204.00000", "2017-12-31": "6989.00000", "2016-12-31": "6495.00000", "2015-12-31": "5413.00000", "2014-12-31": "5335.00000", "2013-12-31": "4780.00000", "2012-12-31": "4686.00000", "2011-12-31": "4839.00000", "2010-12-31": "4879.00000", "2009-12-31": "4344.00000", "2008-12-31": "4545.00000", "2007-12-31": "4411.00000", "2006-12-31": "4237.00000", "2005-12-31": "4190.00000"}, "Other Operating Income Or Expenses": {"2019-12-31": "2377.00000", "2018-12-31": "-1016.00000", "2017-12-31": "-3322.00000", "2016-12-31": "-429.00000", "2015-12-31": "-365.00000", "2014-12-31": "-868.00000", "2013-12-31": "-1180.00000", "2012-12-31": "0.00000", "2011-12-31": "0.00000", "2010-12-31": "", "2009-12-31": "-202.00000", "2008-12-31": "", "2007-12-31": "", "2006-12-31": "", "2005-12-31": ""}, "Operating Expenses": {"2019-12-31": "13683.00000", "2018-12-31": "19304.00000", "2017-12-31": "20698.00000", "2016-12-31": "15410.00000", "2015-12-31": "13207.00000", "2014-12-31": "14825.00000", "2013-12-31": "13832.00000", "2012-12-31": "12074.00000", "2011-12-31": "13426.00000", "2010-12-31": "13654.00000", "2009-12-31": "12475.00000", "2008-12-31": "13621.00000", "2007-12-31": "12027.00000", "2006-12-31": "11132.00000", "2005-12-31": "10592.00000"}, "Operating Income": {"2019-12-31": "7736.00000", "2018-12-31": "4191.00000", "2017-12-31": "2333.00000", "2016-12-31": "4486.00000", "2015-12-31": "4282.00000", "2014-12-31": "3642.00000", "2013-12-31": "3255.00000", "2012-12-31": "4463.00000", "2011-12-31": "4231.00000", "2010-12-31": "3802.00000", "2009-12-31": "3268.00000", "2008-12-31": "3506.00000", "2007-12-31": "3326.00000", "2006-12-31": "3224.00000", "2005-12-31": "2962.00000"}, "Total Non-Operating Income/Expense": {"2019-12-31": "-1194.00000", "2018-12-31": "-1442.00000", "2017-12-31": "-1265.00000", "2016-12-31": "-1006.00000", "2015-12-31": "-653.00000", "2014-12-31": "-634.00000", "2013-12-31": "-696.00000", "2012-12-31": "-714.00000", "2011-12-31": "-744.00000", "2010-12-31": "-736.00000", "2009-12-31": "-664.00000", "2008-12-31": "-784.00000", "2007-12-31": "-709.00000", "2006-12-31": "-871.00000", "2005-12-31": "-776.00000"}, "Pre-Tax Income": {"2019-12-31": "6542.00000", "2018-12-31": "2749.00000", "2017-12-31": "1068.00000", "2016-12-31": "3480.00000", "2015-12-31": "3629.00000", "2014-12-31": "3008.00000", "2013-12-31": "2559.00000", "2012-12-31": "3749.00000", "2011-12-31": "3487.00000", "2010-12-31": "3066.00000", "2009-12-31": "2604.00000", "2008-12-31": "2722.00000", "2007-12-31": "2617.00000", "2006-12-31": "2353.00000", "2005-12-31": "2186.00000"}, "Income Taxes": {"2019-12-31": "1798.00000", "2018-12-31": "449.00000", "2017-12-31": "142.00000", "2016-12-31": "951.00000", "2015-12-31": "1194.00000", "2014-12-31": "977.00000", "2013-12-31": "849.00000", "2012-12-31": "1334.00000", "2011-12-31": "1219.00000", "2010-12-31": "1026.00000", "2009-12-31": "896.00000", "2008-12-31": "915.00000", "2007-12-31": "835.00000", "2006-12-31": "780.00000", "2005-12-31": "595.00000"}, "Income After Taxes": {"2019-12-31": "4744.00000", "2018-12-31": "2300.00000", "2017-12-31": "926.00000", "2016-12-31": "2529.00000", "2015-12-31": "2435.00000", "2014-12-31": "2031.00000", "2013-12-31": "1710.00000", "2012-12-31": "2415.00000", "2011-12-31": "2268.00000", "2010-12-31": "2040.00000", "2009-12-31": "1708.00000", "2008-12-31": "1807.00000", "2007-12-31": "1782.00000", "2006-12-31": "1573.00000", "2005-12-31": "1591.00000"}, "Other Income": {"2019-12-31": "", "2018-12-31": "", "2017-12-31": "", "2016-12-31": "", "2015-12-31": "", "2014-12-31": "", "2013-12-31": "", "2012-12-31": "", "2011-12-31": "", "2010-12-31": "", "2009-12-31": "", "2008-12-31": "", "2007-12-31": "", "2006-12-31": "", "2005-12-31": ""}, "Income From Continuous Operations": {"2019-12-31": "4744.00000", "2018-12-31": "2300.00000", "2017-12-31": "926.00000", "2016-12-31": "2529.00000", "2015-12-31": "2435.00000", "2014-12-31": "2031.00000", "2013-12-31": "1710.00000", "2012-12-31": "2415.00000", "2011-12-31": "2268.00000", "2010-12-31": "2040.00000", "2009-12-31": "1708.00000", "2008-12-31": "1807.00000", "2007-12-31": "1782.00000", "2006-12-31": "1573.00000", "2005-12-31": "1591.00000"}, "Income From Discontinued Operations": {"2019-12-31": "", "2018-12-31": "", "2017-12-31": "", "2016-12-31": "", "2015-12-31": "", "2014-12-31": "", "2013-12-31": "", "2012-12-31": "", "2011-12-31": "", "2010-12-31": "", "2009-12-31": "", "2008-12-31": "", "2007-12-31": "", "2006-12-31": "", "2005-12-31": ""}, "Net Income": {"2019-12-31": "4739.00000", "2018-12-31": "2226.00000", "2017-12-31": "842.00000", "2016-12-31": "2448.00000", "2015-12-31": "2367.00000", "2014-12-31": "1963.00000", "2013-12-31": "1644.00000", "2012-12-31": "2350.00000", "2011-12-31": "2203.00000", "2010-12-31": "1975.00000", "2009-12-31": "1643.00000", "2008-12-31": "1742.00000", "2007-12-31": "1734.00000", "2006-12-31": "1573.00000", "2005-12-31": "1591.00000"}, "EBITDA": {"2019-12-31": "11067.00000", "2018-12-31": "7740.00000", "2017-12-31": "5790.00000", "2016-12-31": "7409.00000", "2015-12-31": "6677.00000", "2014-12-31": "5935.00000", "2013-12-31": "5553.00000", "2012-12-31": "6608.00000", "2011-12-31": "6279.00000", "2010-12-31": "5633.00000", "2009-12-31": "5056.00000", "2008-12-31": "5210.00000", "2007-12-31": "4812.00000", "2006-12-31": "4645.00000", "2005-12-31": "4360.00000"}, "EBIT": {"2019-12-31": "7736.00000", "2018-12-31": "4191.00000", "2017-12-31": "2333.00000", "2016-12-31": "4486.00000", "2015-12-31": "4282.00000", "2014-12-31": "3642.00000", "2013-12-31": "3255.00000", "2012-12-31": "4463.00000", "2011-12-31": "4231.00000", "2010-12-31": "3802.00000", "2009-12-31": "3268.00000", "2008-12-31": "3506.00000", "2007-12-31": "3326.00000", "2006-12-31": "3224.00000", "2005-12-31": "2962.00000"}, "Basic Shares Outstanding": {"2019-12-31": "1046.00000", "2018-12-31": "1020.00000", "2017-12-31": "1000.00000", "2016-12-31": "951.00000", "2015-12-31": "910.00000", "2014-12-31": "897.00000", "2013-12-31": "877.00000", "2012-12-31": "871.00000", "2011-12-31": "857.00000", "2010-12-31": "832.00000", "2009-12-31": "795.00000", "2008-12-31": "771.00000", "2007-12-31": "756.00000", "2006-12-31": "743.00000", "2005-12-31": "744.00000"}, "Shares Outstanding": {"2019-12-31": "1054.00000", "2018-12-31": "1025.00000", "2017-12-31": "1008.00000", "2016-12-31": "958.00000", "2015-12-31": "914.00000", "2014-12-31": "901.00000", "2013-12-31": "881.00000", "2012-12-31": "879.00000", "2011-12-31": "864.00000", "2010-12-31": "837.00000", "2009-12-31": "796.00000", "2008-12-31": "775.00000", "2007-12-31": "761.00000", "2006-12-31": "748.00000", "2005-12-31": "749.00000"}, "Basic EPS": {"2019-12-31": "4.53000", "2018-12-31": "2.18000", "2017-12-31": "0.84000", "2016-12-31": "2.57000", "2015-12-31": "2.60000", "2014-12-31": "2.19000", "2013-12-31": "1.88000", "2012-12-31": "2.70000", "2011-12-31": "2.57000", "2010-12-31": "2.37000", "2009-12-31": "2.07000", "2008-12-31": "2.26000", "2007-12-31": "2.29000", "2006-12-31": "2.12000", "2005-12-31": "2.14000"}, "EPS - Earnings Per Share": {"2019-12-31": "4.50000", "2018-12-31": "2.17000", "2017-12-31": "0.84000", "2016-12-31": "2.55000", "2015-12-31": "2.59000", "2014-12-31": "2.18000", "2013-12-31": "1.87000", "2012-12-31": "2.67000", "2011-12-31": "2.55000", "2010-12-31": "2.36000", "2009-12-31": "2.06000", "2008-12-31": "2.25000", "2007-12-31": "2.28000", "2006-12-31": "2.10000", "2005-12-31": "2.13000"}}, "income statement, quarterly": {"Revenue": {"2020-09-30": "5620.00000", "2020-06-30": "", "2020-03-31": "5018.00000", "2019-12-31": "4914.00000", "2019-09-30": "5995.00000", "2019-06-30": "5098.00000", "2019-03-31": "5412.00000", "2018-12-31": "5337.00000", "2018-09-30": "6159.00000", "2018-06-30": "5627.00000", "2018-03-31": "6372.00000", "2017-12-31": "5629.00000", "2017-09-30": "6201.00000", "2017-06-30": "5430.00000", "2017-03-31": "5771.00000", "2016-12-31": "5181.00000", "2016-09-30": "6264.00000", "2016-06-30": "4459.00000", "2016-03-31": "3992.00000", "2015-12-31": "3568.00000", "2015-09-30": "5401.00000", "2015-06-30": "4337.00000", "2015-03-31": "4183.00000", "2014-12-31": "4017.00000", "2014-09-30": "5339.00000", "2014-06-30": "4467.00000", "2014-03-31": "4644.00000", "2013-12-31": "3927.00000", "2013-09-30": "5017.00000", "2013-06-30": "4246.00000", "2013-03-31": "3897.00000", "2012-12-31": "3703.00000", "2012-09-30": "5049.00000", "2012-06-30": "4181.00000", "2012-03-31": "3604.00000", "2011-12-31": "3696.00000", "2011-09-30": "5428.00000", "2011-06-30": "4521.00000", "2011-03-31": "4012.00000", "2010-12-31": "3771.00000", "2010-09-30": "5320.00000", "2010-06-30": "4208.00000", "2010-03-31": "4157.00000", "2009-12-31": "3510.04700", "2009-09-30": "4681.48200", "2009-06-30": "3885.16400", "2009-03-31": "3666.30700", "2008-12-31": "3802.40400", "2008-09-30": "5426.49900", "2008-06-30": "4215.18700", "2008-03-31": "3682.91000", "2007-12-31": "3340.36000", "2007-09-30": "4832.04300", "2007-06-30": "3771.92800", "2007-03-31": "3408.66900", "2006-12-31": "3151.85900", "2006-09-30": "4549.37800", "2006-06-30": "3591.50300", "2006-03-31": "3063.26000", "2005-12-31": "3289.44100", "2005-09-30": "4357.88300", "2005-06-30": "3119.64600", "2005-03-31": "2787.03000"}, "Cost Of Goods Sold": {"2020-09-30": "1306.00000", "2020-06-30": "", "2020-03-31": "1311.00000", "2019-12-31": "1459.00000", "2019-09-30": "1519.00000", "2019-06-30": "1390.00000", "2019-03-31": "1824.00000", "2018-12-31": "1939.00000", "2018-09-30": "1791.00000", "2018-06-30": "1846.00000", "2018-03-31": "2377.00000", "2017-12-31": "1981.00000", "2017-09-30": "1765.00000", "2017-06-30": "1649.00000", "2017-03-31": "1982.00000", "2016-12-31": "1775.00000", "2016-09-30": "1844.00000", "2016-06-30": "1270.00000", "2016-03-31": "1095.00000", "2015-12-31": "955.00000", "2015-09-30": "1713.00000", "2015-06-30": "1371.00000", "2015-03-31": "1356.00000", "2014-12-31": "1398.00000", "2014-09-30": "1850.00000", "2014-06-30": "1595.00000", "2014-03-31": "1834.00000", "2013-12-31": "1388.00000", "2013-09-30": "1725.00000", "2013-06-30": "1501.00000", "2013-03-31": "1357.00000", "2012-12-31": "1239.00000", "2012-09-30": "1717.00000", "2012-06-30": "1440.00000", "2012-03-31": "1205.00000", "2011-12-31": "1353.00000", "2011-09-30": "2123.00000", "2011-06-30": "1818.00000", "2011-03-31": "1576.00000", "2010-12-31": "1554.00000", "2010-09-30": "2179.00000", "2010-06-30": "1757.00000", "2010-03-31": "1772.00000", "2009-12-31": "1429.44500", "2009-09-30": "1900.31800", "2009-06-30": "1582.32600", "2009-03-31": "1513.91100", "2008-12-31": "1737.73200", "2008-09-30": "2531.08700", "2008-06-30": "1819.33400", "2008-03-31": "1544.84700", "2007-12-31": "1412.58400", "2007-09-30": "2020.18200", "2007-06-30": "1557.64200", "2007-03-31": "1380.59200", "2006-12-31": "1230.61400", "2006-09-30": "1864.93700", "2006-06-30": "1446.49300", "2006-03-31": "1152.95600", "2005-12-31": "1390.69300", "2005-09-30": "1755.55200", "2005-06-30": "1116.91800", "2005-03-31": "962.83700"}, "Gross Profit": {"2020-09-30": "4314.00000", "2020-06-30": "", "2020-03-31": "3707.00000", "2019-12-31": "3455.00000", "2019-09-30": "4476.00000", "2019-06-30": "3708.00000", "2019-03-31": "3588.00000", "2018-12-31": "3398.00000", "2018-09-30": "4368.00000", "2018-06-30": "3781.00000", "2018-03-31": "3995.00000", "2017-12-31": "3648.00000", "2017-09-30": "4436.00000", "2017-06-30": "3781.00000", "2017-03-31": "3789.00000", "2016-12-31": "3406.00000", "2016-09-30": "4420.00000", "2016-06-30": "3189.00000", "2016-03-31": "2897.00000", "2015-12-31": "2613.00000", "2015-09-30": "3688.00000", "2015-06-30": "2966.00000", "2015-03-31": "2827.00000", "2014-12-31": "2619.00000", "2014-09-30": "3489.00000", "2014-06-30": "2872.00000", "2014-03-31": "2810.00000", "2013-12-31": "2539.00000", "2013-09-30": "3292.00000", "2013-06-30": "2745.00000", "2013-03-31": "2540.00000", "2012-12-31": "2464.00000", "2012-09-30": "3332.00000", "2012-06-30": "2741.00000", "2012-03-31": "2399.00000", "2011-12-31": "2343.00000", "2011-09-30": "3305.00000", "2011-06-30": "2703.00000", "2011-03-31": "2436.00000", "2010-12-31": "2217.00000", "2010-09-30": "3141.00000", "2010-06-30": "2451.00000", "2010-03-31": "2385.00000", "2009-12-31": "2080.60200", "2009-09-30": "2781.16400", "2009-06-30": "2302.83800", "2009-03-31": "2152.39600", "2008-12-31": "2064.67200", "2008-09-30": "2895.41200", "2008-06-30": "2395.85300", "2008-03-31": "2138.06300", "2007-12-31": "1927.77700", "2007-09-30": "2811.86100", "2007-06-30": "2214.28600", "2007-03-31": "2028.07700", "2006-12-31": "1921.24500", "2006-09-30": "2684.44100", "2006-06-30": "2145.01000", "2006-03-31": "1910.30400", "2005-12-31": "1898.74800", "2005-09-30": "2602.33100", "2005-06-30": "2002.72800", "2005-03-31": "1824.19300"}, "Research And Development Expenses": {"2020-09-30": "", "2020-06-30": "", "2020-03-31": "", "2019-12-31": "", "2019-09-30": "", "2019-06-30": "", "2019-03-31": "", "2018-12-31": "", "2018-09-30": "", "2018-06-30": "", "2018-03-31": "", "2017-12-31": "", "2017-09-30": "", "2017-06-30": "", "2017-03-31": "", "2016-12-31": "", "2016-09-30": "", "2016-06-30": "", "2016-03-31": "", "2015-12-31": "", "2015-09-30": "", "2015-06-30": "", "2015-03-31": "", "2014-12-31": "", "2014-09-30": "", "2014-06-30": "", "2014-03-31": "", "2013-12-31": "", "2013-09-30": "", "2013-06-30": "", "2013-03-31": "", "2012-12-31": "", "2012-09-30": "", "2012-06-30": "", "2012-03-31": "", "2011-12-31": "", "2011-09-30": "", "2011-06-30": "", "2011-03-31": "", "2010-12-31": "", "2010-09-30": "", "2010-06-30": "", "2010-03-31": "", "2009-12-31": "", "2009-09-30": "", "2009-06-30": "", "2009-03-31": "", "2008-12-31": "", "2008-09-30": "", "2008-06-30": "", "2008-03-31": "", "2007-12-31": "", "2007-09-30": "", "2007-06-30": "", "2007-03-31": "", "2006-12-31": "", "2006-09-30": "", "2006-06-30": "", "2006-03-31": "", "2005-12-31": "", "2005-09-30": "", "2005-06-30": "", "2005-03-31": ""}, "SG&A Expenses": {"2020-09-30": "1590.00000", "2020-06-30": "", "2020-03-31": "1626.00000", "2019-12-31": "1969.00000", "2019-09-30": "1599.00000", "2019-06-30": "1619.00000", "2019-03-31": "1643.00000", "2018-12-31": "1836.00000", "2018-09-30": "1723.00000", "2018-06-30": "1839.00000", "2018-03-31": "1806.00000", "2017-12-31": "1968.00000", "2017-09-30": "1644.00000", "2017-06-30": "1664.00000", "2017-03-31": "1713.00000", "2016-12-31": "2058.00000", "2016-09-30": "1720.00000", "2016-06-30": "1354.00000", "2016-03-31": "1363.00000", "2015-12-31": "1333.00000", "2015-09-30": "1361.00000", "2015-06-30": "1345.00000", "2015-03-31": "1374.00000", "2014-12-31": "1558.00000", "2014-09-30": "1279.00000", "2014-06-30": "1265.00000", "2014-03-31": "1233.00000", "2013-12-31": "1221.00000", "2013-09-30": "1171.00000", "2013-06-30": "1179.00000", "2013-03-31": "1209.00000", "2012-12-31": "1179.00000", "2012-09-30": "1143.00000", "2012-06-30": "1172.00000", "2012-03-31": "1192.00000", "2011-12-31": "1316.00000", "2011-09-30": "1222.00000", "2011-06-30": "1137.00000", "2011-03-31": "1164.00000", "2010-12-31": "1371.00000", "2010-09-30": "1255.00000", "2010-06-30": "1133.00000", "2010-03-31": "1120.00000", "2009-12-31": "1199.96500", "2009-09-30": "1033.77100", "2009-06-30": "1039.30300", "2009-03-31": "1070.96100", "2008-12-31": "1222.16900", "2008-09-30": "1123.70200", "2008-06-30": "1113.04000", "2008-03-31": "1086.08900", "2007-12-31": "1202.31200", "2007-09-30": "1118.33900", "2007-06-30": "1059.94300", "2007-03-31": "1030.40600", "2006-12-31": "1148.87800", "2006-09-30": "1026.62400", "2006-06-30": "1040.41300", "2006-03-31": "1021.08500", "2005-12-31": "1194.66200", "2005-09-30": "1026.97000", "2005-06-30": "994.96400", "2005-03-31": "973.40410"}, "Other Operating Income Or Expenses": {"2020-09-30": "", "2020-06-30": "", "2020-03-31": "39.00000", "2019-12-31": "-24.00000", "2019-09-30": "-104.00000", "2019-06-30": "8.00000", "2019-03-31": "2497.00000", "2018-12-31": "-192.00000", "2018-09-30": "316.00000", "2018-06-30": "-1096.00000", "2018-03-31": "-44.00000", "2017-12-31": "-168.00000", "2017-09-30": "-34.00000", "2017-06-30": "-3012.00000", "2017-03-31": "-108.00000", "2016-12-31": "-207.00000", "2016-09-30": "-88.00000", "2016-06-30": "-81.00000", "2016-03-31": "-53.00000", "2015-12-31": "-183.00000", "2015-09-30": "-150.00000", "2015-06-30": "-23.00000", "2015-03-31": "-9.00000", "2014-12-31": "-70.00000", "2014-09-30": "-418.00000", "2014-06-30": "", "2014-03-31": "-380.00000", "2013-12-31": "-40.00000", "2013-09-30": "-150.00000", "2013-06-30": "-450.00000", "2013-03-31": "-540.00000", "2012-12-31": "-19.00000", "2012-09-30": "0.00000", "2012-06-30": "19.00000", "2012-03-31": "", "2011-12-31": "", "2011-09-30": "", "2011-06-30": "", "2011-03-31": "", "2010-12-31": "", "2010-09-30": "", "2010-06-30": "", "2010-03-31": "", "2009-12-31": "", "2009-09-30": "", "2009-06-30": "", "2009-03-31": "-202.00000", "2008-12-31": "", "2008-09-30": "", "2008-06-30": "", "2008-03-31": "", "2007-12-31": "", "2007-09-30": "", "2007-06-30": "", "2007-03-31": "", "2006-12-31": "", "2006-09-30": "", "2006-06-30": "", "2006-03-31": "", "2005-12-31": "", "2005-09-30": "", "2005-06-30": "", "2005-03-31": ""}, "Operating Expenses": {"2020-09-30": "3785.00000", "2020-06-30": "", "2020-03-31": "3755.00000", "2019-12-31": "4224.00000", "2019-09-30": "3982.00000", "2019-06-30": "3756.00000", "2019-03-31": "1721.00000", "2018-12-31": "4759.00000", "2018-09-30": "3985.00000", "2018-06-30": "5564.00000", "2018-03-31": "4996.00000", "2017-12-31": "4890.00000", "2017-09-30": "4210.00000", "2017-06-30": "7079.00000", "2017-03-31": "4519.00000", "2016-12-31": "4737.00000", "2016-09-30": "4347.00000", "2016-06-30": "3274.00000", "2016-03-31": "3052.00000", "2015-12-31": "2990.00000", "2015-09-30": "3752.00000", "2015-06-30": "3239.00000", "2015-03-31": "3226.00000", "2014-12-31": "3456.00000", "2014-09-30": "4061.00000", "2014-06-30": "3364.00000", "2014-03-31": "3944.00000", "2013-12-31": "3128.00000", "2013-09-30": "3526.00000", "2013-06-30": "3606.00000", "2013-03-31": "3572.00000", "2012-12-31": "2889.00000", "2012-09-30": "3309.00000", "2012-06-30": "3038.00000", "2012-03-31": "2838.00000", "2011-12-31": "3107.00000", "2011-09-30": "3776.00000", "2011-06-30": "3385.00000", "2011-03-31": "3158.00000", "2010-12-31": "3301.00000", "2010-09-30": "3861.00000", "2010-06-30": "3257.00000", "2010-03-31": "3235.00000", "2009-12-31": "3033.19400", "2009-09-30": "3266.20600", "2009-06-30": "2998.97000", "2009-03-31": "3176.63000", "2008-12-31": "3333.25700", "2008-09-30": "4021.80300", "2008-06-30": "3291.11900", "2008-03-31": "2974.82100", "2007-12-31": "2931.32700", "2007-09-30": "3450.46000", "2007-06-30": "2927.87100", "2007-03-31": "2717.34200", "2006-12-31": "2682.93000", "2006-09-30": "3191.66500", "2006-06-30": "2784.43800", "2006-03-31": "2472.96700", "2005-12-31": "2885.48600", "2005-09-30": "3080.90700", "2005-06-30": "2398.25600", "2005-03-31": "2227.35100"}, "Operating Income": {"2020-09-30": "1835.00000", "2020-06-30": "", "2020-03-31": "1263.00000", "2019-12-31": "690.00000", "2019-09-30": "2013.00000", "2019-06-30": "1342.00000", "2019-03-31": "3691.00000", "2018-12-31": "578.00000", "2018-09-30": "2174.00000", "2018-06-30": "63.00000", "2018-03-31": "1376.00000", "2017-12-31": "739.00000", "2017-09-30": "1991.00000", "2017-06-30": "-1649.00000", "2017-03-31": "1252.00000", "2016-12-31": "444.00000", "2016-09-30": "1917.00000", "2016-06-30": "1185.00000", "2016-03-31": "940.00000", "2015-12-31": "578.00000", "2015-09-30": "1649.00000", "2015-06-30": "1098.00000", "2015-03-31": "957.00000", "2014-12-31": "561.00000", "2014-09-30": "1278.00000", "2014-06-30": "1103.00000", "2014-03-31": "700.00000", "2013-12-31": "799.00000", "2013-09-30": "1491.00000", "2013-06-30": "640.00000", "2013-03-31": "325.00000", "2012-12-31": "814.00000", "2012-09-30": "1740.00000", "2012-06-30": "1143.00000", "2012-03-31": "766.00000", "2011-12-31": "589.00000", "2011-09-30": "1652.00000", "2011-06-30": "1136.00000", "2011-03-31": "854.00000", "2010-12-31": "470.00000", "2010-09-30": "1459.00000", "2010-06-30": "951.00000", "2010-03-31": "922.00000", "2009-12-31": "476.85280", "2009-09-30": "1415.27600", "2009-06-30": "886.19380", "2009-03-31": "489.67700", "2008-12-31": "469.14700", "2008-09-30": "1404.69600", "2008-06-30": "924.06790", "2008-03-31": "708.08890", "2007-12-31": "409.03340", "2007-09-30": "1381.58300", "2007-06-30": "844.05660", "2007-03-31": "691.32690", "2006-12-31": "468.92920", "2006-09-30": "1357.71300", "2006-06-30": "807.06490", "2006-03-31": "590.29300", "2005-12-31": "403.95510", "2005-09-30": "1276.97600", "2005-06-30": "721.38990", "2005-03-31": "559.67920"}, "Total Non-Operating Income/Expense": {"2020-09-30": "-259.00000", "2020-06-30": "-154.00000", "2020-03-31": "-277.00000", "2019-12-31": "-355.00000", "2019-09-30": "-301.00000", "2019-06-30": "-266.00000", "2019-03-31": "-272.00000", "2018-12-31": "-457.00000", "2018-09-30": "-329.00000", "2018-06-30": "-329.00000", "2018-03-31": "-327.00000", "2017-12-31": "-415.00000", "2017-09-30": "-292.00000", "2017-06-30": "-286.00000", "2017-03-31": "-272.00000", "2016-12-31": "-206.00000", "2016-09-30": "-301.00000", "2016-06-30": "-277.00000", "2016-03-31": "-222.00000", "2015-12-31": "-163.00000", "2015-09-30": "-179.00000", "2015-06-30": "-153.00000", "2015-03-31": "-158.00000", "2014-12-31": "-173.00000", "2014-09-30": "-151.00000", "2014-06-30": "-154.00000", "2014-03-31": "-156.00000", "2013-12-31": "-176.00000", "2013-09-30": "-154.00000", "2013-06-30": "-169.00000", "2013-03-31": "-197.00000", "2012-12-31": "-179.00000", "2012-09-30": "-178.00000", "2012-06-30": "-175.00000", "2012-03-31": "-182.00000", "2011-12-31": "-216.00000", "2011-09-30": "-176.00000", "2011-06-30": "-167.00000", "2011-03-31": "-185.00000", "2010-12-31": "-200.00000", "2010-09-30": "-183.00000", "2010-06-30": "-178.00000", "2010-03-31": "-175.00000", "2009-12-31": "-144.58000", "2009-09-30": "-173.15900", "2009-06-30": "-165.66900", "2009-03-31": "-180.59200", "2008-12-31": "-189.35900", "2008-09-30": "-173.55000", "2008-06-30": "-266.53900", "2008-03-31": "-154.55200", "2007-12-31": "-128.29400", "2007-09-30": "-174.32900", "2007-06-30": "-209.32300", "2007-03-31": "-197.05400", "2006-12-31": "-234.75900", "2006-09-30": "-214.45900", "2006-06-30": "-201.06000", "2006-03-31": "-220.72200", "2005-12-31": "-229.12600", "2005-09-30": "-194.49600", "2005-06-30": "-186.12700", "2005-03-31": "-166.25100"}, "Pre-Tax Income": {"2020-09-30": "1576.00000", "2020-06-30": "-154.00000", "2020-03-31": "986.00000", "2019-12-31": "335.00000", "2019-09-30": "1712.00000", "2019-06-30": "1076.00000", "2019-03-31": "3419.00000", "2018-12-31": "121.00000", "2018-09-30": "1845.00000", "2018-06-30": "-266.00000", "2018-03-31": "1049.00000", "2017-12-31": "324.00000", "2017-09-30": "1699.00000", "2017-06-30": "-1935.00000", "2017-03-31": "980.00000", "2016-12-31": "238.00000", "2016-09-30": "1616.00000", "2016-06-30": "908.00000", "2016-03-31": "718.00000", "2015-12-31": "415.00000", "2015-09-30": "1470.00000", "2015-06-30": "945.00000", "2015-03-31": "799.00000", "2014-12-31": "388.00000", "2014-09-30": "1127.00000", "2014-06-30": "949.00000", "2014-03-31": "544.00000", "2013-12-31": "623.00000", "2013-09-30": "1337.00000", "2013-06-30": "471.00000", "2013-03-31": "128.00000", "2012-12-31": "635.00000", "2012-09-30": "1562.00000", "2012-06-30": "968.00000", "2012-03-31": "584.00000", "2011-12-31": "373.00000", "2011-09-30": "1476.00000", "2011-06-30": "969.00000", "2011-03-31": "669.00000", "2010-12-31": "270.00000", "2010-09-30": "1276.00000", "2010-06-30": "773.00000", "2010-03-31": "747.00000", "2009-12-31": "332.27300", "2009-09-30": "1242.11700", "2009-06-30": "720.52500", "2009-03-31": "309.08500", "2008-12-31": "279.78800", "2008-09-30": "1231.14600", "2008-06-30": "657.52900", "2008-03-31": "553.53700", "2007-12-31": "280.73900", "2007-09-30": "1207.25400", "2007-06-30": "634.73400", "2007-03-31": "494.27300", "2006-12-31": "234.17000", "2006-09-30": "1143.25400", "2006-06-30": "606.00500", "2006-03-31": "369.57100", "2005-12-31": "174.82900", "2005-09-30": "1082.48000", "2005-06-30": "535.26300", "2005-03-31": "393.42800"}, "Income Taxes": {"2020-09-30": "293.00000", "2020-06-30": "", "2020-03-31": "145.00000", "2019-12-31": "-74.00000", "2019-09-30": "367.00000", "2019-06-30": "145.00000", "2019-03-31": "1360.00000", "2018-12-31": "-148.00000", "2018-09-30": "623.00000", "2018-06-30": "-139.00000", "2018-03-31": "113.00000", "2017-12-31": "-176.00000", "2017-09-30": "590.00000", "2017-06-30": "-587.00000", "2017-03-31": "315.00000", "2016-12-31": "34.00000", "2016-09-30": "439.00000", "2016-06-30": "261.00000", "2016-03-31": "217.00000", "2015-12-31": "118.00000", "2015-09-30": "500.00000", "2015-06-30": "302.00000", "2015-03-31": "274.00000", "2014-12-31": "88.00000", "2014-09-30": "392.00000", "2014-06-30": "321.00000", "2014-03-31": "176.00000", "2013-12-31": "192.00000", "2013-09-30": "468.00000", "2013-06-30": "158.00000", "2013-03-31": "31.00000", "2012-12-31": "236.00000", "2012-09-30": "569.00000", "2012-06-30": "329.00000", "2012-03-31": "200.00000", "2011-12-31": "96.00000", "2011-09-30": "543.00000", "2011-06-30": "349.00000", "2011-03-31": "231.00000", "2010-12-31": "101.00000", "2010-09-30": "442.00000", "2010-06-30": "247.00000", "2010-03-31": "236.00000", "2009-12-31": "67.16700", "2009-09-30": "435.94700", "2009-06-30": "225.71700", "2009-03-31": "167.16900", "2008-12-31": "77.39500", "2008-09-30": "434.51500", "2008-06-30": "224.95200", "2008-03-31": "178.13800", "2007-12-31": "28.57600", "2007-09-30": "445.25900", "2007-06-30": "205.58100", "2007-03-31": "155.58400", "2006-12-31": "45.98500", "2006-09-30": "405.26900", "2006-06-30": "220.78200", "2006-03-31": "107.96400", "2005-12-31": "21.23000", "2005-09-30": "351.43600", "2005-06-30": "146.44700", "2005-03-31": "75.88700"}, "Income After Taxes": {"2020-09-30": "1283.00000", "2020-06-30": "-154.00000", "2020-03-31": "841.00000", "2019-12-31": "409.00000", "2019-09-30": "1345.00000", "2019-06-30": "931.00000", "2019-03-31": "2059.00000", "2018-12-31": "269.00000", "2018-09-30": "1222.00000", "2018-06-30": "-127.00000", "2018-03-31": "936.00000", "2017-12-31": "500.00000", "2017-09-30": "1109.00000", "2017-06-30": "-1348.00000", "2017-03-31": "665.00000", "2016-12-31": "204.00000", "2016-09-30": "1177.00000", "2016-06-30": "647.00000", "2016-03-31": "501.00000", "2015-12-31": "297.00000", "2015-09-30": "970.00000", "2015-06-30": "643.00000", "2015-03-31": "525.00000", "2014-12-31": "300.00000", "2014-09-30": "735.00000", "2014-06-30": "628.00000", "2014-03-31": "368.00000", "2013-12-31": "431.00000", "2013-09-30": "869.00000", "2013-06-30": "313.00000", "2013-03-31": "97.00000", "2012-12-31": "399.00000", "2012-09-30": "993.00000", "2012-06-30": "639.00000", "2012-03-31": "384.00000", "2011-12-31": "277.00000", "2011-09-30": "933.00000", "2011-06-30": "620.00000", "2011-03-31": "438.00000", "2010-12-31": "169.00000", "2010-09-30": "834.00000", "2010-06-30": "526.00000", "2010-03-31": "511.00000", "2009-12-31": "265.10600", "2009-09-30": "806.16990", "2009-06-30": "494.80800", "2009-03-31": "141.91600", "2008-12-31": "202.39300", "2008-09-30": "796.63100", "2008-06-30": "432.57700", "2008-03-31": "375.39900", "2007-12-31": "252.16300", "2007-09-30": "761.99500", "2007-06-30": "429.15300", "2007-03-31": "338.68900", "2006-12-31": "188.18500", "2006-09-30": "737.98500", "2006-06-30": "385.22300", "2006-03-31": "261.60700", "2005-12-31": "153.59910", "2005-09-30": "731.04390", "2005-06-30": "388.81600", "2005-03-31": "317.54100"}, "Other Income": {"2020-09-30": "", "2020-06-30": "", "2020-03-31": "", "2019-12-31": "", "2019-09-30": "", "2019-06-30": "", "2019-03-31": "", "2018-12-31": "", "2018-09-30": "", "2018-06-30": "", "2018-03-31": "", "2017-12-31": "", "2017-09-30": "", "2017-06-30": "", "2017-03-31": "", "2016-12-31": "", "2016-09-30": "", "2016-06-30": "", "2016-03-31": "", "2015-12-31": "", "2015-09-30": "", "2015-06-30": "", "2015-03-31": "", "2014-12-31": "", "2014-09-30": "", "2014-06-30": "", "2014-03-31": "", "2013-12-31": "", "2013-09-30": "", "2013-06-30": "", "2013-03-31": "", "2012-12-31": "", "2012-09-30": "", "2012-06-30": "", "2012-03-31": "", "2011-12-31": "", "2011-09-30": "", "2011-06-30": "", "2011-03-31": "", "2010-12-31": "", "2010-09-30": "", "2010-06-30": "", "2010-03-31": "", "2009-12-31": "", "2009-09-30": "", "2009-06-30": "", "2009-03-31": "", "2008-12-31": "", "2008-09-30": "", "2008-06-30": "", "2008-03-31": "", "2007-12-31": "", "2007-09-30": "", "2007-06-30": "", "2007-03-31": "", "2006-12-31": "", "2006-09-30": "", "2006-06-30": "", "2006-03-31": "", "2005-12-31": "", "2005-09-30": "", "2005-06-30": "", "2005-03-31": ""}, "Income From Continuous Operations": {"2020-09-30": "1283.00000", "2020-06-30": "-154.00000", "2020-03-31": "841.00000", "2019-12-31": "409.00000", "2019-09-30": "1345.00000", "2019-06-30": "931.00000", "2019-03-31": "2059.00000", "2018-12-31": "269.00000", "2018-09-30": "1222.00000", "2018-06-30": "-127.00000", "2018-03-31": "936.00000", "2017-12-31": "500.00000", "2017-09-30": "1109.00000", "2017-06-30": "-1348.00000", "2017-03-31": "665.00000", "2016-12-31": "204.00000", "2016-09-30": "1177.00000", "2016-06-30": "647.00000", "2016-03-31": "501.00000", "2015-12-31": "297.00000", "2015-09-30": "970.00000", "2015-06-30": "643.00000", "2015-03-31": "525.00000", "2014-12-31": "300.00000", "2014-09-30": "735.00000", "2014-06-30": "628.00000", "2014-03-31": "368.00000", "2013-12-31": "431.00000", "2013-09-30": "869.00000", "2013-06-30": "313.00000", "2013-03-31": "97.00000", "2012-12-31": "399.00000", "2012-09-30": "993.00000", "2012-06-30": "639.00000", "2012-03-31": "384.00000", "2011-12-31": "277.00000", "2011-09-30": "933.00000", "2011-06-30": "620.00000", "2011-03-31": "438.00000", "2010-12-31": "169.00000", "2010-09-30": "834.00000", "2010-06-30": "526.00000", "2010-03-31": "511.00000", "2009-12-31": "265.10600", "2009-09-30": "806.16990", "2009-06-30": "494.80800", "2009-03-31": "141.91600", "2008-12-31": "202.39300", "2008-09-30": "796.63100", "2008-06-30": "432.57700", "2008-03-31": "375.39900", "2007-12-31": "252.16300", "2007-09-30": "761.99500", "2007-06-30": "429.15300", "2007-03-31": "338.68900", "2006-12-31": "188.18500", "2006-09-30": "737.98500", "2006-06-30": "385.22300", "2006-03-31": "261.60700", "2005-12-31": "153.59900", "2005-09-30": "731.04400", "2005-06-30": "388.81600", "2005-03-31": "317.54100"}, "Income From Discontinued Operations": {"2020-09-30": "", "2020-06-30": "", "2020-03-31": "", "2019-12-31": "", "2019-09-30": "", "2019-06-30": "", "2019-03-31": "", "2018-12-31": "", "2018-09-30": "", "2018-06-30": "", "2018-03-31": "", "2017-12-31": "", "2017-09-30": "", "2017-06-30": "", "2017-03-31": "", "2016-12-31": "", "2016-09-30": "", "2016-06-30": "", "2016-03-31": "", "2015-12-31": "", "2015-09-30": "", "2015-06-30": "", "2015-03-31": "", "2014-12-31": "", "2014-09-30": "", "2014-06-30": "", "2014-03-31": "", "2013-12-31": "", "2013-09-30": "", "2013-06-30": "", "2013-03-31": "", "2012-12-31": "", "2012-09-30": "", "2012-06-30": "", "2012-03-31": "", "2011-12-31": "", "2011-09-30": "", "2011-06-30": "", "2011-03-31": "", "2010-12-31": "", "2010-09-30": "", "2010-06-30": "", "2010-03-31": "", "2009-12-31": "", "2009-09-30": "", "2009-06-30": "", "2009-03-31": "", "2008-12-31": "", "2008-09-30": "", "2008-06-30": "", "2008-03-31": "", "2007-12-31": "", "2007-09-30": "", "2007-06-30": "", "2007-03-31": "", "2006-12-31": "", "2006-09-30": "", "2006-06-30": "", "2006-03-31": "", "2005-12-31": "", "2005-09-30": "-8.84000", "2005-06-30": "-1.99500", "2005-03-31": "5.41900"}, "Net Income": {"2020-09-30": "1251.00000", "2020-06-30": "-154.00000", "2020-03-31": "868.00000", "2019-12-31": "440.00000", "2019-09-30": "1316.00000", "2019-06-30": "899.00000", "2019-03-31": "2084.00000", "2018-12-31": "278.00000", "2018-09-30": "1164.00000", "2018-06-30": "-154.00000", "2018-03-31": "938.00000", "2017-12-31": "496.00000", "2017-09-30": "1069.00000", "2017-06-30": "-1381.00000", "2017-03-31": "658.00000", "2016-12-31": "197.00000", "2016-09-30": "1139.00000", "2016-06-30": "623.00000", "2016-03-31": "489.00000", "2015-12-31": "271.00000", "2015-09-30": "959.00000", "2015-06-30": "629.00000", "2015-03-31": "508.00000", "2014-12-31": "283.00000", "2014-09-30": "718.00000", "2014-06-30": "611.00000", "2014-03-31": "351.00000", "2013-12-31": "414.00000", "2013-09-30": "852.00000", "2013-06-30": "297.00000", "2013-03-31": "81.00000", "2012-12-31": "383.00000", "2012-09-30": "976.00000", "2012-06-30": "623.00000", "2012-03-31": "368.00000", "2011-12-31": "261.00000", "2011-09-30": "916.00000", "2011-06-30": "604.00000", "2011-03-31": "422.00000", "2010-12-31": "153.00000", "2010-09-30": "817.00000", "2010-06-30": "510.00000", "2010-03-31": "495.00000", "2009-12-31": "248.69100", "2009-09-30": "789.97500", "2009-06-30": "478.61300", "2009-03-31": "125.72100", "2008-12-31": "185.97800", "2008-09-30": "780.43600", "2008-06-30": "416.38200", "2008-03-31": "359.20400", "2007-12-31": "204.16300", "2007-09-30": "761.99500", "2007-06-30": "429.15300", "2007-03-31": "338.68900", "2006-12-31": "188.18500", "2006-09-30": "737.98500", "2006-06-30": "385.22300", "2006-03-31": "261.60700", "2005-12-31": "159.01500", "2005-09-30": "722.20400", "2005-06-30": "386.82100", "2005-03-31": "322.96000"}, "EBITDA": {"2020-09-30": "2822.00000", "2020-06-30": "967.00000", "2020-03-31": "2212.00000", "2019-12-31": "1507.00000", "2019-09-30": "2904.00000", "2019-06-30": "2114.00000", "2019-03-31": "4542.00000", "2018-12-31": "1480.00000", "2018-09-30": "3071.00000", "2018-06-30": "940.00000", "2018-03-31": "2249.00000", "2017-12-31": "1632.00000", "2017-09-30": "2872.00000", "2017-06-30": "-789.00000", "2017-03-31": "2075.00000", "2016-12-31": "1258.00000", "2016-09-30": "2720.00000", "2016-06-30": "1852.00000", "2016-03-31": "1579.00000", "2015-12-31": "1186.00000", "2015-09-30": "2265.00000", "2015-06-30": "1691.00000", "2015-03-31": "1535.00000", "2014-12-31": "1056.00000", "2014-09-30": "1894.00000", "2014-06-30": "1698.00000", "2014-03-31": "1287.00000", "2013-12-31": "1372.00000", "2013-09-30": "2076.00000", "2013-06-30": "1212.00000", "2013-03-31": "893.00000", "2012-12-31": "1357.00000", "2012-09-30": "2278.00000", "2012-06-30": "1678.00000", "2012-03-31": "1295.00000", "2011-12-31": "1107.00000", "2011-09-30": "2171.00000", "2011-06-30": "1646.00000", "2011-03-31": "1355.00000", "2010-12-31": "924.00000", "2010-09-30": "1968.00000", "2010-06-30": "1397.00000", "2010-03-31": "1344.00000", "2009-12-31": "953.99880", "2009-09-30": "1830.77600", "2009-06-30": "1324.71500", "2009-03-31": "946.51000", "2008-12-31": "907.45090", "2008-09-30": "1838.60200", "2008-06-30": "1348.16900", "2008-03-31": "1115.77800", "2007-12-31": "786.55850", "2007-09-30": "1757.54700", "2007-06-30": "1212.66500", "2007-03-31": "1055.23000", "2006-12-31": "830.36220", "2006-09-30": "1721.23200", "2006-06-30": "1151.16700", "2006-03-31": "942.23900", "2005-12-31": "751.08200", "2005-09-30": "1640.64400", "2005-06-30": "1065.52400", "2005-03-31": "902.75020"}, "EBIT": {"2020-09-30": "1835.00000", "2020-06-30": "", "2020-03-31": "1263.00000", "2019-12-31": "690.00000", "2019-09-30": "2013.00000", "2019-06-30": "1342.00000", "2019-03-31": "3691.00000", "2018-12-31": "578.00000", "2018-09-30": "2174.00000", "2018-06-30": "63.00000", "2018-03-31": "1376.00000", "2017-12-31": "739.00000", "2017-09-30": "1991.00000", "2017-06-30": "-1649.00000", "2017-03-31": "1252.00000", "2016-12-31": "444.00000", "2016-09-30": "1917.00000", "2016-06-30": "1185.00000", "2016-03-31": "940.00000", "2015-12-31": "578.00000", "2015-09-30": "1649.00000", "2015-06-30": "1098.00000", "2015-03-31": "957.00000", "2014-12-31": "561.00000", "2014-09-30": "1278.00000", "2014-06-30": "1103.00000", "2014-03-31": "700.00000", "2013-12-31": "799.00000", "2013-09-30": "1491.00000", "2013-06-30": "640.00000", "2013-03-31": "325.00000", "2012-12-31": "814.00000", "2012-09-30": "1740.00000", "2012-06-30": "1143.00000", "2012-03-31": "766.00000", "2011-12-31": "589.00000", "2011-09-30": "1652.00000", "2011-06-30": "1136.00000", "2011-03-31": "854.00000", "2010-12-31": "470.00000", "2010-09-30": "1459.00000", "2010-06-30": "951.00000", "2010-03-31": "922.00000", "2009-12-31": "476.85330", "2009-09-30": "1415.27600", "2009-06-30": "886.19380", "2009-03-31": "489.67700", "2008-12-31": "469.14720", "2008-09-30": "1404.69600", "2008-06-30": "924.06790", "2008-03-31": "708.08890", "2007-12-31": "409.03340", "2007-09-30": "1381.58300", "2007-06-30": "844.05660", "2007-03-31": "691.32690", "2006-12-31": "468.92920", "2006-09-30": "1357.71300", "2006-06-30": "807.06490", "2006-03-31": "590.29300", "2005-12-31": "403.95530", "2005-09-30": "1276.97600", "2005-06-30": "721.38990", "2005-03-31": "559.67920"}, "Basic Shares Outstanding": {"2020-09-30": "1058.00000", "2020-06-30": "", "2020-03-31": "1057.00000", "2019-12-31": "1046.00000", "2019-09-30": "1048.00000", "2019-06-30": "1044.00000", "2019-03-31": "1038.00000", "2018-12-31": "1020.00000", "2018-09-30": "1023.00000", "2018-06-30": "1014.00000", "2018-03-31": "1011.00000", "2017-12-31": "1000.00000", "2017-09-30": "1003.00000", "2017-06-30": "998.00000", "2017-03-31": "993.00000", "2016-12-31": "951.00000", "2016-09-30": "968.00000", "2016-06-30": "934.00000", "2016-03-31": "916.00000", "2015-12-31": "910.00000", "2015-09-30": "910.00000", "2015-06-30": "909.00000", "2015-03-31": "910.00000", "2014-12-31": "897.00000", "2014-09-30": "898.00000", "2014-06-30": "895.00000", "2014-03-31": "890.00000", "2013-12-31": "877.00000", "2013-09-30": "878.00000", "2013-06-30": "874.00000", "2013-03-31": "870.00000", "2012-12-31": "871.00000", "2012-09-30": "876.00000", "2012-06-30": "872.00000", "2012-03-31": "868.00000", "2011-12-31": "857.00000", "2011-09-30": "860.00000", "2011-06-30": "855.00000", "2011-03-31": "848.00000", "2010-12-31": "832.00000", "2010-09-30": "836.00000", "2010-06-30": "828.00000", "2010-03-31": "823.00000", "2009-12-31": "795.00000", "2009-09-30": "798.41800", "2009-06-30": "790.74800", "2009-03-31": "779.85800", "2008-12-31": "771.00000", "2008-09-30": "772.62200", "2008-06-30": "769.12200", "2008-03-31": "766.15000", "2007-12-31": "756.00000", "2007-09-30": "758.30800", "2007-06-30": "755.13700", "2007-03-31": "750.25900", "2006-12-31": "743.00000", "2006-09-30": "742.88400", "2006-06-30": "742.51500", "2006-03-31": "742.19500", "2005-12-31": "744.00000", "2005-09-30": "743.21400", "2005-06-30": "746.82300", "2005-03-31": "744.02500"}, "Shares Outstanding": {"2020-09-30": "1064.00000", "2020-06-30": "", "2020-03-31": "1067.00000", "2019-12-31": "1054.00000", "2019-09-30": "1057.00000", "2019-06-30": "1052.00000", "2019-03-31": "1045.00000", "2018-12-31": "1025.00000", "2018-09-30": "1029.00000", "2018-06-30": "1014.00000", "2018-03-31": "1016.00000", "2017-12-31": "1008.00000", "2017-09-30": "1010.00000", "2017-06-30": "1005.00000", "2017-03-31": "1000.00000", "2016-12-31": "958.00000", "2016-09-30": "975.00000", "2016-06-30": "940.00000", "2016-03-31": "922.00000", "2015-12-31": "914.00000", "2015-09-30": "912.00000", "2015-06-30": "912.00000", "2015-03-31": "915.00000", "2014-12-31": "901.00000", "2014-09-30": "902.00000", "2014-06-30": "899.00000", "2014-03-31": "893.00000", "2013-12-31": "881.00000", "2013-09-30": "881.00000", "2013-06-30": "879.00000", "2013-03-31": "875.00000", "2012-12-31": "879.00000", "2012-09-30": "883.00000", "2012-06-30": "880.00000", "2012-03-31": "877.00000", "2011-12-31": "864.00000", "2011-09-30": "868.00000", "2011-06-30": "862.00000", "2011-03-31": "854.00000", "2010-12-31": "837.00000", "2010-09-30": "842.00000", "2010-06-30": "833.00000", "2010-03-31": "825.00000", "2009-12-31": "796.00000", "2009-09-30": "800.17800", "2009-06-30": "792.06800", "2009-03-31": "781.64500", "2008-12-31": "775.00000", "2008-09-30": "776.90300", "2008-06-30": "773.14000", "2008-03-31": "770.32200", "2007-12-31": "761.00000", "2007-09-30": "762.39200", "2007-06-30": "759.84600", "2007-03-31": "755.35200", "2006-12-31": "748.00000", "2006-09-30": "747.56000", "2006-06-30": "746.38700", "2006-03-31": "747.03900", "2005-12-31": "749.00000", "2005-09-30": "747.81700", "2005-06-30": "751.01600", "2005-03-31": "748.67200"}, "Basic EPS": {"2020-09-30": "1.18000", "2020-06-30": "", "2020-03-31": "0.82000", "2019-12-31": "0.40000", "2019-09-30": "1.26000", "2019-06-30": "0.86000", "2019-03-31": "2.01000", "2018-12-31": "0.26000", "2018-09-30": "1.14000", "2018-06-30": "-0.15000", "2018-03-31": "0.93000", "2017-12-31": "0.49000", "2017-09-30": "1.07000", "2017-06-30": "-1.38000", "2017-03-31": "0.66000", "2016-12-31": "0.19000", "2016-09-30": "1.18000", "2016-06-30": "0.67000", "2016-03-31": "0.53000", "2015-12-31": "0.30000", "2015-09-30": "1.05000", "2015-06-30": "0.69000", "2015-03-31": "0.56000", "2014-12-31": "0.32000", "2014-09-30": "0.80000", "2014-06-30": "0.68000", "2014-03-31": "0.39000", "2013-12-31": "0.48000", "2013-09-30": "0.97000", "2013-06-30": "0.34000", "2013-03-31": "0.09000", "2012-12-31": "0.46000", "2012-09-30": "1.11000", "2012-06-30": "0.71000", "2012-03-31": "0.42000", "2011-12-31": "0.29000", "2011-09-30": "1.07000", "2011-06-30": "0.71000", "2011-03-31": "0.50000", "2010-12-31": "0.17000", "2010-09-30": "0.98000", "2010-06-30": "0.62000", "2010-03-31": "0.60000", "2009-12-31": "0.31000", "2009-09-30": "0.99000", "2009-06-30": "0.61000", "2009-03-31": "0.16000", "2008-12-31": "0.24000", "2008-09-30": "1.01000", "2008-06-30": "0.54000", "2008-03-31": "0.47000", "2007-12-31": "0.27000", "2007-09-30": "1.00000", "2007-06-30": "0.57000", "2007-03-31": "0.45000", "2006-12-31": "0.26000", "2006-09-30": "0.99000", "2006-06-30": "0.52000", "2006-03-31": "0.35000", "2005-12-31": "0.21000", "2005-09-30": "0.98000", "2005-06-30": "0.52000", "2005-03-31": "0.43000"}, "EPS - Earnings Per Share": {"2020-09-30": "1.18000", "2020-06-30": "0.00000", "2020-03-31": "0.81000", "2019-12-31": "0.41000", "2019-09-30": "1.25000", "2019-06-30": "0.85000", "2019-03-31": "1.99000", "2018-12-31": "0.27000", "2018-09-30": "1.13000", "2018-06-30": "-0.15000", "2018-03-31": "0.92000", "2017-12-31": "0.49000", "2017-09-30": "1.06000", "2017-06-30": "-1.37000", "2017-03-31": "0.66000", "2016-12-31": "0.19000", "2016-09-30": "1.17000", "2016-06-30": "0.66000", "2016-03-31": "0.53000", "2015-12-31": "0.29000", "2015-09-30": "1.05000", "2015-06-30": "0.69000", "2015-03-31": "0.56000", "2014-12-31": "0.31000", "2014-09-30": "0.80000", "2014-06-30": "0.68000", "2014-03-31": "0.39000", "2013-12-31": "0.47000", "2013-09-30": "0.97000", "2013-06-30": "0.34000", "2013-03-31": "0.09000", "2012-12-31": "0.43000", "2012-09-30": "1.11000", "2012-06-30": "0.71000", "2012-03-31": "0.42000", "2011-12-31": "0.30000", "2011-09-30": "1.06000", "2011-06-30": "0.70000", "2011-03-31": "0.49000", "2010-12-31": "0.18000", "2010-09-30": "0.97000", "2010-06-30": "0.61000", "2010-03-31": "0.60000", "2009-12-31": "0.31000", "2009-09-30": "0.99000", "2009-06-30": "0.60000", "2009-03-31": "0.16000", "2008-12-31": "0.24000", "2008-09-30": "1.00000", "2008-06-30": "0.54000", "2008-03-31": "0.47000", "2007-12-31": "0.27000", "2007-09-30": "1.00000", "2007-06-30": "0.56000", "2007-03-31": "0.45000", "2006-12-31": "0.24000", "2006-09-30": "0.99000", "2006-06-30": "0.52000", "2006-03-31": "0.35000", "2005-12-31": "0.21000", "2005-09-30": "0.98000", "2005-06-30": "0.52000", "2005-03-31": "0.42000"}}, "balance sheet": {"Cash On Hand": {"2019-12-31": "1975.00000", "2018-12-31": "1396.00000", "2017-12-31": "2130.00000", "2016-12-31": "1975.00000", "2015-12-31": "1404.00000", "2014-12-31": "710.00000", "2013-12-31": "659.00000", "2012-12-31": "635.00000", "2011-12-31": "1323.00000", "2010-12-31": "515.00000", "2009-12-31": "733.00000", "2008-12-31": "520.00000", "2007-12-31": "269.00000", "2006-12-31": "167.00000", "2005-12-31": "202.00000"}, "Receivables": {"2019-12-31": "2810.00000", "2018-12-31": "3290.00000", "2017-12-31": "3067.00000", "2016-12-31": "3084.00000", "2015-12-31": "1587.00000", "2014-12-31": "1379.00000", "2013-12-31": "1313.00000", "2012-12-31": "1179.00000", "2011-12-31": "1330.00000", "2010-12-31": "1400.00000", "2009-12-31": "1303.00000", "2008-12-31": "1329.00000", "2007-12-31": "1326.00000", "2006-12-31": "1238.00000", "2005-12-31": "1240.00000"}, "Inventory": {"2019-12-31": "1909.00000", "2018-12-31": "1870.00000", "2017-12-31": "2032.00000", "2016-12-31": "2151.00000", "2015-12-31": "1929.00000", "2014-12-31": "1969.00000", "2013-12-31": "2298.00000", "2012-12-31": "2819.00000", "2011-12-31": "2270.00000", "2010-12-31": "2135.00000", "2009-12-31": "2241.00000", "2008-12-31": "1775.00000", "2007-12-31": "1435.00000", "2006-12-31": "1323.00000", "2005-12-31": "1069.00000"}, "Pre-Paid Expenses": {"2019-12-31": "314.00000", "2018-12-31": "432.00000", "2017-12-31": "452.00000", "2016-12-31": "364.00000", "2015-12-31": "495.00000", "2014-12-31": "665.00000", "2013-12-31": "278.00000", "2012-12-31": "657.00000", "2011-12-31": "385.00000", "2010-12-31": "784.00000", "2009-12-31": "508.00000", "2008-12-31": "302.00000", "2007-12-31": "146.00000", "2006-12-31": "128.00000", "2005-12-31": "129.00000"}, "Other Current Assets": {"2019-12-31": "2809.00000", "2018-12-31": "2595.00000", "2017-12-31": "2391.00000", "2016-12-31": "2148.00000", "2015-12-31": "1111.00000", "2014-12-31": "964.00000", "2013-12-31": "752.00000", "2012-12-31": "707.00000", "2011-12-31": "804.00000", "2010-12-31": "898.00000", "2009-12-31": "943.00000", "2008-12-31": "1292.00000", "2007-12-31": "1421.00000", "2006-12-31": "1042.00000", "2005-12-31": "1448.00000"}, "Total Current Assets": {"2019-12-31": "9817.00000", "2018-12-31": "9583.00000", "2017-12-31": "10072.00000", "2016-12-31": "9722.00000", "2015-12-31": "6526.00000", "2014-12-31": "5864.00000", "2013-12-31": "5614.00000", "2012-12-31": "6162.00000", "2011-12-31": "6272.00000", "2010-12-31": "5883.00000", "2009-12-31": "5873.00000", "2008-12-31": "5358.00000", "2007-12-31": "4732.00000", "2006-12-31": "4019.00000", "2005-12-31": "4205.00000"}, "Property, Plant, And Equipment": {"2019-12-31": "83080.00000", "2018-12-31": "80797.00000", "2017-12-31": "79872.00000", "2016-12-31": "78446.00000", "2015-12-31": "61114.00000", "2014-12-31": "54868.00000", "2013-12-31": "51208.00000", "2012-12-31": "48390.00000", "2011-12-31": "45010.00000", "2010-12-31": "42002.00000", "2009-12-31": "39230.00000", "2008-12-31": "35878.00000", "2007-12-31": "33327.00000", "2006-12-31": "31092.00000", "2005-12-31": "29480.00000"}, "Long-Term Investments": {"2019-12-31": "2482.00000", "2018-12-31": "2647.00000", "2017-12-31": "2537.00000", "2016-12-31": "2593.00000", "2015-12-31": "921.00000", "2014-12-31": "946.00000", "2013-12-31": "883.00000", "2012-12-31": "886.00000", "2011-12-31": "911.00000", "2010-12-31": "901.00000", "2009-12-31": "893.00000", "2008-12-31": "1124.00000", "2007-12-31": "1222.00000", "2006-12-31": "1435.00000", "2005-12-31": "1419.00000"}, "Goodwill And Intangible Assets": {"2019-12-31": "5816.00000", "2018-12-31": "5928.00000", "2017-12-31": "7141.00000", "2016-12-31": "7221.00000", "2015-12-31": "319.00000", "2014-12-31": "", "2013-12-31": "", "2012-12-31": "", "2011-12-31": "", "2010-12-31": "", "2009-12-31": "", "2008-12-31": "", "2007-12-31": "", "2006-12-31": "", "2005-12-31": ""}, "Other Long-Term Assets": {"2019-12-31": "601.00000", "2018-12-31": "5350.00000", "2017-12-31": "", "2016-12-31": "", "2015-12-31": "", "2014-12-31": "", "2013-12-31": "", "2012-12-31": "", "2011-12-31": "", "2010-12-31": "", "2009-12-31": "", "2008-12-31": "", "2007-12-31": "", "2006-12-31": "", "2005-12-31": ""}, "Total Long-Term Assets": {"2019-12-31": "107083.00000", "2018-12-31": "107331.00000", "2017-12-31": "100933.00000", "2016-12-31": "99975.00000", "2015-12-31": "71792.00000", "2014-12-31": "64369.00000", "2013-12-31": "58932.00000", "2012-12-31": "56987.00000", "2011-12-31": "52995.00000", "2010-12-31": "49149.00000", "2009-12-31": "46173.00000", "2008-12-31": "42989.00000", "2007-12-31": "41057.00000", "2006-12-31": "38839.00000", "2005-12-31": "35672.00000"}, "Total Assets": {"2019-12-31": "118700.00000", "2018-12-31": "116914.00000", "2017-12-31": "111005.00000", "2016-12-31": "109697.00000", "2015-12-31": "78318.00000", "2014-12-31": "70233.00000", "2013-12-31": "64546.00000", "2012-12-31": "63149.00000", "2011-12-31": "59267.00000", "2010-12-31": "55032.00000", "2009-12-31": "52046.00000", "2008-12-31": "48347.00000", "2007-12-31": "45789.00000", "2006-12-31": "42858.00000", "2005-12-31": "39877.00000"}, "Total Current Liabilities": {"2019-12-31": "12546.00000", "2018-12-31": "14286.00000", "2017-12-31": "13594.00000", "2016-12-31": "12917.00000", "2015-12-31": "9129.00000", "2014-12-31": "8961.00000", "2013-12-31": "5525.00000", "2012-12-31": "7014.00000", "2011-12-31": "6577.00000", "2010-12-31": "6472.00000", "2009-12-31": "5584.00000", "2008-12-31": "5226.00000", "2007-12-31": "5631.00000", "2006-12-31": "6353.00000", "2005-12-31": "5240.00000"}, "Long Term Debt": {"2019-12-31": "41798.00000", "2018-12-31": "40736.00000", "2017-12-31": "44462.00000", "2016-12-31": "42629.00000", "2015-12-31": "24688.00000", "2014-12-31": "20644.00000", "2013-12-31": "21344.00000", "2012-12-31": "19274.00000", "2011-12-31": "18647.00000", "2010-12-31": "18154.00000", "2009-12-31": "18131.00000", "2008-12-31": "16816.00000", "2007-12-31": "14143.00000", "2006-12-31": "12503.00000", "2005-12-31": "12846.00000"}, "Other Non-Current Liabilities": {"2019-12-31": "12620.00000", "2018-12-31": "15025.00000", "2017-12-31": "8476.00000", "2016-12-31": "8419.00000", "2015-12-31": "6048.00000", "2014-12-31": "4374.00000", "2013-12-31": "4345.00000", "2012-12-31": "3899.00000", "2011-12-31": "3297.00000", "2010-12-31": "3244.00000", "2009-12-31": "2916.00000", "2008-12-31": "3096.00000", "2007-12-31": "4468.00000", "2006-12-31": "3537.00000", "2005-12-31": "3002.00000"}, "Total Long Term Liabilities": {"2019-12-31": "74104.00000", "2018-12-31": "73298.00000", "2017-12-31": "71559.00000", "2016-12-31": "70050.00000", "2015-12-31": "47089.00000", "2014-12-31": "39971.00000", "2013-12-31": "38882.00000", "2012-12-31": "36756.00000", "2011-12-31": "34030.00000", "2010-12-31": "31276.00000", "2009-12-31": "30877.00000", "2008-12-31": "29138.00000", "2007-12-31": "26693.00000", "2006-12-31": "24390.00000", "2005-12-31": "23352.00000"}, "Total Liabilities": {"2019-12-31": "86650.00000", "2018-12-31": "87584.00000", "2017-12-31": "85153.00000", "2016-12-31": "82967.00000", "2015-12-31": "56218.00000", "2014-12-31": "48932.00000", "2013-12-31": "44407.00000", "2012-12-31": "43770.00000", "2011-12-31": "40607.00000", "2010-12-31": "37748.00000", "2009-12-31": "36461.00000", "2008-12-31": "34364.00000", "2007-12-31": "32324.00000", "2006-12-31": "30743.00000", "2005-12-31": "28592.00000"}, "Common Stock Net": {"2019-12-31": "5257.00000", "2018-12-31": "5164.00000", "2017-12-31": "5038.00000", "2016-12-31": "4952.00000", "2015-12-31": "4572.00000", "2014-12-31": "4539.00000", "2013-12-31": "4461.00000", "2012-12-31": "4389.00000", "2011-12-31": "4328.00000", "2010-12-31": "4219.00000", "2009-12-31": "4101.00000", "2008-12-31": "3888.00000", "2007-12-31": "3817.00000", "2006-12-31": "3759.00000", "2005-12-31": "3759.00000"}, "Retained Earnings (Accumulated Deficit)": {"2019-12-31": "10877.00000", "2018-12-31": "8706.00000", "2017-12-31": "8885.00000", "2016-12-31": "10356.00000", "2015-12-31": "10010.00000", "2014-12-31": "9609.00000", "2013-12-31": "9510.00000", "2012-12-31": "9626.00000", "2011-12-31": "8968.00000", "2010-12-31": "8366.00000", "2009-12-31": "7885.00000", "2008-12-31": "7612.00000", "2007-12-31": "7155.00000", "2006-12-31": "6765.00000", "2005-12-31": "6332.00000"}, "Comprehensive Income": {"2019-12-31": "-321.00000", "2018-12-31": "-203.00000", "2017-12-31": "-189.00000", "2016-12-31": "-180.00000", "2015-12-31": "-130.00000", "2014-12-31": "-128.00000", "2013-12-31": "-75.00000", "2012-12-31": "-123.00000", "2011-12-31": "-111.00000", "2010-12-31": "-70.00000", "2009-12-31": "-88.00000", "2008-12-31": "-105.00000", "2007-12-31": "-30.00000", "2006-12-31": "-57.00000", "2005-12-31": "-128.00000"}, "Other Share Holders Equity": {"2019-12-31": "", "2018-12-31": "", "2017-12-31": "", "2016-12-31": "", "2015-12-31": "", "2014-12-31": "", "2013-12-31": "", "2012-12-31": "", "2011-12-31": "", "2010-12-31": "", "2009-12-31": "", "2008-12-31": "", "2007-12-31": "", "2006-12-31": "", "2005-12-31": ""}, "Share Holder Equity": {"2019-12-31": "32050.00000", "2018-12-31": "29330.00000", "2017-12-31": "25852.00000", "2016-12-31": "26730.00000", "2015-12-31": "22100.00000", "2014-12-31": "21301.00000", "2013-12-31": "20139.00000", "2012-12-31": "19379.00000", "2011-12-31": "18660.00000", "2010-12-31": "17284.00000", "2009-12-31": "15585.00000", "2008-12-31": "13983.00000", "2007-12-31": "13465.00000", "2006-12-31": "12115.00000", "2005-12-31": "11285.00000"}, "Total Liabilities And Share Holders Equity": {"2019-12-31": "118700.00000", "2018-12-31": "116914.00000", "2017-12-31": "111005.00000", "2016-12-31": "109697.00000", "2015-12-31": "78318.00000", "2014-12-31": "70233.00000", "2013-12-31": "64546.00000", "2012-12-31": "63149.00000", "2011-12-31": "59267.00000", "2010-12-31": "55032.00000", "2009-12-31": "52046.00000", "2008-12-31": "48347.00000", "2007-12-31": "45789.00000", "2006-12-31": "42858.00000", "2005-12-31": "39877.00000"}}, "balance sheet, quarterly": {"Cash On Hand": {"2020-09-30": "3379.00000", "2020-06-30": "1879.00000", "2020-03-31": "2164.00000", "2019-12-31": "1975.00000", "2019-09-30": "2931.00000", "2019-06-30": "1383.00000", "2019-03-31": "1361.00000", "2018-12-31": "1396.00000", "2018-09-30": "1847.00000", "2018-06-30": "1980.00000", "2018-03-31": "2284.00000", "2017-12-31": "2130.00000", "2017-09-30": "1841.00000", "2017-06-30": "1433.00000", "2017-03-31": "1094.00000", "2016-12-31": "1975.00000", "2016-09-30": "2669.00000", "2016-06-30": "9860.00000", "2016-03-31": "754.00000", "2015-12-31": "1404.00000", "2015-09-30": "1109.00000", "2015-06-30": "813.00000", "2015-03-31": "1112.00000", "2014-12-31": "710.00000", "2014-09-30": "1414.00000", "2014-06-30": "583.00000", "2014-03-31": "590.00000", "2013-12-31": "659.00000", "2013-09-30": "682.00000", "2013-06-30": "431.00000", "2013-03-31": "540.00000", "2012-12-31": "635.00000", "2012-09-30": "1263.00000", "2012-06-30": "851.00000", "2012-03-31": "1051.00000", "2011-12-31": "1323.00000", "2011-09-30": "1525.00000", "2011-06-30": "450.00000", "2011-03-31": "417.00000", "2010-12-31": "515.00000", "2010-09-30": "1277.07100", "2010-06-30": "298.02100", "2010-03-31": "374.60400", "2009-12-31": "733.00000", "2009-09-30": "673.26400", "2009-06-30": "878.38100", "2009-03-31": "803.78900", "2008-12-31": "520.00000", "2008-09-30": "837.02600", "2008-06-30": "235.37300", "2008-03-31": "281.29100", "2007-12-31": "269.00000", "2007-09-30": "586.00900", "2007-06-30": "264.88600", "2007-03-31": "161.48900", "2006-12-31": "167.00000", "2006-09-30": "418.09700", "2006-06-30": "262.90000", "2006-03-31": "300.78600", "2005-12-31": "202.00000", "2005-09-30": "416.33900", "2005-06-30": "236.75800", "2005-03-31": "381.78900"}, "Receivables": {"2020-09-30": "2513.00000", "2020-06-30": "2346.00000", "2020-03-31": "2401.00000", "2019-12-31": "2810.00000", "2019-09-30": "2794.00000", "2019-06-30": "2721.00000", "2019-03-31": "3061.00000", "2018-12-31": "3290.00000", "2018-09-30": "2885.00000", "2018-06-30": "2758.00000", "2018-03-31": "2780.00000", "2017-12-31": "3067.00000", "2017-09-30": "2844.00000", "2017-06-30": "3087.00000", "2017-03-31": "2977.00000", "2016-12-31": "3084.00000", "2016-09-30": "2518.00000", "2016-06-30": "1514.00000", "2016-03-31": "1211.00000", "2015-12-31": "1587.00000", "2015-09-30": "1661.00000", "2015-06-30": "1504.00000", "2015-03-31": "1339.00000", "2014-12-31": "1379.00000", "2014-09-30": "1678.00000", "2014-06-30": "1501.00000", "2014-03-31": "1352.00000", "2013-12-31": "1313.00000", "2013-09-30": "1542.00000", "2013-06-30": "1399.00000", "2013-03-31": "1219.00000", "2012-12-31": "1179.00000", "2012-09-30": "1579.00000", "2012-06-30": "1402.00000", "2012-03-31": "1138.00000", "2011-12-31": "1330.00000", "2011-09-30": "1621.00000", "2011-06-30": "1503.00000", "2011-03-31": "1247.00000", "2010-12-31": "1400.00000", "2010-09-30": "1667.33100", "2010-06-30": "1506.50200", "2010-03-31": "1335.15100", "2009-12-31": "1303.00000", "2009-09-30": "1476.11400", "2009-06-30": "1457.74800", "2009-03-31": "1323.23800", "2008-12-31": "1329.00000", "2008-09-30": "1554.88600", "2008-06-30": "1556.11500", "2008-03-31": "1258.85600", "2007-12-31": "1326.00000", "2007-09-30": "1652.62700", "2007-06-30": "1281.83900", "2007-03-31": "1140.09000", "2006-12-31": "1238.00000", "2006-09-30": "1451.46700", "2006-06-30": "1237.74100", "2006-03-31": "1073.69200", "2005-12-31": "1240.00000", "2005-09-30": "1422.55000", "2005-06-30": "1197.22500", "2005-03-31": "958.58800"}, "Inventory": {"2020-09-30": "2028.00000", "2020-06-30": "2099.00000", "2020-03-31": "1982.00000", "2019-12-31": "1909.00000", "2019-09-30": "1849.00000", "2019-06-30": "1875.00000", "2019-03-31": "1904.00000", "2018-12-31": "1870.00000", "2018-09-30": "1808.00000", "2018-06-30": "1859.00000", "2018-03-31": "1995.00000", "2017-12-31": "2032.00000", "2017-09-30": "2070.00000", "2017-06-30": "2085.00000", "2017-03-31": "2164.00000", "2016-12-31": "2151.00000", "2016-09-30": "1932.00000", "2016-06-30": "2008.00000", "2016-03-31": "1922.00000", "2015-12-31": "1929.00000", "2015-09-30": "1737.00000", "2015-06-30": "1838.00000", "2015-03-31": "1905.00000", "2014-12-31": "1969.00000", "2014-09-30": "1835.00000", "2014-06-30": "1901.00000", "2014-03-31": "1861.00000", "2013-12-31": "2298.00000", "2013-09-30": "2308.00000", "2013-06-30": "2573.00000", "2013-03-31": "2723.00000", "2012-12-31": "2819.00000", "2012-09-30": "2530.00000", "2012-06-30": "2591.00000", "2012-03-31": "2483.00000", "2011-12-31": "2270.00000", "2011-09-30": "1930.00000", "2011-06-30": "2067.00000", "2011-03-31": "2178.00000", "2010-12-31": "2135.00000", "2010-09-30": "2031.13600", "2010-06-30": "2188.42500", "2010-03-31": "2111.74000", "2009-12-31": "2241.00000", "2009-09-30": "2168.65900", "2009-06-30": "2161.45900", "2009-03-31": "1944.46500", "2008-12-31": "1775.00000", "2008-09-30": "1581.52000", "2008-06-30": "1582.70000", "2008-03-31": "1502.66500", "2007-12-31": "1435.00000", "2007-09-30": "1433.58800", "2007-06-30": "1468.30900", "2007-03-31": "1390.70400", "2006-12-31": "1323.00000", "2006-09-30": "1272.92600", "2006-06-30": "1233.13300", "2006-03-31": "1157.93400", "2005-12-31": "1069.00000", "2005-09-30": "1003.22400", "2005-06-30": "1061.77200", "2005-03-31": "968.02600"}, "Pre-Paid Expenses": {"2020-09-30": "299.00000", "2020-06-30": "502.00000", "2020-03-31": "667.00000", "2019-12-31": "314.00000", "2019-09-30": "279.00000", "2019-06-30": "543.00000", "2019-03-31": "786.00000", "2018-12-31": "432.00000", "2018-09-30": "354.00000", "2018-06-30": "398.00000", "2018-03-31": "432.00000", "2017-12-31": "452.00000", "2017-09-30": "365.00000", "2017-06-30": "361.00000", "2017-03-31": "401.00000", "2016-12-31": "364.00000", "2016-09-30": "459.00000", "2016-06-30": "563.00000", "2016-03-31": "486.00000", "2015-12-31": "495.00000", "2015-09-30": "248.00000", "2015-06-30": "564.00000", "2015-03-31": "299.00000", "2014-12-31": "665.00000", "2014-09-30": "387.00000", "2014-06-30": "422.00000", "2014-03-31": "525.00000", "2013-12-31": "278.00000", "2013-09-30": "418.00000", "2013-06-30": "700.00000", "2013-03-31": "693.00000", "2012-12-31": "657.00000", "2012-09-30": "519.00000", "2012-06-30": "577.00000", "2012-03-31": "519.00000", "2011-12-31": "385.00000", "2011-09-30": "319.00000", "2011-06-30": "360.00000", "2011-03-31": "435.00000", "2010-12-31": "784.00000", "2010-09-30": "529.82300", "2010-06-30": "479.87800", "2010-03-31": "439.41400", "2009-12-31": "508.00000", "2009-09-30": "372.95100", "2009-06-30": "364.46300", "2009-03-31": "337.89800", "2008-12-31": "302.00000", "2008-09-30": "258.02200", "2008-06-30": "297.99900", "2008-03-31": "216.91100", "2007-12-31": "146.00000", "2007-09-30": "167.97400", "2007-06-30": "227.07800", "2007-03-31": "227.14700", "2006-12-31": "128.00000", "2006-09-30": "192.29500", "2006-06-30": "188.49900", "2006-03-31": "191.98600", "2005-12-31": "129.00000", "2005-09-30": "130.06700", "2005-06-30": "140.77000", "2005-03-31": "171.53300"}, "Other Current Assets": {"2020-09-30": "2355.00000", "2020-06-30": "2243.00000", "2020-03-31": "2216.00000", "2019-12-31": "2809.00000", "2019-09-30": "2064.00000", "2019-06-30": "1830.00000", "2019-03-31": "1597.00000", "2018-12-31": "2595.00000", "2018-09-30": "2490.00000", "2018-06-30": "4624.00000", "2018-03-31": "2033.00000", "2017-12-31": "2391.00000", "2017-09-30": "2082.00000", "2017-06-30": "1871.00000", "2017-03-31": "1791.00000", "2016-12-31": "2148.00000", "2016-09-30": "1902.00000", "2016-06-30": "1023.00000", "2016-03-31": "907.00000", "2015-12-31": "1111.00000", "2015-09-30": "1080.00000", "2015-06-30": "1210.00000", "2015-03-31": "961.00000", "2014-12-31": "964.00000", "2014-09-30": "774.00000", "2014-06-30": "798.00000", "2014-03-31": "641.00000", "2013-12-31": "752.00000", "2013-09-30": "671.00000", "2013-06-30": "732.00000", "2013-03-31": "591.00000", "2012-12-31": "707.00000", "2012-09-30": "644.00000", "2012-06-30": "791.00000", "2012-03-31": "689.00000", "2011-12-31": "804.00000", "2011-09-30": "950.00000", "2011-06-30": "972.00000", "2011-03-31": "813.00000", "2010-12-31": "898.00000", "2010-09-30": "959.48400", "2010-06-30": "906.01400", "2010-03-31": "813.46400", "2009-12-31": "943.00000", "2009-09-30": "1055.88400", "2009-06-30": "1392.36100", "2009-03-31": "1404.77700", "2008-12-31": "1292.00000", "2008-09-30": "1458.62500", "2008-06-30": "1562.14400", "2008-03-31": "1432.35100", "2007-12-31": "1421.00000", "2007-09-30": "1472.15100", "2007-06-30": "1388.93800", "2007-03-31": "982.19900", "2006-12-31": "1042.00000", "2006-09-30": "1330.11400", "2006-06-30": "1280.75300", "2006-03-31": "1370.54500", "2005-12-31": "1448.00000", "2005-09-30": "1374.23700", "2005-06-30": "844.18000", "2005-03-31": "1015.20500"}, "Total Current Assets": {"2020-09-30": "10574.00000", "2020-06-30": "9069.00000", "2020-03-31": "9430.00000", "2019-12-31": "9817.00000", "2019-09-30": "9917.00000", "2019-06-30": "8352.00000", "2019-03-31": "8709.00000", "2018-12-31": "9583.00000", "2018-09-30": "9384.00000", "2018-06-30": "11619.00000", "2018-03-31": "9524.00000", "2017-12-31": "10072.00000", "2017-09-30": "9202.00000", "2017-06-30": "8837.00000", "2017-03-31": "8427.00000", "2016-12-31": "9722.00000", "2016-09-30": "9658.00000", "2016-06-30": "15149.00000", "2016-03-31": "5461.00000", "2015-12-31": "6526.00000", "2015-09-30": "6270.00000", "2015-06-30": "6605.00000", "2015-03-31": "6372.00000", "2014-12-31": "5864.00000", "2014-09-30": "6258.00000", "2014-06-30": "5376.00000", "2014-03-31": "5140.00000", "2013-12-31": "5614.00000", "2013-09-30": "5785.00000", "2013-06-30": "6001.00000", "2013-03-31": "5932.00000", "2012-12-31": "6162.00000", "2012-09-30": "6696.00000", "2012-06-30": "6373.00000", "2012-03-31": "6041.00000", "2011-12-31": "6272.00000", "2011-09-30": "6495.00000", "2011-06-30": "5502.00000", "2011-03-31": "5240.00000", "2010-12-31": "5883.00000", "2010-09-30": "6609.45200", "2010-06-30": "5524.26200", "2010-03-31": "5220.13100", "2009-12-31": "5873.00000", "2009-09-30": "5881.93300", "2009-06-30": "6389.37000", "2009-03-31": "5948.74800", "2008-12-31": "5358.00000", "2008-09-30": "5824.70100", "2008-06-30": "5368.61600", "2008-03-31": "4826.00000", "2007-12-31": "4732.00000", "2007-09-30": "5435.85400", "2007-06-30": "4754.10800", "2007-03-31": "4024.33800", "2006-12-31": "4019.00000", "2006-09-30": "4782.53800", "2006-06-30": "4320.38200", "2006-03-31": "4212.01600", "2005-12-31": "4205.00000", "2005-09-30": "4452.18800", "2005-06-30": "3585.99700", "2005-03-31": "3600.14800"}, "Property, Plant, And Equipment": {"2020-09-30": "86397.00000", "2020-06-30": "85029.00000", "2020-03-31": "83965.00000", "2019-12-31": "83080.00000", "2019-09-30": "81713.00000", "2019-06-30": "81174.00000", "2019-03-31": "81637.00000", "2018-12-31": "80797.00000", "2018-09-30": "78432.00000", "2018-06-30": "77192.00000", "2018-03-31": "80947.00000", "2017-12-31": "79872.00000", "2017-09-30": "79741.00000", "2017-06-30": "78686.00000", "2017-03-31": "79811.00000", "2016-12-31": "78446.00000", "2016-09-30": "75554.00000", "2016-06-30": "63893.00000", "2016-03-31": "62552.00000", "2015-12-31": "61114.00000", "2015-09-30": "58243.00000", "2015-06-30": "57007.00000", "2015-03-31": "55475.00000", "2014-12-31": "54868.00000", "2014-09-30": "53167.00000", "2014-06-30": "52764.00000", "2014-03-31": "51573.00000", "2013-12-31": "51208.00000", "2013-09-30": "50200.00000", "2013-06-30": "49317.00000", "2013-03-31": "48687.00000", "2012-12-31": "48390.00000", "2012-09-30": "47274.00000", "2012-06-30": "46566.00000", "2012-03-31": "45855.00000", "2011-12-31": "45010.00000", "2011-09-30": "43797.00000", "2011-06-30": "43279.00000", "2011-03-31": "42701.00000", "2010-12-31": "42002.00000", "2010-09-30": "41199.71000", "2010-06-30": "40630.49000", "2010-03-31": "39998.40000", "2009-12-31": "39230.00000", "2009-09-30": "38141.78000", "2009-06-30": "37497.95000", "2009-03-31": "36767.73000", "2008-12-31": "35878.00000", "2008-09-30": "35112.10000", "2008-06-30": "34562.57000", "2008-03-31": "34003.36000", "2007-12-31": "33327.00000", "2007-09-30": "32585.05000", "2007-06-30": "32022.09000", "2007-03-31": "31522.68000", "2006-12-31": "31092.00000", "2006-09-30": "30575.65000", "2006-06-30": "29961.46000", "2006-03-31": "29641.96000", "2005-12-31": "29480.00000", "2005-09-30": "29072.82000", "2005-06-30": "28895.24000", "2005-03-31": "28539.23000"}, "Long-Term Investments": {"2020-09-30": "2414.00000", "2020-06-30": "2389.00000", "2020-03-31": "2588.00000", "2019-12-31": "2482.00000", "2019-09-30": "2733.00000", "2019-06-30": "2875.00000", "2019-03-31": "2767.00000", "2018-12-31": "2647.00000", "2018-09-30": "2621.00000", "2018-06-30": "2581.00000", "2018-03-31": "2573.00000", "2017-12-31": "2537.00000", "2017-09-30": "2661.00000", "2017-06-30": "2644.00000", "2017-03-31": "2688.00000", "2016-12-31": "2593.00000", "2016-09-30": "2559.00000", "2016-06-30": "993.00000", "2016-03-31": "1249.00000", "2015-12-31": "921.00000", "2015-09-30": "1241.00000", "2015-06-30": "983.00000", "2015-03-31": "953.00000", "2014-12-31": "946.00000", "2014-09-30": "925.00000", "2014-06-30": "905.00000", "2014-03-31": "894.00000", "2013-12-31": "883.00000", "2013-09-30": "878.00000", "2013-06-30": "872.00000", "2013-03-31": "865.00000", "2012-12-31": "886.00000", "2012-09-30": "878.00000", "2012-06-30": "920.00000", "2012-03-31": "914.00000", "2011-12-31": "911.00000", "2011-09-30": "897.00000", "2011-06-30": "911.00000", "2011-03-31": "897.00000", "2010-12-31": "901.00000", "2010-09-30": "899.68900", "2010-06-30": "900.97200", "2010-03-31": "901.37800", "2009-12-31": "893.00000", "2009-09-30": "834.75900", "2009-06-30": "826.76500", "2009-03-31": "1129.87400", "2008-12-31": "1124.00000", "2008-09-30": "1154.11400", "2008-06-30": "1135.57800", "2008-03-31": "1217.94800", "2007-12-31": "1222.00000", "2007-09-30": "1236.07500", "2007-06-30": "1226.20200", "2007-03-31": "1246.94100", "2006-12-31": "1435.00000", "2006-09-30": "1447.21300", "2006-06-30": "1426.44900", "2006-03-31": "1413.19700", "2005-12-31": "1419.00000", "2005-09-30": "1419.57300", "2005-06-30": "1401.59900", "2005-03-31": "1356.69400"}, "Goodwill And Intangible Assets": {"2020-09-30": "5779.00000", "2020-06-30": "5791.00000", "2020-03-31": "5803.00000", "2019-12-31": "5816.00000", "2019-09-30": "5830.00000", "2019-06-30": "5832.00000", "2019-03-31": "5869.00000", "2018-12-31": "5928.00000", "2018-09-30": "5989.00000", "2018-06-30": "6017.00000", "2018-03-31": "7074.00000", "2017-12-31": "7141.00000", "2017-09-30": "7169.00000", "2017-06-30": "7200.00000", "2017-03-31": "7186.00000", "2016-12-31": "7221.00000", "2016-09-30": "7165.00000", "2016-06-30": "754.00000", "2016-03-31": "", "2015-12-31": "319.00000", "2015-09-30": "", "2015-06-30": "", "2015-03-31": "", "2014-12-31": "", "2014-09-30": "", "2014-06-30": "", "2014-03-31": "", "2013-12-31": "", "2013-09-30": "", "2013-06-30": "", "2013-03-31": "", "2012-12-31": "", "2012-09-30": "", "2012-06-30": "", "2012-03-31": "", "2011-12-31": "", "2011-09-30": "", "2011-06-30": "", "2011-03-31": "", "2010-12-31": "", "2010-09-30": "", "2010-06-30": "", "2010-03-31": "", "2009-12-31": "", "2009-09-30": "", "2009-06-30": "", "2009-03-31": "", "2008-12-31": "", "2008-09-30": "", "2008-06-30": "", "2008-03-31": "", "2007-12-31": "", "2007-09-30": "", "2007-06-30": "", "2007-03-31": "", "2006-12-31": "", "2006-09-30": "", "2006-06-30": "", "2006-03-31": "", "2005-12-31": "", "2005-09-30": "", "2005-06-30": "", "2005-03-31": ""}, "Other Long-Term Assets": {"2020-09-30": "", "2020-06-30": "", "2020-03-31": "", "2019-12-31": "601.00000", "2019-09-30": "631.00000", "2019-06-30": "685.00000", "2019-03-31": "763.00000", "2018-12-31": "5350.00000", "2018-09-30": "4667.00000", "2018-06-30": "4618.00000", "2018-03-31": "", "2017-12-31": "", "2017-09-30": "", "2017-06-30": "", "2017-03-31": "", "2016-12-31": "", "2016-09-30": "", "2016-06-30": "", "2016-03-31": "", "2015-12-31": "", "2015-09-30": "", "2015-06-30": "", "2015-03-31": "", "2014-12-31": "", "2014-09-30": "", "2014-06-30": "", "2014-03-31": "", "2013-12-31": "", "2013-09-30": "", "2013-06-30": "", "2013-03-31": "", "2012-12-31": "", "2012-09-30": "", "2012-06-30": "", "2012-03-31": "", "2011-12-31": "", "2011-09-30": "", "2011-06-30": "", "2011-03-31": "", "2010-12-31": "", "2010-09-30": "", "2010-06-30": "", "2010-03-31": "", "2009-12-31": "", "2009-09-30": "", "2009-06-30": "", "2009-03-31": "", "2008-12-31": "", "2008-09-30": "", "2008-06-30": "", "2008-03-31": "", "2007-12-31": "", "2007-09-30": "", "2007-06-30": "", "2007-03-31": "", "2006-12-31": "", "2006-09-30": "", "2006-06-30": "", "2006-03-31": "", "2005-12-31": "", "2005-09-30": "", "2005-06-30": "", "2005-03-31": ""}, "Total Long-Term Assets": {"2020-09-30": "110793.00000", "2020-06-30": "108886.00000", "2020-03-31": "107652.00000", "2019-12-31": "107083.00000", "2019-09-30": "105856.00000", "2019-06-30": "104653.00000", "2019-03-31": "103506.00000", "2018-12-31": "107331.00000", "2018-09-30": "102333.00000", "2018-06-30": "101158.00000", "2018-03-31": "102043.00000", "2017-12-31": "100933.00000", "2017-09-30": "101113.00000", "2017-06-30": "99847.00000", "2017-03-31": "101333.00000", "2016-12-31": "99975.00000", "2016-09-30": "96704.00000", "2016-06-30": "75724.00000", "2016-03-31": "73274.00000", "2015-12-31": "71792.00000", "2015-09-30": "68945.00000", "2015-06-30": "67576.00000", "2015-03-31": "65238.00000", "2014-12-31": "64369.00000", "2014-09-30": "61396.00000", "2014-06-30": "61024.00000", "2014-03-31": "59698.00000", "2013-12-31": "58932.00000", "2013-09-30": "58912.00000", "2013-06-30": "57960.00000", "2013-03-31": "57342.00000", "2012-12-31": "56987.00000", "2012-09-30": "55267.00000", "2012-06-30": "54524.00000", "2012-03-31": "53833.00000", "2011-12-31": "52995.00000", "2011-09-30": "50848.00000", "2011-06-30": "50521.00000", "2011-03-31": "49779.00000", "2010-12-31": "49149.00000", "2010-09-30": "48285.33000", "2010-06-30": "47850.23000", "2010-03-31": "47359.92000", "2009-12-31": "46173.00000", "2009-09-30": "44642.27000", "2009-06-30": "44027.68000", "2009-03-31": "43608.37000", "2008-12-31": "42989.00000", "2008-09-30": "43187.65000", "2008-06-30": "42489.64000", "2008-03-31": "41769.75000", "2007-12-31": "41057.00000", "2007-09-30": "39872.36000", "2007-06-30": "39390.64000", "2007-03-31": "39081.09000", "2006-12-31": "38839.00000", "2006-09-30": "37253.18000", "2006-06-30": "36480.84000", "2006-03-31": "35765.39000", "2005-12-31": "35672.00000", "2005-09-30": "34931.52000", "2005-06-30": "34484.15000", "2005-03-31": "33689.80000"}, "Total Assets": {"2020-09-30": "123158.00000", "2020-06-30": "119731.00000", "2020-03-31": "118852.00000", "2019-12-31": "118700.00000", "2019-09-30": "117591.00000", "2019-06-30": "114867.00000", "2019-03-31": "114096.00000", "2018-12-31": "116914.00000", "2018-09-30": "111717.00000", "2018-06-30": "112777.00000", "2018-03-31": "111567.00000", "2017-12-31": "111005.00000", "2017-09-30": "110315.00000", "2017-06-30": "108684.00000", "2017-03-31": "109760.00000", "2016-12-31": "109697.00000", "2016-09-30": "106362.00000", "2016-06-30": "90873.00000", "2016-03-31": "78735.00000", "2015-12-31": "78318.00000", "2015-09-30": "75215.00000", "2015-06-30": "74181.00000", "2015-03-31": "71610.00000", "2014-12-31": "70233.00000", "2014-09-30": "67654.00000", "2014-06-30": "66400.00000", "2014-03-31": "64838.00000", "2013-12-31": "64546.00000", "2013-09-30": "64697.00000", "2013-06-30": "63961.00000", "2013-03-31": "63274.00000", "2012-12-31": "63149.00000", "2012-09-30": "61963.00000", "2012-06-30": "60897.00000", "2012-03-31": "59874.00000", "2011-12-31": "59267.00000", "2011-09-30": "57343.00000", "2011-06-30": "56023.00000", "2011-03-31": "55019.00000", "2010-12-31": "55032.00000", "2010-09-30": "54894.78000", "2010-06-30": "53374.49000", "2010-03-31": "52580.05000", "2009-12-31": "52046.00000", "2009-09-30": "50524.21000", "2009-06-30": "50417.05000", "2009-03-31": "49557.11000", "2008-12-31": "48347.00000", "2008-09-30": "49012.35000", "2008-06-30": "47858.25000", "2008-03-31": "46595.75000", "2007-12-31": "45789.00000", "2007-09-30": "45308.21000", "2007-06-30": "44144.75000", "2007-03-31": "43105.43000", "2006-12-31": "42858.00000", "2006-09-30": "42035.72000", "2006-06-30": "40801.21000", "2006-03-31": "39977.40000", "2005-12-31": "39877.00000", "2005-09-30": "39383.70000", "2005-06-30": "38070.14000", "2005-03-31": "37289.95000"}, "Total Current Liabilities": {"2020-09-30": "11750.00000", "2020-06-30": "9334.00000", "2020-03-31": "9553.00000", "2019-12-31": "12546.00000", "2019-09-30": "10534.00000", "2019-06-30": "10999.00000", "2019-03-31": "9919.00000", "2018-12-31": "14286.00000", "2018-09-30": "12965.00000", "2018-06-30": "14366.00000", "2018-03-31": "13630.00000", "2017-12-31": "13594.00000", "2017-09-30": "12603.00000", "2017-06-30": "12751.00000", "2017-03-31": "12284.00000", "2016-12-31": "12917.00000", "2016-09-30": "10567.00000", "2016-06-30": "8514.00000", "2016-03-31": "7856.00000", "2015-12-31": "9129.00000", "2015-09-30": "9689.00000", "2015-06-30": "8694.00000", "2015-03-31": "9185.00000", "2014-12-31": "8961.00000", "2014-09-30": "6890.00000", "2014-06-30": "5974.00000", "2014-03-31": "4835.00000", "2013-12-31": "5525.00000", "2013-09-30": "5704.00000", "2013-06-30": "7346.00000", "2013-03-31": "6439.00000", "2012-12-31": "7014.00000", "2012-09-30": "6569.00000", "2012-06-30": "6088.00000", "2012-03-31": "6317.00000", "2011-12-31": "6577.00000", "2011-09-30": "5657.00000", "2011-06-30": "5699.00000", "2011-03-31": "6037.00000", "2010-12-31": "6472.00000", "2010-09-30": "5994.41200", "2010-06-30": "5935.45000", "2010-03-31": "5515.90300", "2009-12-31": "5584.00000", "2009-09-30": "5176.01400", "2009-06-30": "5662.76200", "2009-03-31": "5458.29700", "2008-12-31": "5226.00000", "2008-09-30": "5890.68500", "2008-06-30": "5705.94800", "2008-03-31": "5442.61100", "2007-12-31": "5631.00000", "2007-09-30": "6116.64000", "2007-06-30": "5440.70500", "2007-03-31": "5495.82700", "2006-12-31": "6353.00000", "2006-09-30": "5984.60400", "2006-06-30": "5400.19500", "2006-03-31": "4938.10600", "2005-12-31": "5240.00000", "2005-09-30": "4943.94500", "2005-06-30": "4290.93400", "2005-03-31": "3720.69800"}, "Long Term Debt": {"2020-09-30": "45581.00000", "2020-06-30": "45138.00000", "2020-03-31": "44235.00000", "2019-12-31": "41798.00000", "2019-09-30": "42098.00000", "2019-06-30": "39682.00000", "2019-03-31": "40457.00000", "2018-12-31": "40736.00000", "2018-09-30": "41425.00000", "2018-06-30": "42483.00000", "2018-03-31": "44446.00000", "2017-12-31": "44462.00000", "2017-09-30": "44042.00000", "2017-06-30": "43885.00000", "2017-03-31": "42786.00000", "2016-12-31": "42629.00000", "2016-09-30": "41550.00000", "2016-06-30": "35368.00000", "2016-03-31": "26091.00000", "2015-12-31": "24688.00000", "2015-09-30": "22326.00000", "2015-06-30": "22674.00000", "2015-03-31": "21093.00000", "2014-12-31": "20644.00000", "2014-09-30": "21699.00000", "2014-06-30": "22121.00000", "2014-03-31": "22288.00000", "2013-12-31": "21344.00000", "2013-09-30": "21053.00000", "2013-06-30": "19943.00000", "2013-03-31": "20223.00000", "2012-12-31": "19274.00000", "2012-09-30": "18955.00000", "2012-06-30": "19459.00000", "2012-03-31": "19051.00000", "2011-12-31": "18647.00000", "2011-09-30": "18733.00000", "2011-06-30": "18554.00000", "2011-03-31": "18133.00000", "2010-12-31": "18154.00000", "2010-09-30": "18198.22000", "2010-06-30": "18134.55000", "2010-03-31": "18097.95000", "2009-12-31": "18131.00000", "2009-09-30": "18010.23000", "2009-06-30": "17921.41000", "2009-03-31": "17805.96000", "2008-12-31": "16816.00000", "2008-09-30": "15781.76000", "2008-06-30": "15582.93000", "2008-03-31": "14887.51000", "2007-12-31": "14143.00000", "2007-09-30": "13817.04000", "2007-06-30": "14073.62000", "2007-03-31": "13359.86000", "2006-12-31": "12503.00000", "2006-09-30": "12882.75000", "2006-06-30": "13190.16000", "2006-03-31": "13234.03000", "2005-12-31": "12846.00000", "2005-09-30": "12854.91000", "2005-06-30": "12688.45000", "2005-03-31": "12616.10000"}, "Other Non-Current Liabilities": {"2020-09-30": "13357.00000", "2020-06-30": "13178.00000", "2020-03-31": "12846.00000", "2019-12-31": "12620.00000", "2019-09-30": "12878.00000", "2019-06-30": "12607.00000", "2019-03-31": "12231.00000", "2018-12-31": "15025.00000", "2018-09-30": "11858.00000", "2018-06-30": "11962.00000", "2018-03-31": "8465.00000", "2017-12-31": "8476.00000", "2017-09-30": "8561.00000", "2017-06-30": "8440.00000", "2017-03-31": "8392.00000", "2016-12-31": "8419.00000", "2016-09-30": "8733.00000", "2016-06-30": "6722.00000", "2016-03-31": "6087.00000", "2015-12-31": "6048.00000", "2015-09-30": "5533.00000", "2015-06-30": "5470.00000", "2015-03-31": "4418.00000", "2014-12-31": "4374.00000", "2014-09-30": "4589.00000", "2014-06-30": "4468.00000", "2014-03-31": "4351.00000", "2013-12-31": "4345.00000", "2013-09-30": "4170.00000", "2013-06-30": "3911.00000", "2013-03-31": "3972.00000", "2012-12-31": "3899.00000", "2012-09-30": "3577.00000", "2012-06-30": "3463.00000", "2012-03-31": "3421.00000", "2011-12-31": "3297.00000", "2011-09-30": "3215.00000", "2011-06-30": "3259.00000", "2011-03-31": "3296.00000", "2010-12-31": "3244.00000", "2010-09-30": "3248.55200", "2010-06-30": "2977.37900", "2010-03-31": "3058.67600", "2009-12-31": "2916.00000", "2009-09-30": "2825.91500", "2009-06-30": "3081.73100", "2009-03-31": "3132.21800", "2008-12-31": "3096.00000", "2008-09-30": "4561.73600", "2008-06-30": "4574.59500", "2008-03-31": "4522.22900", "2007-12-31": "4468.00000", "2007-09-30": "3961.56800", "2007-06-30": "3881.54500", "2007-03-31": "3795.35500", "2006-12-31": "3537.00000", "2006-09-30": "3061.87400", "2006-06-30": "2980.37300", "2006-03-31": "2990.69900", "2005-12-31": "3002.00000", "2005-09-30": "2906.30800", "2005-06-30": "2874.15600", "2005-03-31": "2914.16500"}, "Total Long Term Liabilities": {"2020-09-30": "78617.00000", "2020-06-30": "78145.00000", "2020-03-31": "77092.00000", "2019-12-31": "74104.00000", "2019-09-30": "74975.00000", "2019-06-30": "72446.00000", "2019-03-31": "73199.00000", "2018-12-31": "73298.00000", "2018-09-30": "70363.00000", "2018-06-30": "71395.00000", "2018-03-31": "71588.00000", "2017-12-31": "71559.00000", "2017-09-30": "71412.00000", "2017-06-30": "70574.00000", "2017-03-31": "70362.00000", "2016-12-31": "70050.00000", "2016-09-30": "69497.00000", "2016-06-30": "58795.00000", "2016-03-31": "48577.00000", "2015-12-31": "47089.00000", "2015-09-30": "43485.00000", "2015-06-30": "44223.00000", "2015-03-31": "41056.00000", "2014-12-31": "39971.00000", "2014-09-30": "39776.00000", "2014-06-30": "39869.00000", "2014-03-31": "39802.00000", "2013-12-31": "38882.00000", "2013-09-30": "39084.00000", "2013-06-30": "37444.00000", "2013-03-31": "37716.00000", "2012-12-31": "36756.00000", "2012-09-30": "35673.00000", "2012-06-30": "35603.00000", "2012-03-31": "34776.00000", "2011-12-31": "34030.00000", "2011-09-30": "33346.00000", "2011-06-30": "32635.00000", "2011-03-31": "31810.00000", "2010-12-31": "31276.00000", "2010-09-30": "31938.09000", "2010-06-30": "31198.75000", "2010-03-31": "31161.96000", "2009-12-31": "30877.00000", "2009-09-30": "30278.78000", "2009-06-30": "30263.25000", "2009-03-31": "30138.74000", "2008-12-31": "29138.00000", "2008-09-30": "28635.74000", "2008-06-30": "28299.97000", "2008-03-31": "27507.96000", "2007-12-31": "26693.00000", "2007-09-30": "26077.99000", "2007-06-30": "26170.98000", "2007-03-31": "25382.90000", "2006-12-31": "24390.00000", "2006-09-30": "24168.45000", "2006-06-30": "23959.09000", "2006-03-31": "23719.96000", "2005-12-31": "23352.00000", "2005-09-30": "23063.02000", "2005-06-30": "22669.33000", "2005-03-31": "22600.75000"}, "Total Liabilities": {"2020-09-30": "90367.00000", "2020-06-30": "87479.00000", "2020-03-31": "86645.00000", "2019-12-31": "86650.00000", "2019-09-30": "85509.00000", "2019-06-30": "83445.00000", "2019-03-31": "83118.00000", "2018-12-31": "87584.00000", "2018-09-30": "83328.00000", "2018-06-30": "85761.00000", "2018-03-31": "85218.00000", "2017-12-31": "85153.00000", "2017-09-30": "84015.00000", "2017-06-30": "83325.00000", "2017-03-31": "82646.00000", "2016-12-31": "82967.00000", "2016-09-30": "80064.00000", "2016-06-30": "67309.00000", "2016-03-31": "56433.00000", "2015-12-31": "56218.00000", "2015-09-30": "53174.00000", "2015-06-30": "52917.00000", "2015-03-31": "50241.00000", "2014-12-31": "48932.00000", "2014-09-30": "46666.00000", "2014-06-30": "45843.00000", "2014-03-31": "44637.00000", "2013-12-31": "44407.00000", "2013-09-30": "44788.00000", "2013-06-30": "44790.00000", "2013-03-31": "44155.00000", "2012-12-31": "43770.00000", "2012-09-30": "42242.00000", "2012-06-30": "41691.00000", "2012-03-31": "41093.00000", "2011-12-31": "40607.00000", "2011-09-30": "39003.00000", "2011-06-30": "38334.00000", "2011-03-31": "37847.00000", "2010-12-31": "37748.00000", "2010-09-30": "37932.50000", "2010-06-30": "37134.20000", "2010-03-31": "36677.87000", "2009-12-31": "36461.00000", "2009-09-30": "35454.79000", "2009-06-30": "35926.01000", "2009-03-31": "35597.04000", "2008-12-31": "34364.00000", "2008-09-30": "34526.43000", "2008-06-30": "34005.92000", "2008-03-31": "32950.57000", "2007-12-31": "32324.00000", "2007-09-30": "32194.63000", "2007-06-30": "31611.69000", "2007-03-31": "30878.72000", "2006-12-31": "30743.00000", "2006-09-30": "30153.05000", "2006-06-30": "29359.29000", "2006-03-31": "28658.06000", "2005-12-31": "28592.00000", "2005-09-30": "28006.97000", "2005-06-30": "26960.26000", "2005-03-31": "26321.44000"}, "Common Stock Net": {"2020-09-30": "5267.00000", "2020-06-30": "5266.00000", "2020-03-31": "5266.00000", "2019-12-31": "5257.00000", "2019-09-30": "5234.00000", "2019-06-30": "5217.00000", "2019-03-31": "5192.00000", "2018-12-31": "5164.00000", "2018-09-30": "5140.00000", "2018-06-30": "5066.00000", "2018-03-31": "5054.00000", "2017-12-31": "5038.00000", "2017-09-30": "5018.00000", "2017-06-30": "4997.00000", "2017-03-31": "4973.00000", "2016-12-31": "4952.00000", "2016-09-30": "4900.00000", "2016-06-30": "4708.00000", "2016-03-31": "4604.00000", "2015-12-31": "4572.00000", "2015-09-30": "4558.00000", "2015-06-30": "4555.00000", "2015-03-31": "4555.00000", "2014-12-31": "4539.00000", "2014-09-30": "4500.00000", "2014-06-30": "4480.00000", "2014-03-31": "4467.00000", "2013-12-31": "4461.00000", "2013-09-30": "4447.00000", "2013-06-30": "4417.00000", "2013-03-31": "4400.00000", "2012-12-31": "4389.00000", "2012-09-30": "4386.00000", "2012-06-30": "4377.00000", "2012-03-31": "4346.00000", "2011-12-31": "4328.00000", "2011-09-30": "4312.00000", "2011-06-30": "4291.00000", "2011-03-31": "4248.00000", "2010-12-31": "4219.00000", "2010-09-30": "4195.66600", "2010-06-30": "4155.67600", "2010-03-31": "4125.13300", "2009-12-31": "4101.00000", "2009-09-30": "4003.44600", "2009-06-30": "3982.52100", "2009-03-31": "3914.29400", "2008-12-31": "3888.00000", "2008-09-30": "3874.89800", "2008-06-30": "3853.03900", "2008-03-31": "3838.06800", "2007-12-31": "3817.00000", "2007-09-30": "3799.32000", "2007-06-30": "3783.98100", "2007-03-31": "3760.82000", "2006-12-31": "3759.00000", "2006-09-30": "3759.31300", "2006-06-30": "3759.30500", "2006-03-31": "3759.29700", "2005-12-31": "3759.00000", "2005-09-30": "3757.59800", "2005-06-30": "3744.47700", "2005-03-31": "3722.87000"}, "Retained Earnings (Accumulated Deficit)": {"2020-09-30": "11600.00000", "2020-06-30": "11024.00000", "2020-03-31": "11088.00000", "2019-12-31": "10877.00000", "2019-09-30": "11087.00000", "2019-06-30": "10420.00000", "2019-03-31": "10167.00000", "2018-12-31": "8706.00000", "2018-09-30": "9048.00000", "2018-06-30": "8494.00000", "2018-03-31": "9257.00000", "2017-12-31": "8885.00000", "2017-09-30": "8981.00000", "2017-06-30": "8494.00000", "2017-03-31": "10459.00000", "2016-12-31": "10356.00000", "2016-09-30": "10685.00000", "2016-06-30": "10085.00000", "2016-03-31": "9999.00000", "2015-12-31": "10010.00000", "2015-09-30": "10233.00000", "2015-06-30": "9767.00000", "2015-03-31": "9639.00000", "2014-12-31": "9609.00000", "2014-09-30": "9800.00000", "2014-06-30": "9553.00000", "2014-03-31": "9410.00000", "2013-12-31": "9510.00000", "2013-09-30": "9543.00000", "2013-06-30": "9135.00000", "2013-03-31": "9281.00000", "2012-12-31": "9626.00000", "2012-09-30": "9670.00000", "2012-06-30": "9122.00000", "2012-03-31": "8926.00000", "2011-12-31": "8968.00000", "2011-09-30": "9116.00000", "2011-06-30": "8605.00000", "2011-03-31": "8404.00000", "2010-12-31": "8366.00000", "2010-09-30": "8594.86100", "2010-06-30": "8156.34600", "2010-03-31": "8021.81000", "2009-12-31": "7885.00000", "2009-09-30": "7987.89300", "2009-06-30": "7546.42400", "2009-03-31": "7411.08700", "2008-12-31": "7612.00000", "2008-09-30": "7752.18200", "2008-06-30": "7295.43100", "2008-03-31": "7201.51100", "2007-12-31": "7155.00000", "2007-09-30": "7256.37800", "2007-06-30": "6799.00900", "2007-03-31": "6673.42300", "2006-12-31": "6765.00000", "2006-09-30": "6865.15300", "2006-06-30": "6414.93000", "2006-03-31": "6317.29800", "2005-12-31": "6332.00000", "2005-09-30": "6449.47700", "2005-06-30": "6004.77500", "2005-03-31": "5895.56500"}, "Comprehensive Income": {"2020-09-30": "-344.00000", "2020-06-30": "-363.00000", "2020-03-31": "-367.00000", "2019-12-31": "-321.00000", "2019-09-30": "-279.00000", "2019-06-30": "-238.00000", "2019-03-31": "-203.00000", "2018-12-31": "-203.00000", "2018-09-30": "-177.00000", "2018-06-30": "-188.00000", "2018-03-31": "-200.00000", "2017-12-31": "-189.00000", "2017-09-30": "-182.00000", "2017-06-30": "-191.00000", "2017-03-31": "-189.00000", "2016-12-31": "-180.00000", "2016-09-30": "-225.00000", "2016-06-30": "-247.00000", "2016-03-31": "-244.00000", "2015-12-31": "-130.00000", "2015-09-30": "-136.00000", "2015-06-30": "-121.00000", "2015-03-31": "-143.00000", "2014-12-31": "-128.00000", "2014-09-30": "-70.00000", "2014-06-30": "-71.00000", "2014-03-31": "-73.00000", "2013-12-31": "-75.00000", "2013-09-30": "-111.00000", "2013-06-30": "-114.00000", "2013-03-31": "-119.00000", "2012-12-31": "-123.00000", "2012-09-30": "-112.00000", "2012-06-30": "-112.00000", "2012-03-31": "-105.00000", "2011-12-31": "-111.00000", "2011-09-30": "-81.00000", "2011-06-30": "-62.00000", "2011-03-31": "-66.00000", "2010-12-31": "-70.00000", "2010-09-30": "-71.74700", "2010-06-30": "-74.46000", "2010-03-31": "-78.54000", "2009-12-31": "-88.00000", "2009-09-30": "-84.43300", "2009-06-30": "-88.61200", "2009-03-31": "-96.45500", "2008-12-31": "-105.00000", "2008-09-30": "-22.48100", "2008-06-30": "-44.25900", "2008-03-31": "-51.87600", "2007-12-31": "-30.00000", "2007-09-30": "-38.19000", "2007-06-30": "-31.24300", "2007-03-31": "-56.00600", "2006-12-31": "-57.00000", "2006-09-30": "-124.38400", "2006-06-30": "-97.75300", "2006-03-31": "-113.60400", "2005-12-31": "-128.00000", "2005-09-30": "-121.33300", "2005-06-30": "-150.08700", "2005-03-31": "-130.17600"}, "Other Share Holders Equity": {"2020-09-30": "", "2020-06-30": "", "2020-03-31": "", "2019-12-31": "", "2019-09-30": "", "2019-06-30": "", "2019-03-31": "", "2018-12-31": "", "2018-09-30": "", "2018-06-30": "", "2018-03-31": "", "2017-12-31": "", "2017-09-30": "", "2017-06-30": "", "2017-03-31": "", "2016-12-31": "", "2016-09-30": "", "2016-06-30": "", "2016-03-31": "", "2015-12-31": "", "2015-09-30": "", "2015-06-30": "", "2015-03-31": "", "2014-12-31": "", "2014-09-30": "", "2014-06-30": "", "2014-03-31": "", "2013-12-31": "", "2013-09-30": "", "2013-06-30": "", "2013-03-31": "", "2012-12-31": "", "2012-09-30": "", "2012-06-30": "", "2012-03-31": "", "2011-12-31": "", "2011-09-30": "", "2011-06-30": "", "2011-03-31": "", "2010-12-31": "", "2010-09-30": "", "2010-06-30": "", "2010-03-31": "", "2009-12-31": "", "2009-09-30": "", "2009-06-30": "", "2009-03-31": "", "2008-12-31": "", "2008-09-30": "", "2008-06-30": "", "2008-03-31": "", "2007-12-31": "", "2007-09-30": "", "2007-06-30": "", "2007-03-31": "", "2006-12-31": "", "2006-09-30": "", "2006-06-30": "", "2006-03-31": "", "2005-12-31": "", "2005-09-30": "", "2005-06-30": "", "2005-03-31": ""}, "Share Holder Equity": {"2020-09-30": "32791.00000", "2020-06-30": "32252.00000", "2020-03-31": "32207.00000", "2019-12-31": "32050.00000", "2019-09-30": "32082.00000", "2019-06-30": "31422.00000", "2019-03-31": "30978.00000", "2018-12-31": "29330.00000", "2018-09-30": "28389.00000", "2018-06-30": "27016.00000", "2018-03-31": "26349.00000", "2017-12-31": "25852.00000", "2017-09-30": "26300.00000", "2017-06-30": "25359.00000", "2017-03-31": "27114.00000", "2016-12-31": "26730.00000", "2016-09-30": "26298.00000", "2016-06-30": "23564.00000", "2016-03-31": "22302.00000", "2015-12-31": "22100.00000", "2015-09-30": "22041.00000", "2015-06-30": "21264.00000", "2015-03-31": "21369.00000", "2014-12-31": "21301.00000", "2014-09-30": "20988.00000", "2014-06-30": "20557.00000", "2014-03-31": "20201.00000", "2013-12-31": "20139.00000", "2013-09-30": "19909.00000", "2013-06-30": "19171.00000", "2013-03-31": "19119.00000", "2012-12-31": "19379.00000", "2012-09-30": "19721.00000", "2012-06-30": "19206.00000", "2012-03-31": "18781.00000", "2011-12-31": "18660.00000", "2011-09-30": "18340.00000", "2011-06-30": "17689.00000", "2011-03-31": "17172.00000", "2010-12-31": "17284.00000", "2010-09-30": "16962.28000", "2010-06-30": "16240.29000", "2010-03-31": "15902.17000", "2009-12-31": "15585.00000", "2009-09-30": "15069.42000", "2009-06-30": "14491.04000", "2009-03-31": "13960.08000", "2008-12-31": "13983.00000", "2008-09-30": "14485.92000", "2008-06-30": "13852.33000", "2008-03-31": "13645.18000", "2007-12-31": "13465.00000", "2007-09-30": "13113.58000", "2007-06-30": "12533.06000", "2007-03-31": "12226.71000", "2006-12-31": "12115.00000", "2006-09-30": "11882.67000", "2006-06-30": "11441.93000", "2006-03-31": "11319.34000", "2005-12-31": "11285.00000", "2005-09-30": "11376.74000", "2005-06-30": "11109.88000", "2005-03-31": "10968.51000"}, "Total Liabilities And Share Holders Equity": {"2020-09-30": "123158.00000", "2020-06-30": "119731.00000", "2020-03-31": "118852.00000", "2019-12-31": "118700.00000", "2019-09-30": "117591.00000", "2019-06-30": "114867.00000", "2019-03-31": "114096.00000", "2018-12-31": "116914.00000", "2018-09-30": "111717.00000", "2018-06-30": "112777.00000", "2018-03-31": "111567.00000", "2017-12-31": "111005.00000", "2017-09-30": "110315.00000", "2017-06-30": "108684.00000", "2017-03-31": "109760.00000", "2016-12-31": "109697.00000", "2016-09-30": "106362.00000", "2016-06-30": "90873.00000", "2016-03-31": "78735.00000", "2015-12-31": "78318.00000", "2015-09-30": "75215.00000", "2015-06-30": "74181.00000", "2015-03-31": "71610.00000", "2014-12-31": "70233.00000", "2014-09-30": "67654.00000", "2014-06-30": "66400.00000", "2014-03-31": "64838.00000", "2013-12-31": "64546.00000", "2013-09-30": "64697.00000", "2013-06-30": "63961.00000", "2013-03-31": "63274.00000", "2012-12-31": "63149.00000", "2012-09-30": "61963.00000", "2012-06-30": "60897.00000", "2012-03-31": "59874.00000", "2011-12-31": "59267.00000", "2011-09-30": "57343.00000", "2011-06-30": "56023.00000", "2011-03-31": "55019.00000", "2010-12-31": "55032.00000", "2010-09-30": "54894.78000", "2010-06-30": "53374.49000", "2010-03-31": "52580.04000", "2009-12-31": "52046.00000", "2009-09-30": "50524.21000", "2009-06-30": "50417.05000", "2009-03-31": "49557.11000", "2008-12-31": "48347.00000", "2008-09-30": "49012.35000", "2008-06-30": "47858.25000", "2008-03-31": "46595.75000", "2007-12-31": "45789.00000", "2007-09-30": "45308.21000", "2007-06-30": "44144.75000", "2007-03-31": "43105.43000", "2006-12-31": "42858.00000", "2006-09-30": "42035.72000", "2006-06-30": "40801.22000", "2006-03-31": "39977.40000", "2005-12-31": "39877.00000", "2005-09-30": "39383.71000", "2005-06-30": "38070.14000", "2005-03-31": "37289.95000"}}, "cash flow statement": {"Net Income/Loss": {"2019-12-31": "4744.00000", "2018-12-31": "2300.00000", "2017-12-31": "926.00000", "2016-12-31": "2529.00000", "2015-12-31": "2435.00000", "2014-12-31": "2031.00000", "2013-12-31": "1710.00000", "2012-12-31": "2415.00000", "2011-12-31": "2268.00000", "2010-12-31": "2040.00000", "2009-12-31": "1708.00000", "2008-12-31": "1807.00000", "2007-12-31": "1782.00000", "2006-12-31": "1573.00000", "2005-12-31": "1591.00000"}, "Total Depreciation And Amortization - Cash Flow": {"2019-12-31": "3331.00000", "2018-12-31": "3549.00000", "2017-12-31": "3457.00000", "2016-12-31": "2923.00000", "2015-12-31": "2395.00000", "2014-12-31": "2293.00000", "2013-12-31": "2298.00000", "2012-12-31": "2145.00000", "2011-12-31": "2048.00000", "2010-12-31": "1831.00000", "2009-12-31": "1788.00000", "2008-12-31": "1704.00000", "2007-12-31": "1486.00000", "2006-12-31": "1421.00000", "2005-12-31": "1398.00000"}, "Other Non-Cash Items": {"2019-12-31": "-2456.00000", "2018-12-31": "820.00000", "2017-12-31": "2964.00000", "2016-12-31": "-1536.00000", "2015-12-31": "1217.00000", "2014-12-31": "876.00000", "2013-12-31": "1937.00000", "2012-12-31": "789.00000", "2011-12-31": "1014.00000", "2010-12-31": "179.00000", "2009-12-31": "-188.00000", "2008-12-31": "216.00000", "2007-12-31": "40.00000", "2006-12-31": "309.00000", "2005-12-31": "544.00000"}, "Total Non-Cash Items": {"2019-12-31": "875.00000", "2018-12-31": "4369.00000", "2017-12-31": "6421.00000", "2016-12-31": "1387.00000", "2015-12-31": "3612.00000", "2014-12-31": "3169.00000", "2013-12-31": "4235.00000", "2012-12-31": "2934.00000", "2011-12-31": "3062.00000", "2010-12-31": "2010.00000", "2009-12-31": "1600.00000", "2008-12-31": "1920.00000", "2007-12-31": "1526.00000", "2006-12-31": "1730.00000", "2005-12-31": "1942.00000"}, "Change In Accounts Receivable": {"2019-12-31": "630.00000", "2018-12-31": "-426.00000", "2017-12-31": "-202.00000", "2016-12-31": "-544.00000", "2015-12-31": "243.00000", "2014-12-31": "-352.00000", "2013-12-31": "-153.00000", "2012-12-31": "234.00000", "2011-12-31": "362.00000", "2010-12-31": "80.00000", "2009-12-31": "585.00000", "2008-12-31": "-176.00000", "2007-12-31": "165.00000", "2006-12-31": "-69.00000", "2005-12-31": "-1045.00000"}, "Change In Inventories": {"2019-12-31": "-120.00000", "2018-12-31": "123.00000", "2017-12-31": "36.00000", "2016-12-31": "178.00000", "2015-12-31": "61.00000", "2014-12-31": "341.00000", "2013-12-31": "517.00000", "2012-12-31": "-549.00000", "2011-12-31": "-122.00000", "2010-12-31": "105.00000", "2009-12-31": "-471.00000", "2008-12-31": "-326.00000", "2007-12-31": "-110.00000", "2006-12-31": "-239.00000", "2005-12-31": "-188.00000"}, "Change In Accounts Payable": {"2019-12-31": "-693.00000", "2018-12-31": "291.00000", "2017-12-31": "-280.00000", "2016-12-31": "301.00000", "2015-12-31": "-353.00000", "2014-12-31": "267.00000", "2013-12-31": "72.00000", "2012-12-31": "-89.00000", "2011-12-31": "-5.00000", "2010-12-31": "4.00000", "2009-12-31": "-125.00000", "2008-12-31": "-74.00000", "2007-12-31": "105.00000", "2006-12-31": "-173.00000", "2005-12-31": "71.00000"}, "Change In Assets/Liabilities": {"2019-12-31": "237.00000", "2018-12-31": "-12.00000", "2017-12-31": "-357.00000", "2016-12-31": "-413.00000", "2015-12-31": "-76.00000", "2014-12-31": "209.00000", "2013-12-31": "-61.00000", "2012-12-31": "52.00000", "2011-12-31": "-2.00000", "2010-12-31": "-120.00000", "2009-12-31": "287.00000", "2008-12-31": "-16.00000", "2007-12-31": "25.00000", "2006-12-31": "125.00000", "2005-12-31": "118.00000"}, "Total Change In Assets/Liabilities": {"2019-12-31": "162.00000", "2018-12-31": "276.00000", "2017-12-31": "-953.00000", "2016-12-31": "978.00000", "2015-12-31": "227.00000", "2014-12-31": "615.00000", "2013-12-31": "152.00000", "2012-12-31": "-451.00000", "2011-12-31": "573.00000", "2010-12-31": "-59.00000", "2009-12-31": "-45.00000", "2008-12-31": "-263.00000", "2007-12-31": "126.00000", "2006-12-31": "-483.00000", "2005-12-31": "-1003.00000"}, "Cash Flow From Operating Activities": {"2019-12-31": "5781.00000", "2018-12-31": "6945.00000", "2017-12-31": "6394.00000", "2016-12-31": "4894.00000", "2015-12-31": "6274.00000", "2014-12-31": "5815.00000", "2013-12-31": "6097.00000", "2012-12-31": "4898.00000", "2011-12-31": "5903.00000", "2010-12-31": "3991.00000", "2009-12-31": "3263.00000", "2008-12-31": "3464.00000", "2007-12-31": "3434.00000", "2006-12-31": "2820.00000", "2005-12-31": "2530.00000"}, "Net Change In Property, Plant, And Equipment": {"2019-12-31": "-2433.00000", "2018-12-31": "-5045.00000", "2017-12-31": "-7326.00000", "2016-12-31": "-7295.00000", "2015-12-31": "-5674.00000", "2014-12-31": "-5246.00000", "2013-12-31": "-5463.00000", "2012-12-31": "-4809.00000", "2011-12-31": "-4525.00000", "2010-12-31": "-4086.00000", "2009-12-31": "-4545.00000", "2008-12-31": "-4010.00000", "2007-12-31": "-3551.00000", "2006-12-31": "-2844.00000", "2005-12-31": "-2360.00000"}, "Net Change In Intangible Assets": {"2019-12-31": "", "2018-12-31": "", "2017-12-31": "", "2016-12-31": "", "2015-12-31": "", "2014-12-31": "", "2013-12-31": "", "2012-12-31": "", "2011-12-31": "", "2010-12-31": "", "2009-12-31": "", "2008-12-31": "", "2007-12-31": "", "2006-12-31": "", "2005-12-31": ""}, "Net Acquisitions/Divestitures": {"2019-12-31": "-50.00000", "2018-12-31": "-65.00000", "2017-12-31": "-1054.00000", "2016-12-31": "-10680.00000", "2015-12-31": "-1719.00000", "2014-12-31": "-731.00000", "2013-12-31": "", "2012-12-31": "", "2011-12-31": "", "2010-12-31": "", "2009-12-31": "", "2008-12-31": "", "2007-12-31": "", "2006-12-31": "", "2005-12-31": ""}, "Net Change In Short-term Investments": {"2019-12-31": "-169.00000", "2018-12-31": "50.00000", "2017-12-31": "259.00000", "2016-12-31": "-121.00000", "2015-12-31": "402.00000", "2014-12-31": "-107.00000", "2013-12-31": "-126.00000", "2012-12-31": "-84.00000", "2011-12-31": "198.00000", "2010-12-31": "29.00000", "2009-12-31": "430.00000", "2008-12-31": "166.00000", "2007-12-31": "76.00000", "2006-12-31": "", "2005-12-31": ""}, "Net Change In Long-Term Investments": {"2019-12-31": "-154.00000", "2018-12-31": "-120.00000", "2017-12-31": "-158.00000", "2016-12-31": "-1450.00000", "2015-12-31": "-6.00000", "2014-12-31": "-2.00000", "2013-12-31": "-2.00000", "2012-12-31": "-149.00000", "2011-12-31": "-5.00000", "2010-12-31": "-5.00000", "2009-12-31": "-6.00000", "2008-12-31": "-8.00000", "2007-12-31": "-8.00000", "2006-12-31": "81.00000", "2005-12-31": "-125.00000"}, "Net Change In Investments - Total": {"2019-12-31": "-323.00000", "2018-12-31": "-70.00000", "2017-12-31": "101.00000", "2016-12-31": "-1571.00000", "2015-12-31": "396.00000", "2014-12-31": "-109.00000", "2013-12-31": "-128.00000", "2012-12-31": "-233.00000", "2011-12-31": "193.00000", "2010-12-31": "24.00000", "2009-12-31": "424.00000", "2008-12-31": "158.00000", "2007-12-31": "68.00000", "2006-12-31": "81.00000", "2005-12-31": "-125.00000"}, "Investing Activities - Other": {"2019-12-31": "-586.00000", "2018-12-31": "-580.00000", "2017-12-31": "1089.00000", "2016-12-31": "-501.00000", "2015-12-31": "-283.00000", "2014-12-31": "-322.00000", "2013-12-31": "-151.00000", "2012-12-31": "-126.00000", "2011-12-31": "149.00000", "2010-12-31": "-194.00000", "2009-12-31": "-198.00000", "2008-12-31": "-274.00000", "2007-12-31": "-226.00000", "2006-12-31": "-71.00000", "2005-12-31": "-144.00000"}, "Cash Flow From Investing Activities": {"2019-12-31": "-3392.00000", "2018-12-31": "-5760.00000", "2017-12-31": "-7190.00000", "2016-12-31": "-20047.00000", "2015-12-31": "-7280.00000", "2014-12-31": "-6408.00000", "2013-12-31": "-5742.00000", "2012-12-31": "-5168.00000", "2011-12-31": "-4183.00000", "2010-12-31": "-4256.00000", "2009-12-31": "-4319.00000", "2008-12-31": "-4126.00000", "2007-12-31": "-3709.00000", "2006-12-31": "-2834.00000", "2005-12-31": "-2629.00000"}, "Net Long-Term Debt": {"2019-12-31": "873.00000", "2018-12-31": "-3055.00000", "2017-12-31": "2928.00000", "2016-12-31": "13223.00000", "2015-12-31": "3425.00000", "2014-12-31": "2353.00000", "2013-12-31": "108.00000", "2012-12-31": "1235.00000", "2011-12-31": "549.00000", "2010-12-31": "185.00000", "2009-12-31": "1808.00000", "2008-12-31": "2218.00000", "2007-12-31": "1261.00000", "2006-12-31": "198.00000", "2005-12-31": "323.00000"}, "Net Current Debt": {"2019-12-31": "-860.00000", "2018-12-31": "476.00000", "2017-12-31": "199.00000", "2016-12-31": "750.00000", "2015-12-31": "298.00000", "2014-12-31": "-551.00000", "2013-12-31": "662.00000", "2012-12-31": "-30.00000", "2011-12-31": "-438.00000", "2010-12-31": "659.00000", "2009-12-31": "-306.00000", "2008-12-31": "-314.00000", "2007-12-31": "-669.00000", "2006-12-31": "683.00000", "2005-12-31": "831.00000"}, "Debt Issuance/Retirement Net - Total": {"2019-12-31": "13.00000", "2018-12-31": "-2579.00000", "2017-12-31": "3127.00000", "2016-12-31": "13973.00000", "2015-12-31": "3723.00000", "2014-12-31": "1802.00000", "2013-12-31": "770.00000", "2012-12-31": "1205.00000", "2011-12-31": "111.00000", "2010-12-31": "844.00000", "2009-12-31": "1502.00000", "2008-12-31": "1904.00000", "2007-12-31": "592.00000", "2006-12-31": "881.00000", "2005-12-31": "1154.00000"}, "Net Common Equity Issued/Repurchased": {"2019-12-31": "844.00000", "2018-12-31": "1090.00000", "2017-12-31": "793.00000", "2016-12-31": "3758.00000", "2015-12-31": "141.00000", "2014-12-31": "801.00000", "2013-12-31": "675.00000", "2012-12-31": "-33.00000", "2011-12-31": "723.00000", "2010-12-31": "772.00000", "2009-12-31": "1286.00000", "2008-12-31": "474.00000", "2007-12-31": "538.00000", "2006-12-31": "137.00000", "2005-12-31": "-139.00000"}, "Net Total Equity Issued/Repurchased": {"2019-12-31": "844.00000", "2018-12-31": "1057.00000", "2017-12-31": "385.00000", "2016-12-31": "3758.00000", "2015-12-31": "-271.00000", "2014-12-31": "801.00000", "2013-12-31": "675.00000", "2012-12-31": "-33.00000", "2011-12-31": "723.00000", "2010-12-31": "772.00000", "2009-12-31": "1286.00000", "2008-12-31": "349.00000", "2007-12-31": "1008.00000", "2006-12-31": "272.00000", "2005-12-31": "-88.00000"}, "Total Common And Preferred Stock Dividends Paid": {"2019-12-31": "-2826.00000", "2018-12-31": "-2578.00000", "2017-12-31": "-2419.00000", "2016-12-31": "-2176.00000", "2015-12-31": "-1977.00000", "2014-12-31": "-1867.00000", "2013-12-31": "-1828.00000", "2012-12-31": "-1758.00000", "2011-12-31": "-1666.00000", "2010-12-31": "-1561.00000", "2009-12-31": "-1434.00000", "2008-12-31": "-1346.00000", "2007-12-31": "-1245.00000", "2006-12-31": "-1140.00000", "2005-12-31": "-1098.00000"}, "Financial Activities - Other": {"2019-12-31": "39.00000", "2018-12-31": "2287.00000", "2017-12-31": "-142.00000", "2016-12-31": "170.00000", "2015-12-31": "225.00000", "2014-12-31": "-92.00000", "2013-12-31": "59.00000", "2012-12-31": "169.00000", "2011-12-31": "-20.00000", "2010-12-31": "-33.00000", "2009-12-31": "-25.00000", "2008-12-31": "-29.00000", "2007-12-31": "-46.00000", "2006-12-31": "-34.00000", "2005-12-31": "-35.00000"}, "Cash Flow From Financial Activities": {"2019-12-31": "-1930.00000", "2018-12-31": "-1813.00000", "2017-12-31": "951.00000", "2016-12-31": "15725.00000", "2015-12-31": "1700.00000", "2014-12-31": "644.00000", "2013-12-31": "-324.00000", "2012-12-31": "-417.00000", "2011-12-31": "-852.00000", "2010-12-31": "22.00000", "2009-12-31": "1329.00000", "2008-12-31": "878.00000", "2007-12-31": "309.00000", "2006-12-31": "-21.00000", "2005-12-31": "-67.00000"}, "Net Cash Flow": {"2019-12-31": "459.00000", "2018-12-31": "-628.00000", "2017-12-31": "155.00000", "2016-12-31": "572.00000", "2015-12-31": "694.00000", "2014-12-31": "51.00000", "2013-12-31": "31.00000", "2012-12-31": "-687.00000", "2011-12-31": "868.00000", "2010-12-31": "-243.00000", "2009-12-31": "273.00000", "2008-12-31": "216.00000", "2007-12-31": "34.00000", "2006-12-31": "-35.00000", "2005-12-31": "-166.00000"}, "Stock-Based Compensation": {"2019-12-31": "107.00000", "2018-12-31": "125.00000", "2017-12-31": "109.00000", "2016-12-31": "121.00000", "2015-12-31": "99.00000", "2014-12-31": "63.00000", "2013-12-31": "59.00000", "2012-12-31": "55.00000", "2011-12-31": "42.00000", "2010-12-31": "33.00000", "2009-12-31": "23.00000", "2008-12-31": "20.00000", "2007-12-31": "28.00000", "2006-12-31": "28.00000", "2005-12-31": ""}, "Common Stock Dividends Paid": {"2019-12-31": "-2826.00000", "2018-12-31": "-2578.00000", "2017-12-31": "-2419.00000", "2016-12-31": "-2176.00000", "2015-12-31": "-1977.00000", "2014-12-31": "-1867.00000", "2013-12-31": "-1762.00000", "2012-12-31": "-1693.00000", "2011-12-31": "-1601.00000", "2010-12-31": "-1496.00000", "2009-12-31": "-1369.00000", "2008-12-31": "-1280.00000", "2007-12-31": "-1205.00000", "2006-12-31": "-1140.00000", "2005-12-31": "-1098.00000"}}, "cash flow statement, quarterly": {"Net Income/Loss": {"2020-09-30": 1285, "2020-06-30": 620, "2020-03-31": "841.00000", "2019-12-31": 409, "2019-09-30": 1346, "2019-06-30": 930, "2019-03-31": "2059.00000", "2018-12-31": 269, "2018-09-30": 1222, "2018-06-30": -127, "2018-03-31": "936.00000", "2017-12-31": 499, "2017-09-30": 1111, "2017-06-30": -1349, "2017-03-31": "665.00000", "2016-12-31": 205, "2016-09-30": 1176, "2016-06-30": 647, "2016-03-31": "501.00000", "2015-12-31": 297, "2015-09-30": 969, "2015-06-30": 644, "2015-03-31": "525.00000", "2014-12-31": 300, "2014-09-30": 735, "2014-06-30": 628, "2014-03-31": "368.00000", "2013-12-31": 431, "2013-09-30": 869, "2013-06-30": 313, "2013-03-31": "97.00000", "2012-12-31": 399, "2012-09-30": 993, "2012-06-30": 639, "2012-03-31": "384.00000", "2011-12-31": 277, "2011-09-30": 933, "2011-06-30": 620, "2011-03-31": "438.00000", "2010-12-31": 169, "2010-09-30": 834, "2010-06-30": 526, "2010-03-31": "511.00000", "2009-12-31": 265.106, "2009-09-30": 806.17, "2009-06-30": 494.808, "2009-03-31": "141.91600", "2008-12-31": 202.393, "2008-09-30": 796.631, "2008-06-30": 432.577, "2008-03-31": "375.39900", "2007-12-31": 252.163, "2007-09-30": 761.995, "2007-06-30": 429.153, "2007-03-31": "338.68900", "2006-12-31": 188.185, "2006-09-30": 737.985, "2006-06-30": 385.223, "2006-03-31": "261.60700", "2005-12-31": 159.015, "2005-09-30": 722.204, "2005-06-30": 386.821, "2005-03-31": "322.96000"}, "Total Depreciation And Amortization - Cash Flow": {"2020-09-30": 987, "2020-06-30": 967, "2020-03-31": "949.00000", "2019-12-31": 817, "2019-09-30": 891, "2019-06-30": 772, "2019-03-31": "851.00000", "2018-12-31": 902, "2018-09-30": 897, "2018-06-30": 877, "2018-03-31": "873.00000", "2017-12-31": 893, "2017-09-30": 881, "2017-06-30": 860, "2017-03-31": "823.00000", "2016-12-31": 814, "2016-09-30": 803, "2016-06-30": 667, "2016-03-31": "639.00000", "2015-12-31": 608, "2015-09-30": 616, "2015-06-30": 593, "2015-03-31": "578.00000", "2014-12-31": 495, "2014-09-30": 616, "2014-06-30": 595, "2014-03-31": "587.00000", "2013-12-31": 573, "2013-09-30": 585, "2013-06-30": 572, "2013-03-31": "568.00000", "2012-12-31": 543, "2012-09-30": 538, "2012-06-30": 535, "2012-03-31": "529.00000", "2011-12-31": 518, "2011-09-30": 519, "2011-06-30": 510, "2011-03-31": "501.00000", "2010-12-31": 454, "2010-09-30": 509, "2010-06-30": 446, "2010-03-31": "422.00000", "2009-12-31": 477.146, "2009-09-30": 415.5, "2009-06-30": 438.521, "2009-03-31": "456.83300", "2008-12-31": 438.304, "2008-09-30": 433.906, "2008-06-30": 424.101, "2008-03-31": "407.68900", "2007-12-31": 377.525, "2007-09-30": 375.964, "2007-06-30": 368.608, "2007-03-31": "363.90300", "2006-12-31": 361.433, "2006-09-30": 363.519, "2006-06-30": 344.102, "2006-03-31": "351.94600", "2005-12-31": 347.127, "2005-09-30": 363.668, "2005-06-30": 344.134, "2005-03-31": "343.07100"}, "Other Non-Cash Items": {"2020-09-30": 228, "2020-06-30": 14, "2020-03-31": "-100.00000", "2019-12-31": -722, "2019-09-30": 221, "2019-06-30": 369, "2019-03-31": "-2324.00000", "2018-12-31": 383, "2018-09-30": -327, "2018-06-30": 708, "2018-03-31": "56.00000", "2017-12-31": 142, "2017-09-30": 302, "2017-06-30": 2338, "2017-03-31": "182.00000", "2016-12-31": -1074, "2016-09-30": -586, "2016-06-30": 53, "2016-03-31": "71.00000", "2015-12-31": 418, "2015-09-30": 470, "2015-06-30": 210, "2015-03-31": "119.00000", "2014-12-31": 65, "2014-09-30": 441, "2014-06-30": 98, "2014-03-31": "272.00000", "2013-12-31": 549, "2013-09-30": 540, "2013-06-30": 434, "2013-03-31": "414.00000", "2012-12-31": -13, "2012-09-30": 463, "2012-06-30": 223, "2012-03-31": "116.00000", "2011-12-31": 168, "2011-09-30": 507, "2011-06-30": 206, "2011-03-31": "133.00000", "2010-12-31": -205, "2010-09-30": 402, "2010-06-30": -24, "2010-03-31": "6.00000", "2009-12-31": -15.494, "2009-09-30": -35.153, "2009-06-30": -263.494, "2009-03-31": "126.14100", "2008-12-31": 84.416, "2008-09-30": 116.741, "2008-06-30": -43.954, "2008-03-31": "58.79700", "2007-12-31": -166.196, "2007-09-30": 65.423, "2007-06-30": 85.533, "2007-03-31": "55.24000", "2006-12-31": -157.9301, "2006-09-30": 171.9191, "2006-06-30": 278.766, "2006-03-31": "16.24500", "2005-12-31": 107.412, "2005-09-30": 230.936, "2005-06-30": 66.891, "2005-03-31": "138.76100"}, "Total Non-Cash Items": {"2020-09-30": 1215, "2020-06-30": 981, "2020-03-31": "849.00000", "2019-12-31": 95, "2019-09-30": 1112, "2019-06-30": 1141, "2019-03-31": "-1473.00000", "2018-12-31": 1285, "2018-09-30": 570, "2018-06-30": 1585, "2018-03-31": "929.00000", "2017-12-31": 1035, "2017-09-30": 1183, "2017-06-30": 3198, "2017-03-31": "1005.00000", "2016-12-31": -260, "2016-09-30": 217, "2016-06-30": 720, "2016-03-31": "710.00000", "2015-12-31": 1026, "2015-09-30": 1086, "2015-06-30": 803, "2015-03-31": "697.00000", "2014-12-31": 560, "2014-09-30": 1057, "2014-06-30": 693, "2014-03-31": "859.00000", "2013-12-31": 1122, "2013-09-30": 1125, "2013-06-30": 1006, "2013-03-31": "982.00000", "2012-12-31": 530, "2012-09-30": 1001, "2012-06-30": 758, "2012-03-31": "645.00000", "2011-12-31": 686, "2011-09-30": 1026, "2011-06-30": 716, "2011-03-31": "634.00000", "2010-12-31": 249, "2010-09-30": 911, "2010-06-30": 422, "2010-03-31": "428.00000", "2009-12-31": 461.652, "2009-09-30": 380.347, "2009-06-30": 175.027, "2009-03-31": "582.97400", "2008-12-31": 522.72, "2008-09-30": 550.647, "2008-06-30": 380.147, "2008-03-31": "466.48600", "2007-12-31": 211.329, "2007-09-30": 441.387, "2007-06-30": 454.141, "2007-03-31": "419.14300", "2006-12-31": 203.503, "2006-09-30": 535.438, "2006-06-30": 622.868, "2006-03-31": "368.19100", "2005-12-31": 454.539, "2005-09-30": 594.6039, "2005-06-30": 411.0251, "2005-03-31": "481.83200"}, "Change In Accounts Receivable": {"2020-09-30": -167, "2020-06-30": -25, "2020-03-31": "317.00000", "2019-12-31": 42, "2019-09-30": -65, "2019-06-30": 275, "2019-03-31": "378.00000", "2018-12-31": -463, "2018-09-30": -57, "2018-06-30": -103, "2018-03-31": "197.00000", "2017-12-31": -625, "2017-09-30": 316, "2017-06-30": -203, "2017-03-31": "310.00000", "2016-12-31": -86, "2016-09-30": -261, "2016-06-30": -432, "2016-03-31": "235.00000", "2015-12-31": 361, "2015-09-30": 40, "2015-06-30": -338, "2015-03-31": "180.00000", "2014-12-31": 288, "2014-09-30": -61, "2014-06-30": -451, "2014-03-31": "-128.00000", "2013-12-31": 254, "2013-09-30": -82, "2013-06-30": -354, "2013-03-31": "29.00000", "2012-12-31": 391, "2012-09-30": -102, "2012-06-30": -427, "2012-03-31": "372.00000", "2011-12-31": 480, "2011-09-30": 38, "2011-06-30": -432, "2011-03-31": "276.00000", "2010-12-31": 399, "2010-09-30": -64, "2010-06-30": -298, "2010-03-31": "43.00000", "2009-12-31": 265.714, "2009-09-30": 244.516, "2009-06-30": -217.392, "2009-03-31": "292.16200", "2008-12-31": 346.004, "2008-09-30": -204.601, "2008-06-30": -505.941, "2008-03-31": "188.53800", "2007-12-31": 591.107, "2007-09-30": -304.089, "2007-06-30": -283.978, "2007-03-31": "161.96000", "2006-12-31": 391.092, "2006-09-30": -319.654, "2006-06-30": -376.565, "2006-03-31": "236.12700", "2005-12-31": -69.246, "2005-09-30": -614.781, "2005-06-30": -344.021, "2005-03-31": "-16.95200"}, "Change In Inventories": {"2020-09-30": -141, "2020-06-30": 0, "2020-03-31": "", "2019-12-31": -89, "2019-09-30": -31, "2019-06-30": 0, "2019-03-31": "", "2018-12-31": 123, "2018-09-30": 0, "2018-06-30": 0, "2018-03-31": "", "2017-12-31": 36, "2017-09-30": 0, "2017-06-30": 0, "2017-03-31": "", "2016-12-31": -26, "2016-09-30": 134, "2016-06-30": 70, "2016-03-31": "", "2015-12-31": -178, "2015-09-30": 103, "2015-06-30": 56, "2015-03-31": "80.00000", "2014-12-31": -136, "2014-09-30": 78, "2014-06-30": -37, "2014-03-31": "436.00000", "2013-12-31": 13, "2013-09-30": 267, "2013-06-30": 149, "2013-03-31": "88.00000", "2012-12-31": -289, "2012-09-30": 62, "2012-06-30": -108, "2012-03-31": "-214.00000", "2011-12-31": -351, "2011-09-30": 148, "2011-06-30": 123, "2011-03-31": "-42.00000", "2010-12-31": -115, "2010-09-30": 148, "2010-06-30": -61, "2010-03-31": "133.00000", "2009-12-31": -68.669, "2009-09-30": -6.364, "2009-06-30": -222.327, "2009-03-31": "-173.64000", "2008-12-31": -188.325, "2008-09-30": 12.757, "2008-06-30": -74.365, "2008-03-31": "-76.06700", "2007-12-31": 2.815, "2007-09-30": 36.757, "2007-06-30": -79.057, "2007-03-31": "-70.51500", "2006-12-31": -45.721, "2006-09-30": -30.366, "2006-06-30": -73.353, "2006-03-31": "-89.56000", "2005-12-31": -105.007, "2005-09-30": 51.59, "2005-06-30": -93.747, "2005-03-31": "-40.83600"}, "Change In Accounts Payable": {"2020-09-30": 39, "2020-06-30": 37, "2020-03-31": "-504.00000", "2019-12-31": 462, "2019-09-30": -110, "2019-06-30": -262, "2019-03-31": "-783.00000", "2018-12-31": 539, "2018-09-30": 158, "2018-06-30": 19, "2018-03-31": "-425.00000", "2017-12-31": 187, "2017-09-30": -114, "2017-06-30": 180, "2017-03-31": "-533.00000", "2016-12-31": 310, "2016-09-30": 62, "2016-06-30": 1, "2016-03-31": "-72.00000", "2015-12-31": -87, "2015-09-30": 45, "2015-06-30": 115, "2015-03-31": "-426.00000", "2014-12-31": 359, "2014-09-30": 139, "2014-06-30": -122, "2014-03-31": "-109.00000", "2013-12-31": 212, "2013-09-30": -88, "2013-06-30": -5, "2013-03-31": "-47.00000", "2012-12-31": 151, "2012-09-30": -73, "2012-06-30": -31, "2012-03-31": "-136.00000", "2011-12-31": 150, "2011-09-30": -213, "2011-06-30": 166, "2011-03-31": "-108.00000", "2010-12-31": 86, "2010-09-30": -30, "2010-06-30": 48, "2010-03-31": "-100.00000", "2009-12-31": 85.459, "2009-09-30": -225.17, "2009-06-30": -66.284, "2009-03-31": "80.99500", "2008-12-31": -28.921, "2008-09-30": -206.782, "2008-06-30": 276.339, "2008-03-31": "-114.63600", "2007-12-31": 108.951, "2007-09-30": 27.73, "2007-06-30": 60.557, "2007-03-31": "-92.23800", "2006-12-31": 146.564, "2006-09-30": -34.13, "2006-06-30": 25.528, "2006-03-31": "-310.96200", "2005-12-31": 46.977, "2005-09-30": 133.471, "2005-06-30": -20.869, "2005-03-31": "-88.57900"}, "Change In Assets/Liabilities": {"2020-09-30": -53, "2020-06-30": -146, "2020-03-31": "-34.00000", "2019-12-31": 361, "2019-09-30": -173, "2019-06-30": -75, "2019-03-31": "124.00000", "2018-12-31": 9, "2018-09-30": -339, "2018-06-30": -104, "2018-03-31": "422.00000", "2017-12-31": 88, "2017-09-30": -376, "2017-06-30": -168, "2017-03-31": "99.00000", "2016-12-31": -61, "2016-09-30": -260, "2016-06-30": 15, "2016-03-31": "-107.00000", "2015-12-31": -306, "2015-09-30": 130, "2015-06-30": 59, "2015-03-31": "41.00000", "2014-12-31": 106, "2014-09-30": 202, "2014-06-30": 36, "2014-03-31": "-135.00000", "2013-12-31": -53, "2013-09-30": 52, "2013-06-30": -28, "2013-03-31": "-32.00000", "2012-12-31": -60, "2012-09-30": 66, "2012-06-30": 57, "2012-03-31": "-11.00000", "2011-12-31": 67, "2011-09-30": 40, "2011-06-30": -55, "2011-03-31": "-54.00000", "2010-12-31": 15, "2010-09-30": -12, "2010-06-30": -31, "2010-03-31": "-92.00000", "2009-12-31": 180.593, "2009-09-30": 136.053, "2009-06-30": -11.3, "2009-03-31": "-18.34600", "2008-12-31": -31.755, "2008-09-30": -51.046, "2008-06-30": 117.909, "2008-03-31": "-51.10800", "2007-12-31": 14.805, "2007-09-30": 39.732, "2007-06-30": 39.796, "2007-03-31": "-69.33300", "2006-12-31": 106.363, "2006-09-30": 32.766, "2006-06-30": 45.844, "2006-03-31": "-59.97300", "2005-12-31": 22.951, "2005-09-30": 5.421, "2005-06-30": 69.91, "2005-03-31": "19.71800"}, "Total Change In Assets/Liabilities": {"2020-09-30": -127, "2020-06-30": 352, "2020-03-31": "-796.00000", "2019-12-31": 396, "2019-09-30": -90, "2019-06-30": -302, "2019-03-31": "158.00000", "2018-12-31": -193, "2018-09-30": 534, "2018-06-30": 291, "2018-03-31": "-356.00000", "2017-12-31": -391, "2017-09-30": 216, "2017-06-30": -4, "2017-03-31": "-774.00000", "2016-12-31": 653, "2016-09-30": 763, "2016-06-30": -105, "2016-03-31": "-333.00000", "2015-12-31": -137, "2015-09-30": 926, "2015-06-30": -253, "2015-03-31": "-309.00000", "2014-12-31": 268, "2014-09-30": 825, "2014-06-30": -354, "2014-03-31": "-124.00000", "2013-12-31": 133, "2013-09-30": 470, "2013-06-30": -109, "2013-03-31": "-342.00000", "2012-12-31": -75, "2012-09-30": 293, "2012-06-30": -208, "2012-03-31": "-461.00000", "2011-12-31": 342, "2011-09-30": 250, "2011-06-30": 55, "2011-03-31": "-74.00000", "2010-12-31": 46, "2010-09-30": 367, "2010-06-30": -271, "2010-03-31": "-201.00000", "2009-12-31": 176.458, "2009-09-30": 553.652, "2009-06-30": -451.351, "2009-03-31": "-323.75900", "2008-12-31": 102.755, "2008-09-30": -122.029, "2008-06-30": 61.068, "2008-03-31": "-304.79400", "2007-12-31": 503.171, "2007-09-30": 289.585, "2007-06-30": -170.774, "2007-03-31": "-495.98200", "2006-12-31": 448.1271, "2006-09-30": -36.866, "2006-06-30": -322.8681, "2006-03-31": "-571.39300", "2005-12-31": -163.4059, "2005-09-30": -33.179, "2005-06-30": -172.7311, "2005-03-31": "-633.68400"}, "Cash Flow From Operating Activities": {"2020-09-30": 2373, "2020-06-30": 1953, "2020-03-31": "894.00000", "2019-12-31": 900, "2019-09-30": 2368, "2019-06-30": 1769, "2019-03-31": "744.00000", "2018-12-31": 1361, "2018-09-30": 2326, "2018-06-30": 1749, "2018-03-31": "1509.00000", "2017-12-31": 1143, "2017-09-30": 2510, "2017-06-30": 1845, "2017-03-31": "896.00000", "2016-12-31": 598, "2016-09-30": 2156, "2016-06-30": 1262, "2016-03-31": "878.00000", "2015-12-31": 1186, "2015-09-30": 2981, "2015-06-30": 1194, "2015-03-31": "913.00000", "2014-12-31": 1128, "2014-09-30": 2617, "2014-06-30": 967, "2014-03-31": "1103.00000", "2013-12-31": 1686, "2013-09-30": 2464, "2013-06-30": 1210, "2013-03-31": "737.00000", "2012-12-31": 854, "2012-09-30": 2287, "2012-06-30": 1189, "2012-03-31": "568.00000", "2011-12-31": 1305, "2011-09-30": 2209, "2011-06-30": 1391, "2011-03-31": "998.00000", "2010-12-31": 464, "2010-09-30": 2112, "2010-06-30": 677, "2010-03-31": "738.00000", "2009-12-31": 903.216, "2009-09-30": 1740.169, "2009-06-30": 218.484, "2009-03-31": "401.13100", "2008-12-31": 827.868, "2008-09-30": 1225.249, "2008-06-30": 873.792, "2008-03-31": "537.09100", "2007-12-31": 966.663, "2007-09-30": 1492.967, "2007-06-30": 712.52, "2007-03-31": "261.85000", "2006-12-31": 839.815, "2006-09-30": 1236.557, "2006-06-30": 685.223, "2006-03-31": "58.40500", "2005-12-31": 450.148, "2005-09-30": 1283.629, "2005-06-30": 625.115, "2005-03-31": "171.10800"}, "Net Change In Property, Plant, And Equipment": {"2020-09-30": -2159, "2020-06-30": -1641, "2020-03-31": "-578.00000", "2019-12-31": -2052, "2019-09-30": -1897, "2019-06-30": -1233, "2019-03-31": "2749.00000", "2018-12-31": -2025, "2018-09-30": 308, "2018-06-30": -1682, "2018-03-31": "-1646.00000", "2017-12-31": -2150, "2017-09-30": -1843, "2017-06-30": -1909, "2017-03-31": "-1424.00000", "2016-12-31": -2043, "2016-09-30": -1766, "2016-06-30": -1614, "2016-03-31": "-1872.00000", "2015-12-31": -2184, "2015-09-30": -1251, "2015-06-30": -1142, "2015-03-31": "-1097.00000", "2014-12-31": -1342, "2014-09-30": -1212, "2014-06-30": -1512, "2014-03-31": "-1180.00000", "2013-12-31": -1485, "2013-09-30": -1381, "2013-06-30": -1400, "2013-03-31": "-1197.00000", "2012-12-31": -1251, "2012-09-30": -1202, "2012-06-30": -1125, "2012-03-31": "-1231.00000", "2011-12-31": -1431, "2011-09-30": -985, "2011-06-30": -1037, "2011-03-31": "-1072.00000", "2010-12-31": -1199, "2010-09-30": -951, "2010-06-30": -882, "2010-03-31": "-1054.00000", "2009-12-31": -1705.902, "2009-09-30": -986.042, "2009-06-30": -716.844, "2009-03-31": "-1136.21200", "2008-12-31": -1155.6, "2008-09-30": -876.718, "2008-06-30": -964.775, "2008-03-31": "-1012.90700", "2007-12-31": -1113.274, "2007-09-30": -897.971, "2007-06-30": -797.371, "2007-03-31": "-742.38400", "2006-12-31": -879.647, "2006-09-30": -948.417, "2006-06-30": -620.196, "2006-03-31": "-395.74000", "2005-12-31": -740.726, "2005-09-30": -486.971, "2005-06-30": -682.924, "2005-03-31": "-449.37900"}, "Net Change In Intangible Assets": {"2020-09-30": 0, "2020-06-30": 0, "2020-03-31": "", "2019-12-31": 0, "2019-09-30": 0, "2019-06-30": 0, "2019-03-31": "", "2018-12-31": 0, "2018-09-30": 0, "2018-06-30": 0, "2018-03-31": "", "2017-12-31": 0, "2017-09-30": 0, "2017-06-30": 0, "2017-03-31": "", "2016-12-31": 0, "2016-09-30": 0, "2016-06-30": 0, "2016-03-31": "", "2015-12-31": 0, "2015-09-30": 0, "2015-06-30": 0, "2015-03-31": "", "2014-12-31": 0, "2014-09-30": 0, "2014-06-30": 0, "2014-03-31": "", "2013-12-31": 0, "2013-09-30": 0, "2013-06-30": 0, "2013-03-31": "", "2012-12-31": 0, "2012-09-30": 0, "2012-06-30": 0, "2012-03-31": "", "2011-12-31": 0, "2011-09-30": 0, "2011-06-30": 0, "2011-03-31": "", "2010-12-31": 0, "2010-09-30": 0, "2010-06-30": 0, "2010-03-31": "", "2009-12-31": 0, "2009-09-30": 0, "2009-06-30": 0, "2009-03-31": "", "2008-12-31": 0, "2008-09-30": 0, "2008-06-30": 0, "2008-03-31": "", "2007-12-31": 0, "2007-09-30": 0, "2007-06-30": 0, "2007-03-31": "", "2006-12-31": 0, "2006-09-30": 0, "2006-06-30": 0, "2006-03-31": "", "2005-12-31": 0, "2005-09-30": 0, "2005-06-30": 0, "2005-03-31": ""}, "Net Acquisitions/Divestitures": {"2020-09-30": 0, "2020-06-30": 0, "2020-03-31": "", "2019-12-31": -50, "2019-09-30": 0, "2019-06-30": 0, "2019-03-31": "", "2018-12-31": -65, "2018-09-30": 0, "2018-06-30": 46, "2018-03-31": "-46.00000", "2017-12-31": -38, "2017-09-30": 30, "2017-06-30": -42, "2017-03-31": "-1004.00000", "2016-12-31": -1167, "2016-09-30": -8616, "2016-06-30": -783, "2016-03-31": "-114.00000", "2015-12-31": -591, "2015-09-30": -720, "2015-06-30": -408, "2015-03-31": "", "2014-12-31": -731, "2014-09-30": 0, "2014-06-30": 0, "2014-03-31": "", "2013-12-31": 0, "2013-09-30": 0, "2013-06-30": 0, "2013-03-31": "", "2012-12-31": 0, "2012-09-30": 0, "2012-06-30": 0, "2012-03-31": "", "2011-12-31": 0, "2011-09-30": 0, "2011-06-30": 0, "2011-03-31": "", "2010-12-31": 0, "2010-09-30": 0, "2010-06-30": 0, "2010-03-31": "", "2009-12-31": 0, "2009-09-30": 0, "2009-06-30": 0, "2009-03-31": "", "2008-12-31": 0, "2008-09-30": 0, "2008-06-30": 0, "2008-03-31": "", "2007-12-31": 0, "2007-09-30": 0, "2007-06-30": 0, "2007-03-31": "", "2006-12-31": 0, "2006-09-30": 0, "2006-06-30": 0, "2006-03-31": "", "2005-12-31": 0, "2005-09-30": 0, "2005-06-30": 0, "2005-03-31": ""}, "Net Change In Short-term Investments": {"2020-09-30": 63, "2020-06-30": 38, "2020-03-31": "-141.00000", "2019-12-31": -37, "2019-09-30": -25, "2019-06-30": 39, "2019-03-31": "-146.00000", "2018-12-31": -41, "2018-09-30": 42, "2018-06-30": 161, "2018-03-31": "-112.00000", "2017-12-31": 139, "2017-09-30": 237, "2017-06-30": 53, "2017-03-31": "-170.00000", "2016-12-31": 138, "2016-09-30": 1, "2016-06-30": -166, "2016-03-31": "-94.00000", "2015-12-31": 382, "2015-09-30": -36, "2015-06-30": -9, "2015-03-31": "65.00000", "2014-12-31": -118, "2014-09-30": -78, "2014-06-30": 38, "2014-03-31": "51.00000", "2013-12-31": -126, "2013-09-30": -114, "2013-06-30": 108, "2013-03-31": "6.00000", "2012-12-31": -23, "2012-09-30": 54, "2012-06-30": 38, "2012-03-31": "-153.00000", "2011-12-31": 61, "2011-09-30": 100, "2011-06-30": -99, "2011-03-31": "136.00000", "2010-12-31": 113, "2010-09-30": -97, "2010-06-30": -15, "2010-03-31": "28.00000", "2009-12-31": 319.735, "2009-09-30": -17.836, "2009-06-30": 12.098, "2009-03-31": "116.00300", "2008-12-31": 174.703, "2008-09-30": -11.877, "2008-06-30": 3.174, "2008-03-31": "", "2007-12-31": 76, "2007-09-30": 0, "2007-06-30": 0, "2007-03-31": "", "2006-12-31": 0, "2006-09-30": 0, "2006-06-30": 0, "2006-03-31": "", "2005-12-31": 0, "2005-09-30": 0, "2005-06-30": 0, "2005-03-31": ""}, "Net Change In Long-Term Investments": {"2020-09-30": -141, "2020-06-30": 25, "2020-03-31": "-108.00000", "2019-12-31": 131, "2019-09-30": -146, "2019-06-30": -96, "2019-03-31": "-43.00000", "2018-12-31": 136, "2018-09-30": -85, "2018-06-30": -136, "2018-03-31": "-35.00000", "2017-12-31": 170, "2017-09-30": -75, "2017-06-30": -111, "2017-03-31": "-142.00000", "2016-12-31": 102, "2016-09-30": -1547, "2016-06-30": 0, "2016-03-31": "-5.00000", "2015-12-31": 165, "2015-09-30": -166, "2015-06-30": 1, "2015-03-31": "-6.00000", "2014-12-31": 145, "2014-09-30": -52, "2014-06-30": -93, "2014-03-31": "-2.00000", "2013-12-31": 0, "2013-09-30": 0, "2013-06-30": -1, "2013-03-31": "-1.00000", "2012-12-31": -147, "2012-09-30": 0, "2012-06-30": 0, "2012-03-31": "-2.00000", "2011-12-31": -1, "2011-09-30": 0, "2011-06-30": 0, "2011-03-31": "-4.00000", "2010-12-31": 19, "2010-09-30": 3, "2010-06-30": 22, "2010-03-31": "-49.00000", "2009-12-31": 41.287, "2009-09-30": -12.561, "2009-06-30": 12.674, "2009-03-31": "-47.40000", "2008-12-31": -1.12, "2008-09-30": 0, "2008-06-30": 2.78, "2008-03-31": "-9.66000", "2007-12-31": 22.561, "2007-09-30": -9.365, "2007-06-30": -2.893, "2007-03-31": "-18.30300", "2006-12-31": 144.996, "2006-09-30": -4.117, "2006-06-30": -14.635, "2006-03-31": "-45.24400", "2005-12-31": -30.191, "2005-09-30": -34.24, "2005-06-30": -27.957, "2005-03-31": "-32.61200"}, "Net Change In Investments - Total": {"2020-09-30": -78, "2020-06-30": 63, "2020-03-31": "-249.00000", "2019-12-31": 94, "2019-09-30": -171, "2019-06-30": -57, "2019-03-31": "-189.00000", "2018-12-31": 95, "2018-09-30": -43, "2018-06-30": 25, "2018-03-31": "-147.00000", "2017-12-31": 309, "2017-09-30": 162, "2017-06-30": -58, "2017-03-31": "-312.00000", "2016-12-31": 240, "2016-09-30": -1546, "2016-06-30": -166, "2016-03-31": "-99.00000", "2015-12-31": 547, "2015-09-30": -202, "2015-06-30": -8, "2015-03-31": "59.00000", "2014-12-31": 27, "2014-09-30": -130, "2014-06-30": -55, "2014-03-31": "49.00000", "2013-12-31": -126, "2013-09-30": -114, "2013-06-30": 107, "2013-03-31": "5.00000", "2012-12-31": -170, "2012-09-30": 54, "2012-06-30": 38, "2012-03-31": "-155.00000", "2011-12-31": 60, "2011-09-30": 100, "2011-06-30": -99, "2011-03-31": "132.00000", "2010-12-31": 132, "2010-09-30": -94, "2010-06-30": 7, "2010-03-31": "-21.00000", "2009-12-31": 361.022, "2009-09-30": -30.397, "2009-06-30": 24.772, "2009-03-31": "68.60300", "2008-12-31": 173.583, "2008-09-30": -11.877, "2008-06-30": 5.954, "2008-03-31": "-9.66000", "2007-12-31": 98.561, "2007-09-30": -9.365, "2007-06-30": -2.893, "2007-03-31": "-18.30300", "2006-12-31": 144.996, "2006-09-30": -4.117, "2006-06-30": -14.635, "2006-03-31": "-45.24400", "2005-12-31": -30.191, "2005-09-30": -34.24, "2005-06-30": -27.957, "2005-03-31": "-32.61200"}, "Investing Activities - Other": {"2020-09-30": 0, "2020-06-30": -188, "2020-03-31": "-62.00000", "2019-12-31": -311, "2019-09-30": -7, "2019-06-30": -162, "2019-03-31": "-106.00000", "2018-12-31": -265, "2018-09-30": -141, "2018-06-30": -18, "2018-03-31": "-156.00000", "2017-12-31": 1374, "2017-09-30": -151, "2017-06-30": -77, "2017-03-31": "-57.00000", "2016-12-31": -437, "2016-09-30": 7963, "2016-06-30": -7915, "2016-03-31": "-112.00000", "2015-12-31": -172, "2015-09-30": 59, "2015-06-30": -101, "2015-03-31": "-69.00000", "2014-12-31": -205, "2014-09-30": -46, "2014-06-30": 13, "2014-03-31": "-84.00000", "2013-12-31": -29, "2013-09-30": 22, "2013-06-30": -57, "2013-03-31": "-87.00000", "2012-12-31": 11, "2012-09-30": 181, "2012-06-30": -277, "2012-03-31": "-41.00000", "2011-12-31": 86, "2011-09-30": 51, "2011-06-30": -44, "2011-03-31": "56.00000", "2010-12-31": -183, "2010-09-30": 75, "2010-06-30": -73, "2010-03-31": "-13.00000", "2009-12-31": -117.772, "2009-09-30": -34.849, "2009-06-30": 9.042, "2009-03-31": "-54.42100", "2008-12-31": -164.212, "2008-09-30": -67.231, "2008-06-30": -69.883, "2008-03-31": "27.32600", "2007-12-31": -134.805, "2007-09-30": 29.934, "2007-06-30": -93.944, "2007-03-31": "-27.18500", "2006-12-31": 49.122, "2006-09-30": -35.103, "2006-06-30": -21.093, "2006-03-31": "-63.92600", "2005-12-31": -18.389, "2005-09-30": -26.964, "2005-06-30": -33.878, "2005-03-31": "-64.76900"}, "Cash Flow From Investing Activities": {"2020-09-30": -2237, "2020-06-30": -1766, "2020-03-31": "-889.00000", "2019-12-31": -2319, "2019-09-30": -2075, "2019-06-30": -1452, "2019-03-31": "2454.00000", "2018-12-31": -2260, "2018-09-30": 124, "2018-06-30": -1629, "2018-03-31": "-1995.00000", "2017-12-31": -505, "2017-09-30": -1802, "2017-06-30": -2086, "2017-03-31": "-2797.00000", "2016-12-31": -3407, "2016-09-30": -3965, "2016-06-30": -10478, "2016-03-31": "-2197.00000", "2015-12-31": -2400, "2015-09-30": -2114, "2015-06-30": -1659, "2015-03-31": "-1107.00000", "2014-12-31": -2251, "2014-09-30": -1388, "2014-06-30": -1554, "2014-03-31": "-1215.00000", "2013-12-31": -1640, "2013-09-30": -1473, "2013-06-30": -1350, "2013-03-31": "-1279.00000", "2012-12-31": -1410, "2012-09-30": -967, "2012-06-30": -1364, "2012-03-31": "-1427.00000", "2011-12-31": -1285, "2011-09-30": -834, "2011-06-30": -1180, "2011-03-31": "-884.00000", "2010-12-31": -1250, "2010-09-30": -970, "2010-06-30": -948, "2010-03-31": "-1088.00000", "2009-12-31": -1462.652, "2009-09-30": -1051.288, "2009-06-30": -683.03, "2009-03-31": "-1122.03000", "2008-12-31": -1146.229, "2008-09-30": -955.826, "2008-06-30": -1028.704, "2008-03-31": "-995.24100", "2007-12-31": -1149.518, "2007-09-30": -877.402, "2007-06-30": -894.208, "2007-03-31": "-787.87200", "2006-12-31": -685.529, "2006-09-30": -987.637, "2006-06-30": -655.924, "2006-03-31": "-504.91000", "2005-12-31": -789.306, "2005-09-30": -548.175, "2005-06-30": -744.759, "2005-03-31": "-546.76000"}, "Net Long-Term Debt": {"2020-09-30": 3222, "2020-06-30": 677, "2020-03-31": "1172.00000", "2019-12-31": -648, "2019-09-30": 2691, "2019-06-30": 39, "2019-03-31": "-1209.00000", "2018-12-31": -507, "2018-09-30": -269, "2018-06-30": -1596, "2018-03-31": "-683.00000", "2017-12-31": 841, "2017-09-30": 607, "2017-06-30": 679, "2017-03-31": "801.00000", "2016-12-31": 1537, "2016-09-30": 920, "2016-06-30": 9657, "2016-03-31": "1109.00000", "2015-12-31": 1995, "2015-09-30": -706, "2015-06-30": 1919, "2015-03-31": "217.00000", "2014-12-31": 75, "2014-09-30": 1395, "2014-06-30": -359, "2014-03-31": "1242.00000", "2013-12-31": -546, "2013-09-30": 249, "2013-06-30": 26, "2013-03-31": "379.00000", "2012-12-31": 219, "2012-09-30": -152, "2012-06-30": 595, "2012-03-31": "573.00000", "2011-12-31": -608, "2011-09-30": 711, "2011-06-30": 333, "2011-03-31": "113.00000", "2010-12-31": -740, "2010-09-30": 533, "2010-06-30": 298, "2010-03-31": "94.00000", "2009-12-31": 821.474, "2009-09-30": -599.019, "2009-06-30": 523.037, "2009-03-31": "1062.50800", "2008-12-31": 571.754, "2008-09-30": 322.574, "2008-06-30": 398.325, "2008-03-31": "925.34700", "2007-12-31": -220.854, "2007-09-30": 34.432, "2007-06-30": 502.632, "2007-03-31": "944.79000", "2006-12-31": -260.212, "2006-09-30": -11.048, "2006-06-30": 59.556, "2006-03-31": "409.70400", "2005-12-31": -31.586, "2005-09-30": -79.639, "2005-06-30": 186.646, "2005-03-31": "247.57900"}, "Net Current Debt": {"2020-09-30": -1014, "2020-06-30": -525, "2020-03-31": "-220.00000", "2019-12-31": 1513, "2019-09-30": -856, "2019-06-30": 147, "2019-03-31": "-1664.00000", "2018-12-31": 351, "2018-09-30": -2417, "2018-06-30": 710, "2018-03-31": "1832.00000", "2017-12-31": -140, "2017-09-30": -695, "2017-06-30": 457, "2017-03-31": "577.00000", "2016-12-31": 570, "2016-09-30": 184, "2016-06-30": 177, "2016-03-31": "-181.00000", "2015-12-31": -114, "2015-09-30": 433, "2015-06-30": -898, "2015-03-31": "877.00000", "2014-12-31": 491, "2014-09-30": -1456, "2014-06-30": 1223, "2014-03-31": "-809.00000", "2013-12-31": 732, "2013-09-30": -837, "2013-06-30": 299, "2013-03-31": "468.00000", "2012-12-31": 491, "2012-09-30": -265, "2012-06-30": -580, "2012-03-31": "324.00000", "2011-12-31": 722, "2011-09-30": -720, "2011-06-30": -386, "2011-03-31": "-54.00000", "2010-12-31": 948, "2010-09-30": -533, "2010-06-30": 112, "2010-03-31": "132.00000", "2009-12-31": -424.124, "2009-09-30": -29.966, "2009-06-30": 26.816, "2009-03-31": "121.27400", "2008-12-31": -376.302, "2008-09-30": 213.815, "2008-06-30": -51.298, "2008-03-31": "-100.21500", "2007-12-31": -12.652, "2007-09-30": -210.743, "2007-06-30": -146.022, "2007-03-31": "-299.58300", "2006-12-31": -105.744, "2006-09-30": 194.181, "2006-06-30": 161.462, "2006-03-31": "433.10100", "2005-12-31": 404.385, "2005-09-30": -84.332, "2005-06-30": 147.237, "2005-03-31": "363.71000"}, "Debt Issuance/Retirement Net - Total": {"2020-09-30": 2208, "2020-06-30": 152, "2020-03-31": "952.00000", "2019-12-31": 865, "2019-09-30": 1835, "2019-06-30": 186, "2019-03-31": "-2873.00000", "2018-12-31": -156, "2018-09-30": -2686, "2018-06-30": -886, "2018-03-31": "1149.00000", "2017-12-31": 701, "2017-09-30": -88, "2017-06-30": 1136, "2017-03-31": "1378.00000", "2016-12-31": 2107, "2016-09-30": 1104, "2016-06-30": 9834, "2016-03-31": "928.00000", "2015-12-31": 1881, "2015-09-30": -273, "2015-06-30": 1021, "2015-03-31": "1094.00000", "2014-12-31": 566, "2014-09-30": -61, "2014-06-30": 864, "2014-03-31": "433.00000", "2013-12-31": 186, "2013-09-30": -588, "2013-06-30": 325, "2013-03-31": "847.00000", "2012-12-31": 710, "2012-09-30": -417, "2012-06-30": 15, "2012-03-31": "897.00000", "2011-12-31": 114, "2011-09-30": -9, "2011-06-30": -53, "2011-03-31": "59.00000", "2010-12-31": 208, "2010-09-30": 0, "2010-06-30": 410, "2010-03-31": "226.00000", "2009-12-31": 397.35, "2009-09-30": -628.985, "2009-06-30": 549.853, "2009-03-31": "1183.78200", "2008-12-31": 195.452, "2008-09-30": 536.389, "2008-06-30": 347.027, "2008-03-31": "825.13200", "2007-12-31": -233.506, "2007-09-30": -176.311, "2007-06-30": 356.61, "2007-03-31": "645.20700", "2006-12-31": -365.956, "2006-09-30": 183.133, "2006-06-30": 221.0179, "2006-03-31": "842.80510", "2005-12-31": 372.799, "2005-09-30": -163.971, "2005-06-30": 333.883, "2005-03-31": "611.28900"}, "Net Common Equity Issued/Repurchased": {"2020-09-30": -56, "2020-06-30": 7, "2020-03-31": "52.00000", "2019-12-31": 221, "2019-09-30": 171, "2019-06-30": 228, "2019-03-31": "224.00000", "2018-12-31": 212, "2018-09-30": 656, "2018-06-30": 109, "2018-03-31": "113.00000", "2017-12-31": 180, "2017-09-30": 196, "2017-06-30": 231, "2017-03-31": "186.00000", "2016-12-31": 622, "2016-09-30": 1882, "2016-06-30": 1113, "2016-03-31": "141.00000", "2015-12-31": 120, "2015-09-30": 20, "2015-06-30": 4, "2015-03-31": "-3.00000", "2014-12-31": 322, "2014-09-30": 166, "2014-06-30": 189, "2014-03-31": "124.00000", "2013-12-31": 215, "2013-09-30": 317, "2013-06-30": 119, "2013-03-31": "24.00000", "2012-12-31": -329, "2012-09-30": -20, "2012-06-30": 200, "2012-03-31": "116.00000", "2011-12-31": 103, "2011-09-30": 138, "2011-06-30": 289, "2011-03-31": "193.00000", "2010-12-31": 162, "2010-09-30": 269, "2010-06-30": 194, "2010-03-31": "147.00000", "2009-12-31": 617.471, "2009-09-30": 129.441, "2009-06-30": 387.709, "2009-03-31": "151.37900", "2008-12-31": 92.8, "2008-09-30": 145.746, "2008-06-30": 103.347, "2008-03-31": "132.10700", "2007-12-31": 123.502, "2007-09-30": 103.013, "2007-06-30": 143.976, "2007-03-31": "167.50900", "2006-12-31": 106.313, "2006-09-30": 11.152, "2006-06-30": 5.777, "2006-03-31": "13.75800", "2005-12-31": -16.302, "2005-09-30": -208.986, "2005-06-30": 30.257, "2005-03-31": "56.03100"}, "Net Total Equity Issued/Repurchased": {"2020-09-30": -56, "2020-06-30": 7, "2020-03-31": "52.00000", "2019-12-31": 221, "2019-09-30": 171, "2019-06-30": 228, "2019-03-31": "224.00000", "2018-12-31": 179, "2018-09-30": 656, "2018-06-30": 109, "2018-03-31": "113.00000", "2017-12-31": -328, "2017-09-30": 446, "2017-06-30": 81, "2017-03-31": "186.00000", "2016-12-31": 622, "2016-09-30": 1882, "2016-06-30": 1113, "2016-03-31": "141.00000", "2015-12-31": 120, "2015-09-30": 20, "2015-06-30": -408, "2015-03-31": "-3.00000", "2014-12-31": 322, "2014-09-30": 166, "2014-06-30": 189, "2014-03-31": "124.00000", "2013-12-31": 165, "2013-09-30": 317, "2013-06-30": 169, "2013-03-31": "24.00000", "2012-12-31": -329, "2012-09-30": -20, "2012-06-30": 200, "2012-03-31": "116.00000", "2011-12-31": 103, "2011-09-30": 138, "2011-06-30": 289, "2011-03-31": "193.00000", "2010-12-31": 162, "2010-09-30": 269, "2010-06-30": 194, "2010-03-31": "147.00000", "2009-12-31": 617.471, "2009-09-30": 129.441, "2009-06-30": 387.709, "2009-03-31": "151.37900", "2008-12-31": 92.8, "2008-09-30": 145.746, "2008-06-30": 103.347, "2008-03-31": "7.10700", "2007-12-31": 443.502, "2007-09-30": 253.013, "2007-06-30": 143.976, "2007-03-31": "167.50900", "2006-12-31": 255.882, "2006-09-30": 11.152, "2006-06-30": 5.777, "2006-03-31": "-0.81100", "2005-12-31": 34.698, "2005-09-30": -208.986, "2005-06-30": 30.257, "2005-03-31": "56.03100"}, "Total Common And Preferred Stock Dividends Paid": {"2020-09-30": -722, "2020-06-30": -747, "2020-03-31": "-703.00000", "2019-12-31": -782, "2019-09-30": -693, "2019-06-30": -692, "2019-03-31": "-659.00000", "2018-12-31": -687, "2018-09-30": -655, "2018-06-30": -637, "2018-03-31": "-599.00000", "2017-12-31": -614, "2017-09-30": -631, "2017-06-30": -600, "2017-03-31": "-574.00000", "2016-12-31": -601, "2016-09-30": -541, "2016-06-30": -533, "2016-03-31": "-501.00000", "2015-12-31": -506, "2015-09-30": -498, "2015-06-30": -495, "2015-03-31": "-478.00000", "2014-12-31": -425, "2014-09-30": -488, "2014-06-30": -486, "2014-03-31": "-468.00000", "2013-12-31": -465, "2013-09-30": -461, "2013-06-30": -460, "2013-03-31": "-442.00000", "2012-12-31": -442, "2012-09-30": -447, "2012-06-30": -443, "2012-03-31": "-426.00000", "2011-12-31": -424, "2011-09-30": -423, "2011-06-30": -418, "2011-03-31": "-401.00000", "2010-12-31": -398, "2010-09-30": -396, "2010-06-30": -392, "2010-03-31": "-375.00000", "2009-12-31": -366.397, "2009-09-30": -364.912, "2009-06-30": -359.646, "2009-03-31": "-343.04500", "2008-12-31": -342.065, "2008-09-30": -340.068, "2008-06-30": -338.847, "2008-03-31": "-325.02000", "2007-12-31": -346.234, "2007-09-30": -304.775, "2007-06-30": -303.699, "2007-03-31": "-290.29200", "2006-12-31": -288.009, "2006-09-30": -287.845, "2006-06-30": -287.704, "2006-03-31": "-276.44200", "2005-12-31": -276.738, "2005-09-30": -277.625, "2005-06-30": -277.679, "2005-03-31": "-265.95800"}, "Financial Activities - Other": {"2020-09-30": -68, "2020-06-30": 118, "2020-03-31": "-116.00000", "2019-12-31": 158, "2019-09-30": -57, "2019-06-30": -17, "2019-03-31": "-45.00000", "2018-12-31": 1191, "2018-09-30": 109, "2018-06-30": 1021, "2018-03-31": "-34.00000", "2017-12-31": -108, "2017-09-30": -32, "2017-06-30": -37, "2017-03-31": "35.00000", "2016-12-31": -12, "2016-09-30": 136, "2016-06-30": -55, "2016-03-31": "101.00000", "2015-12-31": 14, "2015-09-30": 180, "2015-06-30": 48, "2015-03-31": "-17.00000", "2014-12-31": -44, "2014-09-30": -15, "2014-06-30": 13, "2014-03-31": "-46.00000", "2013-12-31": 45, "2013-09-30": -1, "2013-06-30": 15, "2013-03-31": "", "2012-12-31": -11, "2012-09-30": 161, "2012-06-30": 18, "2012-03-31": "1.00000", "2011-12-31": -14, "2011-09-30": -2, "2011-06-30": -2, "2011-03-31": "-2.00000", "2010-12-31": 2, "2010-09-30": -22, "2010-06-30": -14, "2010-03-31": "1.00000", "2009-12-31": -6.268, "2009-09-30": 0.595, "2009-06-30": -3.709, "2009-03-31": "-15.61800", "2008-12-31": -17.295, "2008-09-30": 0.562, "2008-06-30": -11.497, "2008-03-31": "-0.77000", "2007-12-31": -14.568, "2007-09-30": -21.822, "2007-06-30": -7.851, "2007-03-31": "-1.75900", "2006-12-31": -7.189, "2006-09-30": -0.163, "2006-06-30": -6.276, "2006-03-31": "-20.37200", "2005-12-31": -5.491, "2005-09-30": 94.709, "2005-06-30": -111.848, "2005-03-31": "-12.37000"}, "Cash Flow From Financial Activities": {"2020-09-30": 1362, "2020-06-30": -470, "2020-03-31": "185.00000", "2019-12-31": 462, "2019-09-30": 1256, "2019-06-30": -295, "2019-03-31": "-3353.00000", "2018-12-31": 527, "2018-09-30": -2576, "2018-06-30": -393, "2018-03-31": "629.00000", "2017-12-31": -349, "2017-09-30": -305, "2017-06-30": 580, "2017-03-31": "1025.00000", "2016-12-31": 2116, "2016-09-30": 2581, "2016-06-30": 10359, "2016-03-31": "669.00000", "2015-12-31": 1509, "2015-09-30": -571, "2015-06-30": 166, "2015-03-31": "596.00000", "2014-12-31": 419, "2014-09-30": -398, "2014-06-30": 580, "2014-03-31": "43.00000", "2013-12-31": -69, "2013-09-30": -733, "2013-06-30": 49, "2013-03-31": "429.00000", "2012-12-31": -72, "2012-09-30": -723, "2012-06-30": -210, "2012-03-31": "588.00000", "2011-12-31": -221, "2011-09-30": -296, "2011-06-30": -184, "2011-03-31": "-151.00000", "2010-12-31": -26, "2010-09-30": -149, "2010-06-30": 198, "2010-03-31": "-1.00000", "2009-12-31": 642.156, "2009-09-30": -863.861, "2009-06-30": 574.207, "2009-03-31": "976.49800", "2008-12-31": -71.108, "2008-09-30": 342.629, "2008-06-30": 100.03, "2008-03-31": "506.44900", "2007-12-31": -150.806, "2007-09-30": -249.895, "2007-06-30": 189.036, "2007-03-31": "520.66500", "2006-12-31": -405.272, "2006-09-30": -93.723, "2006-06-30": -67.185, "2006-03-31": "545.18000", "2005-12-31": 125.268, "2005-09-30": -555.873, "2005-06-30": -25.387, "2005-03-31": "388.99200"}, "Net Cash Flow": {"2020-09-30": 1498, "2020-06-30": -283, "2020-03-31": "190.00000", "2019-12-31": -957, "2019-09-30": 1549, "2019-06-30": 22, "2019-03-31": "-155.00000", "2018-12-31": -372, "2018-09-30": -126, "2018-06-30": -273, "2018-03-31": "143.00000", "2017-12-31": 289, "2017-09-30": 403, "2017-06-30": 339, "2017-03-31": "-876.00000", "2016-12-31": -693, "2016-09-30": 772, "2016-06-30": 1143, "2016-03-31": "-650.00000", "2015-12-31": 295, "2015-09-30": 296, "2015-06-30": -299, "2015-03-31": "402.00000", "2014-12-31": -704, "2014-09-30": 831, "2014-06-30": -7, "2014-03-31": "-69.00000", "2013-12-31": -23, "2013-09-30": 258, "2013-06-30": -91, "2013-03-31": "-113.00000", "2012-12-31": -628, "2012-09-30": 597, "2012-06-30": -385, "2012-03-31": "-271.00000", "2011-12-31": -201, "2011-09-30": 1079, "2011-06-30": 27, "2011-03-31": "-37.00000", "2010-12-31": -812, "2010-09-30": 993, "2010-06-30": -73, "2010-03-31": "-351.00000", "2009-12-31": 82.72, "2009-09-30": -174.98, "2009-06-30": 109.661, "2009-03-31": "255.59900", "2008-12-31": -389.469, "2008-09-30": 612.052, "2008-06-30": -54.882, "2008-03-31": "48.29900", "2007-12-31": -333.661, "2007-09-30": 365.67, "2007-06-30": 7.348, "2007-03-31": "-5.35700", "2006-12-31": -250.986, "2006-09-30": 155.197, "2006-06-30": -37.886, "2006-03-31": "98.67500", "2005-12-31": -213.89, "2005-09-30": 179.581, "2005-06-30": -145.031, "2005-03-31": "13.34000"}, "Stock-Based Compensation": {"2020-09-30": 15, "2020-06-30": 12, "2020-03-31": "72.00000", "2019-12-31": 20, "2019-09-30": 12, "2019-06-30": 11, "2019-03-31": "64.00000", "2018-12-31": 17, "2018-09-30": 25, "2018-06-30": 14, "2018-03-31": "69.00000", "2017-12-31": 14, "2017-09-30": 22, "2017-06-30": 12, "2017-03-31": "61.00000", "2016-12-31": 121, "2016-09-30": -69, "2016-06-30": 11, "2016-03-31": "58.00000", "2015-12-31": 22, "2015-09-30": 11, "2015-06-30": 10, "2015-03-31": "56.00000", "2014-12-31": 12, "2014-09-30": 11, "2014-06-30": 12, "2014-03-31": "28.00000", "2013-12-31": 11, "2013-09-30": 11, "2013-06-30": 11, "2013-03-31": "26.00000", "2012-12-31": 10, "2012-09-30": 10, "2012-06-30": 10, "2012-03-31": "25.00000", "2011-12-31": 7, "2011-09-30": 8, "2011-06-30": 6, "2011-03-31": "21.00000", "2010-12-31": 5, "2010-09-30": 4, "2010-06-30": 5, "2010-03-31": "19.00000", "2009-12-31": 2.15, "2009-09-30": 1.894, "2009-06-30": 2.001, "2009-03-31": "16.95500", "2008-12-31": 2.27, "2008-09-30": 17.73, "2008-06-30": -13.427, "2008-03-31": "13.42700", "2007-12-31": 1.989, "2007-09-30": 2.557, "2007-06-30": 2.9, "2007-03-31": "20.55400", "2006-12-31": 2.955, "2006-09-30": 2.859, "2006-06-30": 3.082, "2006-03-31": "19.10400", "2005-12-31": 0, "2005-09-30": 0, "2005-06-30": 0, "2005-03-31": ""}, "Common Stock Dividends Paid": {"2020-09-30": -722, "2020-06-30": -747, "2020-03-31": "-703.00000", "2019-12-31": -782, "2019-09-30": -693, "2019-06-30": -692, "2019-03-31": "-659.00000", "2018-12-31": -687, "2018-09-30": -655, "2018-06-30": -637, "2018-03-31": "-599.00000", "2017-12-31": -614, "2017-09-30": -631, "2017-06-30": -600, "2017-03-31": "-574.00000", "2016-12-31": -601, "2016-09-30": -541, "2016-06-30": -533, "2016-03-31": "-501.00000", "2015-12-31": -506, "2015-09-30": -498, "2015-06-30": -495, "2015-03-31": "-478.00000", "2014-12-31": -476, "2014-09-30": -471, "2014-06-30": -469, "2014-03-31": "-451.00000", "2013-12-31": -448, "2013-09-30": -444, "2013-06-30": -444, "2013-03-31": "-426.00000", "2012-12-31": -426, "2012-09-30": -430, "2012-06-30": -427, "2012-03-31": "-410.00000", "2011-12-31": -408, "2011-09-30": -406, "2011-06-30": -402, "2011-03-31": "-385.00000", "2010-12-31": -382, "2010-09-30": -379, "2010-06-30": -376, "2010-03-31": "-359.00000", "2009-12-31": -350.072, "2009-09-30": -348.702, "2009-06-30": -343.446, "2009-03-31": "-326.78000", "2008-12-31": -325.562, "2008-09-30": -323.844, "2008-06-30": -322.634, "2008-03-31": "-307.96000", "2007-12-31": -306.234, "2007-09-30": -304.775, "2007-06-30": -303.699, "2007-03-31": "-290.29200", "2006-12-31": -288.009, "2006-09-30": -287.845, "2006-06-30": -287.704, "2006-03-31": "-276.44200", "2005-12-31": -276.738, "2005-09-30": -277.625, "2005-06-30": -277.679, "2005-03-31": "-265.95800"}}, "financial ratios": {"Current Ratio": {"2019-12-31": "0.78250", "2018-12-31": "0.67080", "2017-12-31": "0.74090", "2016-12-31": "0.75270", "2015-12-31": "0.71490", "2014-12-31": "0.65440", "2013-12-31": "1.01610", "2012-12-31": "0.87850", "2011-12-31": "0.95360", "2010-12-31": "0.90900", "2009-12-31": "1.05180", "2008-12-31": "1.02530", "2007-12-31": "0.84030", "2006-12-31": "0.63260", "2005-12-31": "0.80250"}, "Long-term Debt / Capital": {"2019-12-31": "0.56600", "2018-12-31": "0.58140", "2017-12-31": "0.63230", "2016-12-31": "0.61460", "2015-12-31": "0.52770", "2014-12-31": "0.49220", "2013-12-31": "0.51450", "2012-12-31": "0.49860", "2011-12-31": "0.49980", "2010-12-31": "0.51230", "2009-12-31": "0.53780", "2008-12-31": "0.54600", "2007-12-31": "0.51230", "2006-12-31": "0.50790", "2005-12-31": "0.53230"}, "Debt/Equity Ratio": {"2019-12-31": "1.46150", "2018-12-31": "1.59730", "2017-12-31": "1.96480", "2016-12-31": "1.77540", "2015-12-31": "1.30040", "2014-12-31": "1.16310", "2013-12-31": "1.15670", "2012-12-31": "1.15760", "2011-12-31": "1.13740", "2010-12-31": "1.20060", "2009-12-31": "1.27580", "2008-12-31": "1.31490", "2007-12-31": "1.23230", "2006-12-31": "1.30930", "2005-12-31": "1.32960"}, "Gross Margin": {"2019-12-31": "71.09110", "2018-12-31": "66.15030", "2017-12-31": "67.96930", "2016-12-31": "69.92360", "2015-12-31": "69.15200", "2014-12-31": "63.84360", "2013-12-31": "65.05530", "2012-12-31": "66.13050", "2011-12-31": "61.09190", "2010-12-31": "58.39830", "2009-12-31": "59.18190", "2008-12-31": "55.43290", "2007-12-31": "58.50320", "2006-12-31": "60.33020", "2005-12-31": "61.44310"}, "Operating Margin": {"2019-12-31": "36.11750", "2018-12-31": "17.83780", "2017-12-31": "10.12980", "2016-12-31": "22.54730", "2015-12-31": "24.48400", "2014-12-31": "19.72170", "2013-12-31": "19.04960", "2012-12-31": "26.98800", "2011-12-31": "23.96220", "2010-12-31": "21.78050", "2009-12-31": "20.75840", "2008-12-31": "20.47060", "2007-12-31": "21.66350", "2006-12-31": "22.45750", "2005-12-31": "21.85330"}, "EBIT Margin": {"2019-12-31": "36.11750", "2018-12-31": "17.83780", "2017-12-31": "10.12980", "2016-12-31": "22.54730", "2015-12-31": "24.48400", "2014-12-31": "19.72170", "2013-12-31": "19.04960", "2012-12-31": "26.98800", "2011-12-31": "23.96220", "2010-12-31": "21.78050", "2009-12-31": "20.75840", "2008-12-31": "20.47060", "2007-12-31": "21.66350", "2006-12-31": "22.45750", "2005-12-31": "21.85330"}, "EBITDA Margin": {"2019-12-31": "51.66910", "2018-12-31": "32.94320", "2017-12-31": "25.14000", "2016-12-31": "37.23860", "2015-12-31": "38.17830", "2014-12-31": "32.13840", "2013-12-31": "32.49840", "2012-12-31": "39.95890", "2011-12-31": "35.56100", "2010-12-31": "32.26970", "2009-12-31": "32.11590", "2008-12-31": "30.41980", "2007-12-31": "31.34240", "2006-12-31": "32.35580", "2005-12-31": "32.16760"}, "Pre-Tax Profit Margin": {"2019-12-31": "30.54300", "2018-12-31": "11.70040", "2017-12-31": "4.63720", "2016-12-31": "17.49100", "2015-12-31": "20.75020", "2014-12-31": "16.28850", "2013-12-31": "14.97630", "2012-12-31": "22.67040", "2011-12-31": "19.74850", "2010-12-31": "17.56420", "2009-12-31": "16.54070", "2008-12-31": "15.89300", "2007-12-31": "17.04550", "2006-12-31": "16.39040", "2005-12-31": "16.12810"}, "Net Profit Margin": {"2019-12-31": "22.12520", "2018-12-31": "9.47440", "2017-12-31": "3.65590", "2016-12-31": "12.30400", "2015-12-31": "13.53420", "2014-12-31": "10.62980", "2013-12-31": "9.62130", "2012-12-31": "14.21060", "2011-12-31": "12.47660", "2010-12-31": "11.31420", "2009-12-31": "10.43640", "2008-12-31": "10.17110", "2007-12-31": "11.29420", "2006-12-31": "10.95710", "2005-12-31": "11.73820"}, "Asset Turnover": {"2019-12-31": "0.18040", "2018-12-31": "0.20100", "2017-12-31": "0.20750", "2016-12-31": "0.18140", "2015-12-31": "0.22330", "2014-12-31": "0.26290", "2013-12-31": "0.26470", "2012-12-31": "0.26190", "2011-12-31": "0.29790", "2010-12-31": "0.31720", "2009-12-31": "0.30250", "2008-12-31": "0.35430", "2007-12-31": "0.33530", "2006-12-31": "0.33500", "2005-12-31": "0.33990"}, "Inventory Turnover Ratio": {"2019-12-31": "3.24360", "2018-12-31": "4.25290", "2017-12-31": "3.63040", "2016-12-31": "2.78200", "2015-12-31": "2.79680", "2014-12-31": "3.39110", "2013-12-31": "2.59830", "2012-12-31": "1.98690", "2011-12-31": "3.02640", "2010-12-31": "3.40140", "2009-12-31": "2.86750", "2008-12-31": "4.30030", "2007-12-31": "4.43970", "2006-12-31": "4.30460", "2005-12-31": "4.88870"}, "Receiveable Turnover": {"2019-12-31": "7.62240", "2018-12-31": "7.14130", "2017-12-31": "7.50930", "2016-12-31": "6.45140", "2015-12-31": "11.02020", "2014-12-31": "13.39160", "2013-12-31": "13.01370", "2012-12-31": "14.02630", "2011-12-31": "13.27590", "2010-12-31": "12.46860", "2009-12-31": "12.08210", "2008-12-31": "12.88710", "2007-12-31": "11.57840", "2006-12-31": "11.59610", "2005-12-31": "10.93060"}, "Days Sales In Receivables": {"2019-12-31": "47.88510", "2018-12-31": "51.11090", "2017-12-31": "48.60640", "2016-12-31": "56.57720", "2015-12-31": "33.12110", "2014-12-31": "27.25590", "2013-12-31": "28.04740", "2012-12-31": "26.02260", "2011-12-31": "27.49340", "2010-12-31": "29.27360", "2009-12-31": "30.20990", "2008-12-31": "28.32280", "2007-12-31": "31.52410", "2006-12-31": "31.47600", "2005-12-31": "33.39240"}, "ROE - Return On Equity": {"2019-12-31": "14.93750", "2018-12-31": "7.92040", "2017-12-31": "3.62740", "2016-12-31": "10.21490", "2015-12-31": "11.82500", "2014-12-31": "10.18100", "2013-12-31": "8.99620", "2012-12-31": "13.19890", "2011-12-31": "12.90250", "2010-12-31": "12.59100", "2009-12-31": "11.48000", "2008-12-31": "13.61100", "2007-12-31": "14.38840", "2006-12-31": "13.83340", "2005-12-31": "14.88450"}, "Return On Tangible Equity": {"2019-12-31": "18.08340", "2018-12-31": "9.82820", "2017-12-31": "4.94900", "2016-12-31": "12.96330", "2015-12-31": "11.17950", "2014-12-31": "9.53480", "2013-12-31": "8.49100", "2012-12-31": "12.46190", "2011-12-31": "12.15430", "2010-12-31": "11.80280", "2009-12-31": "10.95930", "2008-12-31": "12.92280", "2007-12-31": "13.23430", "2006-12-31": "12.98390", "2005-12-31": "14.09840"}, "ROA - Return On Assets": {"2019-12-31": "3.99660", "2018-12-31": "1.96730", "2017-12-31": "0.83420", "2016-12-31": "2.30540", "2015-12-31": "3.10910", "2014-12-31": "2.89180", "2013-12-31": "2.64930", "2012-12-31": "3.82430", "2011-12-31": "3.82680", "2010-12-31": "3.70690", "2009-12-31": "3.28170", "2008-12-31": "3.73760", "2007-12-31": "3.89180", "2006-12-31": "3.67030", "2005-12-31": "3.98980"}, "ROI - Return On Investment": {"2019-12-31": "6.42400", "2018-12-31": "3.28260", "2017-12-31": "1.31700", "2016-12-31": "3.64620", "2015-12-31": "5.20430", "2014-12-31": "4.84210", "2013-12-31": "4.12220", "2012-12-31": "6.24790", "2011-12-31": "6.07930", "2010-12-31": "5.75650", "2009-12-31": "5.06580", "2008-12-31": "5.86710", "2007-12-31": "6.45470", "2006-12-31": "6.38960", "2005-12-31": "6.59320"}, "Book Value Per Share": {"2019-12-31": "30.43690", "2018-12-31": "28.36560", "2017-12-31": "25.64680", "2016-12-31": "27.00000", "2015-12-31": "24.23250", "2014-12-31": "23.45150", "2013-12-31": "22.69700", "2012-12-31": "22.32600", "2011-12-31": "21.55980", "2010-12-31": "20.49080", "2009-12-31": "19.01430", "2008-12-31": "17.99170", "2007-12-31": "17.63360", "2006-12-31": "16.23120", "2005-12-31": "15.21710"}, "Operating Cash Flow Per Share": {"2019-12-31": -1.2908, "2018-12-31": 0.4323, "2017-12-31": 1.2347, "2016-12-31": -1.7557, "2015-12-31": 0.4104, "2014-12-31": -0.4666, "2013-12-31": 1.3483, "2012-12-31": -1.26, "2011-12-31": 2.064, "2010-12-31": 0.669, "2009-12-31": -0.3705, "2008-12-31": -0.0428, "2007-12-31": 0.7424, "2006-12-31": 0.3923, "2005-12-31": 3.3778}, "Free Cash Flow Per Share": {"2019-12-31": 1.3228, "2018-12-31": 2.7783, "2017-12-31": 1.5817, "2016-12-31": -3.1628, "2015-12-31": 0.025, "2014-12-31": -0.0881, "2013-12-31": 0.6183, "2012-12-31": -1.4936, "2011-12-31": 1.7084, "2010-12-31": 1.4971, "2009-12-31": -0.9061, "2008-12-31": -0.5508, "2007-12-31": -0.1216, "2006-12-31": -0.2591, "2005-12-31": 0.227}}, "financial ratios, quarterly": {"Current Ratio": {"2020-09-30": "0.89990", "2020-06-30": "0.97160", "2020-03-31": "0.98710", "2019-12-31": "0.78250", "2019-09-30": "0.94140", "2019-06-30": "0.75930", "2019-03-31": "0.87800", "2018-12-31": "0.67080", "2018-09-30": "0.72380", "2018-06-30": "0.80880", "2018-03-31": "0.69880", "2017-12-31": "0.74090", "2017-09-30": "0.73010", "2017-06-30": "0.69300", "2017-03-31": "0.68600", "2016-12-31": "0.75270", "2016-09-30": "0.91400", "2016-06-30": "1.77930", "2016-03-31": "0.69510", "2015-12-31": "0.71490", "2015-09-30": "0.64710", "2015-06-30": "0.75970", "2015-03-31": "0.69370", "2014-12-31": "0.65440", "2014-09-30": "0.90830", "2014-06-30": "0.89990", "2014-03-31": "1.06310", "2013-12-31": "1.01610", "2013-09-30": "1.01420", "2013-06-30": "0.81690", "2013-03-31": "0.92130", "2012-12-31": "0.87850", "2012-09-30": "1.01930", "2012-06-30": "1.04680", "2012-03-31": "0.95630", "2011-12-31": "0.95360", "2011-09-30": "1.14810", "2011-06-30": "0.96540", "2011-03-31": "0.86800", "2010-12-31": "0.90900", "2010-09-30": "1.10260", "2010-06-30": "0.93070", "2010-03-31": "0.94640", "2009-12-31": "1.05180", "2009-09-30": "1.13640", "2009-06-30": "1.12830", "2009-03-31": "1.08990", "2008-12-31": "1.02530", "2008-09-30": "0.98880", "2008-06-30": "0.94090", "2008-03-31": "0.88670", "2007-12-31": "0.84030", "2007-09-30": "0.88870", "2007-06-30": "0.87380", "2007-03-31": "0.73230", "2006-12-31": "0.63260", "2006-09-30": "0.79910", "2006-06-30": "0.80000", "2006-03-31": "0.85300", "2005-12-31": "0.80250", "2005-09-30": "0.90050", "2005-06-30": "0.83570", "2005-03-31": "0.96760"}, "Long-term Debt / Capital": {"2020-09-30": "0.58160", "2020-06-30": "0.58330", "2020-03-31": "0.57870", "2019-12-31": "0.56600", "2019-09-30": "0.56750", "2019-06-30": "0.55810", "2019-03-31": "0.56630", "2018-12-31": "0.58140", "2018-09-30": "0.59340", "2018-06-30": "0.61130", "2018-03-31": "0.62780", "2017-12-31": "0.63230", "2017-09-30": "0.62610", "2017-06-30": "0.63380", "2017-03-31": "0.61210", "2016-12-31": "0.61460", "2016-09-30": "0.61240", "2016-06-30": "0.60010", "2016-03-31": "0.53910", "2015-12-31": "0.52770", "2015-09-30": "0.50320", "2015-06-30": "0.51600", "2015-03-31": "0.49680", "2014-12-31": "0.49220", "2014-09-30": "0.50830", "2014-06-30": "0.51830", "2014-03-31": "0.52460", "2013-12-31": "0.51450", "2013-09-30": "0.51400", "2013-06-30": "0.50990", "2013-03-31": "0.51400", "2012-12-31": "0.49860", "2012-09-30": "0.49010", "2012-06-30": "0.50330", "2012-03-31": "0.50360", "2011-12-31": "0.49980", "2011-09-30": "0.50530", "2011-06-30": "0.51190", "2011-03-31": "0.51360", "2010-12-31": "0.51230", "2010-09-30": "0.51760", "2010-06-30": "0.52760", "2010-03-31": "0.53230", "2009-12-31": "0.53780", "2009-09-30": "0.54450", "2009-06-30": "0.55290", "2009-03-31": "0.56050", "2008-12-31": "0.54600", "2008-09-30": "0.52140", "2008-06-30": "0.52940", "2008-03-31": "0.52180", "2007-12-31": "0.51230", "2007-09-30": "0.51310", "2007-06-30": "0.52900", "2007-03-31": "0.52210", "2006-12-31": "0.50790", "2006-09-30": "0.52020", "2006-06-30": "0.53550", "2006-03-31": "0.53900", "2005-12-31": "0.53230", "2005-09-30": "0.53050", "2005-06-30": "0.53320", "2005-03-31": "0.53490"}, "Debt/Equity Ratio": {"2020-09-30": "1.52880", "2020-06-30": "1.48580", "2020-03-31": "1.48270", "2019-12-31": "1.46150", "2019-09-30": "1.43240", "2019-06-30": "1.40750", "2019-03-31": "1.42110", "2018-12-31": "1.59730", "2018-09-30": "1.65560", "2018-06-30": "1.83970", "2018-03-31": "1.97170", "2017-12-31": "1.96480", "2017-09-30": "1.90590", "2017-06-30": "1.97920", "2017-03-31": "1.80250", "2016-12-31": "1.77540", "2016-09-30": "1.72920", "2016-06-30": "1.67480", "2016-03-31": "1.33070", "2015-12-31": "1.30040", "2015-09-30": "1.23080", "2015-06-30": "1.28730", "2015-03-31": "1.22040", "2014-12-31": "1.16310", "2014-09-30": "1.16530", "2014-06-30": "1.19290", "2014-03-31": "1.17090", "2013-12-31": "1.15670", "2013-09-30": "1.16080", "2013-06-30": "1.23180", "2013-03-31": "1.21800", "2012-12-31": "1.15760", "2012-09-30": "1.10150", "2012-06-30": "1.14480", "2012-03-31": "1.16930", "2011-12-31": "1.13740", "2011-09-30": "1.13200", "2011-06-30": "1.17390", "2011-03-31": "1.21190", "2010-12-31": "1.20060", "2010-09-30": "1.21030", "2010-06-30": "1.26420", "2010-03-31": "1.26470", "2009-12-31": "1.27580", "2009-09-30": "1.29320", "2009-06-30": "1.38780", "2009-03-31": "1.40160", "2008-12-31": "1.31490", "2008-09-30": "1.25580", "2008-06-30": "1.27420", "2008-03-31": "1.26800", "2007-12-31": "1.23230", "2007-09-30": "1.28290", "2007-06-30": "1.34620", "2007-03-31": "1.35010", "2006-12-31": "1.30930", "2006-09-30": "1.36510", "2006-06-30": "1.40150", "2006-03-31": "1.39740", "2005-12-31": "1.32960", "2005-09-30": "1.28570", "2005-06-30": "1.33160", "2005-03-31": "1.31820"}, "Gross Margin": {"2020-09-30": "76.76160", "2020-06-30": "", "2020-03-31": "73.87410", "2019-12-31": "70.30930", "2019-09-30": "74.66220", "2019-06-30": "72.73440", "2019-03-31": "66.29710", "2018-12-31": "63.66870", "2018-09-30": "70.92060", "2018-06-30": "67.19390", "2018-03-31": "62.69620", "2017-12-31": "64.80730", "2017-09-30": "71.53690", "2017-06-30": "69.63170", "2017-03-31": "65.65590", "2016-12-31": "65.74020", "2016-09-30": "70.56190", "2016-06-30": "71.51830", "2016-03-31": "72.57010", "2015-12-31": "73.23430", "2015-09-30": "68.28370", "2015-06-30": "68.38830", "2015-03-31": "67.58310", "2014-12-31": "65.19790", "2014-09-30": "65.34930", "2014-06-30": "64.29370", "2014-03-31": "60.50820", "2013-12-31": "64.65500", "2013-09-30": "65.61690", "2013-06-30": "64.64910", "2013-03-31": "65.17830", "2012-12-31": "66.54060", "2012-09-30": "65.99330", "2012-06-30": "65.55850", "2012-03-31": "66.56490", "2011-12-31": "63.39290", "2011-09-30": "60.88800", "2011-06-30": "59.78770", "2011-03-31": "60.71790", "2010-12-31": "58.79080", "2010-09-30": "59.04140", "2010-06-30": "58.24620", "2010-03-31": "57.37310", "2009-12-31": "59.27560", "2009-09-30": "59.40780", "2009-06-30": "59.27260", "2009-03-31": "58.70750", "2008-12-31": "54.29910", "2008-09-30": "53.35690", "2008-06-30": "56.83860", "2008-03-31": "58.05360", "2007-12-31": "57.71160", "2007-09-30": "58.19200", "2007-06-30": "58.70440", "2007-03-31": "59.49760", "2006-12-31": "60.95590", "2006-09-30": "59.00680", "2006-06-30": "59.72460", "2006-03-31": "62.36180", "2005-12-31": "57.72250", "2005-09-30": "59.71550", "2005-06-30": "64.19730", "2005-03-31": "65.45290"}, "Operating Margin": {"2020-09-30": "32.65130", "2020-06-30": "", "2020-03-31": "25.16940", "2019-12-31": "14.04150", "2019-09-30": "33.57800", "2019-06-30": "26.32410", "2019-03-31": "68.20030", "2018-12-31": "10.83010", "2018-09-30": "35.29790", "2018-06-30": "1.11960", "2018-03-31": "21.59450", "2017-12-31": "13.12840", "2017-09-30": "32.10770", "2017-06-30": "-30.36830", "2017-03-31": "21.69470", "2016-12-31": "8.56980", "2016-09-30": "30.60350", "2016-06-30": "26.57550", "2016-03-31": "23.54710", "2015-12-31": "16.19960", "2015-09-30": "30.53140", "2015-06-30": "25.31700", "2015-03-31": "22.87830", "2014-12-31": "13.96570", "2014-09-30": "23.93710", "2014-06-30": "24.69220", "2014-03-31": "15.07320", "2013-12-31": "20.34630", "2013-09-30": "29.71900", "2013-06-30": "15.07300", "2013-03-31": "8.33970", "2012-12-31": "21.98220", "2012-09-30": "34.46230", "2012-06-30": "27.33800", "2012-03-31": "21.25420", "2011-12-31": "15.93620", "2011-09-30": "30.43480", "2011-06-30": "25.12720", "2011-03-31": "21.28610", "2010-12-31": "12.46350", "2010-09-30": "27.42480", "2010-06-30": "22.59980", "2010-03-31": "22.17950", "2009-12-31": "13.58540", "2009-09-30": "30.23140", "2009-06-30": "22.80970", "2009-03-31": "13.35610", "2008-12-31": "12.33820", "2008-09-30": "25.88590", "2008-06-30": "21.92240", "2008-03-31": "19.22630", "2007-12-31": "12.24520", "2007-09-30": "28.59210", "2007-06-30": "22.37730", "2007-03-31": "20.28140", "2006-12-31": "14.87790", "2006-09-30": "29.84390", "2006-06-30": "22.47150", "2006-03-31": "19.27010", "2005-12-31": "12.28040", "2005-09-30": "29.30270", "2005-06-30": "23.12410", "2005-03-31": "20.08160"}, "EBIT Margin": {"2020-09-30": "32.65130", "2020-06-30": "", "2020-03-31": "25.16940", "2019-12-31": "14.04150", "2019-09-30": "33.57800", "2019-06-30": "26.32410", "2019-03-31": "68.20030", "2018-12-31": "10.83010", "2018-09-30": "35.29790", "2018-06-30": "1.11960", "2018-03-31": "21.59450", "2017-12-31": "13.12840", "2017-09-30": "32.10770", "2017-06-30": "-30.36830", "2017-03-31": "21.69470", "2016-12-31": "8.56980", "2016-09-30": "30.60350", "2016-06-30": "26.57550", "2016-03-31": "23.54710", "2015-12-31": "16.19960", "2015-09-30": "30.53140", "2015-06-30": "25.31700", "2015-03-31": "22.87830", "2014-12-31": "13.96570", "2014-09-30": "23.93710", "2014-06-30": "24.69220", "2014-03-31": "15.07320", "2013-12-31": "20.34630", "2013-09-30": "29.71900", "2013-06-30": "15.07300", "2013-03-31": "8.33970", "2012-12-31": "21.98220", "2012-09-30": "34.46230", "2012-06-30": "27.33800", "2012-03-31": "21.25420", "2011-12-31": "15.93620", "2011-09-30": "30.43480", "2011-06-30": "25.12720", "2011-03-31": "21.28610", "2010-12-31": "12.46350", "2010-09-30": "27.42480", "2010-06-30": "22.59980", "2010-03-31": "22.17950", "2009-12-31": "13.58540", "2009-09-30": "30.23140", "2009-06-30": "22.80970", "2009-03-31": "13.35610", "2008-12-31": "12.33820", "2008-09-30": "25.88590", "2008-06-30": "21.92240", "2008-03-31": "19.22630", "2007-12-31": "12.24520", "2007-09-30": "28.59210", "2007-06-30": "22.37730", "2007-03-31": "20.28140", "2006-12-31": "14.87790", "2006-09-30": "29.84390", "2006-06-30": "22.47150", "2006-03-31": "19.27010", "2005-12-31": "12.28040", "2005-09-30": "29.30270", "2005-06-30": "23.12410", "2005-03-31": "20.08160"}, "EBITDA Margin": {"2020-09-30": "", "2020-06-30": "", "2020-03-31": "", "2019-12-31": "", "2019-09-30": "", "2019-06-30": "", "2019-03-31": "", "2018-12-31": "", "2018-09-30": "", "2018-06-30": "", "2018-03-31": "", "2017-12-31": "", "2017-09-30": "", "2017-06-30": "", "2017-03-31": "", "2016-12-31": "", "2016-09-30": "", "2016-06-30": "", "2016-03-31": "", "2015-12-31": "", "2015-09-30": "", "2015-06-30": "", "2015-03-31": "", "2014-12-31": "", "2014-09-30": "", "2014-06-30": "", "2014-03-31": "", "2013-12-31": "", "2013-09-30": "", "2013-06-30": "", "2013-03-31": "", "2012-12-31": "", "2012-09-30": "", "2012-06-30": "", "2012-03-31": "", "2011-12-31": "", "2011-09-30": "", "2011-06-30": "", "2011-03-31": "", "2010-12-31": "", "2010-09-30": "", "2010-06-30": "", "2010-03-31": "", "2009-12-31": "", "2009-09-30": "", "2009-06-30": "", "2009-03-31": "", "2008-12-31": "", "2008-09-30": "", "2008-06-30": "", "2008-03-31": "", "2007-12-31": "", "2007-09-30": "", "2007-06-30": "", "2007-03-31": "", "2006-12-31": "", "2006-09-30": "", "2006-06-30": "", "2006-03-31": "", "2005-12-31": "", "2005-09-30": "", "2005-06-30": "", "2005-03-31": ""}, "Pre-Tax Profit Margin": {"2020-09-30": "28.04270", "2020-06-30": "", "2020-03-31": "19.64930", "2019-12-31": "6.81730", "2019-09-30": "28.55710", "2019-06-30": "21.10630", "2019-03-31": "63.17440", "2018-12-31": "2.26720", "2018-09-30": "29.95620", "2018-06-30": "-4.72720", "2018-03-31": "16.46270", "2017-12-31": "5.75590", "2017-09-30": "27.39880", "2017-06-30": "-35.63540", "2017-03-31": "16.98150", "2016-12-31": "4.59370", "2016-09-30": "25.79820", "2016-06-30": "20.36330", "2016-03-31": "17.98600", "2015-12-31": "11.63120", "2015-09-30": "27.21720", "2015-06-30": "21.78930", "2015-03-31": "19.10110", "2014-12-31": "9.65900", "2014-09-30": "21.10880", "2014-06-30": "21.24470", "2014-03-31": "11.71400", "2013-12-31": "15.86450", "2013-09-30": "26.64940", "2013-06-30": "11.09280", "2013-03-31": "3.28460", "2012-12-31": "17.14830", "2012-09-30": "30.93680", "2012-06-30": "23.15240", "2012-03-31": "16.20420", "2011-12-31": "10.09200", "2011-09-30": "27.19230", "2011-06-30": "21.43330", "2011-03-31": "16.67500", "2010-12-31": "7.15990", "2010-09-30": "23.98500", "2010-06-30": "18.36980", "2010-03-31": "17.96970", "2009-12-31": "9.46630", "2009-09-30": "26.53260", "2009-06-30": "18.54560", "2009-03-31": "8.43040", "2008-12-31": "7.35820", "2008-09-30": "22.68770", "2008-06-30": "15.59910", "2008-03-31": "15.02990", "2007-12-31": "8.40450", "2007-09-30": "24.98430", "2007-06-30": "16.82780", "2007-03-31": "14.50050", "2006-12-31": "7.42960", "2006-09-30": "25.12990", "2006-06-30": "16.87330", "2006-03-31": "12.06460", "2005-12-31": "5.31490", "2005-09-30": "24.83960", "2005-06-30": "17.15780", "2005-03-31": "14.11640"}, "Net Profit Margin": {"2020-09-30": "22.25980", "2020-06-30": "", "2020-03-31": "17.29770", "2019-12-31": "8.95400", "2019-09-30": "21.95160", "2019-06-30": "17.63440", "2019-03-31": "38.50700", "2018-12-31": "5.20890", "2018-09-30": "18.89920", "2018-06-30": "-2.73680", "2018-03-31": "14.72070", "2017-12-31": "8.81150", "2017-09-30": "17.23920", "2017-06-30": "-25.43280", "2017-03-31": "11.40180", "2016-12-31": "3.80240", "2016-09-30": "18.18330", "2016-06-30": "13.97170", "2016-03-31": "12.24950", "2015-12-31": "7.59530", "2015-09-30": "17.75600", "2015-06-30": "14.50310", "2015-03-31": "12.14440", "2014-12-31": "7.04510", "2014-09-30": "13.44820", "2014-06-30": "13.67810", "2014-03-31": "7.55810", "2013-12-31": "10.54240", "2013-09-30": "16.98230", "2013-06-30": "6.99480", "2013-03-31": "2.07850", "2012-12-31": "10.34300", "2012-09-30": "19.33060", "2012-06-30": "14.90070", "2012-03-31": "10.21090", "2011-12-31": "7.06170", "2011-09-30": "16.87550", "2011-06-30": "13.35990", "2011-03-31": "10.51840", "2010-12-31": "4.05730", "2010-09-30": "15.35710", "2010-06-30": "12.11980", "2010-03-31": "11.90760", "2009-12-31": "7.08510", "2009-09-30": "16.87450", "2009-06-30": "12.31900", "2009-03-31": "3.42910", "2008-12-31": "4.89110", "2008-09-30": "14.38190", "2008-06-30": "9.87810", "2008-03-31": "9.75330", "2007-12-31": "6.11200", "2007-09-30": "15.76960", "2007-06-30": "11.37760", "2007-03-31": "9.93610", "2006-12-31": "5.97060", "2006-09-30": "16.22170", "2006-06-30": "10.72600", "2006-03-31": "8.54020", "2005-12-31": "4.83410", "2005-09-30": "16.57240", "2005-06-30": "12.39950", "2005-03-31": "11.58800"}, "Asset Turnover": {"2020-09-30": "0.04560", "2020-06-30": "", "2020-03-31": "0.04220", "2019-12-31": "0.04140", "2019-09-30": "0.05100", "2019-06-30": "0.04440", "2019-03-31": "0.04740", "2018-12-31": "0.04560", "2018-09-30": "0.05510", "2018-06-30": "0.04990", "2018-03-31": "0.05710", "2017-12-31": "0.05070", "2017-09-30": "0.05620", "2017-06-30": "0.05000", "2017-03-31": "0.05260", "2016-12-31": "0.04720", "2016-09-30": "0.05890", "2016-06-30": "0.04910", "2016-03-31": "0.05070", "2015-12-31": "0.04560", "2015-09-30": "0.07180", "2015-06-30": "0.05850", "2015-03-31": "0.05840", "2014-12-31": "0.05720", "2014-09-30": "0.07890", "2014-06-30": "0.06730", "2014-03-31": "0.07160", "2013-12-31": "0.06080", "2013-09-30": "0.07750", "2013-06-30": "0.06640", "2013-03-31": "0.06160", "2012-12-31": "0.05860", "2012-09-30": "0.08150", "2012-06-30": "0.06870", "2012-03-31": "0.06020", "2011-12-31": "0.06240", "2011-09-30": "0.09470", "2011-06-30": "0.08070", "2011-03-31": "0.07290", "2010-12-31": "0.06850", "2010-09-30": "0.09690", "2010-06-30": "0.07880", "2010-03-31": "0.07910", "2009-12-31": "0.06740", "2009-09-30": "0.09270", "2009-06-30": "0.07710", "2009-03-31": "0.07400", "2008-12-31": "0.07860", "2008-09-30": "0.11070", "2008-06-30": "0.08810", "2008-03-31": "0.07900", "2007-12-31": "0.07300", "2007-09-30": "0.10660", "2007-06-30": "0.08540", "2007-03-31": "0.07910", "2006-12-31": "0.07350", "2006-09-30": "0.10820", "2006-06-30": "0.08800", "2006-03-31": "0.07660", "2005-12-31": "0.08250", "2005-09-30": "0.11070", "2005-06-30": "0.08190", "2005-03-31": "0.07470"}, "Inventory Turnover Ratio": {"2020-09-30": "0.64400", "2020-06-30": "", "2020-03-31": "0.66150", "2019-12-31": "0.76430", "2019-09-30": "0.82150", "2019-06-30": "0.74130", "2019-03-31": "0.95800", "2018-12-31": "1.03690", "2018-09-30": "0.99060", "2018-06-30": "0.99300", "2018-03-31": "1.19150", "2017-12-31": "0.97490", "2017-09-30": "0.85270", "2017-06-30": "0.79090", "2017-03-31": "0.91590", "2016-12-31": "0.82520", "2016-09-30": "0.95450", "2016-06-30": "0.63250", "2016-03-31": "0.56970", "2015-12-31": "0.49510", "2015-09-30": "0.98620", "2015-06-30": "0.74590", "2015-03-31": "0.71180", "2014-12-31": "0.71000", "2014-09-30": "1.00820", "2014-06-30": "0.83900", "2014-03-31": "0.98550", "2013-12-31": "0.60400", "2013-09-30": "0.74740", "2013-06-30": "0.58340", "2013-03-31": "0.49830", "2012-12-31": "0.43950", "2012-09-30": "0.67870", "2012-06-30": "0.55580", "2012-03-31": "0.48530", "2011-12-31": "0.59600", "2011-09-30": "1.10000", "2011-06-30": "0.87950", "2011-03-31": "0.72360", "2010-12-31": "0.72790", "2010-09-30": "1.07280", "2010-06-30": "0.80290", "2010-03-31": "0.83910", "2009-12-31": "0.63790", "2009-09-30": "0.87630", "2009-06-30": "0.73210", "2009-03-31": "0.77860", "2008-12-31": "0.97900", "2008-09-30": "1.60040", "2008-06-30": "1.14950", "2008-03-31": "1.02810", "2007-12-31": "0.98440", "2007-09-30": "1.40920", "2007-06-30": "1.06080", "2007-03-31": "0.99270", "2006-12-31": "0.93020", "2006-09-30": "1.46510", "2006-06-30": "1.17300", "2006-03-31": "0.99570", "2005-12-31": "1.30090", "2005-09-30": "1.74990", "2005-06-30": "1.05190", "2005-03-31": "0.99460"}, "Receiveable Turnover": {"2020-09-30": "2.23640", "2020-06-30": "", "2020-03-31": "2.09000", "2019-12-31": "1.74880", "2019-09-30": "2.14570", "2019-06-30": "1.87360", "2019-03-31": "1.76810", "2018-12-31": "1.62220", "2018-09-30": "2.13480", "2018-06-30": "2.04020", "2018-03-31": "2.29210", "2017-12-31": "1.83530", "2017-09-30": "2.18040", "2017-06-30": "1.75900", "2017-03-31": "1.93850", "2016-12-31": "1.68000", "2016-09-30": "2.48770", "2016-06-30": "2.94520", "2016-03-31": "3.29640", "2015-12-31": "2.24830", "2015-09-30": "3.25170", "2015-06-30": "2.88360", "2015-03-31": "3.12400", "2014-12-31": "2.91300", "2014-09-30": "3.18180", "2014-06-30": "2.97600", "2014-03-31": "3.43490", "2013-12-31": "2.99090", "2013-09-30": "3.25360", "2013-06-30": "3.03500", "2013-03-31": "3.19690", "2012-12-31": "3.14080", "2012-09-30": "3.19760", "2012-06-30": "2.98220", "2012-03-31": "3.16700", "2011-12-31": "2.77890", "2011-09-30": "3.34860", "2011-06-30": "3.00800", "2011-03-31": "3.21730", "2010-12-31": "2.69360", "2010-09-30": "3.19070", "2010-06-30": "2.79320", "2010-03-31": "3.11350", "2009-12-31": "2.69380", "2009-09-30": "3.17150", "2009-06-30": "2.66520", "2009-03-31": "2.77070", "2008-12-31": "2.86110", "2008-09-30": "3.49000", "2008-06-30": "2.70880", "2008-03-31": "2.92560", "2007-12-31": "2.51910", "2007-09-30": "2.92390", "2007-06-30": "2.94260", "2007-03-31": "2.98980", "2006-12-31": "2.54590", "2006-09-30": "3.13430", "2006-06-30": "2.90170", "2006-03-31": "2.85300", "2005-12-31": "2.65280", "2005-09-30": "3.06340", "2005-06-30": "2.60570", "2005-03-31": "2.90740"}, "Days Sales In Receivables": {"2020-09-30": "40.24380", "2020-06-30": "", "2020-03-31": "43.06300", "2019-12-31": "51.46520", "2019-09-30": "41.94500", "2019-06-30": "48.03650", "2019-03-31": "50.90360", "2018-12-31": "55.48060", "2018-09-30": "42.15780", "2018-06-30": "44.11230", "2018-03-31": "39.26550", "2017-12-31": "49.03710", "2017-09-30": "41.27720", "2017-06-30": "51.16570", "2017-03-31": "46.42700", "2016-12-31": "53.57270", "2016-09-30": "36.17820", "2016-06-30": "30.55840", "2016-03-31": "27.30210", "2015-12-31": "40.03080", "2015-09-30": "27.67820", "2015-06-30": "31.21050", "2015-03-31": "28.80950", "2014-12-31": "30.89620", "2014-09-30": "28.28620", "2014-06-30": "30.24180", "2014-03-31": "26.20160", "2013-12-31": "30.09170", "2013-09-30": "27.66200", "2013-06-30": "29.65380", "2013-03-31": "28.15240", "2012-12-31": "28.65510", "2012-09-30": "28.14620", "2012-06-30": "30.17940", "2012-03-31": "28.41840", "2011-12-31": "32.38640", "2011-09-30": "26.87730", "2011-06-30": "29.92040", "2011-03-31": "27.97360", "2010-12-31": "33.41290", "2010-09-30": "28.20670", "2010-06-30": "32.22080", "2010-03-31": "28.90630", "2009-12-31": "33.40980", "2009-09-30": "28.37780", "2009-06-30": "33.76880", "2009-03-31": "32.48270", "2008-12-31": "31.45640", "2008-09-30": "25.78820", "2008-06-30": "33.22520", "2008-03-31": "30.76290", "2007-12-31": "35.72670", "2007-09-30": "30.78130", "2007-06-30": "30.58530", "2007-03-31": "30.10210", "2006-12-31": "35.35060", "2006-09-30": "28.71430", "2006-06-30": "31.01670", "2006-03-31": "31.54560", "2005-12-31": "33.92670", "2005-09-30": "29.37880", "2005-06-30": "34.53930", "2005-03-31": "30.95520"}, "ROE - Return On Equity": {"2020-09-30": "3.94770", "2020-06-30": "-0.48180", "2020-03-31": "2.63500", "2019-12-31": "1.28780", "2019-09-30": "4.23080", "2019-06-30": "2.99060", "2019-03-31": "6.70970", "2018-12-31": "0.92630", "2018-09-30": "4.35420", "2018-06-30": "-0.47580", "2018-03-31": "3.59650", "2017-12-31": "1.95860", "2017-09-30": "4.35290", "2017-06-30": "-5.44010", "2017-03-31": "2.52020", "2016-12-31": "0.82400", "2016-09-30": "4.60290", "2016-06-30": "2.83310", "2016-03-31": "2.32210", "2015-12-31": "1.44230", "2015-09-30": "4.55100", "2015-06-30": "3.13090", "2015-03-31": "2.59410", "2014-12-31": "1.50380", "2014-09-30": "3.70150", "2014-06-30": "3.23280", "2014-03-31": "1.92970", "2013-12-31": "2.26750", "2013-09-30": "4.62780", "2013-06-30": "1.73500", "2013-03-31": "0.53780", "2012-12-31": "2.18070", "2012-09-30": "5.32750", "2012-06-30": "3.52570", "2012-03-31": "2.16960", "2011-12-31": "1.57580", "2011-09-30": "5.29120", "2011-06-30": "3.65090", "2011-03-31": "2.66020", "2010-12-31": "1.04310", "2010-09-30": "5.13070", "2010-06-30": "3.38630", "2010-03-31": "3.36300", "2009-12-31": "1.78190", "2009-09-30": "5.61320", "2009-06-30": "3.58980", "2009-03-31": "1.07080", "2008-12-31": "1.52450", "2008-09-30": "5.94320", "2008-06-30": "3.38730", "2008-03-31": "2.98810", "2007-12-31": "2.03600", "2007-09-30": "6.17140", "2007-06-30": "3.64020", "2007-03-31": "2.94950", "2006-12-31": "1.65500", "2006-09-30": "6.53900", "2006-06-30": "3.55160", "2006-03-31": "2.43950", "2005-12-31": "1.43700", "2005-09-30": "6.75870", "2005-06-30": "3.68570", "2005-03-31": "3.05090"}, "Return On Tangible Equity": {"2020-09-30": "4.74970", "2020-06-30": "-0.58200", "2020-03-31": "3.18510", "2019-12-31": "1.55900", "2019-09-30": "5.12340", "2019-06-30": "3.63810", "2019-03-31": "8.20020", "2018-12-31": "1.14950", "2018-09-30": "5.45540", "2018-06-30": "-0.60480", "2018-03-31": "4.85600", "2017-12-31": "2.67220", "2017-09-30": "5.79690", "2017-06-30": "-7.42330", "2017-03-31": "3.33700", "2016-12-31": "1.04570", "2016-09-30": "6.15170", "2016-06-30": "2.83650", "2016-03-31": "2.24640", "2015-12-31": "1.36360", "2015-09-30": "4.40090", "2015-06-30": "3.02390", "2015-03-31": "2.45680", "2014-12-31": "1.40840", "2014-09-30": "3.50200", "2014-06-30": "3.05490", "2014-03-31": "1.82170", "2013-12-31": "2.14010", "2013-09-30": "4.36490", "2013-06-30": "1.63270", "2013-03-31": "0.50730", "2012-12-31": "2.05890", "2012-09-30": "5.03520", "2012-06-30": "3.32710", "2012-03-31": "2.04460", "2011-12-31": "1.48450", "2011-09-30": "5.08720", "2011-06-30": "3.50500", "2011-03-31": "2.55070", "2010-12-31": "0.97780", "2010-09-30": "4.91680", "2010-06-30": "3.23890", "2010-03-31": "3.21340", "2009-12-31": "1.70100", "2009-09-30": "5.34970", "2009-06-30": "3.41460", "2009-03-31": "1.01660", "2008-12-31": "1.44740", "2008-09-30": "5.49930", "2008-06-30": "3.12280", "2008-03-31": "2.75110", "2007-12-31": "1.87270", "2007-09-30": "5.81070", "2007-06-30": "3.42420", "2007-03-31": "2.77010", "2006-12-31": "1.55330", "2006-09-30": "6.21060", "2006-06-30": "3.36680", "2006-03-31": "2.31120", "2005-12-31": "1.36110", "2005-09-30": "6.42580", "2005-06-30": "3.49970", "2005-03-31": "2.89500"}, "ROA - Return On Assets": {"2020-09-30": "1.04180", "2020-06-30": "-0.12860", "2020-03-31": "0.70760", "2019-12-31": "0.34460", "2019-09-30": "1.14380", "2019-06-30": "0.81050", "2019-03-31": "1.80460", "2018-12-31": "0.23010", "2018-09-30": "1.09380", "2018-06-30": "-0.11260", "2018-03-31": "0.83900", "2017-12-31": "0.45040", "2017-09-30": "1.00530", "2017-06-30": "-1.24030", "2017-03-31": "0.60590", "2016-12-31": "0.18600", "2016-09-30": "1.10660", "2016-06-30": "0.71200", "2016-03-31": "0.63630", "2015-12-31": "0.37920", "2015-09-30": "1.28960", "2015-06-30": "0.86680", "2015-03-31": "0.73310", "2014-12-31": "0.42710", "2014-09-30": "1.08640", "2014-06-30": "0.94580", "2014-03-31": "0.56760", "2013-12-31": "0.66770", "2013-09-30": "1.34320", "2013-06-30": "0.48940", "2013-03-31": "0.15330", "2012-12-31": "0.63180", "2012-09-30": "1.60260", "2012-06-30": "1.04930", "2012-03-31": "0.64130", "2011-12-31": "0.46740", "2011-09-30": "1.62710", "2011-06-30": "1.10670", "2011-03-31": "0.79610", "2010-12-31": "0.30710", "2010-09-30": "1.51930", "2010-06-30": "0.98550", "2010-03-31": "0.97190", "2009-12-31": "0.50940", "2009-09-30": "1.59560", "2009-06-30": "0.98140", "2009-03-31": "0.28640", "2008-12-31": "0.41860", "2008-09-30": "1.62540", "2008-06-30": "0.90390", "2008-03-31": "0.80570", "2007-12-31": "0.55070", "2007-09-30": "1.68180", "2007-06-30": "0.97210", "2007-03-31": "0.78570", "2006-12-31": "0.43910", "2006-09-30": "1.75560", "2006-06-30": "0.94410", "2006-03-31": "0.65440", "2005-12-31": "0.38520", "2005-09-30": "1.85620", "2005-06-30": "1.02130", "2005-03-31": "0.85150"}, "ROI - Return On Investment": {"2020-09-30": "1.63710", "2020-06-30": "-0.19900", "2020-03-31": "1.10020", "2019-12-31": "0.55380", "2019-09-30": "1.81320", "2019-06-30": "1.30940", "2019-03-31": "2.88230", "2018-12-31": "0.38390", "2018-09-30": "1.75040", "2018-06-30": "-0.18270", "2018-03-31": "1.32210", "2017-12-31": "0.71110", "2017-09-30": "1.57660", "2017-06-30": "-1.94670", "2017-03-31": "0.95140", "2016-12-31": "0.29410", "2016-09-30": "1.73480", "2016-06-30": "1.09790", "2016-03-31": "1.03530", "2015-12-31": "0.63480", "2015-09-30": "2.18630", "2015-06-30": "1.46340", "2015-03-31": "1.23640", "2014-12-31": "0.71520", "2014-09-30": "1.72180", "2014-06-30": "1.47150", "2014-03-31": "0.86610", "2013-12-31": "1.03900", "2013-09-30": "2.12150", "2013-06-30": "0.80020", "2013-03-31": "0.24660", "2012-12-31": "1.03230", "2012-09-30": "2.56750", "2012-06-30": "1.65270", "2012-03-31": "1.01500", "2011-12-31": "0.74250", "2011-09-30": "2.51670", "2011-06-30": "1.71070", "2011-03-31": "1.24060", "2010-12-31": "0.47690", "2010-09-30": "2.37200", "2010-06-30": "1.53020", "2010-03-31": "1.50290", "2009-12-31": "0.78630", "2009-09-30": "2.43710", "2009-06-30": "1.52660", "2009-03-31": "0.44680", "2008-12-31": "0.65710", "2008-09-30": "2.63200", "2008-06-30": "1.46960", "2008-03-31": "1.31570", "2007-12-31": "0.91340", "2007-09-30": "2.82950", "2007-06-30": "1.61300", "2007-03-31": "1.32370", "2006-12-31": "0.76440", "2006-09-30": "2.97990", "2006-06-30": "1.56390", "2006-03-31": "1.06550", "2005-12-31": "0.63650", "2005-09-30": "3.01690", "2005-06-30": "1.63380", "2005-03-31": "1.34640"}, "Book Value Per Share": {"2020-09-30": "31.05210", "2020-06-30": "30.54170", "2020-03-31": "30.49910", "2019-12-31": "30.43690", "2019-09-30": "30.58340", "2019-06-30": "30.06890", "2019-03-31": "29.78650", "2018-12-31": "28.36560", "2018-09-30": "28.38900", "2018-06-30": "27.01600", "2018-03-31": "26.37540", "2017-12-31": "25.64680", "2017-09-30": "26.32370", "2017-06-30": "25.38180", "2017-03-31": "27.27490", "2016-12-31": "27.00000", "2016-09-30": "26.82920", "2016-06-30": "25.03610", "2016-03-31": "24.27830", "2015-12-31": "24.23250", "2015-09-30": "24.25550", "2015-06-30": "23.40050", "2015-03-31": "23.51600", "2014-12-31": "23.45150", "2014-09-30": "23.31220", "2014-06-30": "22.94050", "2014-03-31": "22.67990", "2013-12-31": "22.69700", "2013-09-30": "22.57510", "2013-06-30": "21.93480", "2013-03-31": "21.97840", "2012-12-31": "22.32600", "2012-09-30": "22.56670", "2012-06-30": "21.96480", "2012-03-31": "21.62460", "2011-12-31": "21.55980", "2011-09-30": "21.28850", "2011-06-30": "20.62860", "2011-03-31": "20.21420", "2010-12-31": "20.49080", "2010-09-30": "20.22520", "2010-06-30": "19.55000", "2010-03-31": "19.28620", "2009-12-31": "19.01430", "2009-09-30": "18.83180", "2009-06-30": "18.20360", "2009-03-31": "17.84190", "2008-12-31": "17.99170", "2008-09-30": "18.70160", "2008-06-30": "17.98570", "2008-03-31": "17.78540", "2007-12-31": "17.63360", "2007-09-30": "17.26660", "2007-06-30": "16.56880", "2007-03-31": "16.26310", "2006-12-31": "16.23120", "2006-09-30": "15.99840", "2006-06-30": "15.41450", "2006-03-31": "15.25420", "2005-12-31": "15.21710", "2005-09-30": "15.34300", "2005-06-30": "14.87640", "2005-03-31": "14.73630"}, "Operating Cash Flow Per Share": {"2020-09-30": 4.906, "2020-06-30": -0.8379, "2020-03-31": "0.83790", "2019-12-31": 0.867, "2019-09-30": 2.229, "2019-06-30": 1.6768, "2019-03-31": "0.71200", "2018-12-31": 1.349, "2018-09-30": 2.2136, "2018-06-30": 1.7278, "2018-03-31": "1.48520", "2017-12-31": 1.1443, "2017-09-30": 2.4716, "2017-06-30": 1.8314, "2017-03-31": "0.89600", "2016-12-31": 0.7024, "2016-09-30": 2.1296, "2016-06-30": 1.3243, "2016-03-31": "0.95230", "2015-12-31": 1.2854, "2015-09-30": 3.2686, "2015-06-30": 1.3125, "2015-03-31": "0.99780", "2014-12-31": 1.2577, "2014-09-30": 2.8936, "2014-06-30": 1.0674, "2014-03-31": "1.23520", "2013-12-31": 1.9137, "2013-09-30": 2.7918, "2013-06-30": 1.3727, "2013-03-31": "0.84230", "2012-12-31": 0.9924, "2012-09-30": 2.5832, "2012-06-30": 1.3489, "2012-03-31": "0.64770", "2011-12-31": 1.535, "2011-09-30": 2.5257, "2011-06-30": 1.6029, "2011-03-31": "1.16860", "2010-12-31": 0.5794, "2010-09-30": 2.4901, "2010-06-30": 0.8042, "2010-03-31": "0.89450", "2009-12-31": 1.1501, "2009-09-30": 2.1668, "2009-06-30": 0.2691, "2009-03-31": "0.51320", "2008-12-31": 1.0766, "2008-09-30": 1.5682, "2008-06-30": 1.1277, "2008-03-31": "0.69720", "2007-12-31": 1.2762, "2007-09-30": 1.954, "2007-06-30": 0.9356, "2007-03-31": "0.34670", "2006-12-31": 1.1212, "2006-09-30": 1.6526, "2006-06-30": 0.9181, "2006-03-31": "0.07820", "2005-12-31": 0.5966, "2005-09-30": 1.721, "2005-06-30": 0.8317, "2005-03-31": "0.22850"}, "Free Cash Flow Per Share": {"2020-09-30": 0.7914, "2020-06-30": -0.2962, "2020-03-31": "0.29620", "2019-12-31": -1.0808, "2019-09-30": 0.4275, "2019-06-30": 0.4872, "2019-03-31": "3.34260", "2018-12-31": -0.638, "2018-09-30": 2.5607, "2018-06-30": 0.0658, "2018-03-31": "-0.13480", "2017-12-31": -0.9989, "2017-09-30": 0.6634, "2017-06-30": -0.0611, "2017-03-31": "-0.52800", "2016-12-31": -1.5258, "2016-09-30": 0.4514, "2016-06-30": -0.3538, "2016-03-31": "-1.07810", "2015-12-31": -1.0957, "2015-09-30": 1.8969, "2015-06-30": 0.0564, "2015-03-31": "-0.20110", "2014-12-31": -0.2366, "2014-09-30": 1.56, "2014-06-30": -0.6057, "2014-03-31": "-0.08620", "2013-12-31": 0.2281, "2013-09-30": 1.231, "2013-06-30": -0.2138, "2013-03-31": "-0.52570", "2012-12-31": -0.4491, "2012-09-30": 1.2311, "2012-06-30": 0.0753, "2012-03-31": "-0.75600", "2011-12-31": -0.1378, "2011-09-30": 1.4079, "2011-06-30": 0.4115, "2011-03-31": "-0.08670", "2010-12-31": -0.8736, "2010-09-30": 1.3856, "2010-06-30": -0.2425, "2010-03-31": "-0.38300", "2009-12-31": -1.0116, "2009-09-30": 0.9582, "2009-06-30": -0.6168, "2009-03-31": "-0.94040", "2008-12-31": -0.4236, "2008-09-30": 0.4522, "2008-06-30": -0.1154, "2008-03-31": "-0.61770", "2007-12-31": -0.1925, "2007-09-30": 0.7829, "2007-06-30": -0.1079, "2007-03-31": "-0.63620", "2006-12-31": -0.0533, "2006-09-30": 0.386, "2006-06-30": 0.0868, "2006-03-31": "-0.45160", "2005-12-31": -0.3889, "2005-09-30": 1.0634, "2005-06-30": -0.0758, "2005-03-31": "-0.37170"}}, "revenue": {"Southern Annual Revenue (Millions of US $)": {"2019": "$21,419", "2018": "$23,495", "2017": "$23,031", "2016": "$19,896", "2015": "$17,489", "2014": "$18,467", "2013": "$17,087", "2012": "$16,537", "2011": "$17,657", "2010": "$17,456", "2009": "$15,743", "2008": "$17,127", "2007": "$15,353", "2006": "$14,356", "2005": "$13,554"}, "Southern Quarterly Revenue (Millions of US $)": {"2020-09-30": "$5,620", "2020-06-30": "", "2020-03-31": "$5,018", "2019-12-31": "$4,914", "2019-09-30": "$5,995", "2019-06-30": "$5,098", "2019-03-31": "$5,412", "2018-12-31": "$5,337", "2018-09-30": "$6,159", "2018-06-30": "$5,627", "2018-03-31": "$6,372", "2017-12-31": "$5,629", "2017-09-30": "$6,201", "2017-06-30": "$5,430", "2017-03-31": "$5,771", "2016-12-31": "$5,181", "2016-09-30": "$6,264", "2016-06-30": "$4,459", "2016-03-31": "$3,992", "2015-12-31": "$3,568", "2015-09-30": "$5,401", "2015-06-30": "$4,337", "2015-03-31": "$4,183", "2014-12-31": "$4,017", "2014-09-30": "$5,339", "2014-06-30": "$4,467", "2014-03-31": "$4,644", "2013-12-31": "$3,927", "2013-09-30": "$5,017", "2013-06-30": "$4,246", "2013-03-31": "$3,897", "2012-12-31": "$3,703", "2012-09-30": "$5,049", "2012-06-30": "$4,181", "2012-03-31": "$3,604", "2011-12-31": "$3,696", "2011-09-30": "$5,428", "2011-06-30": "$4,521", "2011-03-31": "$4,012", "2010-12-31": "$3,771", "2010-09-30": "$5,320", "2010-06-30": "$4,208", "2010-03-31": "$4,157", "2009-12-31": "$3,510", "2009-09-30": "$4,681", "2009-06-30": "$3,885", "2009-03-31": "$3,666", "2008-12-31": "$3,802", "2008-09-30": "$5,426", "2008-06-30": "$4,215", "2008-03-31": "$3,683", "2007-12-31": "$3,340", "2007-09-30": "$4,832", "2007-06-30": "$3,772", "2007-03-31": "$3,409", "2006-12-31": "$3,152", "2006-09-30": "$4,549", "2006-06-30": "$3,592", "2006-03-31": "$3,063", "2005-12-31": "$3,289", "2005-09-30": "$4,358", "2005-06-30": "$3,120", "2005-03-31": "$2,787"}}, "gross-profit": {"Southern Annual Gross Profit (Millions of US $)": {"2019": "$15,227", "2018": "$15,542", "2017": "$15,654", "2016": "$13,912", "2015": "$12,094", "2014": "$11,790", "2013": "$11,116", "2012": "$10,936", "2011": "$10,787", "2010": "$10,194", "2009": "$9,317", "2008": "$9,494", "2007": "$8,982", "2006": "$8,661", "2005": "$8,328"}, "Southern Quarterly Gross Profit (Millions of US $)": {"2020-09-30": "$4,314", "2020-06-30": "", "2020-03-31": "$3,707", "2019-12-31": "$3,455", "2019-09-30": "$4,476", "2019-06-30": "$3,708", "2019-03-31": "$3,588", "2018-12-31": "$3,398", "2018-09-30": "$4,368", "2018-06-30": "$3,781", "2018-03-31": "$3,995", "2017-12-31": "$3,648", "2017-09-30": "$4,436", "2017-06-30": "$3,781", "2017-03-31": "$3,789", "2016-12-31": "$3,406", "2016-09-30": "$4,420", "2016-06-30": "$3,189", "2016-03-31": "$2,897", "2015-12-31": "$2,613", "2015-09-30": "$3,688", "2015-06-30": "$2,966", "2015-03-31": "$2,827", "2014-12-31": "$2,619", "2014-09-30": "$3,489", "2014-06-30": "$2,872", "2014-03-31": "$2,810", "2013-12-31": "$2,539", "2013-09-30": "$3,292", "2013-06-30": "$2,745", "2013-03-31": "$2,540", "2012-12-31": "$2,464", "2012-09-30": "$3,332", "2012-06-30": "$2,741", "2012-03-31": "$2,399", "2011-12-31": "$2,343", "2011-09-30": "$3,305", "2011-06-30": "$2,703", "2011-03-31": "$2,436", "2010-12-31": "$2,217", "2010-09-30": "$3,141", "2010-06-30": "$2,451", "2010-03-31": "$2,385", "2009-12-31": "$2,081", "2009-09-30": "$2,781", "2009-06-30": "$2,303", "2009-03-31": "$2,152", "2008-12-31": "$2,065", "2008-09-30": "$2,895", "2008-06-30": "$2,396", "2008-03-31": "$2,138", "2007-12-31": "$1,928", "2007-09-30": "$2,812", "2007-06-30": "$2,214", "2007-03-31": "$2,028", "2006-12-31": "$1,921", "2006-09-30": "$2,684", "2006-06-30": "$2,145", "2006-03-31": "$1,910", "2005-12-31": "$1,899", "2005-09-30": "$2,602", "2005-06-30": "$2,003", "2005-03-31": "$1,824"}}, "operating-income": {"Southern Annual Operating Income (Millions of US $)": {"2019": "$7,736", "2018": "$4,191", "2017": "$2,333", "2016": "$4,486", "2015": "$4,282", "2014": "$3,642", "2013": "$3,255", "2012": "$4,463", "2011": "$4,231", "2010": "$3,802", "2009": "$3,268", "2008": "$3,506", "2007": "$3,326", "2006": "$3,224", "2005": "$2,962"}, "Southern Quarterly Operating Income (Millions of US $)": {"2020-09-30": "$1,835", "2020-06-30": "", "2020-03-31": "$1,263", "2019-12-31": "$690", "2019-09-30": "$2,013", "2019-06-30": "$1,342", "2019-03-31": "$3,691", "2018-12-31": "$578", "2018-09-30": "$2,174", "2018-06-30": "$63", "2018-03-31": "$1,376", "2017-12-31": "$739", "2017-09-30": "$1,991", "2017-06-30": "$-1,649", "2017-03-31": "$1,252", "2016-12-31": "$444", "2016-09-30": "$1,917", "2016-06-30": "$1,185", "2016-03-31": "$940", "2015-12-31": "$578", "2015-09-30": "$1,649", "2015-06-30": "$1,098", "2015-03-31": "$957", "2014-12-31": "$561", "2014-09-30": "$1,278", "2014-06-30": "$1,103", "2014-03-31": "$700", "2013-12-31": "$799", "2013-09-30": "$1,491", "2013-06-30": "$640", "2013-03-31": "$325", "2012-12-31": "$814", "2012-09-30": "$1,740", "2012-06-30": "$1,143", "2012-03-31": "$766", "2011-12-31": "$589", "2011-09-30": "$1,652", "2011-06-30": "$1,136", "2011-03-31": "$854", "2010-12-31": "$470", "2010-09-30": "$1,459", "2010-06-30": "$951", "2010-03-31": "$922", "2009-12-31": "$477", "2009-09-30": "$1,415", "2009-06-30": "$886", "2009-03-31": "$490", "2008-12-31": "$469", "2008-09-30": "$1,405", "2008-06-30": "$924", "2008-03-31": "$708", "2007-12-31": "$409", "2007-09-30": "$1,382", "2007-06-30": "$844", "2007-03-31": "$691", "2006-12-31": "$469", "2006-09-30": "$1,358", "2006-06-30": "$807", "2006-03-31": "$590", "2005-12-31": "$404", "2005-09-30": "$1,277", "2005-06-30": "$721", "2005-03-31": "$560"}}, "ebitda": {"Southern Annual EBITDA (Millions of US $)": {"2019": "$11,067", "2018": "$7,740", "2017": "$5,790", "2016": "$7,409", "2015": "$6,677", "2014": "$5,935", "2013": "$5,553", "2012": "$6,608", "2011": "$6,279", "2010": "$5,633", "2009": "$5,056", "2008": "$5,210", "2007": "$4,812", "2006": "$4,645", "2005": "$4,360"}, "Southern Quarterly EBITDA (Millions of US $)": {"2020-09-30": "$2,822", "2020-06-30": "$967", "2020-03-31": "$2,212", "2019-12-31": "$1,507", "2019-09-30": "$2,904", "2019-06-30": "$2,114", "2019-03-31": "$4,542", "2018-12-31": "$1,480", "2018-09-30": "$3,071", "2018-06-30": "$940", "2018-03-31": "$2,249", "2017-12-31": "$1,632", "2017-09-30": "$2,872", "2017-06-30": "$-789", "2017-03-31": "$2,075", "2016-12-31": "$1,258", "2016-09-30": "$2,720", "2016-06-30": "$1,852", "2016-03-31": "$1,579", "2015-12-31": "$1,186", "2015-09-30": "$2,265", "2015-06-30": "$1,691", "2015-03-31": "$1,535", "2014-12-31": "$1,056", "2014-09-30": "$1,894", "2014-06-30": "$1,698", "2014-03-31": "$1,287", "2013-12-31": "$1,372", "2013-09-30": "$2,076", "2013-06-30": "$1,212", "2013-03-31": "$893", "2012-12-31": "$1,357", "2012-09-30": "$2,278", "2012-06-30": "$1,678", "2012-03-31": "$1,295", "2011-12-31": "$1,107", "2011-09-30": "$2,171", "2011-06-30": "$1,646", "2011-03-31": "$1,355", "2010-12-31": "$924", "2010-09-30": "$1,968", "2010-06-30": "$1,397", "2010-03-31": "$1,344", "2009-12-31": "$954", "2009-09-30": "$1,831", "2009-06-30": "$1,325", "2009-03-31": "$947", "2008-12-31": "$907", "2008-09-30": "$1,839", "2008-06-30": "$1,348", "2008-03-31": "$1,116", "2007-12-31": "$787", "2007-09-30": "$1,758", "2007-06-30": "$1,213", "2007-03-31": "$1,055", "2006-12-31": "$830", "2006-09-30": "$1,721", "2006-06-30": "$1,151", "2006-03-31": "$942", "2005-12-31": "$751", "2005-09-30": "$1,641", "2005-06-30": "$1,066", "2005-03-31": "$903"}}, "net-income": {"Southern Annual Net Income (Millions of US $)": {"2019": "$4,739", "2018": "$2,226", "2017": "$842", "2016": "$2,448", "2015": "$2,367", "2014": "$1,963", "2013": "$1,644", "2012": "$2,350", "2011": "$2,203", "2010": "$1,975", "2009": "$1,643", "2008": "$1,742", "2007": "$1,734", "2006": "$1,573", "2005": "$1,591"}, "Southern Quarterly Net Income (Millions of US $)": {"2020-09-30": "$1,251", "2020-06-30": "$-154", "2020-03-31": "$868", "2019-12-31": "$440", "2019-09-30": "$1,316", "2019-06-30": "$899", "2019-03-31": "$2,084", "2018-12-31": "$278", "2018-09-30": "$1,164", "2018-06-30": "$-154", "2018-03-31": "$938", "2017-12-31": "$496", "2017-09-30": "$1,069", "2017-06-30": "$-1,381", "2017-03-31": "$658", "2016-12-31": "$197", "2016-09-30": "$1,139", "2016-06-30": "$623", "2016-03-31": "$489", "2015-12-31": "$271", "2015-09-30": "$959", "2015-06-30": "$629", "2015-03-31": "$508", "2014-12-31": "$283", "2014-09-30": "$718", "2014-06-30": "$611", "2014-03-31": "$351", "2013-12-31": "$414", "2013-09-30": "$852", "2013-06-30": "$297", "2013-03-31": "$81", "2012-12-31": "$383", "2012-09-30": "$976", "2012-06-30": "$623", "2012-03-31": "$368", "2011-12-31": "$261", "2011-09-30": "$916", "2011-06-30": "$604", "2011-03-31": "$422", "2010-12-31": "$153", "2010-09-30": "$817", "2010-06-30": "$510", "2010-03-31": "$495", "2009-12-31": "$249", "2009-09-30": "$790", "2009-06-30": "$479", "2009-03-31": "$126", "2008-12-31": "$186", "2008-09-30": "$780", "2008-06-30": "$416", "2008-03-31": "$359", "2007-12-31": "$204", "2007-09-30": "$762", "2007-06-30": "$429", "2007-03-31": "$339", "2006-12-31": "$188", "2006-09-30": "$738", "2006-06-30": "$385", "2006-03-31": "$262", "2005-12-31": "$159", "2005-09-30": "$722", "2005-06-30": "$387", "2005-03-31": "$323"}}, "eps-earnings-per-share-diluted": {"Southern Annual EPS": {"2019": "$4.50", "2018": "$2.17", "2017": "$0.84", "2016": "$2.55", "2015": "$2.59", "2014": "$2.18", "2013": "$1.87", "2012": "$2.67", "2011": "$2.55", "2010": "$2.36", "2009": "$2.06", "2008": "$2.25", "2007": "$2.28", "2006": "$2.10", "2005": "$2.13"}, "Southern Quarterly EPS": {"2020-09-30": "$1.18", "2020-06-30": "$0.00", "2020-03-31": "$0.81", "2019-12-31": "$0.41", "2019-09-30": "$1.25", "2019-06-30": "$0.85", "2019-03-31": "$1.99", "2018-12-31": "$0.27", "2018-09-30": "$1.13", "2018-06-30": "$-0.15", "2018-03-31": "$0.92", "2017-12-31": "$0.49", "2017-09-30": "$1.06", "2017-06-30": "$-1.37", "2017-03-31": "$0.66", "2016-12-31": "$0.19", "2016-09-30": "$1.17", "2016-06-30": "$0.66", "2016-03-31": "$0.53", "2015-12-31": "$0.29", "2015-09-30": "$1.05", "2015-06-30": "$0.69", "2015-03-31": "$0.56", "2014-12-31": "$0.31", "2014-09-30": "$0.80", "2014-06-30": "$0.68", "2014-03-31": "$0.39", "2013-12-31": "$0.47", "2013-09-30": "$0.97", "2013-06-30": "$0.34", "2013-03-31": "$0.09", "2012-12-31": "$0.43", "2012-09-30": "$1.11", "2012-06-30": "$0.71", "2012-03-31": "$0.42", "2011-12-31": "$0.30", "2011-09-30": "$1.06", "2011-06-30": "$0.70", "2011-03-31": "$0.49", "2010-12-31": "$0.18", "2010-09-30": "$0.97", "2010-06-30": "$0.61", "2010-03-31": "$0.60", "2009-12-31": "$0.31", "2009-09-30": "$0.99", "2009-06-30": "$0.60", "2009-03-31": "$0.16", "2008-12-31": "$0.24", "2008-09-30": "$1.00", "2008-06-30": "$0.54", "2008-03-31": "$0.47", "2007-12-31": "$0.27", "2007-09-30": "$1.00", "2007-06-30": "$0.56", "2007-03-31": "$0.45", "2006-12-31": "$0.24", "2006-09-30": "$0.99", "2006-06-30": "$0.52", "2006-03-31": "$0.35", "2005-12-31": "$0.21", "2005-09-30": "$0.98", "2005-06-30": "$0.52", "2005-03-31": "$0.42"}}, "shares-outstanding": {"Southern Annual Shares Outstanding (Millions of Shares)": {"2019": "1,054", "2018": "1,025", "2017": "1,008", "2016": "958", "2015": "914", "2014": "901", "2013": "881", "2012": "879", "2011": "864", "2010": "837", "2009": "796", "2008": "775", "2007": "761", "2006": "748", "2005": "749"}, "Southern Quarterly Shares Outstanding (Millions of Shares)": {"2020-09-30": "1,064", "2020-06-30": "", "2020-03-31": "1,067", "2019-12-31": "1,054", "2019-09-30": "1,057", "2019-06-30": "1,052", "2019-03-31": "1,045", "2018-12-31": "1,025", "2018-09-30": "1,029", "2018-06-30": "1,014", "2018-03-31": "1,016", "2017-12-31": "1,008", "2017-09-30": "1,010", "2017-06-30": "1,005", "2017-03-31": "1,000", "2016-12-31": "958", "2016-09-30": "975", "2016-06-30": "940", "2016-03-31": "922", "2015-12-31": "914", "2015-09-30": "912", "2015-06-30": "912", "2015-03-31": "915", "2014-12-31": "901", "2014-09-30": "902", "2014-06-30": "899", "2014-03-31": "893", "2013-12-31": "881", "2013-09-30": "881", "2013-06-30": "879", "2013-03-31": "875", "2012-12-31": "879", "2012-09-30": "883", "2012-06-30": "880", "2012-03-31": "877", "2011-12-31": "864", "2011-09-30": "868", "2011-06-30": "862", "2011-03-31": "854", "2010-12-31": "837", "2010-09-30": "842", "2010-06-30": "833", "2010-03-31": "825", "2009-12-31": "796", "2009-09-30": "800", "2009-06-30": "792", "2009-03-31": "782", "2008-12-31": "775", "2008-09-30": "777", "2008-06-30": "773", "2008-03-31": "770", "2007-12-31": "761", "2007-09-30": "762", "2007-06-30": "760", "2007-03-31": "755", "2006-12-31": "748", "2006-09-30": "748", "2006-06-30": "746", "2006-03-31": "747", "2005-12-31": "749", "2005-09-30": "748", "2005-06-30": "751", "2005-03-31": "749"}}, "total-assets": {"Southern Annual Total Assets (Millions of US $)": {"2019": "$118,700", "2018": "$116,914", "2017": "$111,005", "2016": "$109,697", "2015": "$78,318", "2014": "$70,233", "2013": "$64,546", "2012": "$63,149", "2011": "$59,267", "2010": "$55,032", "2009": "$52,046", "2008": "$48,347", "2007": "$45,789", "2006": "$42,858", "2005": "$39,877"}, "Southern Quarterly Total Assets (Millions of US $)": {"2020-09-30": "$123,158", "2020-06-30": "$119,731", "2020-03-31": "$118,852", "2019-12-31": "$118,700", "2019-09-30": "$117,591", "2019-06-30": "$114,867", "2019-03-31": "$114,096", "2018-12-31": "$116,914", "2018-09-30": "$111,717", "2018-06-30": "$112,777", "2018-03-31": "$111,567", "2017-12-31": "$111,005", "2017-09-30": "$110,315", "2017-06-30": "$108,684", "2017-03-31": "$109,760", "2016-12-31": "$109,697", "2016-09-30": "$106,362", "2016-06-30": "$90,873", "2016-03-31": "$78,735", "2015-12-31": "$78,318", "2015-09-30": "$75,215", "2015-06-30": "$74,181", "2015-03-31": "$71,610", "2014-12-31": "$70,233", "2014-09-30": "$67,654", "2014-06-30": "$66,400", "2014-03-31": "$64,838", "2013-12-31": "$64,546", "2013-09-30": "$64,697", "2013-06-30": "$63,961", "2013-03-31": "$63,274", "2012-12-31": "$63,149", "2012-09-30": "$61,963", "2012-06-30": "$60,897", "2012-03-31": "$59,874", "2011-12-31": "$59,267", "2011-09-30": "$57,343", "2011-06-30": "$56,023", "2011-03-31": "$55,019", "2010-12-31": "$55,032", "2010-09-30": "$54,895", "2010-06-30": "$53,374", "2010-03-31": "$52,580", "2009-12-31": "$52,046", "2009-09-30": "$50,524", "2009-06-30": "$50,417", "2009-03-31": "$49,557", "2008-12-31": "$48,347", "2008-09-30": "$49,012", "2008-06-30": "$47,858", "2008-03-31": "$46,596", "2007-12-31": "$45,789", "2007-09-30": "$45,308", "2007-06-30": "$44,145", "2007-03-31": "$43,105", "2006-12-31": "$42,858", "2006-09-30": "$42,036", "2006-06-30": "$40,801", "2006-03-31": "$39,977", "2005-12-31": "$39,877", "2005-09-30": "$39,384", "2005-06-30": "$38,070", "2005-03-31": "$37,290"}}, "cash-on-hand": {"Southern Annual Cash on Hand (Millions of US $)": {"2019": "$1,975", "2018": "$1,396", "2017": "$2,130", "2016": "$1,975", "2015": "$1,404", "2014": "$710", "2013": "$659", "2012": "$635", "2011": "$1,323", "2010": "$515", "2009": "$733", "2008": "$520", "2007": "$269", "2006": "$167", "2005": "$202"}, "Southern Quarterly Cash on Hand (Millions of US $)": {"2020-09-30": "$3,379", "2020-06-30": "$1,879", "2020-03-31": "$2,164", "2019-12-31": "$1,975", "2019-09-30": "$2,931", "2019-06-30": "$1,383", "2019-03-31": "$1,361", "2018-12-31": "$1,396", "2018-09-30": "$1,847", "2018-06-30": "$1,980", "2018-03-31": "$2,284", "2017-12-31": "$2,130", "2017-09-30": "$1,841", "2017-06-30": "$1,433", "2017-03-31": "$1,094", "2016-12-31": "$1,975", "2016-09-30": "$2,669", "2016-06-30": "$9,860", "2016-03-31": "$754", "2015-12-31": "$1,404", "2015-09-30": "$1,109", "2015-06-30": "$813", "2015-03-31": "$1,112", "2014-12-31": "$710", "2014-09-30": "$1,414", "2014-06-30": "$583", "2014-03-31": "$590", "2013-12-31": "$659", "2013-09-30": "$682", "2013-06-30": "$431", "2013-03-31": "$540", "2012-12-31": "$635", "2012-09-30": "$1,263", "2012-06-30": "$851", "2012-03-31": "$1,051", "2011-12-31": "$1,323", "2011-09-30": "$1,525", "2011-06-30": "$450", "2011-03-31": "$417", "2010-12-31": "$515", "2010-09-30": "$1,277", "2010-06-30": "$298", "2010-03-31": "$375", "2009-12-31": "$733", "2009-09-30": "$673", "2009-06-30": "$878", "2009-03-31": "$804", "2008-12-31": "$520", "2008-09-30": "$837", "2008-06-30": "$235", "2008-03-31": "$281", "2007-12-31": "$269", "2007-09-30": "$586", "2007-06-30": "$265", "2007-03-31": "$161", "2006-12-31": "$167", "2006-09-30": "$418", "2006-06-30": "$263", "2006-03-31": "$301", "2005-12-31": "$202", "2005-09-30": "$416", "2005-06-30": "$237", "2005-03-31": "$382"}}, "long-term-debt": {"Southern Annual Long Term Debt (Millions of US $)": {"2019": "$41,798", "2018": "$40,736", "2017": "$44,462", "2016": "$42,629", "2015": "$24,688", "2014": "$20,644", "2013": "$21,344", "2012": "$19,274", "2011": "$18,647", "2010": "$18,154", "2009": "$18,131", "2008": "$16,816", "2007": "$14,143", "2006": "$12,503", "2005": "$12,846"}, "Southern Quarterly Long Term Debt (Millions of US $)": {"2020-09-30": "$45,581", "2020-06-30": "$45,138", "2020-03-31": "$44,235", "2019-12-31": "$41,798", "2019-09-30": "$42,098", "2019-06-30": "$39,682", "2019-03-31": "$40,457", "2018-12-31": "$40,736", "2018-09-30": "$41,425", "2018-06-30": "$42,483", "2018-03-31": "$44,446", "2017-12-31": "$44,462", "2017-09-30": "$44,042", "2017-06-30": "$43,885", "2017-03-31": "$42,786", "2016-12-31": "$42,629", "2016-09-30": "$41,550", "2016-06-30": "$35,368", "2016-03-31": "$26,091", "2015-12-31": "$24,688", "2015-09-30": "$22,326", "2015-06-30": "$22,674", "2015-03-31": "$21,093", "2014-12-31": "$20,644", "2014-09-30": "$21,699", "2014-06-30": "$22,121", "2014-03-31": "$22,288", "2013-12-31": "$21,344", "2013-09-30": "$21,053", "2013-06-30": "$19,943", "2013-03-31": "$20,223", "2012-12-31": "$19,274", "2012-09-30": "$18,955", "2012-06-30": "$19,459", "2012-03-31": "$19,051", "2011-12-31": "$18,647", "2011-09-30": "$18,733", "2011-06-30": "$18,554", "2011-03-31": "$18,133", "2010-12-31": "$18,154", "2010-09-30": "$18,198", "2010-06-30": "$18,135", "2010-03-31": "$18,098", "2009-12-31": "$18,131", "2009-09-30": "$18,010", "2009-06-30": "$17,921", "2009-03-31": "$17,806", "2008-12-31": "$16,816", "2008-09-30": "$15,782", "2008-06-30": "$15,583", "2008-03-31": "$14,888", "2007-12-31": "$14,143", "2007-09-30": "$13,817", "2007-06-30": "$14,074", "2007-03-31": "$13,360", "2006-12-31": "$12,503", "2006-09-30": "$12,883", "2006-06-30": "$13,190", "2006-03-31": "$13,234", "2005-12-31": "$12,846", "2005-09-30": "$12,855", "2005-06-30": "$12,688", "2005-03-31": "$12,616"}}, "total-liabilities": {"Southern Annual Total Liabilities (Millions of US $)": {"2019": "$86,650", "2018": "$87,584", "2017": "$85,153", "2016": "$82,967", "2015": "$56,218", "2014": "$48,932", "2013": "$44,407", "2012": "$43,770", "2011": "$40,607", "2010": "$37,748", "2009": "$36,461", "2008": "$34,364", "2007": "$32,324", "2006": "$30,743", "2005": "$28,592"}, "Southern Quarterly Total Liabilities (Millions of US $)": {"2020-09-30": "$90,367", "2020-06-30": "$87,479", "2020-03-31": "$86,645", "2019-12-31": "$86,650", "2019-09-30": "$85,509", "2019-06-30": "$83,445", "2019-03-31": "$83,118", "2018-12-31": "$87,584", "2018-09-30": "$83,328", "2018-06-30": "$85,761", "2018-03-31": "$85,218", "2017-12-31": "$85,153", "2017-09-30": "$84,015", "2017-06-30": "$83,325", "2017-03-31": "$82,646", "2016-12-31": "$82,967", "2016-09-30": "$80,064", "2016-06-30": "$67,309", "2016-03-31": "$56,433", "2015-12-31": "$56,218", "2015-09-30": "$53,174", "2015-06-30": "$52,917", "2015-03-31": "$50,241", "2014-12-31": "$48,932", "2014-09-30": "$46,666", "2014-06-30": "$45,843", "2014-03-31": "$44,637", "2013-12-31": "$44,407", "2013-09-30": "$44,788", "2013-06-30": "$44,790", "2013-03-31": "$44,155", "2012-12-31": "$43,770", "2012-09-30": "$42,242", "2012-06-30": "$41,691", "2012-03-31": "$41,093", "2011-12-31": "$40,607", "2011-09-30": "$39,003", "2011-06-30": "$38,334", "2011-03-31": "$37,847", "2010-12-31": "$37,748", "2010-09-30": "$37,933", "2010-06-30": "$37,134", "2010-03-31": "$36,678", "2009-12-31": "$36,461", "2009-09-30": "$35,455", "2009-06-30": "$35,926", "2009-03-31": "$35,597", "2008-12-31": "$34,364", "2008-09-30": "$34,526", "2008-06-30": "$34,006", "2008-03-31": "$32,951", "2007-12-31": "$32,324", "2007-09-30": "$32,195", "2007-06-30": "$31,612", "2007-03-31": "$30,879", "2006-12-31": "$30,743", "2006-09-30": "$30,153", "2006-06-30": "$29,359", "2006-03-31": "$28,658", "2005-12-31": "$28,592", "2005-09-30": "$28,007", "2005-06-30": "$26,960", "2005-03-31": "$26,321"}}, "total-share-holder-equity": {"Southern Annual Share Holder Equity (Millions of US $)": {"2019": "$32,050", "2018": "$29,330", "2017": "$25,852", "2016": "$26,730", "2015": "$22,100", "2014": "$21,301", "2013": "$20,139", "2012": "$19,379", "2011": "$18,660", "2010": "$17,284", "2009": "$15,585", "2008": "$13,983", "2007": "$13,465", "2006": "$12,115", "2005": "$11,285"}, "Southern Quarterly Share Holder Equity (Millions of US $)": {"2020-09-30": "$32,791", "2020-06-30": "$32,252", "2020-03-31": "$32,207", "2019-12-31": "$32,050", "2019-09-30": "$32,082", "2019-06-30": "$31,422", "2019-03-31": "$30,978", "2018-12-31": "$29,330", "2018-09-30": "$28,389", "2018-06-30": "$27,016", "2018-03-31": "$26,349", "2017-12-31": "$25,852", "2017-09-30": "$26,300", "2017-06-30": "$25,359", "2017-03-31": "$27,114", "2016-12-31": "$26,730", "2016-09-30": "$26,298", "2016-06-30": "$23,564", "2016-03-31": "$22,302", "2015-12-31": "$22,100", "2015-09-30": "$22,041", "2015-06-30": "$21,264", "2015-03-31": "$21,369", "2014-12-31": "$21,301", "2014-09-30": "$20,988", "2014-06-30": "$20,557", "2014-03-31": "$20,201", "2013-12-31": "$20,139", "2013-09-30": "$19,909", "2013-06-30": "$19,171", "2013-03-31": "$19,119", "2012-12-31": "$19,379", "2012-09-30": "$19,721", "2012-06-30": "$19,206", "2012-03-31": "$18,781", "2011-12-31": "$18,660", "2011-09-30": "$18,340", "2011-06-30": "$17,689", "2011-03-31": "$17,172", "2010-12-31": "$17,284", "2010-09-30": "$16,962", "2010-06-30": "$16,240", "2010-03-31": "$15,902", "2009-12-31": "$15,585", "2009-09-30": "$15,069", "2009-06-30": "$14,491", "2009-03-31": "$13,960", "2008-12-31": "$13,983", "2008-09-30": "$14,486", "2008-06-30": "$13,852", "2008-03-31": "$13,645", "2007-12-31": "$13,465", "2007-09-30": "$13,114", "2007-06-30": "$12,533", "2007-03-31": "$12,227", "2006-12-31": "$12,115", "2006-09-30": "$11,883", "2006-06-30": "$11,442", "2006-03-31": "$11,319", "2005-12-31": "$11,285", "2005-09-30": "$11,377", "2005-06-30": "$11,110", "2005-03-31": "$10,969"}}, "profit-margins": {"current": "15.8%"}, "gross margin": {"2020-09-30": "73.79%", "2020-03-31": "72.99%", "2019-12-31": "71.09%", "2019-09-30": "69.45%", "2019-06-30": "68.44%", "2019-03-31": "67.16%", "2018-12-31": "66.15%", "2018-09-30": "66.39%", "2018-06-30": "66.56%", "2018-03-31": "67.11%", "2017-12-31": "67.97%", "2017-09-30": "68.25%", "2017-06-30": "67.99%", "2017-03-31": "68.30%", "2016-12-31": "69.92%", "2016-09-30": "71.76%", "2016-06-30": "71.11%", "2016-03-31": "70.32%", "2015-12-31": "69.15%", "2015-09-30": "67.45%", "2015-06-30": "66.58%", "2015-03-31": "65.57%", "2014-12-31": "63.84%", "2014-09-30": "63.72%", "2014-06-30": "63.77%", "2014-03-31": "63.84%", "2013-12-31": "65.06%", "2013-09-30": "65.47%", "2013-06-30": "65.59%", "2013-03-31": "65.82%", "2012-12-31": "66.13%", "2012-09-30": "65.43%", "2012-06-30": "63.80%", "2012-03-31": "62.32%", "2011-12-31": "61.09%", "2011-09-30": "60.12%", "2011-06-30": "59.56%", "2011-03-31": "59.18%", "2010-12-31": "58.40%", "2010-09-30": "58.49%", "2010-06-30": "58.58%", "2010-03-31": "58.83%", "2009-12-31": "59.19%", "2009-09-30": "58.01%", "2009-06-30": "56.11%", "2009-03-31": "55.57%", "2008-12-31": "55.44%", "2008-09-30": "56.15%", "2008-06-30": "57.71%", "2008-03-31": "58.18%", "2007-12-31": "58.50%", "2007-09-30": "59.18%", "2007-06-30": "59.45%", "2007-03-31": "59.71%", "2006-12-31": "60.32%", "2006-09-30": "59.60%", "2006-06-30": "59.82%", "2006-03-31": "60.84%", "2005-12-31": "61.44%"}, "operating margin": {"2020-09-30": "24.36%", "2020-03-31": "25.25%", "2019-12-31": "36.12%", "2019-09-30": "34.91%", "2019-06-30": "35.38%", "2019-03-31": "28.87%", "2018-12-31": "17.84%", "2018-09-30": "18.30%", "2018-06-30": "17.50%", "2018-03-31": "10.40%", "2017-12-31": "10.13%", "2017-09-30": "9.02%", "2017-06-30": "8.67%", "2017-03-31": "22.14%", "2016-12-31": "22.55%", "2016-09-30": "25.27%", "2016-06-30": "24.98%", "2016-03-31": "24.66%", "2015-12-31": "24.48%", "2015-09-30": "23.78%", "2015-06-30": "21.78%", "2015-03-31": "21.65%", "2014-12-31": "19.72%", "2014-09-30": "21.11%", "2014-06-30": "22.67%", "2014-03-31": "20.35%", "2013-12-31": "19.05%", "2013-09-30": "19.39%", "2013-06-30": "20.83%", "2013-03-31": "23.90%", "2012-12-31": "26.99%", "2012-09-30": "25.64%", "2012-06-30": "24.54%", "2012-03-31": "24.02%", "2011-12-31": "23.96%", "2011-09-30": "23.19%", "2011-06-30": "22.24%", "2011-03-31": "21.57%", "2010-12-31": "21.78%", "2010-09-30": "22.15%", "2010-06-30": "22.74%", "2010-03-31": "22.79%", "2009-12-31": "20.76%", "2009-09-30": "20.33%", "2009-06-30": "19.37%", "2009-03-31": "19.22%", "2008-12-31": "20.47%", "2008-09-30": "20.68%", "2008-06-30": "21.30%", "2008-03-31": "21.39%", "2007-12-31": "21.66%", "2007-09-30": "22.33%", "2007-06-30": "22.59%", "2007-03-31": "22.62%", "2006-12-31": "22.46%", "2006-09-30": "21.80%", "2006-06-30": "21.52%", "2006-03-31": "21.63%", "2005-12-31": "21.85%"}, "ebitda margin": {"2020-09-30": "48.28%", "2020-03-31": "41.56%", "2019-12-31": "51.67%", "2019-09-30": "50.54%", "2019-06-30": "50.93%", "2019-03-31": "44.52%", "2018-12-31": "32.94%", "2018-09-30": "33.18%", "2018-06-30": "32.28%", "2018-03-31": "25.24%", "2017-12-31": "25.14%", "2017-09-30": "23.98%", "2017-06-30": "23.24%", "2017-03-31": "36.47%", "2016-12-31": "37.24%", "2016-09-30": "40.13%", "2016-06-30": "39.51%", "2016-03-31": "38.85%", "2015-12-31": "38.18%", "2015-09-30": "36.50%", "2015-06-30": "34.55%", "2015-03-31": "34.34%", "2014-12-31": "32.14%", "2014-09-30": "34.02%", "2014-06-30": "35.63%", "2014-03-31": "33.35%", "2013-12-31": "32.50%", "2013-09-30": "32.84%", "2013-06-30": "33.97%", "2013-03-31": "36.87%", "2012-12-31": "39.96%", "2012-09-30": "38.46%", "2012-06-30": "36.97%", "2012-03-31": "36.05%", "2011-12-31": "35.56%", "2011-09-30": "34.38%", "2011-06-30": "33.44%", "2011-03-31": "32.60%", "2010-12-31": "32.27%", "2010-09-30": "32.93%", "2010-06-30": "33.38%", "2010-03-31": "33.60%", "2009-12-31": "32.12%", "2009-09-30": "31.25%", "2009-06-30": "29.91%", "2009-03-31": "29.46%", "2008-12-31": "30.42%", "2008-09-30": "30.54%", "2008-06-30": "31.17%", "2008-03-31": "31.19%", "2007-12-31": "31.35%", "2007-09-30": "32.02%", "2007-06-30": "32.38%", "2007-03-31": "32.36%", "2006-12-31": "32.35%", "2006-09-30": "31.50%", "2006-06-30": "31.36%", "2006-03-31": "31.81%", "2005-12-31": "32.18%"}, "pre tax profit margin": {"2020-09-30": "17.64%", "2020-03-31": "19.54%", "2019-12-31": "30.54%", "2019-09-30": "28.97%", "2019-06-30": "29.36%", "2019-03-31": "22.72%", "2018-12-31": "11.70%", "2018-09-30": "12.41%", "2018-06-30": "11.78%", "2018-03-31": "4.81%", "2017-12-31": "4.64%", "2017-09-30": "4.35%", "2017-06-30": "3.97%", "2017-03-31": "17.26%", "2016-12-31": "17.49%", "2016-09-30": "20.00%", "2016-06-30": "20.15%", "2016-03-31": "20.51%", "2015-12-31": "20.75%", "2015-09-30": "20.08%", "2015-06-30": "18.23%", "2015-03-31": "18.12%", "2014-12-31": "16.29%", "2014-09-30": "17.65%", "2014-06-30": "19.12%", "2014-03-31": "16.68%", "2013-12-31": "14.98%", "2013-09-30": "15.25%", "2013-06-30": "16.55%", "2013-03-31": "19.57%", "2012-12-31": "22.67%", "2012-09-30": "21.09%", "2012-06-30": "20.11%", "2012-03-31": "19.72%", "2011-12-31": "19.75%", "2011-09-30": "19.08%", "2011-06-30": "18.07%", "2011-03-31": "17.26%", "2010-12-31": "17.56%", "2010-09-30": "18.19%", "2010-06-30": "18.69%", "2010-03-31": "18.74%", "2009-12-31": "16.54%", "2009-09-30": "15.92%", "2009-06-30": "15.14%", "2009-03-31": "14.48%", "2008-12-31": "15.90%", "2008-09-30": "16.35%", "2008-06-30": "16.80%", "2008-03-31": "17.13%", "2007-12-31": "17.05%", "2007-09-30": "16.95%", "2007-06-30": "16.84%", "2007-03-31": "16.85%", "2006-12-31": "16.39%", "2006-09-30": "15.83%", "2006-06-30": "15.61%", "2006-03-31": "15.63%", "2005-12-31": "16.12%"}, "net profit margin": {"2020-09-30": "15.46%", "2020-03-31": "16.76%", "2019-12-31": "22.13%", "2019-09-30": "20.96%", "2019-06-30": "20.11%", "2019-03-31": "14.96%", "2018-12-31": "9.47%", "2018-09-30": "10.27%", "2018-06-30": "9.86%", "2018-03-31": "4.75%", "2017-12-31": "3.66%", "2017-09-30": "2.40%", "2017-06-30": "2.71%", "2017-03-31": "12.07%", "2016-12-31": "12.30%", "2016-09-30": "13.79%", "2016-06-30": "13.44%", "2016-03-31": "13.57%", "2015-12-31": "13.53%", "2015-09-30": "13.26%", "2015-06-30": "11.96%", "2015-03-31": "11.77%", "2014-12-31": "10.63%", "2014-09-30": "11.39%", "2014-06-30": "12.34%", "2014-03-31": "10.73%", "2013-12-31": "9.62%", "2013-09-30": "9.57%", "2013-06-30": "10.28%", "2013-03-31": "12.26%", "2012-12-31": "14.21%", "2012-09-30": "13.48%", "2012-06-30": "12.82%", "2012-03-31": "12.46%", "2011-12-31": "12.48%", "2011-09-30": "11.81%", "2011-06-30": "11.33%", "2011-03-31": "10.99%", "2010-12-31": "11.31%", "2010-09-30": "12.04%", "2010-06-30": "12.35%", "2010-03-31": "12.40%", "2009-12-31": "10.44%", "2009-09-30": "9.86%", "2009-06-30": "9.36%", "2009-03-31": "8.81%", "2008-12-31": "10.17%", "2008-09-30": "10.56%", "2008-06-30": "10.83%", "2008-03-31": "11.22%", "2007-12-31": "11.29%", "2007-09-30": "11.33%", "2007-06-30": "11.38%", "2007-03-31": "11.22%", "2006-12-31": "10.96%", "2006-09-30": "10.65%", "2006-06-30": "10.68%", "2006-03-31": "11.06%", "2005-12-31": "11.74%"}, "pe ratio": {"current": "19.96", "2021-02-05": "20.29", "2020-09-30": "17.89", "2020-06-30": "16.47", "2020-03-31": "15.58", "2019-12-31": "13.41", "2019-09-30": "13.32", "2019-06-30": "12.12", "2019-03-31": "14.66", "2018-12-31": "18.38", "2018-09-30": "16.37", "2018-06-30": "17.68", "2018-03-31": "35.13", "2017-12-31": "49.20", "2017-09-30": "75.45", "2017-06-30": "60.71", "2017-03-31": "15.37", "2016-12-31": "15.77", "2016-09-30": "15.65", "2016-06-30": "17.01", "2016-03-31": "16.16", "2015-12-31": "14.29", "2015-09-30": "13.33", "2015-06-30": "13.64", "2015-03-31": "14.30", "2014-12-31": "16.90", "2014-09-30": "13.96", "2014-06-30": "13.37", "2014-03-31": "14.80", "2013-12-31": "15.87", "2013-09-30": "15.96", "2013-06-30": "15.71", "2013-03-31": "13.93", "2012-12-31": "11.02", "2012-09-30": "12.39", "2012-06-30": "12.51", "2012-03-31": "12.01", "2011-12-31": "11.87", "2011-09-30": "11.27", "2011-06-30": "11.02", "2011-03-31": "10.68", "2010-12-31": "10.14", "2010-09-30": "9.25", "2010-06-30": "8.13", "2010-03-31": "8.03", "2009-12-31": "9.65", "2009-09-30": "9.36", "2009-06-30": "9.00", "2009-03-31": "9.02", "2008-12-31": "9.29", "2008-09-30": "9.23", "2008-06-30": "8.49", "2008-03-31": "8.45", "2007-12-31": "9.17", "2007-09-30": "8.57", "2007-06-30": "8.04", "2007-03-31": "8.70", "2006-12-31": "9.06"}, "price sales": {"2021-02-05": "4.16", "2020-09-30": "3.67", "2020-06-30": "3.37", "2020-03-31": "2.63", "2019-12-31": "3.00", "2019-09-30": "2.80", "2019-06-30": "2.45", "2019-03-31": "2.19", "2018-12-31": "1.75", "2018-09-30": "1.69", "2018-06-30": "1.76", "2018-03-31": "1.68", "2017-12-31": "1.83", "2017-09-30": "1.86", "2017-06-30": "1.77", "2017-03-31": "1.87", "2016-12-31": "1.95", "2016-09-30": "2.17", "2016-06-30": "2.30", "2016-03-31": "2.20", "2015-12-31": "1.94", "2015-09-30": "1.78", "2015-06-30": "1.65", "2015-03-31": "1.70", "2014-12-31": "1.81", "2014-09-30": "1.59", "2014-06-30": "1.65", "2014-03-31": "1.59", "2013-12-31": "1.53", "2013-09-30": "1.53", "2013-06-30": "1.62", "2013-03-31": "1.71", "2012-12-31": "1.57", "2012-09-30": "1.67", "2012-06-30": "1.61", "2012-03-31": "1.51", "2011-12-31": "1.50", "2011-09-30": "1.34", "2011-06-30": "1.26", "2011-03-31": "1.18", "2010-12-31": "1.15", "2010-09-30": "1.12", "2010-06-30": "1.01", "2010-03-31": "1.00", "2009-12-31": "1.01", "2009-09-30": "0.92", "2009-06-30": "0.85", "2009-03-31": "0.80", "2008-12-31": "0.95", "2008-09-30": "0.98", "2008-06-30": "0.92", "2008-03-31": "0.95", "2007-12-31": "1.04", "2007-09-30": "0.97", "2007-06-30": "0.92", "2007-03-31": "0.98", "2006-12-31": "1.00"}, "price book": {"current": "1.98", "2021-02-05": "1.96", "2020-09-30": "1.73", "2020-06-30": "1.66", "2020-03-31": "1.72", "2019-12-31": "2.00", "2019-09-30": "1.92", "2019-06-30": "1.73", "2019-03-31": "1.61", "2018-12-31": "1.42", "2018-09-30": "1.39", "2018-06-30": "1.53", "2018-03-31": "1.49", "2017-12-31": "1.63", "2017-09-30": "1.61", "2017-06-30": "1.60", "2017-03-31": "1.53", "2016-12-31": "1.51", "2016-09-30": "1.57", "2016-06-30": "1.74", "2016-03-31": "1.71", "2015-12-31": "1.53", "2015-09-30": "1.45", "2015-06-30": "1.39", "2015-03-31": "1.44", "2014-12-31": "1.58", "2014-09-30": "1.40", "2014-06-30": "1.46", "2014-03-31": "1.42", "2013-12-31": "1.31", "2013-09-30": "1.30", "2013-06-30": "1.42", "2013-03-31": "1.49", "2012-12-31": "1.32", "2012-09-30": "1.39", "2012-06-30": "1.42", "2012-03-31": "1.39", "2011-12-31": "1.42", "2011-09-30": "1.30", "2011-06-30": "1.27", "2011-03-31": "1.20", "2010-12-31": "1.18", "2010-09-30": "1.15", "2010-06-30": "1.05", "2010-03-31": "1.04", "2009-12-31": "1.05", "2009-09-30": "0.99", "2009-06-30": "1.00", "2009-03-31": "0.99", "2008-12-31": "1.17", "2008-09-30": "1.13", "2008-06-30": "1.08", "2008-03-31": "1.10", "2007-12-31": "1.19", "2007-09-30": "1.13", "2007-06-30": "1.10", "2007-03-31": "1.18", "2006-12-31": "1.18", "2006-09-30": "1.11", "2006-06-30": "1.05", "2006-03-31": "1.08"}, "price fcf": {"2021-02-05": "", "2020-09-30": "$-0.29", "2020-06-30": "$-0.65", "2020-03-31": "$0.13", "2019-12-31": "$3.18", "2019-09-30": "$3.62", "2019-06-30": "$5.75", "2019-03-31": "$5.33", "2018-12-31": "$1.85", "2018-09-30": "$1.49", "2018-06-30": "$-0.40", "2018-03-31": "$-0.53", "2017-12-31": "$-0.92", "2017-09-30": "$-1.45", "2017-06-30": "$-1.66", "2017-03-31": "$-1.96", "2016-12-31": "$-2.51", "2016-09-30": "$-2.08", "2016-06-30": "$-0.63", "2016-03-31": "$-0.22", "2015-12-31": "$0.66", "2015-09-30": "$1.52", "2015-06-30": "$1.18", "2015-03-31": "$0.52", "2014-12-31": "$0.63", "2014-09-30": "$1.10", "2014-06-30": "$0.77", "2014-03-31": "$1.16", "2013-12-31": "$0.72", "2013-09-30": "$0.04", "2013-06-30": "$0.04", "2013-03-31": "$0.33", "2012-12-31": "$0.10", "2012-09-30": "$0.41", "2012-06-30": "$0.59", "2012-03-31": "$0.93", "2011-12-31": "$1.59", "2011-09-30": "$0.86", "2011-06-30": "$0.84", "2011-03-31": "$0.18", "2010-12-31": "$-0.11", "2010-09-30": "$-0.25", "2010-06-30": "$-0.68", "2010-03-31": "$-1.05", "2009-12-31": "$-1.61", "2009-09-30": "$-1.02", "2009-06-30": "$-1.53", "2009-03-31": "$-1.03", "2008-12-31": "$-0.70", "2008-09-30": "$-0.47", "2008-06-30": "$-0.14", "2008-03-31": "$-0.14", "2007-12-31": "$-0.15", "2007-09-30": "$-0.01", "2007-06-30": "$-0.41", "2007-03-31": "$-0.22", "2006-12-31": "$-0.03"}, "net worth": {"value": "$64.3B"}, "current ratio": {"current": "0.90", "2020-09-30": "0.90", "2020-06-30": "0.97", "2020-03-31": "0.99", "2019-12-31": "0.78", "2019-09-30": "0.94", "2019-06-30": "0.76", "2019-03-31": "0.88", "2018-12-31": "0.67", "2018-09-30": "0.72", "2018-06-30": "0.81", "2018-03-31": "0.70", "2017-12-31": "0.74", "2017-09-30": "0.73", "2017-06-30": "0.69", "2017-03-31": "0.69", "2016-12-31": "0.75", "2016-09-30": "0.91", "2016-06-30": "1.78", "2016-03-31": "0.70", "2015-12-31": "0.72", "2015-09-30": "0.65", "2015-06-30": "0.76", "2015-03-31": "0.69", "2014-12-31": "0.65", "2014-09-30": "0.91", "2014-06-30": "0.90", "2014-03-31": "1.06", "2013-12-31": "1.02", "2013-09-30": "1.01", "2013-06-30": "0.82", "2013-03-31": "0.92", "2012-12-31": "0.88", "2012-09-30": "1.02", "2012-06-30": "1.05", "2012-03-31": "0.96", "2011-12-31": "0.95", "2011-09-30": "1.15", "2011-06-30": "0.97", "2011-03-31": "0.87", "2010-12-31": "0.91", "2010-09-30": "1.10", "2010-06-30": "0.93", "2010-03-31": "0.95", "2009-12-31": "1.05", "2009-09-30": "1.14", "2009-06-30": "1.13", "2009-03-31": "1.09", "2008-12-31": "1.03", "2008-09-30": "0.99", "2008-06-30": "0.94", "2008-03-31": "0.89", "2007-12-31": "0.84", "2007-09-30": "0.89", "2007-06-30": "0.87", "2007-03-31": "0.73", "2006-12-31": "0.63", "2006-09-30": "0.80", "2006-06-30": "0.80", "2006-03-31": "0.85", "2005-12-31": "0.80", "2005-09-30": "0.90", "2005-06-30": "0.84", "2005-03-31": "0.97"}, "quick ratio": {"2020-09-30": "0.73", "2020-06-30": "0.75", "2020-03-31": "0.78", "2019-12-31": "0.63", "2019-09-30": "0.77", "2019-06-30": "0.59", "2019-03-31": "0.69", "2018-12-31": "0.54", "2018-09-30": "0.58", "2018-06-30": "0.68", "2018-03-31": "0.55", "2017-12-31": "0.59", "2017-09-30": "0.57", "2017-06-30": "0.53", "2017-03-31": "0.51", "2016-12-31": "0.59", "2016-09-30": "0.73", "2016-06-30": "1.54", "2016-03-31": "0.45", "2015-12-31": "0.50", "2015-09-30": "0.47", "2015-06-30": "0.55", "2015-03-31": "0.49", "2014-12-31": "0.44", "2014-09-30": "0.64", "2014-06-30": "0.58", "2014-03-31": "0.68", "2013-12-31": "0.60", "2013-09-30": "0.61", "2013-06-30": "0.47", "2013-03-31": "0.50", "2012-12-31": "0.48", "2012-09-30": "0.63", "2012-06-30": "0.62", "2012-03-31": "0.56", "2011-12-31": "0.61", "2011-09-30": "0.81", "2011-06-30": "0.60", "2011-03-31": "0.51", "2010-12-31": "0.58", "2010-09-30": "0.76", "2010-06-30": "0.56", "2010-03-31": "0.56", "2009-12-31": "0.65", "2009-09-30": "0.72", "2009-06-30": "0.75", "2009-03-31": "0.73", "2008-12-31": "0.69", "2008-09-30": "0.72", "2008-06-30": "0.66", "2008-03-31": "0.61", "2007-12-31": "0.59", "2007-09-30": "0.65", "2007-06-30": "0.60", "2007-03-31": "0.48", "2006-12-31": "0.42", "2006-09-30": "0.59", "2006-06-30": "0.57", "2006-03-31": "0.62", "2005-12-31": "0.60", "2005-09-30": "0.70", "2005-06-30": "0.59", "2005-03-31": "0.71"}, "debt equity ratio": {"current": "1.40", "2020-09-30": "2.76", "2020-06-30": "2.71", "2020-03-31": "2.69", "2019-12-31": "2.70", "2019-09-30": "2.67", "2019-06-30": "2.66", "2019-03-31": "2.68", "2018-12-31": "2.99", "2018-09-30": "2.94", "2018-06-30": "3.17", "2018-03-31": "3.23", "2017-12-31": "3.29", "2017-09-30": "3.19", "2017-06-30": "3.29", "2017-03-31": "3.05", "2016-12-31": "3.10", "2016-09-30": "3.04", "2016-06-30": "2.86", "2016-03-31": "2.53", "2015-12-31": "2.54", "2015-09-30": "2.41", "2015-06-30": "2.49", "2015-03-31": "2.35", "2014-12-31": "2.30", "2014-09-30": "2.22", "2014-06-30": "2.23", "2014-03-31": "2.21", "2013-12-31": "2.21", "2013-09-30": "2.25", "2013-06-30": "2.34", "2013-03-31": "2.31", "2012-12-31": "2.26", "2012-09-30": "2.14", "2012-06-30": "2.17", "2012-03-31": "2.19", "2011-12-31": "2.18", "2011-09-30": "2.13", "2011-06-30": "2.17", "2011-03-31": "2.20", "2010-12-31": "2.18", "2010-09-30": "2.24", "2010-06-30": "2.29", "2010-03-31": "2.31", "2009-12-31": "2.34", "2009-09-30": "2.35", "2009-06-30": "2.48", "2009-03-31": "2.55", "2008-12-31": "2.46", "2008-09-30": "2.38", "2008-06-30": "2.46", "2008-03-31": "2.42", "2007-12-31": "2.40", "2007-09-30": "2.46", "2007-06-30": "2.52", "2007-03-31": "2.53", "2006-12-31": "2.54", "2006-09-30": "2.54", "2006-06-30": "2.57", "2006-03-31": "2.53", "2005-12-31": "2.53", "2005-09-30": "2.46", "2005-06-30": "2.43", "2005-03-31": "2.40"}, "return on equity": {"2020-09-30": "7.44%", "2020-06-30": "7.68%", "2020-03-31": "11.03%", "2019-12-31": "14.98%", "2019-09-30": "14.79%", "2019-06-30": "14.74%", "2019-03-31": "11.66%", "2018-12-31": "8.02%", "2018-09-30": "9.08%", "2018-06-30": "8.90%", "2018-03-31": "4.32%", "2017-12-31": "3.22%", "2017-09-30": "2.06%", "2017-06-30": "2.32%", "2017-03-31": "10.09%", "2016-12-31": "9.90%", "2016-09-30": "10.70%", "2016-06-30": "10.41%", "2016-03-31": "10.71%", "2015-12-31": "10.91%", "2015-09-30": "11.07%", "2015-06-30": "10.07%", "2015-03-31": "10.07%", "2014-12-31": "9.45%", "2014-09-30": "10.23%", "2014-06-30": "11.03%", "2014-03-31": "9.64%", "2013-12-31": "8.39%", "2013-09-30": "8.32%", "2013-06-30": "8.98%", "2013-03-31": "10.66%", "2012-12-31": "12.19%", "2012-09-30": "11.67%", "2012-06-30": "11.56%", "2012-03-31": "11.70%", "2011-12-31": "12.26%", "2011-09-30": "11.89%", "2011-06-30": "11.55%", "2011-03-31": "11.24%", "2010-12-31": "11.90%", "2010-09-30": "12.81%", "2010-06-30": "13.02%", "2010-03-31": "13.19%", "2009-12-31": "11.13%", "2009-09-30": "11.00%", "2009-06-30": "11.04%", "2009-03-31": "10.72%", "2008-12-31": "12.44%", "2008-09-30": "12.69%", "2008-06-30": "12.88%", "2008-03-31": "13.30%", "2007-12-31": "13.51%", "2007-09-30": "13.75%", "2007-06-30": "13.90%", "2007-03-31": "13.85%", "2006-12-31": "13.46%", "2006-09-30": "13.45%", "2006-06-30": "13.46%", "2006-03-31": "13.57%", "2005-12-31": "14.22%"}, "return on assets": {"2020-09-30": "2.00%", "2020-06-30": "2.08%", "2020-03-31": "3.00%", "2019-12-31": "4.07%", "2019-09-30": "3.95%", "2019-06-30": "3.87%", "2019-03-31": "2.96%", "2018-12-31": "1.97%", "2018-09-30": "2.19%", "2018-06-30": "2.11%", "2018-03-31": "1.02%", "2017-12-31": "0.77%", "2017-09-30": "0.50%", "2017-06-30": "0.56%", "2017-03-31": "2.51%", "2016-12-31": "2.54%", "2016-09-30": "2.85%", "2016-06-30": "2.90%", "2016-03-31": "3.06%", "2015-12-31": "3.16%", "2015-09-30": "3.27%", "2015-06-30": "3.01%", "2015-03-31": "3.07%", "2014-12-31": "2.92%", "2014-09-30": "3.18%", "2014-06-30": "3.42%", "2014-03-31": "2.97%", "2013-12-31": "2.56%", "2013-09-30": "2.53%", "2013-06-30": "2.75%", "2013-03-31": "3.31%", "2012-12-31": "3.82%", "2012-09-30": "3.68%", "2012-06-30": "3.65%", "2012-03-31": "3.70%", "2011-12-31": "3.87%", "2011-09-30": "3.75%", "2011-06-30": "3.61%", "2011-03-31": "3.48%", "2010-12-31": "3.66%", "2010-09-30": "3.89%", "2010-06-30": "3.92%", "2010-03-31": "3.92%", "2009-12-31": "3.25%", "2009-09-30": "3.18%", "2009-06-30": "3.18%", "2009-03-31": "3.10%", "2008-12-31": "3.63%", "2008-09-30": "3.72%", "2008-06-30": "3.75%", "2008-03-31": "3.86%", "2007-12-31": "3.89%", "2007-09-30": "3.92%", "2007-06-30": "3.94%", "2007-03-31": "3.91%", "2006-12-31": "3.80%", "2006-09-30": "3.80%", "2006-06-30": "3.82%", "2006-03-31": "3.89%", "2005-12-31": "4.12%"}, "return on investments": {"2020-09-30": "4.95%", "2020-03-31": "7.18%", "2019-12-31": "10.65%", "2019-09-30": "10.63%", "2019-06-30": "11.03%", "2019-03-31": "9.27%", "2018-12-31": "5.98%", "2018-09-30": "6.21%", "2018-06-30": "5.94%", "2018-03-31": "3.50%", "2017-12-31": "3.34%", "2017-09-30": "2.92%", "2017-06-30": "2.84%", "2017-03-31": "7.21%", "2016-12-31": "7.34%", "2016-09-30": "8.33%", "2016-06-30": "8.77%", "2016-03-31": "9.30%", "2015-12-31": "9.65%", "2015-09-30": "9.88%", "2015-06-30": "9.11%", "2015-03-31": "9.19%", "2014-12-31": "8.58%", "2014-09-30": "9.17%", "2014-06-30": "9.77%", "2014-03-31": "8.85%", "2013-12-31": "8.09%", "2013-09-30": "8.27%", "2013-06-30": "9.04%", "2013-03-31": "10.36%", "2012-12-31": "11.61%", "2012-09-30": "11.12%", "2012-06-30": "11.00%", "2012-03-31": "11.16%", "2011-12-31": "11.60%", "2011-09-30": "11.42%", "2011-06-30": "11.03%", "2011-03-31": "10.65%", "2010-12-31": "10.94%", "2010-09-30": "11.10%", "2010-06-30": "11.14%", "2010-03-31": "11.11%", "2009-12-31": "9.98%", "2009-09-30": "10.18%", "2009-06-30": "10.38%", "2009-03-31": "10.76%", "2008-12-31": "11.78%", "2008-09-30": "11.90%", "2008-06-30": "12.17%", "2008-03-31": "12.19%", "2007-12-31": "12.46%", "2007-09-30": "13.06%", "2007-06-30": "13.24%", "2007-03-31": "13.35%", "2006-12-31": "13.08%", "2006-09-30": "12.88%", "2006-06-30": "12.62%", "2006-03-31": "12.37%", "2005-12-31": "12.37%"}, "return on tangible equity": {"2020-09-30": "9.07%", "2020-06-30": "9.38%", "2020-03-31": "13.49%", "2019-12-31": "18.37%", "2019-09-30": "18.24%", "2019-06-30": "18.34%", "2019-03-31": "14.68%", "2018-12-31": "10.34%", "2018-09-30": "12.01%", "2018-06-30": "12.03%", "2018-03-31": "5.96%", "2017-12-31": "4.44%", "2017-09-30": "2.83%", "2017-06-30": "3.20%", "2017-03-31": "12.86%", "2016-12-31": "11.69%", "2016-09-30": "11.73%", "2016-06-30": "10.53%", "2016-03-31": "10.75%", "2015-12-31": "10.95%", "2015-09-30": "11.07%", "2015-06-30": "10.07%", "2015-03-31": "10.07%", "2014-12-31": "9.45%", "2014-09-30": "10.23%", "2014-06-30": "11.03%", "2014-03-31": "9.64%", "2013-12-31": "8.39%", "2013-09-30": "8.32%", "2013-06-30": "8.98%", "2013-03-31": "10.66%", "2012-12-31": "12.19%", "2012-09-30": "11.67%", "2012-06-30": "11.56%", "2012-03-31": "11.70%", "2011-12-31": "12.26%", "2011-09-30": "11.89%", "2011-06-30": "11.55%", "2011-03-31": "11.24%", "2010-12-31": "11.90%", "2010-09-30": "12.81%", "2010-06-30": "13.02%", "2010-03-31": "13.19%", "2009-12-31": "11.13%", "2009-09-30": "11.00%", "2009-06-30": "11.04%", "2009-03-31": "10.72%", "2008-12-31": "12.44%", "2008-09-30": "12.69%", "2008-06-30": "12.88%", "2008-03-31": "13.30%", "2007-12-31": "13.51%", "2007-09-30": "13.75%", "2007-06-30": "13.90%", "2007-03-31": "13.85%", "2006-12-31": "13.46%", "2006-09-30": "13.45%", "2006-06-30": "13.46%", "2006-03-31": "13.57%", "2005-12-31": "14.22%"}, "dividend yield history": {"last payout": "$2.56", "last yield": "4.20%"}}