{"ticker": "LUV", "price": {"title": "Southwest Airlines Historical Annual Stock Price Data", "value": 50.05, "historical": {"2021": {"Average Stock Price": "46.7217", "Year Open": "45.0400", "Year High": "50.0500", "Year Low": "43.9400", "Year Close": "50.0500", "Annual % Change": "7.38%"}, "2020": {"Average Stock Price": "40.0079", "Year Open": "54.8400", "Year High": "58.5400", "Year Low": "23.8700", "Year Close": "46.6100", "Annual % Change": "-13.65%"}, "2019": {"Average Stock Price": "53.0922", "Year Open": "47.1400", "Year High": "58.2900", "Year Low": "45.6100", "Year Close": "53.9800", "Annual % Change": "16.14%"}, "2018": {"Average Stock Price": "56.0335", "Year Open": "66.2900", "Year High": "66.2900", "Year Low": "44.4000", "Year Close": "46.4800", "Annual % Change": "-28.98%"}, "2017": {"Average Stock Price": "56.7355", "Year Open": "49.9800", "Year High": "66.0900", "Year Low": "49.4600", "Year Close": "65.4500", "Annual % Change": "31.32%"}, "2016": {"Average Stock Price": "41.5831", "Year Open": "41.9600", "Year High": "50.8900", "Year Low": "34.7200", "Year Close": "49.8400", "Annual % Change": "15.75%"}, "2015": {"Average Stock Price": "40.9728", "Year Open": "42.6900", "Year High": "49.5800", "Year Low": "32.3600", "Year Close": "43.0600", "Annual % Change": "1.75%"}, "2014": {"Average Stock Price": "28.8340", "Year Open": "18.8800", "Year High": "42.3200", "Year Low": "18.8800", "Year Close": "42.3200", "Annual % Change": "124.63%"}, "2013": {"Average Stock Price": "14.1373", "Year Open": "10.4700", "Year High": "18.9500", "Year Low": "10.4700", "Year Close": "18.8400", "Annual % Change": "83.98%"}, "2012": {"Average Stock Price": "8.9737", "Year Open": "8.4100", "Year High": "10.5600", "Year Low": "7.8800", "Year Close": "10.2400", "Annual % Change": "19.63%"}, "2011": {"Average Stock Price": "10.3645", "Year Open": "13.2400", "Year High": "13.3200", "Year Low": "7.3500", "Year Close": "8.5600", "Annual % Change": "-34.05%"}, "2010": {"Average Stock Price": "12.4530", "Year Open": "11.1800", "Year High": "14.2600", "Year Low": "10.6300", "Year Close": "12.9800", "Annual % Change": "13.56%"}, "2009": {"Average Stock Price": "7.9647", "Year Open": "8.9700", "Year High": "11.6100", "Year Low": "5.0100", "Year Close": "11.4300", "Annual % Change": "32.60%"}, "2008": {"Average Stock Price": "12.6305", "Year Open": "11.8000", "Year High": "16.4700", "Year Low": "7.2800", "Year Close": "8.6200", "Annual % Change": "-29.34%"}, "2007": {"Average Stock Price": "14.7973", "Year Open": "15.5200", "Year High": "16.6000", "Year Low": "12.2000", "Year Close": "12.2000", "Annual % Change": "-20.37%"}, "2006": {"Average Stock Price": "16.4969", "Year Open": "16.4300", "Year High": "18.1500", "Year Low": "14.6200", "Year Close": "15.3200", "Annual % Change": "-6.76%"}, "2005": {"Average Stock Price": "14.7836", "Year Open": "16.0700", "Year High": "16.8200", "Year Low": "13.1400", "Year Close": "16.4300", "Annual % Change": "0.92%"}, "2004": {"Average Stock Price": "14.8822", "Year Open": "15.9400", "Year High": "17.0000", "Year Low": "13.2100", "Year Close": "16.2800", "Annual % Change": "0.87%"}, "2003": {"Average Stock Price": "16.1307", "Year Open": "14.2000", "Year High": "19.5400", "Year Low": "12.0400", "Year Close": "16.1400", "Annual % Change": "16.12%"}, "2002": {"Average Stock Price": "16.1949", "Year Open": "18.2500", "Year High": "21.9900", "Year Low": "11.6000", "Year Close": "13.9000", "Annual % Change": "-24.78%"}, "2001": {"Average Stock Price": "18.2368", "Year Open": "22.3067", "Year High": "23.2667", "Year Low": "12.8300", "Year Close": "18.4800", "Annual % Change": "-17.33%"}, "2000": {"Average Stock Price": "14.9322", "Year Open": "10.5800", "Year High": "22.6733", "Year Low": "10.0867", "Year Close": "22.3533", "Annual % Change": "107.87%"}, "1999": {"Average Stock Price": "12.5431", "Year Open": "10.1956", "Year High": "15.6133", "Year Low": "9.7533", "Year Close": "10.7533", "Annual % Change": "6.63%"}, "1998": {"Average Stock Price": "8.7789", "Year Open": "7.1852", "Year High": "10.2800", "Year Low": "7.1111", "Year Close": "10.0844", "Annual % Change": "38.18%"}, "1997": {"Average Stock Price": "5.5580", "Year Open": "4.3457", "Year High": "7.6119", "Year Low": "4.1975", "Year Close": "7.2978", "Annual % Change": "67.93%"}, "1996": {"Average Stock Price": "5.1425", "Year Open": "4.6420", "Year High": "6.4948", "Year Low": "4.0731", "Year Close": "4.3457", "Annual % Change": "-4.35%"}, "1995": {"Average Stock Price": "4.4494", "Year Open": "3.4825", "Year High": "5.8528", "Year Low": "3.2849", "Year Close": "4.5432", "Annual % Change": "37.31%"}, "1994": {"Average Stock Price": "5.4866", "Year Open": "7.4331", "Year High": "7.6543", "Year Low": "3.1111", "Year Close": "3.3086", "Annual % Change": "-55.19%"}, "1993": {"Average Stock Price": "5.7351", "Year Open": "3.9506", "Year High": "7.3837", "Year Low": "3.6214", "Year Close": "7.3837", "Annual % Change": "90.07%"}, "1992": {"Average Stock Price": "2.8927", "Year Open": "2.1893", "Year High": "3.8848", "Year Low": "2.1564", "Year Close": "3.8848", "Annual % Change": "72.92%"}, "1991": {"Average Stock Price": "1.7026", "Year Open": "1.1272", "Year High": "2.3045", "Year Low": "1.0864", "Year Close": "2.2466", "Annual % Change": "94.97%"}, "1990": {"Average Stock Price": "1.0727", "Year Open": "1.0645", "Year High": "1.2919", "Year Low": "0.8724", "Year Close": "1.1523", "Annual % Change": "9.38%"}, "1989": {"Average Stock Price": "1.1156", "Year Open": "0.8612", "Year High": "1.3278", "Year Low": "0.8612", "Year Close": "1.0535", "Annual % Change": "18.52%"}, "1988": {"Average Stock Price": "0.7586", "Year Open": "0.6308", "Year High": "0.9108", "Year Low": "0.5816", "Year Close": "0.8889", "Annual % Change": "51.35%"}, "1987": {"Average Stock Price": "0.8642", "Year Open": "0.9161", "Year High": "1.0921", "Year Low": "0.5210", "Year Close": "0.5873", "Annual % Change": "-35.15%"}, "1986": {"Average Stock Price": "0.9681", "Year Open": "1.1413", "Year High": "1.1852", "Year Low": "0.8230", "Year Close": "0.9056", "Annual % Change": "-23.25%"}, "1985": {"Average Stock Price": "1.1296", "Year Open": "0.9657", "Year High": "1.3551", "Year Low": "0.9381", "Year Close": "1.1799", "Annual % Change": "22.18%"}, "1984": {"Average Stock Price": "0.9340", "Year Open": "1.1676", "Year High": "1.2642", "Year Low": "0.6804", "Year Close": "0.9657", "Annual % Change": "-19.12%"}, "1983": {"Average Stock Price": "1.2082", "Year Open": "0.9285", "Year High": "1.5406", "Year Low": "0.8955", "Year Close": "1.1940", "Annual % Change": "27.70%"}, "1982": {"Average Stock Price": "0.7315", "Year Open": "0.4895", "Year High": "1.1106", "Year Low": "0.4851", "Year Close": "0.9350", "Annual % Change": "84.38%"}, "1981": {"Average Stock Price": "0.5957", "Year Open": "0.5057", "Year High": "0.8463", "Year Low": "0.4284", "Year Close": "0.5071", "Annual % Change": "0.28%"}}}, "market cap": {"value": "$29.54B"}, "income statement": {"Revenue": {"2020-12-31": "9048.00000", "2019-12-31": "22428.00000", "2018-12-31": "21965.00000", "2017-12-31": "21146.00000", "2016-12-31": "20289.00000", "2015-12-31": "19820.00000", "2014-12-31": "18605.00000", "2013-12-31": "17699.00000", "2012-12-31": "17088.00000", "2011-12-31": "15658.00000", "2010-12-31": "12104.00000", "2009-12-31": "10350.00000", "2008-12-31": "11023.00000", "2007-12-31": "9861.00000", "2006-12-31": "9086.00000", "2005-12-31": "7584.00000"}, "Cost Of Goods Sold": {"2020-12-31": "9683.00000", "2019-12-31": "15226.00000", "2018-12-31": "14706.00000", "2017-12-31": "13674.00000", "2016-12-31": "12843.00000", "2015-12-31": "12408.00000", "2014-12-31": "13111.00000", "2013-12-31": "13342.00000", "2012-12-31": "13399.00000", "2011-12-31": "12237.00000", "2010-12-31": "9062.00000", "2009-12-31": "8135.00000", "2008-12-31": "8590.00000", "2007-12-31": "7235.00000", "2006-12-31": "6457.00000", "2005-12-31": "5186.00000"}, "Gross Profit": {"2020-12-31": "-635.00000", "2019-12-31": "7202.00000", "2018-12-31": "7259.00000", "2017-12-31": "7472.00000", "2016-12-31": "7446.00000", "2015-12-31": "7412.00000", "2014-12-31": "5494.00000", "2013-12-31": "4357.00000", "2012-12-31": "3689.00000", "2011-12-31": "3421.00000", "2010-12-31": "3042.00000", "2009-12-31": "2215.00000", "2008-12-31": "2433.00000", "2007-12-31": "2626.00000", "2006-12-31": "2629.00000", "2005-12-31": "2398.00000"}, "Research And Development Expenses": {"2020-12-31": "", "2019-12-31": "", "2018-12-31": "", "2017-12-31": "", "2016-12-31": "", "2015-12-31": "", "2014-12-31": "", "2013-12-31": "", "2012-12-31": "", "2011-12-31": "", "2010-12-31": "", "2009-12-31": "", "2008-12-31": "", "2007-12-31": "", "2006-12-31": "", "2005-12-31": ""}, "SG&A Expenses": {"2020-12-31": "", "2019-12-31": "", "2018-12-31": "", "2017-12-31": "", "2016-12-31": "", "2015-12-31": "", "2014-12-31": "", "2013-12-31": "", "2012-12-31": "", "2011-12-31": "", "2010-12-31": "", "2009-12-31": "", "2008-12-31": "", "2007-12-31": "", "2006-12-31": "", "2005-12-31": ""}, "Other Operating Income Or Expenses": {"2020-12-31": "-1926.00000", "2019-12-31": "-3026.00000", "2018-12-31": "-2852.00000", "2017-12-31": "-2847.00000", "2016-12-31": "-2703.00000", "2015-12-31": "-2242.00000", "2014-12-31": "-2205.00000", "2013-12-31": "-2126.00000", "2012-12-31": "-2039.00000", "2011-12-31": "-1879.00000", "2010-12-31": "-1418.00000", "2009-12-31": "-1337.00000", "2008-12-31": "-1385.00000", "2007-12-31": "-1280.00000", "2006-12-31": "-1180.00000", "2005-12-31": "-1204.00000"}, "Operating Expenses": {"2020-12-31": "12864.00000", "2019-12-31": "19471.00000", "2018-12-31": "18759.00000", "2017-12-31": "17739.00000", "2016-12-31": "16767.00000", "2015-12-31": "15704.00000", "2014-12-31": "16380.00000", "2013-12-31": "16421.00000", "2012-12-31": "16465.00000", "2011-12-31": "14965.00000", "2010-12-31": "11116.00000", "2009-12-31": "10088.00000", "2008-12-31": "10574.00000", "2007-12-31": "9070.00000", "2006-12-31": "8152.00000", "2005-12-31": "6859.00000"}, "Operating Income": {"2020-12-31": "-3816.00000", "2019-12-31": "2957.00000", "2018-12-31": "3206.00000", "2017-12-31": "3407.00000", "2016-12-31": "3522.00000", "2015-12-31": "4116.00000", "2014-12-31": "2225.00000", "2013-12-31": "1278.00000", "2012-12-31": "623.00000", "2011-12-31": "693.00000", "2010-12-31": "988.00000", "2009-12-31": "262.00000", "2008-12-31": "449.00000", "2007-12-31": "791.00000", "2006-12-31": "934.00000", "2005-12-31": "725.00000"}, "Total Non-Operating Income/Expense": {"2020-12-31": "-440.00000", "2019-12-31": "", "2018-12-31": "-42.00000", "2017-12-31": "-142.00000", "2016-12-31": "-72.00000", "2015-12-31": "-637.00000", "2014-12-31": "-409.00000", "2013-12-31": "-69.00000", "2012-12-31": "62.00000", "2011-12-31": "-370.00000", "2010-12-31": "-243.00000", "2009-12-31": "-98.00000", "2008-12-31": "-171.00000", "2007-12-31": "267.00000", "2006-12-31": "-144.00000", "2005-12-31": "54.00000"}, "Pre-Tax Income": {"2020-12-31": "-4256.00000", "2019-12-31": "2957.00000", "2018-12-31": "3164.00000", "2017-12-31": "3265.00000", "2016-12-31": "3450.00000", "2015-12-31": "3479.00000", "2014-12-31": "1816.00000", "2013-12-31": "1209.00000", "2012-12-31": "685.00000", "2011-12-31": "323.00000", "2010-12-31": "745.00000", "2009-12-31": "164.00000", "2008-12-31": "278.00000", "2007-12-31": "1058.00000", "2006-12-31": "790.00000", "2005-12-31": "779.00000"}, "Income Taxes": {"2020-12-31": "-1182.00000", "2019-12-31": "657.00000", "2018-12-31": "699.00000", "2017-12-31": "-92.00000", "2016-12-31": "1267.00000", "2015-12-31": "1298.00000", "2014-12-31": "680.00000", "2013-12-31": "455.00000", "2012-12-31": "264.00000", "2011-12-31": "145.00000", "2010-12-31": "286.00000", "2009-12-31": "65.00000", "2008-12-31": "100.00000", "2007-12-31": "413.00000", "2006-12-31": "291.00000", "2005-12-31": "295.00000"}, "Income After Taxes": {"2020-12-31": "-3074.00000", "2019-12-31": "2300.00000", "2018-12-31": "2465.00000", "2017-12-31": "3357.00000", "2016-12-31": "2183.00000", "2015-12-31": "2181.00000", "2014-12-31": "1136.00000", "2013-12-31": "754.00000", "2012-12-31": "421.00000", "2011-12-31": "178.00000", "2010-12-31": "459.00000", "2009-12-31": "99.00000", "2008-12-31": "178.00000", "2007-12-31": "645.00000", "2006-12-31": "499.00000", "2005-12-31": "484.00000"}, "Other Income": {"2020-12-31": "", "2019-12-31": "", "2018-12-31": "", "2017-12-31": "", "2016-12-31": "", "2015-12-31": "", "2014-12-31": "", "2013-12-31": "", "2012-12-31": "", "2011-12-31": "", "2010-12-31": "", "2009-12-31": "", "2008-12-31": "", "2007-12-31": "", "2006-12-31": "", "2005-12-31": ""}, "Income From Continuous Operations": {"2020-12-31": "-3074.00000", "2019-12-31": "2300.00000", "2018-12-31": "2465.00000", "2017-12-31": "3357.00000", "2016-12-31": "2183.00000", "2015-12-31": "2181.00000", "2014-12-31": "1136.00000", "2013-12-31": "754.00000", "2012-12-31": "421.00000", "2011-12-31": "178.00000", "2010-12-31": "459.00000", "2009-12-31": "99.00000", "2008-12-31": "178.00000", "2007-12-31": "645.00000", "2006-12-31": "499.00000", "2005-12-31": "484.00000"}, "Income From Discontinued Operations": {"2020-12-31": "", "2019-12-31": "", "2018-12-31": "", "2017-12-31": "", "2016-12-31": "", "2015-12-31": "", "2014-12-31": "", "2013-12-31": "", "2012-12-31": "", "2011-12-31": "", "2010-12-31": "", "2009-12-31": "", "2008-12-31": "", "2007-12-31": "", "2006-12-31": "", "2005-12-31": ""}, "Net Income": {"2020-12-31": "-3074.00000", "2019-12-31": "2300.00000", "2018-12-31": "2465.00000", "2017-12-31": "3357.00000", "2016-12-31": "2183.00000", "2015-12-31": "2181.00000", "2014-12-31": "1136.00000", "2013-12-31": "754.00000", "2012-12-31": "421.00000", "2011-12-31": "178.00000", "2010-12-31": "459.00000", "2009-12-31": "99.00000", "2008-12-31": "178.00000", "2007-12-31": "645.00000", "2006-12-31": "499.00000", "2005-12-31": "484.00000"}, "EBITDA": {"2020-12-31": "-2561.00000", "2019-12-31": "4176.00000", "2018-12-31": "4407.00000", "2017-12-31": "4625.00000", "2016-12-31": "4743.00000", "2015-12-31": "5131.00000", "2014-12-31": "3163.00000", "2013-12-31": "2145.00000", "2012-12-31": "1467.00000", "2011-12-31": "1408.00000", "2010-12-31": "1602.00000", "2009-12-31": "866.00000", "2008-12-31": "1036.00000", "2007-12-31": "1332.00000", "2006-12-31": "1433.00000", "2005-12-31": "1178.00000"}, "EBIT": {"2020-12-31": "-3816.00000", "2019-12-31": "2957.00000", "2018-12-31": "3206.00000", "2017-12-31": "3407.00000", "2016-12-31": "3522.00000", "2015-12-31": "4116.00000", "2014-12-31": "2225.00000", "2013-12-31": "1278.00000", "2012-12-31": "623.00000", "2011-12-31": "693.00000", "2010-12-31": "988.00000", "2009-12-31": "262.00000", "2008-12-31": "449.00000", "2007-12-31": "791.00000", "2006-12-31": "934.00000", "2005-12-31": "725.00000"}, "Basic Shares Outstanding": {"2020-12-31": "565.00000", "2019-12-31": "538.00000", "2018-12-31": "573.00000", "2017-12-31": "601.00000", "2016-12-31": "627.00000", "2015-12-31": "661.00000", "2014-12-31": "687.00000", "2013-12-31": "710.00000", "2012-12-31": "750.00000", "2011-12-31": "774.00000", "2010-12-31": "746.00000", "2009-12-31": "741.00000", "2008-12-31": "735.00000", "2007-12-31": "757.00000", "2006-12-31": "795.00000", "2005-12-31": "789.00000"}, "Shares Outstanding": {"2020-12-31": "565.00000", "2019-12-31": "539.00000", "2018-12-31": "574.00000", "2017-12-31": "603.00000", "2016-12-31": "633.00000", "2015-12-31": "669.00000", "2014-12-31": "696.00000", "2013-12-31": "718.00000", "2012-12-31": "757.00000", "2011-12-31": "775.00000", "2010-12-31": "747.00000", "2009-12-31": "741.00000", "2008-12-31": "739.00000", "2007-12-31": "768.00000", "2006-12-31": "824.00000", "2005-12-31": "806.00000"}, "Basic EPS": {"2020-12-31": "-5.44000", "2019-12-31": "4.28000", "2018-12-31": "4.30000", "2017-12-31": "5.58000", "2016-12-31": "3.48000", "2015-12-31": "3.30000", "2014-12-31": "1.65000", "2013-12-31": "1.06000", "2012-12-31": "0.56000", "2011-12-31": "0.23000", "2010-12-31": "0.62000", "2009-12-31": "0.13000", "2008-12-31": "0.24000", "2007-12-31": "0.85000", "2006-12-31": "0.63000", "2005-12-31": "0.61000"}, "EPS - Earnings Per Share": {"2020-12-31": "-5.44000", "2019-12-31": "4.27000", "2018-12-31": "4.29000", "2017-12-31": "5.57000", "2016-12-31": "3.45000", "2015-12-31": "3.27000", "2014-12-31": "1.64000", "2013-12-31": "1.05000", "2012-12-31": "0.56000", "2011-12-31": "0.23000", "2010-12-31": "0.61000", "2009-12-31": "0.13000", "2008-12-31": "0.24000", "2007-12-31": "0.84000", "2006-12-31": "0.61000", "2005-12-31": "0.60000"}}, "income statement, quarterly": {"Revenue": {"2020-12-31": "2013.00000", "2020-09-30": "1793.00000", "2020-06-30": "1008.00000", "2020-03-31": "4234.00000", "2019-12-31": "5731.00000", "2019-09-30": "5639.00000", "2019-06-30": "5909.00000", "2019-03-31": "5149.00000", "2018-12-31": "5704.00000", "2018-09-30": "5575.00000", "2018-06-30": "5742.00000", "2018-03-31": "4944.00000", "2017-12-31": "5258.00000", "2017-09-30": "5303.00000", "2017-06-30": "5731.00000", "2017-03-31": "4854.00000", "2016-12-31": "4940.00000", "2016-09-30": "5139.00000", "2016-06-30": "5384.00000", "2016-03-31": "4826.00000", "2015-12-31": "4977.00000", "2015-09-30": "5318.00000", "2015-06-30": "5111.00000", "2015-03-31": "4414.00000", "2014-12-31": "4628.00000", "2014-09-30": "4800.00000", "2014-06-30": "5011.00000", "2014-03-31": "4166.00000", "2013-12-31": "4427.00000", "2013-09-30": "4545.00000", "2013-06-30": "4643.00000", "2013-03-31": "4084.00000", "2012-12-31": "4172.00000", "2012-09-30": "4309.00000", "2012-06-30": "4616.00000", "2012-03-31": "3991.00000", "2011-12-31": "4108.00000", "2011-09-30": "4311.00000", "2011-06-30": "4136.00000", "2011-03-31": "3103.00000", "2010-12-31": "3114.00000", "2010-09-30": "3192.00000", "2010-06-30": "3168.00000", "2010-03-31": "2630.00000", "2009-12-31": "2711.00000", "2009-09-30": "2666.00000", "2009-06-30": "2616.00000", "2009-03-31": "2357.00000", "2008-12-31": "2733.00000", "2008-09-30": "2891.00000", "2008-06-30": "2869.00000", "2008-03-31": "2530.00000", "2007-12-31": "2492.00000", "2007-09-30": "2588.00000", "2007-06-30": "2583.00000", "2007-03-31": "2198.00000", "2006-12-31": "2276.00000", "2006-09-30": "2342.00000", "2006-06-30": "2449.00000", "2006-03-31": "2019.00000", "2005-12-31": "1988.00000", "2005-09-30": "1989.00000", "2005-06-30": "1944.00000", "2005-03-31": "1663.00000"}, "Cost Of Goods Sold": {"2020-12-31": "2346.00000", "2020-09-30": "2401.00000", "2020-06-30": "1602.00000", "2020-03-31": "3335.00000", "2019-12-31": "3988.00000", "2019-09-30": "3750.00000", "2019-06-30": "3871.00000", "2019-03-31": "3617.00000", "2018-12-31": "3796.00000", "2018-09-30": "3737.00000", "2018-06-30": "3747.00000", "2018-03-31": "3426.00000", "2017-12-31": "3547.00000", "2017-09-30": "3415.00000", "2017-06-30": "3470.00000", "2017-03-31": "3242.00000", "2016-12-31": "3168.00000", "2016-09-30": "3471.00000", "2016-06-30": "3190.00000", "2016-03-31": "3014.00000", "2015-12-31": "3071.00000", "2015-09-30": "3257.00000", "2015-06-30": "3210.00000", "2015-03-31": "2870.00000", "2014-12-31": "3131.00000", "2014-09-30": "3357.00000", "2014-06-30": "3437.00000", "2014-03-31": "3186.00000", "2013-12-31": "3226.00000", "2013-09-30": "3374.00000", "2013-06-30": "3452.00000", "2013-03-31": "3290.00000", "2012-12-31": "3307.00000", "2012-09-30": "3387.00000", "2012-06-30": "3440.00000", "2012-03-31": "3265.00000", "2011-12-31": "3224.00000", "2011-09-30": "3351.00000", "2011-06-30": "3224.00000", "2011-03-31": "2438.00000", "2010-12-31": "2337.00000", "2010-09-30": "2313.00000", "2010-06-30": "2324.00000", "2010-03-31": "2088.00000", "2009-12-31": "2043.00000", "2009-09-30": "2158.00000", "2009-06-30": "2005.00000", "2009-03-31": "1929.00000", "2008-12-31": "2164.00000", "2008-09-30": "2302.00000", "2008-06-30": "2172.00000", "2008-03-31": "1952.00000", "2007-12-31": "2003.00000", "2007-09-30": "1835.00000", "2007-06-30": "1755.00000", "2007-03-31": "1642.00000", "2006-12-31": "1770.00000", "2006-09-30": "1618.00000", "2006-06-30": "1588.00000", "2006-03-31": "1481.00000", "2005-12-31": "1385.00000", "2005-09-30": "1319.00000", "2005-06-30": "1281.00000", "2005-03-31": "1201.00000"}, "Gross Profit": {"2020-12-31": "-333.00000", "2020-09-30": "-608.00000", "2020-06-30": "-594.00000", "2020-03-31": "899.00000", "2019-12-31": "1743.00000", "2019-09-30": "1889.00000", "2019-06-30": "2038.00000", "2019-03-31": "1532.00000", "2018-12-31": "1908.00000", "2018-09-30": "1838.00000", "2018-06-30": "1995.00000", "2018-03-31": "1518.00000", "2017-12-31": "1711.00000", "2017-09-30": "1888.00000", "2017-06-30": "2261.00000", "2017-03-31": "1612.00000", "2016-12-31": "1772.00000", "2016-09-30": "1668.00000", "2016-06-30": "2194.00000", "2016-03-31": "1812.00000", "2015-12-31": "1906.00000", "2015-09-30": "2061.00000", "2015-06-30": "1901.00000", "2015-03-31": "1544.00000", "2014-12-31": "1497.00000", "2014-09-30": "1443.00000", "2014-06-30": "1574.00000", "2014-03-31": "980.00000", "2013-12-31": "1201.00000", "2013-09-30": "1171.00000", "2013-06-30": "1191.00000", "2013-03-31": "794.00000", "2012-12-31": "865.00000", "2012-09-30": "922.00000", "2012-06-30": "1176.00000", "2012-03-31": "726.00000", "2011-12-31": "884.00000", "2011-09-30": "960.00000", "2011-06-30": "912.00000", "2011-03-31": "665.00000", "2010-12-31": "777.00000", "2010-09-30": "879.00000", "2010-06-30": "844.00000", "2010-03-31": "542.00000", "2009-12-31": "668.00000", "2009-09-30": "508.00000", "2009-06-30": "611.00000", "2009-03-31": "428.00000", "2008-12-31": "569.00000", "2008-09-30": "589.00000", "2008-06-30": "697.00000", "2008-03-31": "578.00000", "2007-12-31": "489.00000", "2007-09-30": "753.00000", "2007-06-30": "828.00000", "2007-03-31": "556.00000", "2006-12-31": "506.00000", "2006-09-30": "724.00000", "2006-06-30": "861.00000", "2006-03-31": "538.00000", "2005-12-31": "603.00000", "2005-09-30": "670.00000", "2005-06-30": "663.00000", "2005-03-31": "462.00000"}, "Research And Development Expenses": {"2020-12-31": "", "2020-09-30": "", "2020-06-30": "", "2020-03-31": "", "2019-12-31": "", "2019-09-30": "", "2019-06-30": "", "2019-03-31": "", "2018-12-31": "", "2018-09-30": "", "2018-06-30": "", "2018-03-31": "", "2017-12-31": "", "2017-09-30": "", "2017-06-30": "", "2017-03-31": "", "2016-12-31": "", "2016-09-30": "", "2016-06-30": "", "2016-03-31": "", "2015-12-31": "", "2015-09-30": "", "2015-06-30": "", "2015-03-31": "", "2014-12-31": "", "2014-09-30": "", "2014-06-30": "", "2014-03-31": "", "2013-12-31": "", "2013-09-30": "", "2013-06-30": "", "2013-03-31": "", "2012-12-31": "", "2012-09-30": "", "2012-06-30": "", "2012-03-31": "", "2011-12-31": "", "2011-09-30": "", "2011-06-30": "", "2011-03-31": "", "2010-12-31": "", "2010-09-30": "", "2010-06-30": "", "2010-03-31": "", "2009-12-31": "", "2009-09-30": "", "2009-06-30": "", "2009-03-31": "", "2008-12-31": "", "2008-09-30": "", "2008-06-30": "", "2008-03-31": "", "2007-12-31": "", "2007-09-30": "", "2007-06-30": "", "2007-03-31": "", "2006-12-31": "", "2006-09-30": "", "2006-06-30": "", "2006-03-31": "", "2005-12-31": "", "2005-09-30": "", "2005-06-30": "", "2005-03-31": ""}, "SG&A Expenses": {"2020-12-31": "", "2020-09-30": "", "2020-06-30": "", "2020-03-31": "", "2019-12-31": "", "2019-09-30": "", "2019-06-30": "", "2019-03-31": "", "2018-12-31": "", "2018-09-30": "", "2018-06-30": "", "2018-03-31": "", "2017-12-31": "", "2017-09-30": "", "2017-06-30": "", "2017-03-31": "", "2016-12-31": "", "2016-09-30": "", "2016-06-30": "", "2016-03-31": "", "2015-12-31": "", "2015-09-30": "", "2015-06-30": "", "2015-03-31": "", "2014-12-31": "", "2014-09-30": "", "2014-06-30": "", "2014-03-31": "", "2013-12-31": "", "2013-09-30": "", "2013-06-30": "", "2013-03-31": "", "2012-12-31": "", "2012-09-30": "", "2012-06-30": "", "2012-03-31": "", "2011-12-31": "", "2011-09-30": "", "2011-06-30": "", "2011-03-31": "", "2010-12-31": "", "2010-09-30": "", "2010-06-30": "", "2010-03-31": "", "2009-12-31": "", "2009-09-30": "", "2009-06-30": "", "2009-03-31": "", "2008-12-31": "", "2008-09-30": "", "2008-06-30": "", "2008-03-31": "", "2007-12-31": "", "2007-09-30": "", "2007-06-30": "", "2007-03-31": "", "2006-12-31": "", "2006-09-30": "", "2006-06-30": "", "2006-03-31": "", "2005-12-31": "", "2005-09-30": "", "2005-06-30": "", "2005-03-31": ""}, "Other Operating Income Or Expenses": {"2020-12-31": "-520.00000", "2020-09-30": "-488.00000", "2020-06-30": "-220.00000", "2020-03-31": "-698.00000", "2019-12-31": "-766.00000", "2019-09-30": "-762.00000", "2019-06-30": "-768.00000", "2019-03-31": "-730.00000", "2018-12-31": "-757.00000", "2018-09-30": "-739.00000", "2018-06-30": "-731.00000", "2018-03-31": "-625.00000", "2017-12-31": "-691.00000", "2017-09-30": "-741.00000", "2017-06-30": "-727.00000", "2017-03-31": "-688.00000", "2016-12-31": "-848.00000", "2016-09-30": "-658.00000", "2016-06-30": "-619.00000", "2016-03-31": "-578.00000", "2015-12-31": "-610.00000", "2015-09-30": "-572.00000", "2015-06-30": "-563.00000", "2015-03-31": "-497.00000", "2014-12-31": "-578.00000", "2014-09-30": "-568.00000", "2014-06-30": "-533.00000", "2014-03-31": "-526.00000", "2013-12-31": "-574.00000", "2013-09-30": "-532.00000", "2013-06-30": "-519.00000", "2013-03-31": "-501.00000", "2012-12-31": "-537.00000", "2012-09-30": "-509.00000", "2012-06-30": "-503.00000", "2012-03-31": "-490.00000", "2011-12-31": "-507.00000", "2011-09-30": "-522.00000", "2011-06-30": "-471.00000", "2011-03-31": "-379.00000", "2010-12-31": "-395.00000", "2010-09-30": "-362.00000", "2010-06-30": "-327.00000", "2010-03-31": "-334.00000", "2009-12-31": "-347.00000", "2009-09-30": "-324.00000", "2009-06-30": "-338.00000", "2009-03-31": "-328.00000", "2008-12-31": "-345.00000", "2008-09-30": "-351.00000", "2008-06-30": "-344.00000", "2008-03-31": "-345.00000", "2007-12-31": "-218.00000", "2007-09-30": "-362.00000", "2007-06-30": "-363.00000", "2007-03-31": "-337.00000", "2006-12-31": "-200.00000", "2006-09-30": "-332.00000", "2006-06-30": "-332.00000", "2006-03-31": "-316.00000", "2005-12-31": "-343.00000", "2005-09-30": "-301.00000", "2005-06-30": "-291.00000", "2005-03-31": "-269.00000"}, "Operating Expenses": {"2020-12-31": "3182.00000", "2020-09-30": "3204.00000", "2020-06-30": "2135.00000", "2020-03-31": "4344.00000", "2019-12-31": "5066.00000", "2019-09-30": "4820.00000", "2019-06-30": "4941.00000", "2019-03-31": "4644.00000", "2018-12-31": "4884.00000", "2018-09-30": "4777.00000", "2018-06-30": "4770.00000", "2018-03-31": "4328.00000", "2017-12-31": "4517.00000", "2017-09-30": "4458.00000", "2017-06-30": "4516.00000", "2017-03-31": "4248.00000", "2016-12-31": "4333.00000", "2016-09-30": "4444.00000", "2016-06-30": "4108.00000", "2016-03-31": "3882.00000", "2015-12-31": "3951.00000", "2015-09-30": "4093.00000", "2015-06-30": "4026.00000", "2015-03-31": "3634.00000", "2014-12-31": "4007.00000", "2014-09-30": "4186.00000", "2014-06-30": "4236.00000", "2014-03-31": "3951.00000", "2013-12-31": "4042.00000", "2013-09-30": "4155.00000", "2013-06-30": "4210.00000", "2013-03-31": "4014.00000", "2012-12-31": "4082.00000", "2012-09-30": "4258.00000", "2012-06-30": "4156.00000", "2012-03-31": "3969.00000", "2011-12-31": "3961.00000", "2011-09-30": "4086.00000", "2011-06-30": "3929.00000", "2011-03-31": "2989.00000", "2010-12-31": "2898.00000", "2010-09-30": "2837.00000", "2010-06-30": "2805.00000", "2010-03-31": "2576.00000", "2009-12-31": "2544.00000", "2009-09-30": "2644.00000", "2009-06-30": "2493.00000", "2009-03-31": "2407.00000", "2008-12-31": "2663.00000", "2008-09-30": "2805.00000", "2008-06-30": "2664.00000", "2008-03-31": "2442.00000", "2007-12-31": "2364.00000", "2007-09-30": "2337.00000", "2007-06-30": "2255.00000", "2007-03-31": "2114.00000", "2006-12-31": "2103.00000", "2006-09-30": "2081.00000", "2006-06-30": "2047.00000", "2006-03-31": "1921.00000", "2005-12-31": "1848.00000", "2005-09-30": "1741.00000", "2005-06-30": "1688.00000", "2005-03-31": "1582.00000"}, "Operating Income": {"2020-12-31": "-1169.00000", "2020-09-30": "-1411.00000", "2020-06-30": "-1127.00000", "2020-03-31": "-110.00000", "2019-12-31": "665.00000", "2019-09-30": "819.00000", "2019-06-30": "968.00000", "2019-03-31": "505.00000", "2018-12-31": "820.00000", "2018-09-30": "798.00000", "2018-06-30": "972.00000", "2018-03-31": "616.00000", "2017-12-31": "741.00000", "2017-09-30": "845.00000", "2017-06-30": "1215.00000", "2017-03-31": "606.00000", "2016-12-31": "607.00000", "2016-09-30": "695.00000", "2016-06-30": "1276.00000", "2016-03-31": "944.00000", "2015-12-31": "1026.00000", "2015-09-30": "1225.00000", "2015-06-30": "1085.00000", "2015-03-31": "780.00000", "2014-12-31": "621.00000", "2014-09-30": "614.00000", "2014-06-30": "775.00000", "2014-03-31": "215.00000", "2013-12-31": "385.00000", "2013-09-30": "390.00000", "2013-06-30": "433.00000", "2013-03-31": "70.00000", "2012-12-31": "90.00000", "2012-09-30": "51.00000", "2012-06-30": "460.00000", "2012-03-31": "22.00000", "2011-12-31": "147.00000", "2011-09-30": "225.00000", "2011-06-30": "207.00000", "2011-03-31": "114.00000", "2010-12-31": "216.00000", "2010-09-30": "355.00000", "2010-06-30": "363.00000", "2010-03-31": "54.00000", "2009-12-31": "167.00000", "2009-09-30": "22.00000", "2009-06-30": "123.00000", "2009-03-31": "-50.00000", "2008-12-31": "70.00000", "2008-09-30": "86.00000", "2008-06-30": "205.00000", "2008-03-31": "88.00000", "2007-12-31": "128.00000", "2007-09-30": "251.00000", "2007-06-30": "328.00000", "2007-03-31": "84.00000", "2006-12-31": "173.00000", "2006-09-30": "261.00000", "2006-06-30": "402.00000", "2006-03-31": "98.00000", "2005-12-31": "140.00000", "2005-09-30": "248.00000", "2005-06-30": "256.00000", "2005-03-31": "81.00000"}, "Total Non-Operating Income/Expense": {"2020-12-31": "-162.00000", "2020-09-30": "-131.00000", "2020-06-30": "-112.00000", "2020-03-31": "-34.00000", "2019-12-31": "", "2019-09-30": "", "2019-06-30": "", "2019-03-31": "-1.00000", "2018-12-31": "-4.00000", "2018-09-30": "-12.00000", "2018-06-30": "-12.00000", "2018-03-31": "-14.00000", "2017-12-31": "-5.00000", "2017-09-30": "-13.00000", "2017-06-30": "-50.00000", "2017-03-31": "-74.00000", "2016-12-31": "105.00000", "2016-09-30": "-77.00000", "2016-06-30": "28.00000", "2016-03-31": "-128.00000", "2015-12-31": "-180.00000", "2015-09-30": "-292.00000", "2015-06-30": "-108.00000", "2015-03-31": "-57.00000", "2014-12-31": "-320.00000", "2014-09-30": "-89.00000", "2014-06-30": "-29.00000", "2014-03-31": "29.00000", "2013-12-31": "-52.00000", "2013-09-30": "29.00000", "2013-06-30": "-70.00000", "2013-03-31": "24.00000", "2012-12-31": "35.00000", "2012-09-30": "-18.00000", "2012-06-30": "-92.00000", "2012-03-31": "137.00000", "2011-12-31": "109.00000", "2011-09-30": "-451.00000", "2011-06-30": "68.00000", "2011-03-31": "-96.00000", "2010-12-31": "-4.00000", "2010-09-30": "-23.00000", "2010-06-30": "-179.00000", "2010-03-31": "-37.00000", "2009-12-31": "17.00000", "2009-09-30": "-42.00000", "2009-06-30": "-16.00000", "2009-03-31": "-57.00000", "2008-12-31": "-153.00000", "2008-09-30": "-291.00000", "2008-06-30": "324.00000", "2008-03-31": "-51.00000", "2007-12-31": "57.00000", "2007-09-30": "26.00000", "2007-06-30": "119.00000", "2007-03-31": "65.00000", "2006-12-31": "-72.00000", "2006-09-30": "-183.00000", "2006-06-30": "113.00000", "2006-03-31": "-2.00000", "2005-12-31": "-28.00000", "2005-09-30": "95.00000", "2005-06-30": "-21.00000", "2005-03-31": "8.00000"}, "Pre-Tax Income": {"2020-12-31": "-1331.00000", "2020-09-30": "-1542.00000", "2020-06-30": "-1239.00000", "2020-03-31": "-144.00000", "2019-12-31": "666.00000", "2019-09-30": "819.00000", "2019-06-30": "968.00000", "2019-03-31": "504.00000", "2018-12-31": "816.00000", "2018-09-30": "786.00000", "2018-06-30": "960.00000", "2018-03-31": "602.00000", "2017-12-31": "736.00000", "2017-09-30": "832.00000", "2017-06-30": "1165.00000", "2017-03-31": "532.00000", "2016-12-31": "712.00000", "2016-09-30": "618.00000", "2016-06-30": "1304.00000", "2016-03-31": "816.00000", "2015-12-31": "846.00000", "2015-09-30": "933.00000", "2015-06-30": "977.00000", "2015-03-31": "723.00000", "2014-12-31": "301.00000", "2014-09-30": "525.00000", "2014-06-30": "746.00000", "2014-03-31": "244.00000", "2013-12-31": "333.00000", "2013-09-30": "419.00000", "2013-06-30": "363.00000", "2013-03-31": "94.00000", "2012-12-31": "125.00000", "2012-09-30": "33.00000", "2012-06-30": "368.00000", "2012-03-31": "159.00000", "2011-12-31": "256.00000", "2011-09-30": "-226.00000", "2011-06-30": "275.00000", "2011-03-31": "18.00000", "2010-12-31": "212.00000", "2010-09-30": "332.00000", "2010-06-30": "184.00000", "2010-03-31": "17.00000", "2009-12-31": "184.00000", "2009-09-30": "-20.00000", "2009-06-30": "107.00000", "2009-03-31": "-107.00000", "2008-12-31": "-83.00000", "2008-09-30": "-205.00000", "2008-06-30": "529.00000", "2008-03-31": "37.00000", "2007-12-31": "185.00000", "2007-09-30": "277.00000", "2007-06-30": "447.00000", "2007-03-31": "149.00000", "2006-12-31": "101.00000", "2006-09-30": "78.00000", "2006-06-30": "515.00000", "2006-03-31": "96.00000", "2005-12-31": "112.00000", "2005-09-30": "343.00000", "2005-06-30": "235.00000", "2005-03-31": "89.00000"}, "Income Taxes": {"2020-12-31": "-423.00000", "2020-09-30": "-385.00000", "2020-06-30": "-324.00000", "2020-03-31": "-50.00000", "2019-12-31": "153.00000", "2019-09-30": "160.00000", "2019-06-30": "227.00000", "2019-03-31": "117.00000", "2018-12-31": "162.00000", "2018-09-30": "171.00000", "2018-06-30": "227.00000", "2018-03-31": "139.00000", "2017-12-31": "-1011.00000", "2017-09-30": "304.00000", "2017-06-30": "422.00000", "2017-03-31": "193.00000", "2016-12-31": "250.00000", "2016-09-30": "230.00000", "2016-06-30": "484.00000", "2016-03-31": "303.00000", "2015-12-31": "310.00000", "2015-09-30": "349.00000", "2015-06-30": "369.00000", "2015-03-31": "270.00000", "2014-12-31": "111.00000", "2014-09-30": "196.00000", "2014-06-30": "281.00000", "2014-03-31": "92.00000", "2013-12-31": "121.00000", "2013-09-30": "160.00000", "2013-06-30": "139.00000", "2013-03-31": "35.00000", "2012-12-31": "46.00000", "2012-09-30": "17.00000", "2012-06-30": "140.00000", "2012-03-31": "61.00000", "2011-12-31": "104.00000", "2011-09-30": "-86.00000", "2011-06-30": "114.00000", "2011-03-31": "13.00000", "2010-12-31": "81.00000", "2010-09-30": "127.00000", "2010-06-30": "72.00000", "2010-03-31": "6.00000", "2009-12-31": "69.00000", "2009-09-30": "-4.00000", "2009-06-30": "16.00000", "2009-03-31": "-16.00000", "2008-12-31": "-26.00000", "2008-09-30": "-85.00000", "2008-06-30": "208.00000", "2008-03-31": "3.00000", "2007-12-31": "73.00000", "2007-09-30": "115.00000", "2007-06-30": "169.00000", "2007-03-31": "56.00000", "2006-12-31": "44.00000", "2006-09-30": "30.00000", "2006-06-30": "182.00000", "2006-03-31": "35.00000", "2005-12-31": "41.00000", "2005-09-30": "133.00000", "2005-06-30": "91.00000", "2005-03-31": "30.00000"}, "Income After Taxes": {"2020-12-31": "-908.00000", "2020-09-30": "-1157.00000", "2020-06-30": "-915.00000", "2020-03-31": "-94.00000", "2019-12-31": "513.00000", "2019-09-30": "659.00000", "2019-06-30": "741.00000", "2019-03-31": "387.00000", "2018-12-31": "654.00000", "2018-09-30": "615.00000", "2018-06-30": "733.00000", "2018-03-31": "463.00000", "2017-12-31": "1747.00000", "2017-09-30": "528.00000", "2017-06-30": "743.00000", "2017-03-31": "339.00000", "2016-12-31": "462.00000", "2016-09-30": "388.00000", "2016-06-30": "820.00000", "2016-03-31": "513.00000", "2015-12-31": "536.00000", "2015-09-30": "584.00000", "2015-06-30": "608.00000", "2015-03-31": "453.00000", "2014-12-31": "190.00000", "2014-09-30": "329.00000", "2014-06-30": "465.00000", "2014-03-31": "152.00000", "2013-12-31": "212.00000", "2013-09-30": "259.00000", "2013-06-30": "224.00000", "2013-03-31": "59.00000", "2012-12-31": "79.00000", "2012-09-30": "16.00000", "2012-06-30": "228.00000", "2012-03-31": "98.00000", "2011-12-31": "152.00000", "2011-09-30": "-140.00000", "2011-06-30": "161.00000", "2011-03-31": "5.00000", "2010-12-31": "131.00000", "2010-09-30": "205.00000", "2010-06-30": "112.00000", "2010-03-31": "11.00000", "2009-12-31": "115.00000", "2009-09-30": "-16.00000", "2009-06-30": "91.00000", "2009-03-31": "-91.00000", "2008-12-31": "-57.00000", "2008-09-30": "-120.00000", "2008-06-30": "321.00000", "2008-03-31": "34.00000", "2007-12-31": "112.00000", "2007-09-30": "162.00000", "2007-06-30": "278.00000", "2007-03-31": "93.00000", "2006-12-31": "57.00000", "2006-09-30": "48.00000", "2006-06-30": "333.00000", "2006-03-31": "61.00000", "2005-12-31": "71.00000", "2005-09-30": "210.00000", "2005-06-30": "144.00000", "2005-03-31": "59.00000"}, "Other Income": {"2020-12-31": "", "2020-09-30": "", "2020-06-30": "", "2020-03-31": "", "2019-12-31": "", "2019-09-30": "", "2019-06-30": "", "2019-03-31": "", "2018-12-31": "", "2018-09-30": "", "2018-06-30": "", "2018-03-31": "", "2017-12-31": "", "2017-09-30": "", "2017-06-30": "", "2017-03-31": "", "2016-12-31": "", "2016-09-30": "", "2016-06-30": "", "2016-03-31": "", "2015-12-31": "", "2015-09-30": "", "2015-06-30": "", "2015-03-31": "", "2014-12-31": "", "2014-09-30": "", "2014-06-30": "", "2014-03-31": "", "2013-12-31": "", "2013-09-30": "", "2013-06-30": "", "2013-03-31": "", "2012-12-31": "", "2012-09-30": "", "2012-06-30": "", "2012-03-31": "", "2011-12-31": "", "2011-09-30": "", "2011-06-30": "", "2011-03-31": "", "2010-12-31": "", "2010-09-30": "", "2010-06-30": "", "2010-03-31": "", "2009-12-31": "", "2009-09-30": "", "2009-06-30": "", "2009-03-31": "", "2008-12-31": "", "2008-09-30": "", "2008-06-30": "", "2008-03-31": "", "2007-12-31": "", "2007-09-30": "", "2007-06-30": "", "2007-03-31": "", "2006-12-31": "", "2006-09-30": "", "2006-06-30": "", "2006-03-31": "", "2005-12-31": "", "2005-09-30": "", "2005-06-30": "", "2005-03-31": ""}, "Income From Continuous Operations": {"2020-12-31": "-908.00000", "2020-09-30": "-1157.00000", "2020-06-30": "-915.00000", "2020-03-31": "-94.00000", "2019-12-31": "513.00000", "2019-09-30": "659.00000", "2019-06-30": "741.00000", "2019-03-31": "387.00000", "2018-12-31": "654.00000", "2018-09-30": "615.00000", "2018-06-30": "733.00000", "2018-03-31": "463.00000", "2017-12-31": "1747.00000", "2017-09-30": "528.00000", "2017-06-30": "743.00000", "2017-03-31": "339.00000", "2016-12-31": "462.00000", "2016-09-30": "388.00000", "2016-06-30": "820.00000", "2016-03-31": "513.00000", "2015-12-31": "536.00000", "2015-09-30": "584.00000", "2015-06-30": "608.00000", "2015-03-31": "453.00000", "2014-12-31": "190.00000", "2014-09-30": "329.00000", "2014-06-30": "465.00000", "2014-03-31": "152.00000", "2013-12-31": "212.00000", "2013-09-30": "259.00000", "2013-06-30": "224.00000", "2013-03-31": "59.00000", "2012-12-31": "79.00000", "2012-09-30": "16.00000", "2012-06-30": "228.00000", "2012-03-31": "98.00000", "2011-12-31": "152.00000", "2011-09-30": "-140.00000", "2011-06-30": "161.00000", "2011-03-31": "5.00000", "2010-12-31": "131.00000", "2010-09-30": "205.00000", "2010-06-30": "112.00000", "2010-03-31": "11.00000", "2009-12-31": "115.00000", "2009-09-30": "-16.00000", "2009-06-30": "91.00000", "2009-03-31": "-91.00000", "2008-12-31": "-57.00000", "2008-09-30": "-120.00000", "2008-06-30": "321.00000", "2008-03-31": "34.00000", "2007-12-31": "112.00000", "2007-09-30": "162.00000", "2007-06-30": "278.00000", "2007-03-31": "93.00000", "2006-12-31": "57.00000", "2006-09-30": "48.00000", "2006-06-30": "333.00000", "2006-03-31": "61.00000", "2005-12-31": "71.00000", "2005-09-30": "210.00000", "2005-06-30": "144.00000", "2005-03-31": "59.00000"}, "Income From Discontinued Operations": {"2020-12-31": "", "2020-09-30": "", "2020-06-30": "", "2020-03-31": "", "2019-12-31": "", "2019-09-30": "", "2019-06-30": "", "2019-03-31": "", "2018-12-31": "", "2018-09-30": "", "2018-06-30": "", "2018-03-31": "", "2017-12-31": "", "2017-09-30": "", "2017-06-30": "", "2017-03-31": "", "2016-12-31": "", "2016-09-30": "", "2016-06-30": "", "2016-03-31": "", "2015-12-31": "", "2015-09-30": "", "2015-06-30": "", "2015-03-31": "", "2014-12-31": "", "2014-09-30": "", "2014-06-30": "", "2014-03-31": "", "2013-12-31": "", "2013-09-30": "", "2013-06-30": "", "2013-03-31": "", "2012-12-31": "", "2012-09-30": "", "2012-06-30": "", "2012-03-31": "", "2011-12-31": "", "2011-09-30": "", "2011-06-30": "", "2011-03-31": "", "2010-12-31": "", "2010-09-30": "", "2010-06-30": "", "2010-03-31": "", "2009-12-31": "", "2009-09-30": "", "2009-06-30": "", "2009-03-31": "", "2008-12-31": "", "2008-09-30": "", "2008-06-30": "", "2008-03-31": "", "2007-12-31": "", "2007-09-30": "", "2007-06-30": "", "2007-03-31": "", "2006-12-31": "", "2006-09-30": "", "2006-06-30": "", "2006-03-31": "", "2005-12-31": "", "2005-09-30": "", "2005-06-30": "", "2005-03-31": ""}, "Net Income": {"2020-12-31": "-908.00000", "2020-09-30": "-1157.00000", "2020-06-30": "-915.00000", "2020-03-31": "-94.00000", "2019-12-31": "513.00000", "2019-09-30": "659.00000", "2019-06-30": "741.00000", "2019-03-31": "387.00000", "2018-12-31": "654.00000", "2018-09-30": "615.00000", "2018-06-30": "733.00000", "2018-03-31": "463.00000", "2017-12-31": "1747.00000", "2017-09-30": "528.00000", "2017-06-30": "743.00000", "2017-03-31": "339.00000", "2016-12-31": "462.00000", "2016-09-30": "388.00000", "2016-06-30": "820.00000", "2016-03-31": "513.00000", "2015-12-31": "536.00000", "2015-09-30": "584.00000", "2015-06-30": "608.00000", "2015-03-31": "453.00000", "2014-12-31": "190.00000", "2014-09-30": "329.00000", "2014-06-30": "465.00000", "2014-03-31": "152.00000", "2013-12-31": "212.00000", "2013-09-30": "259.00000", "2013-06-30": "224.00000", "2013-03-31": "59.00000", "2012-12-31": "79.00000", "2012-09-30": "16.00000", "2012-06-30": "228.00000", "2012-03-31": "98.00000", "2011-12-31": "152.00000", "2011-09-30": "-140.00000", "2011-06-30": "161.00000", "2011-03-31": "5.00000", "2010-12-31": "131.00000", "2010-09-30": "205.00000", "2010-06-30": "112.00000", "2010-03-31": "11.00000", "2009-12-31": "115.00000", "2009-09-30": "-16.00000", "2009-06-30": "91.00000", "2009-03-31": "-91.00000", "2008-12-31": "-57.00000", "2008-09-30": "-120.00000", "2008-06-30": "321.00000", "2008-03-31": "34.00000", "2007-12-31": "112.00000", "2007-09-30": "162.00000", "2007-06-30": "278.00000", "2007-03-31": "93.00000", "2006-12-31": "57.00000", "2006-09-30": "48.00000", "2006-06-30": "333.00000", "2006-03-31": "61.00000", "2005-12-31": "71.00000", "2005-09-30": "210.00000", "2005-06-30": "144.00000", "2005-03-31": "59.00000"}, "EBITDA": {"2020-12-31": "", "2020-09-30": "-1095.00000", "2020-06-30": "-1036.00000", "2020-03-31": "201.00000", "2019-12-31": "978.00000", "2019-09-30": "1127.00000", "2019-06-30": "1269.00000", "2019-03-31": "802.00000", "2018-12-31": "1151.00000", "2018-09-30": "1099.00000", "2018-06-30": "1264.00000", "2018-03-31": "893.00000", "2017-12-31": "1020.00000", "2017-09-30": "1147.00000", "2017-06-30": "1534.00000", "2017-03-31": "924.00000", "2016-12-31": "925.00000", "2016-09-30": "1010.00000", "2016-06-30": "1574.00000", "2016-03-31": "1234.00000", "2015-12-31": "1290.00000", "2015-09-30": "1482.00000", "2015-06-30": "1335.00000", "2015-03-31": "1024.00000", "2014-12-31": "872.00000", "2014-09-30": "852.00000", "2014-06-30": "1003.00000", "2014-03-31": "436.00000", "2013-12-31": "609.00000", "2013-09-30": "611.00000", "2013-06-30": "645.00000", "2013-03-31": "280.00000", "2012-12-31": "323.00000", "2012-09-30": "265.00000", "2012-06-30": "659.00000", "2012-03-31": "220.00000", "2011-12-31": "349.00000", "2011-09-30": "413.00000", "2011-06-30": "380.00000", "2011-03-31": "266.00000", "2010-12-31": "371.00000", "2010-09-30": "513.00000", "2010-06-30": "513.00000", "2010-03-31": "205.00000", "2009-12-31": "320.00000", "2009-09-30": "180.00000", "2009-06-30": "269.00000", "2009-03-31": "97.00000", "2008-12-31": "221.00000", "2008-09-30": "235.00000", "2008-06-30": "350.00000", "2008-03-31": "230.00000", "2007-12-31": "269.00000", "2007-09-30": "386.00000", "2007-06-30": "462.00000", "2007-03-31": "215.00000", "2006-12-31": "303.00000", "2006-09-30": "388.00000", "2006-06-30": "524.00000", "2006-03-31": "218.00000", "2005-12-31": "257.00000", "2005-09-30": "365.00000", "2005-06-30": "367.00000", "2005-03-31": "189.00000"}, "EBIT": {"2020-12-31": "-1169.00000", "2020-09-30": "-1411.00000", "2020-06-30": "-1127.00000", "2020-03-31": "-110.00000", "2019-12-31": "665.00000", "2019-09-30": "819.00000", "2019-06-30": "968.00000", "2019-03-31": "505.00000", "2018-12-31": "820.00000", "2018-09-30": "798.00000", "2018-06-30": "972.00000", "2018-03-31": "616.00000", "2017-12-31": "741.00000", "2017-09-30": "845.00000", "2017-06-30": "1215.00000", "2017-03-31": "606.00000", "2016-12-31": "607.00000", "2016-09-30": "695.00000", "2016-06-30": "1276.00000", "2016-03-31": "944.00000", "2015-12-31": "1026.00000", "2015-09-30": "1225.00000", "2015-06-30": "1085.00000", "2015-03-31": "780.00000", "2014-12-31": "621.00000", "2014-09-30": "614.00000", "2014-06-30": "775.00000", "2014-03-31": "215.00000", "2013-12-31": "385.00000", "2013-09-30": "390.00000", "2013-06-30": "433.00000", "2013-03-31": "70.00000", "2012-12-31": "90.00000", "2012-09-30": "51.00000", "2012-06-30": "460.00000", "2012-03-31": "22.00000", "2011-12-31": "147.00000", "2011-09-30": "225.00000", "2011-06-30": "207.00000", "2011-03-31": "114.00000", "2010-12-31": "216.00000", "2010-09-30": "355.00000", "2010-06-30": "363.00000", "2010-03-31": "54.00000", "2009-12-31": "167.00000", "2009-09-30": "22.00000", "2009-06-30": "123.00000", "2009-03-31": "-50.00000", "2008-12-31": "70.00000", "2008-09-30": "86.00000", "2008-06-30": "205.00000", "2008-03-31": "88.00000", "2007-12-31": "128.00000", "2007-09-30": "251.00000", "2007-06-30": "328.00000", "2007-03-31": "84.00000", "2006-12-31": "173.00000", "2006-09-30": "261.00000", "2006-06-30": "402.00000", "2006-03-31": "98.00000", "2005-12-31": "140.00000", "2005-09-30": "248.00000", "2005-06-30": "256.00000", "2005-03-31": "81.00000"}, "Basic Shares Outstanding": {"2020-12-31": "590.00000", "2020-09-30": "590.00000", "2020-06-30": "563.00000", "2020-03-31": "515.00000", "2019-12-31": "538.00000", "2019-09-30": "533.00000", "2019-06-30": "542.00000", "2019-03-31": "551.00000", "2018-12-31": "573.00000", "2018-09-30": "569.00000", "2018-06-30": "578.00000", "2018-03-31": "587.00000", "2017-12-31": "601.00000", "2017-09-30": "597.00000", "2017-06-30": "604.00000", "2017-03-31": "613.00000", "2016-12-31": "627.00000", "2016-09-30": "618.00000", "2016-06-30": "632.00000", "2016-03-31": "641.00000", "2015-12-31": "661.00000", "2015-09-30": "655.00000", "2015-06-30": "665.00000", "2015-03-31": "674.00000", "2014-12-31": "687.00000", "2014-09-30": "683.00000", "2014-06-30": "690.00000", "2014-03-31": "698.00000", "2013-12-31": "710.00000", "2013-09-30": "703.00000", "2013-06-30": "714.00000", "2013-03-31": "725.00000", "2012-12-31": "750.00000", "2012-09-30": "739.00000", "2012-06-30": "757.00000", "2012-03-31": "771.00000", "2011-12-31": "774.00000", "2011-09-30": "792.00000", "2011-06-30": "780.00000", "2011-03-31": "748.00000", "2010-12-31": "746.00000", "2010-09-30": "746.00000", "2010-06-30": "745.00000", "2010-03-31": "743.00000", "2009-12-31": "741.00000", "2009-09-30": "742.00000", "2009-06-30": "741.00000", "2009-03-31": "740.00000", "2008-12-31": "735.00000", "2008-09-30": "736.00000", "2008-06-30": "732.00000", "2008-03-31": "733.00000", "2007-12-31": "757.00000", "2007-09-30": "739.00000", "2007-06-30": "769.00000", "2007-03-31": "786.00000", "2006-12-31": "795.00000", "2006-09-30": "789.00000", "2006-06-30": "798.00000", "2006-03-31": "803.00000", "2005-12-31": "789.00000", "2005-09-30": "789.00000", "2005-06-30": "786.00000", "2005-03-31": "784.00000"}, "Shares Outstanding": {"2020-12-31": "590.00000", "2020-09-30": "590.00000", "2020-06-30": "563.00000", "2020-03-31": "515.00000", "2019-12-31": "539.00000", "2019-09-30": "534.00000", "2019-06-30": "542.00000", "2019-03-31": "552.00000", "2018-12-31": "574.00000", "2018-09-30": "569.00000", "2018-06-30": "579.00000", "2018-03-31": "588.00000", "2017-12-31": "603.00000", "2017-09-30": "598.00000", "2017-06-30": "605.00000", "2017-03-31": "614.00000", "2016-12-31": "633.00000", "2016-09-30": "625.00000", "2016-06-30": "639.00000", "2016-03-31": "648.00000", "2015-12-31": "669.00000", "2015-09-30": "663.00000", "2015-06-30": "673.00000", "2015-03-31": "682.00000", "2014-12-31": "696.00000", "2014-09-30": "691.00000", "2014-06-30": "698.00000", "2014-03-31": "707.00000", "2013-12-31": "718.00000", "2013-09-30": "711.00000", "2013-06-30": "722.00000", "2013-03-31": "727.00000", "2012-12-31": "757.00000", "2012-09-30": "740.00000", "2012-06-30": "764.00000", "2012-03-31": "772.00000", "2011-12-31": "775.00000", "2011-09-30": "792.00000", "2011-06-30": "787.00000", "2011-03-31": "749.00000", "2010-12-31": "747.00000", "2010-09-30": "747.00000", "2010-06-30": "746.00000", "2010-03-31": "744.00000", "2009-12-31": "741.00000", "2009-09-30": "742.00000", "2009-06-30": "741.00000", "2009-03-31": "740.00000", "2008-12-31": "739.00000", "2008-09-30": "736.00000", "2008-06-30": "737.00000", "2008-03-31": "734.00000", "2007-12-31": "768.00000", "2007-09-30": "752.00000", "2007-06-30": "780.00000", "2007-03-31": "800.00000", "2006-12-31": "824.00000", "2006-09-30": "821.00000", "2006-06-30": "825.00000", "2006-03-31": "836.00000", "2005-12-31": "806.00000", "2005-09-30": "802.00000", "2005-06-30": "802.00000", "2005-03-31": "802.00000"}, "Basic EPS": {"2020-12-31": "-1.54000", "2020-09-30": "-1.96000", "2020-06-30": "-1.63000", "2020-03-31": "-0.18000", "2019-12-31": "0.97000", "2019-09-30": "1.24000", "2019-06-30": "1.37000", "2019-03-31": "0.70000", "2018-12-31": "1.16000", "2018-09-30": "1.08000", "2018-06-30": "1.27000", "2018-03-31": "0.79000", "2017-12-31": "2.92000", "2017-09-30": "0.88000", "2017-06-30": "1.23000", "2017-03-31": "0.55000", "2016-12-31": "0.75000", "2016-09-30": "0.63000", "2016-06-30": "1.30000", "2016-03-31": "0.80000", "2015-12-31": "0.83000", "2015-09-30": "0.89000", "2015-06-30": "0.91000", "2015-03-31": "0.67000", "2014-12-31": "0.28000", "2014-09-30": "0.48000", "2014-06-30": "0.67000", "2014-03-31": "0.22000", "2013-12-31": "0.30000", "2013-09-30": "0.37000", "2013-06-30": "0.31000", "2013-03-31": "0.08000", "2012-12-31": "0.11000", "2012-09-30": "0.02000", "2012-06-30": "0.30000", "2012-03-31": "0.13000", "2011-12-31": "0.19000", "2011-09-30": "-0.18000", "2011-06-30": "0.21000", "2011-03-31": "0.01000", "2010-12-31": "0.19000", "2010-09-30": "0.27000", "2010-06-30": "0.15000", "2010-03-31": "0.01000", "2009-12-31": "0.15000", "2009-09-30": "-0.02000", "2009-06-30": "0.12000", "2009-03-31": "-0.12000", "2008-12-31": "-0.09000", "2008-09-30": "-0.16000", "2008-06-30": "0.44000", "2008-03-31": "0.05000", "2007-12-31": "0.15000", "2007-09-30": "0.22000", "2007-06-30": "0.36000", "2007-03-31": "0.12000", "2006-12-31": "0.07000", "2006-09-30": "0.06000", "2006-06-30": "0.42000", "2006-03-31": "0.08000", "2005-12-31": "0.08000", "2005-09-30": "0.27000", "2005-06-30": "0.18000", "2005-03-31": "0.08000"}, "EPS - Earnings Per Share": {"2020-12-31": "-1.54000", "2020-09-30": "-1.96000", "2020-06-30": "-1.63000", "2020-03-31": "-0.18000", "2019-12-31": "0.97000", "2019-09-30": "1.23000", "2019-06-30": "1.37000", "2019-03-31": "0.70000", "2018-12-31": "1.15000", "2018-09-30": "1.08000", "2018-06-30": "1.27000", "2018-03-31": "0.79000", "2017-12-31": "2.91000", "2017-09-30": "0.88000", "2017-06-30": "1.23000", "2017-03-31": "0.55000", "2016-12-31": "0.76000", "2016-09-30": "0.62000", "2016-06-30": "1.28000", "2016-03-31": "0.79000", "2015-12-31": "0.83000", "2015-09-30": "0.88000", "2015-06-30": "0.90000", "2015-03-31": "0.66000", "2014-12-31": "0.27000", "2014-09-30": "0.48000", "2014-06-30": "0.67000", "2014-03-31": "0.22000", "2013-12-31": "0.29000", "2013-09-30": "0.37000", "2013-06-30": "0.31000", "2013-03-31": "0.08000", "2012-12-31": "0.11000", "2012-09-30": "0.02000", "2012-06-30": "0.30000", "2012-03-31": "0.13000", "2011-12-31": "0.19000", "2011-09-30": "-0.18000", "2011-06-30": "0.21000", "2011-03-31": "0.01000", "2010-12-31": "0.18000", "2010-09-30": "0.27000", "2010-06-30": "0.15000", "2010-03-31": "0.01000", "2009-12-31": "0.15000", "2009-09-30": "-0.02000", "2009-06-30": "0.12000", "2009-03-31": "-0.12000", "2008-12-31": "-0.09000", "2008-09-30": "-0.16000", "2008-06-30": "0.44000", "2008-03-31": "0.05000", "2007-12-31": "0.14000", "2007-09-30": "0.22000", "2007-06-30": "0.36000", "2007-03-31": "0.12000", "2006-12-31": "0.08000", "2006-09-30": "0.06000", "2006-06-30": "0.40000", "2006-03-31": "0.07000", "2005-12-31": "0.09000", "2005-09-30": "0.26000", "2005-06-30": "0.18000", "2005-03-31": "0.07000"}}, "balance sheet": {"Cash On Hand": {"2020-12-31": "13334.00000", "2019-12-31": "4072.00000", "2018-12-31": "3689.00000", "2017-12-31": "3273.00000", "2016-12-31": "3305.00000", "2015-12-31": "3051.00000", "2014-12-31": "2988.00000", "2013-12-31": "3152.00000", "2012-12-31": "2970.00000", "2011-12-31": "3144.00000", "2010-12-31": "3538.00000", "2009-12-31": "2593.00000", "2008-12-31": "1803.00000", "2007-12-31": "3848.00000", "2006-12-31": "2128.00000", "2005-12-31": "3172.00000"}, "Receivables": {"2020-12-31": "1130.00000", "2019-12-31": "1086.00000", "2018-12-31": "568.00000", "2017-12-31": "662.00000", "2016-12-31": "546.00000", "2015-12-31": "474.00000", "2014-12-31": "365.00000", "2013-12-31": "419.00000", "2012-12-31": "332.00000", "2011-12-31": "299.00000", "2010-12-31": "195.00000", "2009-12-31": "169.00000", "2008-12-31": "209.00000", "2007-12-31": "279.00000", "2006-12-31": "241.00000", "2005-12-31": "258.00000"}, "Inventory": {"2020-12-31": "414.00000", "2019-12-31": "529.00000", "2018-12-31": "461.00000", "2017-12-31": "420.00000", "2016-12-31": "337.00000", "2015-12-31": "311.00000", "2014-12-31": "342.00000", "2013-12-31": "467.00000", "2012-12-31": "469.00000", "2011-12-31": "401.00000", "2010-12-31": "243.00000", "2009-12-31": "221.00000", "2008-12-31": "203.00000", "2007-12-31": "259.00000", "2006-12-31": "181.00000", "2005-12-31": "150.00000"}, "Pre-Paid Expenses": {"2020-12-31": "295.00000", "2019-12-31": "287.00000", "2018-12-31": "310.00000", "2017-12-31": "460.00000", "2016-12-31": "310.00000", "2015-12-31": "188.00000", "2014-12-31": "232.00000", "2013-12-31": "250.00000", "2012-12-31": "210.00000", "2011-12-31": "238.00000", "2010-12-31": "89.00000", "2009-12-31": "84.00000", "2008-12-31": "73.00000", "2007-12-31": "57.00000", "2006-12-31": "51.00000", "2005-12-31": "40.00000"}, "Other Current Assets": {"2020-12-31": "", "2019-12-31": "", "2018-12-31": "", "2017-12-31": "", "2016-12-31": "", "2015-12-31": "", "2014-12-31": "", "2013-12-31": "", "2012-12-31": "", "2011-12-31": "", "2010-12-31": "", "2009-12-31": "", "2008-12-31": "", "2007-12-31": "", "2006-12-31": "", "2005-12-31": ""}, "Total Current Assets": {"2020-12-31": "15173.00000", "2019-12-31": "5974.00000", "2018-12-31": "5028.00000", "2017-12-31": "4815.00000", "2016-12-31": "4498.00000", "2015-12-31": "4024.00000", "2014-12-31": "3927.00000", "2013-12-31": "4456.00000", "2012-12-31": "4227.00000", "2011-12-31": "4345.00000", "2010-12-31": "4279.00000", "2009-12-31": "3358.00000", "2008-12-31": "2653.00000", "2007-12-31": "4443.00000", "2006-12-31": "2601.00000", "2005-12-31": "3620.00000"}, "Property, Plant, And Equipment": {"2020-12-31": "15831.00000", "2019-12-31": "17025.00000", "2018-12-31": "19525.00000", "2017-12-31": "18539.00000", "2016-12-31": "17044.00000", "2015-12-31": "15601.00000", "2014-12-31": "14292.00000", "2013-12-31": "13389.00000", "2012-12-31": "12766.00000", "2011-12-31": "12127.00000", "2010-12-31": "10578.00000", "2009-12-31": "10634.00000", "2008-12-31": "11040.00000", "2007-12-31": "10874.00000", "2006-12-31": "10094.00000", "2005-12-31": "9212.00000"}, "Long-Term Investments": {"2020-12-31": "", "2019-12-31": "", "2018-12-31": "", "2017-12-31": "", "2016-12-31": "", "2015-12-31": "", "2014-12-31": "", "2013-12-31": "", "2012-12-31": "", "2011-12-31": "", "2010-12-31": "", "2009-12-31": "", "2008-12-31": "", "2007-12-31": "", "2006-12-31": "", "2005-12-31": ""}, "Goodwill And Intangible Assets": {"2020-12-31": "970.00000", "2019-12-31": "970.00000", "2018-12-31": "970.00000", "2017-12-31": "970.00000", "2016-12-31": "970.00000", "2015-12-31": "970.00000", "2014-12-31": "970.00000", "2013-12-31": "970.00000", "2012-12-31": "970.00000", "2011-12-31": "970.00000", "2010-12-31": "", "2009-12-31": "", "2008-12-31": "", "2007-12-31": "", "2006-12-31": "", "2005-12-31": ""}, "Other Long-Term Assets": {"2020-12-31": "722.00000", "2019-12-31": "577.00000", "2018-12-31": "720.00000", "2017-12-31": "786.00000", "2016-12-31": "774.00000", "2015-12-31": "717.00000", "2014-12-31": "534.00000", "2013-12-31": "530.00000", "2012-12-31": "633.00000", "2011-12-31": "626.00000", "2010-12-31": "606.00000", "2009-12-31": "277.00000", "2008-12-31": "375.00000", "2007-12-31": "1455.00000", "2006-12-31": "765.00000", "2005-12-31": "1171.00000"}, "Total Long-Term Assets": {"2020-12-31": "19415.00000", "2019-12-31": "19921.00000", "2018-12-31": "21215.00000", "2017-12-31": "20295.00000", "2016-12-31": "18788.00000", "2015-12-31": "17288.00000", "2014-12-31": "15796.00000", "2013-12-31": "14889.00000", "2012-12-31": "14369.00000", "2011-12-31": "13723.00000", "2010-12-31": "11184.00000", "2009-12-31": "10911.00000", "2008-12-31": "11415.00000", "2007-12-31": "12329.00000", "2006-12-31": "10859.00000", "2005-12-31": "10383.00000"}, "Total Assets": {"2020-12-31": "34588.00000", "2019-12-31": "25895.00000", "2018-12-31": "26243.00000", "2017-12-31": "25110.00000", "2016-12-31": "23286.00000", "2015-12-31": "21312.00000", "2014-12-31": "19723.00000", "2013-12-31": "19345.00000", "2012-12-31": "18596.00000", "2011-12-31": "18068.00000", "2010-12-31": "15463.00000", "2009-12-31": "14269.00000", "2008-12-31": "14068.00000", "2007-12-31": "16772.00000", "2006-12-31": "13460.00000", "2005-12-31": "14003.00000"}, "Total Current Liabilities": {"2020-12-31": "7506.00000", "2019-12-31": "8952.00000", "2018-12-31": "7905.00000", "2017-12-31": "6863.00000", "2016-12-31": "6844.00000", "2015-12-31": "7406.00000", "2014-12-31": "5923.00000", "2013-12-31": "5676.00000", "2012-12-31": "4650.00000", "2011-12-31": "4533.00000", "2010-12-31": "3305.00000", "2009-12-31": "2695.00000", "2008-12-31": "2806.00000", "2007-12-31": "4838.00000", "2006-12-31": "2887.00000", "2005-12-31": "3848.00000"}, "Long Term Debt": {"2020-12-31": "10420.00000", "2019-12-31": "2010.00000", "2018-12-31": "4472.00000", "2017-12-31": "4710.00000", "2016-12-31": "3899.00000", "2015-12-31": "3298.00000", "2014-12-31": "2988.00000", "2013-12-31": "2628.00000", "2012-12-31": "3214.00000", "2011-12-31": "3107.00000", "2010-12-31": "2875.00000", "2009-12-31": "3325.00000", "2008-12-31": "3498.00000", "2007-12-31": "2050.00000", "2006-12-31": "1567.00000", "2005-12-31": "1394.00000"}, "Other Non-Current Liabilities": {"2020-12-31": "4590.00000", "2019-12-31": "1759.00000", "2018-12-31": "1586.00000", "2017-12-31": "1777.00000", "2016-12-31": "728.00000", "2015-12-31": "760.00000", "2014-12-31": "1255.00000", "2013-12-31": "771.00000", "2012-12-31": "856.00000", "2011-12-31": "910.00000", "2010-12-31": "465.00000", "2009-12-31": "493.00000", "2008-12-31": "", "2007-12-31": "", "2006-12-31": "", "2005-12-31": ""}, "Total Long Term Liabilities": {"2020-12-31": "18206.00000", "2019-12-31": "7111.00000", "2018-12-31": "8485.00000", "2017-12-31": "8606.00000", "2016-12-31": "8001.00000", "2015-12-31": "6548.00000", "2014-12-31": "7025.00000", "2013-12-31": "6333.00000", "2012-12-31": "6954.00000", "2011-12-31": "6658.00000", "2010-12-31": "5921.00000", "2009-12-31": "6120.00000", "2008-12-31": "6309.00000", "2007-12-31": "4993.00000", "2006-12-31": "4124.00000", "2005-12-31": "3480.00000"}, "Total Liabilities": {"2020-12-31": "25712.00000", "2019-12-31": "16063.00000", "2018-12-31": "16390.00000", "2017-12-31": "15469.00000", "2016-12-31": "14845.00000", "2015-12-31": "13954.00000", "2014-12-31": "12948.00000", "2013-12-31": "12009.00000", "2012-12-31": "11604.00000", "2011-12-31": "11191.00000", "2010-12-31": "9226.00000", "2009-12-31": "8815.00000", "2008-12-31": "9115.00000", "2007-12-31": "9831.00000", "2006-12-31": "7011.00000", "2005-12-31": "7328.00000"}, "Common Stock Net": {"2020-12-31": "888.00000", "2019-12-31": "808.00000", "2018-12-31": "808.00000", "2017-12-31": "808.00000", "2016-12-31": "808.00000", "2015-12-31": "808.00000", "2014-12-31": "808.00000", "2013-12-31": "808.00000", "2012-12-31": "808.00000", "2011-12-31": "808.00000", "2010-12-31": "808.00000", "2009-12-31": "808.00000", "2008-12-31": "808.00000", "2007-12-31": "808.00000", "2006-12-31": "808.00000", "2005-12-31": "802.00000"}, "Retained Earnings (Accumulated Deficit)": {"2020-12-31": "14777.00000", "2019-12-31": "17945.00000", "2018-12-31": "15967.00000", "2017-12-31": "13832.00000", "2016-12-31": "11418.00000", "2015-12-31": "9409.00000", "2014-12-31": "7416.00000", "2013-12-31": "6431.00000", "2012-12-31": "5768.00000", "2011-12-31": "5395.00000", "2010-12-31": "5399.00000", "2009-12-31": "4971.00000", "2008-12-31": "4919.00000", "2007-12-31": "4788.00000", "2006-12-31": "4307.00000", "2005-12-31": "4018.00000"}, "Comprehensive Income": {"2020-12-31": "-105.00000", "2019-12-31": "-61.00000", "2018-12-31": "20.00000", "2017-12-31": "12.00000", "2016-12-31": "-323.00000", "2015-12-31": "-1051.00000", "2014-12-31": "-738.00000", "2013-12-31": "-3.00000", "2012-12-31": "-119.00000", "2011-12-31": "-224.00000", "2010-12-31": "-262.00000", "2009-12-31": "-578.00000", "2008-12-31": "-984.00000", "2007-12-31": "1241.00000", "2006-12-31": "582.00000", "2005-12-31": "892.00000"}, "Other Share Holders Equity": {"2020-12-31": "", "2019-12-31": "", "2018-12-31": "", "2017-12-31": "", "2016-12-31": "", "2015-12-31": "", "2014-12-31": "", "2013-12-31": "", "2012-12-31": "", "2011-12-31": "", "2010-12-31": "", "2009-12-31": "", "2008-12-31": "", "2007-12-31": "", "2006-12-31": "", "2005-12-31": ""}, "Share Holder Equity": {"2020-12-31": "8876.00000", "2019-12-31": "9832.00000", "2018-12-31": "9853.00000", "2017-12-31": "9641.00000", "2016-12-31": "8441.00000", "2015-12-31": "7358.00000", "2014-12-31": "6775.00000", "2013-12-31": "7336.00000", "2012-12-31": "6992.00000", "2011-12-31": "6877.00000", "2010-12-31": "6237.00000", "2009-12-31": "5454.00000", "2008-12-31": "4953.00000", "2007-12-31": "6941.00000", "2006-12-31": "6449.00000", "2005-12-31": "6675.00000"}, "Total Liabilities And Share Holders Equity": {"2020-12-31": "34588.00000", "2019-12-31": "25895.00000", "2018-12-31": "26243.00000", "2017-12-31": "25110.00000", "2016-12-31": "23286.00000", "2015-12-31": "21312.00000", "2014-12-31": "19723.00000", "2013-12-31": "19345.00000", "2012-12-31": "18596.00000", "2011-12-31": "18068.00000", "2010-12-31": "15463.00000", "2009-12-31": "14269.00000", "2008-12-31": "14068.00000", "2007-12-31": "16772.00000", "2006-12-31": "13460.00000", "2005-12-31": "14003.00000"}}, "balance sheet, quarterly": {"Cash On Hand": {"2020-12-31": "13334.00000", "2020-09-30": "14562.00000", "2020-06-30": "14457.00000", "2020-03-31": "5545.00000", "2019-12-31": "4072.00000", "2019-09-30": "4016.00000", "2019-06-30": "3986.00000", "2019-03-31": "3861.00000", "2018-12-31": "3689.00000", "2018-09-30": "3820.00000", "2018-06-30": "3686.00000", "2018-03-31": "3243.00000", "2017-12-31": "3273.00000", "2017-09-30": "3040.00000", "2017-06-30": "3152.00000", "2017-03-31": "3482.00000", "2016-12-31": "3305.00000", "2016-09-30": "3446.00000", "2016-06-30": "3415.00000", "2016-03-31": "3582.00000", "2015-12-31": "3051.00000", "2015-09-30": "3096.00000", "2015-06-30": "3132.00000", "2015-03-31": "3438.00000", "2014-12-31": "2988.00000", "2014-09-30": "3560.00000", "2014-06-30": "3994.00000", "2014-03-31": "3498.00000", "2013-12-31": "3152.00000", "2013-09-30": "3328.00000", "2013-06-30": "3393.00000", "2013-03-31": "3135.00000", "2012-12-31": "2970.00000", "2012-09-30": "3235.00000", "2012-06-30": "3256.00000", "2012-03-31": "3784.00000", "2011-12-31": "3144.00000", "2011-09-30": "3656.00000", "2011-06-30": "4374.00000", "2011-03-31": "4465.00000", "2010-12-31": "3538.00000", "2010-09-30": "3379.00000", "2010-06-30": "3124.00000", "2010-03-31": "2773.00000", "2009-12-31": "2593.00000", "2009-09-30": "2254.00000", "2009-06-30": "2198.00000", "2009-03-31": "2134.00000", "2008-12-31": "1803.00000", "2008-09-30": "4553.00000", "2008-06-30": "8116.00000", "2008-03-31": "4370.00000", "2007-12-31": "3848.00000", "2007-09-30": "2254.00000", "2007-06-30": "2747.00000", "2007-03-31": "2491.00000", "2006-12-31": "2128.00000", "2006-09-30": "2801.00000", "2006-06-30": "3841.00000", "2006-03-31": "3625.00000", "2005-12-31": "3172.00000", "2005-09-30": "3557.00000", "2005-06-30": "2986.00000", "2005-03-31": "2698.00000"}, "Receivables": {"2020-12-31": "1130.00000", "2020-09-30": "897.00000", "2020-06-30": "770.00000", "2020-03-31": "709.00000", "2019-12-31": "1086.00000", "2019-09-30": "867.00000", "2019-06-30": "777.00000", "2019-03-31": "784.00000", "2018-12-31": "568.00000", "2018-09-30": "784.00000", "2018-06-30": "765.00000", "2018-03-31": "680.00000", "2017-12-31": "662.00000", "2017-09-30": "579.00000", "2017-06-30": "576.00000", "2017-03-31": "585.00000", "2016-12-31": "546.00000", "2016-09-30": "848.00000", "2016-06-30": "524.00000", "2016-03-31": "511.00000", "2015-12-31": "474.00000", "2015-09-30": "465.00000", "2015-06-30": "462.00000", "2015-03-31": "499.00000", "2014-12-31": "365.00000", "2014-09-30": "468.00000", "2014-06-30": "447.00000", "2014-03-31": "457.00000", "2013-12-31": "419.00000", "2013-09-30": "463.00000", "2013-06-30": "514.00000", "2013-03-31": "429.00000", "2012-12-31": "332.00000", "2012-09-30": "430.00000", "2012-06-30": "502.00000", "2012-03-31": "367.00000", "2011-12-31": "299.00000", "2011-09-30": "369.00000", "2011-06-30": "389.00000", "2011-03-31": "282.00000", "2010-12-31": "195.00000", "2010-09-30": "289.00000", "2010-06-30": "277.00000", "2010-03-31": "235.00000", "2009-12-31": "169.00000", "2009-09-30": "225.00000", "2009-06-30": "237.00000", "2009-03-31": "231.00000", "2008-12-31": "209.00000", "2008-09-30": "385.00000", "2008-06-30": "447.00000", "2008-03-31": "350.00000", "2007-12-31": "279.00000", "2007-09-30": "326.00000", "2007-06-30": "321.00000", "2007-03-31": "278.00000", "2006-12-31": "241.00000", "2006-09-30": "266.00000", "2006-06-30": "269.00000", "2006-03-31": "250.00000", "2005-12-31": "258.00000", "2005-09-30": "334.00000", "2005-06-30": "292.00000", "2005-03-31": "334.00000"}, "Inventory": {"2020-12-31": "414.00000", "2020-09-30": "426.00000", "2020-06-30": "422.00000", "2020-03-31": "518.00000", "2019-12-31": "529.00000", "2019-09-30": "528.00000", "2019-06-30": "510.00000", "2019-03-31": "484.00000", "2018-12-31": "461.00000", "2018-09-30": "483.00000", "2018-06-30": "459.00000", "2018-03-31": "430.00000", "2017-12-31": "420.00000", "2017-09-30": "438.00000", "2017-06-30": "365.00000", "2017-03-31": "356.00000", "2016-12-31": "337.00000", "2016-09-30": "331.00000", "2016-06-30": "328.00000", "2016-03-31": "289.00000", "2015-12-31": "311.00000", "2015-09-30": "308.00000", "2015-06-30": "326.00000", "2015-03-31": "304.00000", "2014-12-31": "342.00000", "2014-09-30": "429.00000", "2014-06-30": "435.00000", "2014-03-31": "438.00000", "2013-12-31": "467.00000", "2013-09-30": "521.00000", "2013-06-30": "461.00000", "2013-03-31": "480.00000", "2012-12-31": "469.00000", "2012-09-30": "544.00000", "2012-06-30": "446.00000", "2012-03-31": "432.00000", "2011-12-31": "401.00000", "2011-09-30": "459.00000", "2011-06-30": "394.00000", "2011-03-31": "320.00000", "2010-12-31": "243.00000", "2010-09-30": "231.00000", "2010-06-30": "226.00000", "2010-03-31": "227.00000", "2009-12-31": "221.00000", "2009-09-30": "196.00000", "2009-06-30": "200.00000", "2009-03-31": "171.00000", "2008-12-31": "203.00000", "2008-09-30": "286.00000", "2008-06-30": "301.00000", "2008-03-31": "265.00000", "2007-12-31": "259.00000", "2007-09-30": "204.00000", "2007-06-30": "182.00000", "2007-03-31": "174.00000", "2006-12-31": "181.00000", "2006-09-30": "181.00000", "2006-06-30": "189.00000", "2006-03-31": "158.00000", "2005-12-31": "150.00000", "2005-09-30": "153.00000", "2005-06-30": "140.00000", "2005-03-31": "128.00000"}, "Pre-Paid Expenses": {"2020-12-31": "295.00000", "2020-09-30": "248.00000", "2020-06-30": "223.00000", "2020-03-31": "256.00000", "2019-12-31": "287.00000", "2019-09-30": "239.00000", "2019-06-30": "281.00000", "2019-03-31": "354.00000", "2018-12-31": "310.00000", "2018-09-30": "514.00000", "2018-06-30": "498.00000", "2018-03-31": "448.00000", "2017-12-31": "460.00000", "2017-09-30": "223.00000", "2017-06-30": "250.00000", "2017-03-31": "235.00000", "2016-12-31": "310.00000", "2016-09-30": "214.00000", "2016-06-30": "202.00000", "2016-03-31": "192.00000", "2015-12-31": "188.00000", "2015-09-30": "239.00000", "2015-06-30": "255.00000", "2015-03-31": "270.00000", "2014-12-31": "232.00000", "2014-09-30": "291.00000", "2014-06-30": "276.00000", "2014-03-31": "241.00000", "2013-12-31": "250.00000", "2013-09-30": "228.00000", "2013-06-30": "209.00000", "2013-03-31": "215.00000", "2012-12-31": "210.00000", "2012-09-30": "224.00000", "2012-06-30": "203.00000", "2012-03-31": "318.00000", "2011-12-31": "238.00000", "2011-09-30": "110.00000", "2011-06-30": "264.00000", "2011-03-31": "262.00000", "2010-12-31": "89.00000", "2010-09-30": "80.00000", "2010-06-30": "92.00000", "2010-03-31": "95.00000", "2009-12-31": "84.00000", "2009-09-30": "87.00000", "2009-06-30": "94.00000", "2009-03-31": "95.00000", "2008-12-31": "73.00000", "2008-09-30": "77.00000", "2008-06-30": "65.00000", "2008-03-31": "65.00000", "2007-12-31": "57.00000", "2007-09-30": "86.00000", "2007-06-30": "56.00000", "2007-03-31": "56.00000", "2006-12-31": "51.00000", "2006-09-30": "53.00000", "2006-06-30": "59.00000", "2006-03-31": "59.00000", "2005-12-31": "40.00000", "2005-09-30": "65.00000", "2005-06-30": "64.00000", "2005-03-31": "75.00000"}, "Other Current Assets": {"2020-12-31": "", "2020-09-30": "", "2020-06-30": "", "2020-03-31": "", "2019-12-31": "", "2019-09-30": "", "2019-06-30": "", "2019-03-31": "", "2018-12-31": "", "2018-09-30": "", "2018-06-30": "", "2018-03-31": "", "2017-12-31": "", "2017-09-30": "", "2017-06-30": "", "2017-03-31": "", "2016-12-31": "", "2016-09-30": "", "2016-06-30": "", "2016-03-31": "", "2015-12-31": "", "2015-09-30": "", "2015-06-30": "", "2015-03-31": "", "2014-12-31": "", "2014-09-30": "", "2014-06-30": "", "2014-03-31": "", "2013-12-31": "", "2013-09-30": "", "2013-06-30": "", "2013-03-31": "", "2012-12-31": "", "2012-09-30": "", "2012-06-30": "", "2012-03-31": "", "2011-12-31": "", "2011-09-30": "", "2011-06-30": "", "2011-03-31": "", "2010-12-31": "", "2010-09-30": "", "2010-06-30": "", "2010-03-31": "", "2009-12-31": "", "2009-09-30": "", "2009-06-30": "", "2009-03-31": "", "2008-12-31": "", "2008-09-30": "", "2008-06-30": "", "2008-03-31": "", "2007-12-31": "", "2007-09-30": "", "2007-06-30": "", "2007-03-31": "", "2006-12-31": "", "2006-09-30": "", "2006-06-30": "", "2006-03-31": "", "2005-12-31": "", "2005-09-30": "", "2005-06-30": "", "2005-03-31": ""}, "Total Current Assets": {"2020-12-31": "15173.00000", "2020-09-30": "16133.00000", "2020-06-30": "15872.00000", "2020-03-31": "7028.00000", "2019-12-31": "5974.00000", "2019-09-30": "5650.00000", "2019-06-30": "5554.00000", "2019-03-31": "5483.00000", "2018-12-31": "5028.00000", "2018-09-30": "5601.00000", "2018-06-30": "5408.00000", "2018-03-31": "4801.00000", "2017-12-31": "4815.00000", "2017-09-30": "4280.00000", "2017-06-30": "4343.00000", "2017-03-31": "4658.00000", "2016-12-31": "4498.00000", "2016-09-30": "4839.00000", "2016-06-30": "4469.00000", "2016-03-31": "4574.00000", "2015-12-31": "4024.00000", "2015-09-30": "4573.00000", "2015-06-30": "4596.00000", "2015-03-31": "4963.00000", "2014-12-31": "3927.00000", "2014-09-30": "4985.00000", "2014-06-30": "5317.00000", "2014-03-31": "4814.00000", "2013-12-31": "4456.00000", "2013-09-30": "4773.00000", "2013-06-30": "4864.00000", "2013-03-31": "4514.00000", "2012-12-31": "4227.00000", "2012-09-30": "4652.00000", "2012-06-30": "4691.00000", "2012-03-31": "5120.00000", "2011-12-31": "4345.00000", "2011-09-30": "4594.00000", "2011-06-30": "5421.00000", "2011-03-31": "5329.00000", "2010-12-31": "4279.00000", "2010-09-30": "4042.00000", "2010-06-30": "3971.00000", "2010-03-31": "3621.00000", "2009-12-31": "3358.00000", "2009-09-30": "3127.00000", "2009-06-30": "3094.00000", "2009-03-31": "2996.00000", "2008-12-31": "2653.00000", "2008-09-30": "5301.00000", "2008-06-30": "8929.00000", "2008-03-31": "5050.00000", "2007-12-31": "4443.00000", "2007-09-30": "2870.00000", "2007-06-30": "3306.00000", "2007-03-31": "2999.00000", "2006-12-31": "2601.00000", "2006-09-30": "3301.00000", "2006-06-30": "4358.00000", "2006-03-31": "4092.00000", "2005-12-31": "3620.00000", "2005-09-30": "4109.00000", "2005-06-30": "3482.00000", "2005-03-31": "3235.00000"}, "Property, Plant, And Equipment": {"2020-12-31": "15831.00000", "2020-09-30": "16056.00000", "2020-06-30": "16247.00000", "2020-03-31": "16989.00000", "2019-12-31": "17025.00000", "2019-09-30": "17842.00000", "2019-06-30": "17733.00000", "2019-03-31": "17773.00000", "2018-12-31": "19525.00000", "2018-09-30": "19279.00000", "2018-06-30": "19066.00000", "2018-03-31": "18773.00000", "2017-12-31": "18539.00000", "2017-09-30": "18156.00000", "2017-06-30": "17679.00000", "2017-03-31": "17286.00000", "2016-12-31": "17044.00000", "2016-09-30": "16546.00000", "2016-06-30": "16294.00000", "2016-03-31": "15964.00000", "2015-12-31": "15601.00000", "2015-09-30": "14929.00000", "2015-06-30": "14860.00000", "2015-03-31": "14607.00000", "2014-12-31": "14292.00000", "2014-09-30": "13965.00000", "2014-06-30": "13727.00000", "2014-03-31": "13420.00000", "2013-12-31": "13389.00000", "2013-09-30": "13203.00000", "2013-06-30": "13164.00000", "2013-03-31": "13130.00000", "2012-12-31": "12766.00000", "2012-09-30": "12572.00000", "2012-06-30": "12342.00000", "2012-03-31": "12095.00000", "2011-12-31": "12127.00000", "2011-09-30": "11834.00000", "2011-06-30": "11721.00000", "2011-03-31": "10496.00000", "2010-12-31": "10578.00000", "2010-09-30": "10566.00000", "2010-06-30": "10627.00000", "2010-03-31": "10621.00000", "2009-12-31": "10634.00000", "2009-09-30": "10698.00000", "2009-06-30": "10661.00000", "2009-03-31": "10813.00000", "2008-12-31": "11040.00000", "2008-09-30": "11198.00000", "2008-06-30": "11170.00000", "2008-03-31": "11091.00000", "2007-12-31": "10874.00000", "2007-09-30": "10667.00000", "2007-06-30": "10487.00000", "2007-03-31": "10285.00000", "2006-12-31": "10094.00000", "2006-09-30": "9875.00000", "2006-06-30": "9624.00000", "2006-03-31": "9351.00000", "2005-12-31": "9212.00000", "2005-09-30": "9345.00000", "2005-06-30": "9178.00000", "2005-03-31": "9010.00000"}, "Long-Term Investments": {"2020-12-31": "", "2020-09-30": "", "2020-06-30": "", "2020-03-31": "", "2019-12-31": "", "2019-09-30": "", "2019-06-30": "", "2019-03-31": "", "2018-12-31": "", "2018-09-30": "", "2018-06-30": "", "2018-03-31": "", "2017-12-31": "", "2017-09-30": "", "2017-06-30": "", "2017-03-31": "", "2016-12-31": "", "2016-09-30": "", "2016-06-30": "", "2016-03-31": "", "2015-12-31": "", "2015-09-30": "", "2015-06-30": "", "2015-03-31": "", "2014-12-31": "", "2014-09-30": "", "2014-06-30": "", "2014-03-31": "", "2013-12-31": "", "2013-09-30": "", "2013-06-30": "", "2013-03-31": "", "2012-12-31": "", "2012-09-30": "", "2012-06-30": "", "2012-03-31": "", "2011-12-31": "", "2011-09-30": "", "2011-06-30": "", "2011-03-31": "", "2010-12-31": "", "2010-09-30": "", "2010-06-30": "", "2010-03-31": "", "2009-12-31": "", "2009-09-30": "", "2009-06-30": "", "2009-03-31": "", "2008-12-31": "", "2008-09-30": "", "2008-06-30": "", "2008-03-31": "", "2007-12-31": "", "2007-09-30": "", "2007-06-30": "", "2007-03-31": "", "2006-12-31": "", "2006-09-30": "", "2006-06-30": "", "2006-03-31": "", "2005-12-31": "", "2005-09-30": "", "2005-06-30": "", "2005-03-31": ""}, "Goodwill And Intangible Assets": {"2020-12-31": "970.00000", "2020-09-30": "970.00000", "2020-06-30": "970.00000", "2020-03-31": "970.00000", "2019-12-31": "970.00000", "2019-09-30": "970.00000", "2019-06-30": "970.00000", "2019-03-31": "970.00000", "2018-12-31": "970.00000", "2018-09-30": "970.00000", "2018-06-30": "970.00000", "2018-03-31": "970.00000", "2017-12-31": "970.00000", "2017-09-30": "970.00000", "2017-06-30": "970.00000", "2017-03-31": "970.00000", "2016-12-31": "970.00000", "2016-09-30": "970.00000", "2016-06-30": "970.00000", "2016-03-31": "970.00000", "2015-12-31": "970.00000", "2015-09-30": "970.00000", "2015-06-30": "970.00000", "2015-03-31": "970.00000", "2014-12-31": "970.00000", "2014-09-30": "970.00000", "2014-06-30": "970.00000", "2014-03-31": "970.00000", "2013-12-31": "970.00000", "2013-09-30": "970.00000", "2013-06-30": "970.00000", "2013-03-31": "970.00000", "2012-12-31": "970.00000", "2012-09-30": "970.00000", "2012-06-30": "970.00000", "2012-03-31": "970.00000", "2011-12-31": "970.00000", "2011-09-30": "970.00000", "2011-06-30": "971.00000", "2011-03-31": "", "2010-12-31": "", "2010-09-30": "", "2010-06-30": "", "2010-03-31": "", "2009-12-31": "", "2009-09-30": "", "2009-06-30": "", "2009-03-31": "", "2008-12-31": "", "2008-09-30": "", "2008-06-30": "", "2008-03-31": "", "2007-12-31": "", "2007-09-30": "", "2007-06-30": "", "2007-03-31": "", "2006-12-31": "", "2006-09-30": "", "2006-06-30": "", "2006-03-31": "", "2005-12-31": "", "2005-09-30": "", "2005-06-30": "", "2005-03-31": ""}, "Other Long-Term Assets": {"2020-12-31": "722.00000", "2020-09-30": "679.00000", "2020-06-30": "662.00000", "2020-03-31": "620.00000", "2019-12-31": "577.00000", "2019-09-30": "653.00000", "2019-06-30": "693.00000", "2019-03-31": "725.00000", "2018-12-31": "720.00000", "2018-09-30": "1032.00000", "2018-06-30": "1021.00000", "2018-03-31": "959.00000", "2017-12-31": "786.00000", "2017-09-30": "843.00000", "2017-06-30": "929.00000", "2017-03-31": "849.00000", "2016-12-31": "774.00000", "2016-09-30": "690.00000", "2016-06-30": "714.00000", "2016-03-31": "733.00000", "2015-12-31": "717.00000", "2015-09-30": "687.00000", "2015-06-30": "649.00000", "2015-03-31": "623.00000", "2014-12-31": "534.00000", "2014-09-30": "619.00000", "2014-06-30": "877.00000", "2014-03-31": "772.00000", "2013-12-31": "530.00000", "2013-09-30": "418.00000", "2013-06-30": "384.00000", "2013-03-31": "583.00000", "2012-12-31": "633.00000", "2012-09-30": "619.00000", "2012-06-30": "513.00000", "2012-03-31": "641.00000", "2011-12-31": "626.00000", "2011-09-30": "487.00000", "2011-06-30": "832.00000", "2011-03-31": "589.00000", "2010-12-31": "606.00000", "2010-09-30": "535.00000", "2010-06-30": "389.00000", "2010-03-31": "288.00000", "2009-12-31": "277.00000", "2009-09-30": "275.00000", "2009-06-30": "272.00000", "2009-03-31": "370.00000", "2008-12-31": "375.00000", "2008-09-30": "1676.00000", "2008-06-30": "3163.00000", "2008-03-31": "1890.00000", "2007-12-31": "1455.00000", "2007-09-30": "987.00000", "2007-06-30": "1060.00000", "2007-03-31": "954.00000", "2006-12-31": "765.00000", "2006-09-30": "911.00000", "2006-06-30": "1362.00000", "2006-03-31": "1280.00000", "2005-12-31": "1171.00000", "2005-09-30": "1292.00000", "2005-06-30": "1119.00000", "2005-03-31": "1009.00000"}, "Total Long-Term Assets": {"2020-12-31": "19415.00000", "2020-09-30": "19472.00000", "2020-06-30": "19724.00000", "2020-03-31": "19857.00000", "2019-12-31": "19921.00000", "2019-09-30": "20817.00000", "2019-06-30": "20820.00000", "2019-03-31": "20976.00000", "2018-12-31": "21215.00000", "2018-09-30": "21281.00000", "2018-06-30": "21057.00000", "2018-03-31": "20702.00000", "2017-12-31": "20295.00000", "2017-09-30": "19969.00000", "2017-06-30": "19578.00000", "2017-03-31": "19105.00000", "2016-12-31": "18788.00000", "2016-09-30": "18206.00000", "2016-06-30": "17978.00000", "2016-03-31": "17667.00000", "2015-12-31": "17288.00000", "2015-09-30": "16586.00000", "2015-06-30": "16479.00000", "2015-03-31": "16200.00000", "2014-12-31": "15796.00000", "2014-09-30": "15554.00000", "2014-06-30": "15574.00000", "2014-03-31": "15162.00000", "2013-12-31": "14889.00000", "2013-09-30": "14591.00000", "2013-06-30": "14518.00000", "2013-03-31": "14683.00000", "2012-12-31": "14369.00000", "2012-09-30": "14161.00000", "2012-06-30": "13825.00000", "2012-03-31": "13706.00000", "2011-12-31": "13723.00000", "2011-09-30": "13291.00000", "2011-06-30": "13524.00000", "2011-03-31": "11085.00000", "2010-12-31": "11184.00000", "2010-09-30": "11101.00000", "2010-06-30": "11016.00000", "2010-03-31": "10909.00000", "2009-12-31": "10911.00000", "2009-09-30": "10973.00000", "2009-06-30": "10933.00000", "2009-03-31": "11183.00000", "2008-12-31": "11415.00000", "2008-09-30": "12874.00000", "2008-06-30": "14333.00000", "2008-03-31": "12981.00000", "2007-12-31": "12329.00000", "2007-09-30": "11654.00000", "2007-06-30": "11547.00000", "2007-03-31": "11239.00000", "2006-12-31": "10859.00000", "2006-09-30": "10786.00000", "2006-06-30": "10986.00000", "2006-03-31": "10631.00000", "2005-12-31": "10383.00000", "2005-09-30": "10637.00000", "2005-06-30": "10297.00000", "2005-03-31": "10019.00000"}, "Total Assets": {"2020-12-31": "34588.00000", "2020-09-30": "35605.00000", "2020-06-30": "35596.00000", "2020-03-31": "26885.00000", "2019-12-31": "25895.00000", "2019-09-30": "26467.00000", "2019-06-30": "26374.00000", "2019-03-31": "26459.00000", "2018-12-31": "26243.00000", "2018-09-30": "26882.00000", "2018-06-30": "26465.00000", "2018-03-31": "25503.00000", "2017-12-31": "25110.00000", "2017-09-30": "24249.00000", "2017-06-30": "23921.00000", "2017-03-31": "23763.00000", "2016-12-31": "23286.00000", "2016-09-30": "23045.00000", "2016-06-30": "22447.00000", "2016-03-31": "22241.00000", "2015-12-31": "21312.00000", "2015-09-30": "21159.00000", "2015-06-30": "21075.00000", "2015-03-31": "21163.00000", "2014-12-31": "19723.00000", "2014-09-30": "20539.00000", "2014-06-30": "20891.00000", "2014-03-31": "19976.00000", "2013-12-31": "19345.00000", "2013-09-30": "19364.00000", "2013-06-30": "19382.00000", "2013-03-31": "19197.00000", "2012-12-31": "18596.00000", "2012-09-30": "18813.00000", "2012-06-30": "18516.00000", "2012-03-31": "18826.00000", "2011-12-31": "18068.00000", "2011-09-30": "17885.00000", "2011-06-30": "18945.00000", "2011-03-31": "16414.00000", "2010-12-31": "15463.00000", "2010-09-30": "15143.00000", "2010-06-30": "14987.00000", "2010-03-31": "14530.00000", "2009-12-31": "14269.00000", "2009-09-30": "14100.00000", "2009-06-30": "14027.00000", "2009-03-31": "14179.00000", "2008-12-31": "14068.00000", "2008-09-30": "18175.00000", "2008-06-30": "23262.00000", "2008-03-31": "18031.00000", "2007-12-31": "16772.00000", "2007-09-30": "14524.00000", "2007-06-30": "14853.00000", "2007-03-31": "14238.00000", "2006-12-31": "13460.00000", "2006-09-30": "14087.00000", "2006-06-30": "15344.00000", "2006-03-31": "14723.00000", "2005-12-31": "14003.00000", "2005-09-30": "14746.00000", "2005-06-30": "13779.00000", "2005-03-31": "13254.00000"}, "Total Current Liabilities": {"2020-12-31": "7506.00000", "2020-09-30": "7804.00000", "2020-06-30": "9361.00000", "2020-03-31": "10241.00000", "2019-12-31": "8952.00000", "2019-09-30": "8629.00000", "2019-06-30": "8611.00000", "2019-03-31": "8723.00000", "2018-12-31": "7905.00000", "2018-09-30": "7843.00000", "2018-06-30": "7716.00000", "2018-03-31": "7162.00000", "2017-12-31": "6863.00000", "2017-09-30": "6965.00000", "2017-06-30": "7097.00000", "2017-03-31": "7458.00000", "2016-12-31": "6844.00000", "2016-09-30": "7816.00000", "2016-06-30": "7833.00000", "2016-03-31": "8253.00000", "2015-12-31": "7406.00000", "2015-09-30": "7084.00000", "2015-06-30": "6876.00000", "2015-03-31": "6903.00000", "2014-12-31": "5923.00000", "2014-09-30": "6446.00000", "2014-06-30": "7027.00000", "2014-03-31": "6441.00000", "2013-12-31": "5676.00000", "2013-09-30": "5546.00000", "2013-06-30": "5779.00000", "2013-03-31": "5411.00000", "2012-12-31": "4650.00000", "2012-09-30": "4969.00000", "2012-06-30": "5080.00000", "2012-03-31": "5047.00000", "2011-12-31": "4533.00000", "2011-09-30": "5320.00000", "2011-06-30": "5318.00000", "2011-03-31": "4358.00000", "2010-12-31": "3305.00000", "2010-09-30": "3187.00000", "2010-06-30": "3338.00000", "2010-03-31": "2917.00000", "2009-12-31": "2695.00000", "2009-09-30": "3024.00000", "2009-06-30": "3073.00000", "2009-03-31": "3123.00000", "2008-12-31": "2806.00000", "2008-09-30": "5588.00000", "2008-06-30": "8374.00000", "2008-03-31": "5781.00000", "2007-12-31": "4838.00000", "2007-09-30": "3826.00000", "2007-06-30": "4085.00000", "2007-03-31": "3524.00000", "2006-12-31": "2887.00000", "2006-09-30": "3944.00000", "2006-06-30": "4685.00000", "2006-03-31": "4449.00000", "2005-12-31": "3848.00000", "2005-09-30": "3458.00000", "2005-06-30": "3142.00000", "2005-03-31": "2880.00000"}, "Long Term Debt": {"2020-12-31": "10420.00000", "2020-09-30": "10409.00000", "2020-06-30": "9144.00000", "2020-03-31": "2486.00000", "2019-12-31": "2010.00000", "2019-09-30": "2570.00000", "2019-06-30": "2593.00000", "2019-03-31": "2722.00000", "2018-12-31": "4472.00000", "2018-09-30": "4758.00000", "2018-06-30": "4768.00000", "2018-03-31": "4790.00000", "2017-12-31": "4710.00000", "2017-09-30": "4074.00000", "2017-06-30": "4046.00000", "2017-03-31": "3956.00000", "2016-12-31": "3899.00000", "2016-09-30": "3312.00000", "2016-06-30": "3294.00000", "2016-03-31": "3180.00000", "2015-12-31": "3298.00000", "2015-09-30": "3065.00000", "2015-06-30": "3043.00000", "2015-03-31": "3011.00000", "2014-12-31": "2988.00000", "2014-09-30": "2646.00000", "2014-06-30": "2621.00000", "2014-03-31": "2622.00000", "2013-12-31": "2628.00000", "2013-09-30": "2616.00000", "2013-06-30": "2671.00000", "2013-03-31": "2708.00000", "2012-12-31": "3214.00000", "2012-09-30": "2961.00000", "2012-06-30": "3019.00000", "2012-03-31": "3048.00000", "2011-12-31": "3107.00000", "2011-09-30": "3220.00000", "2011-06-30": "3242.00000", "2011-03-31": "2428.00000", "2010-12-31": "2875.00000", "2010-09-30": "3350.00000", "2010-06-30": "3324.00000", "2010-03-31": "3305.00000", "2009-12-31": "3325.00000", "2009-09-30": "3378.00000", "2009-06-30": "3278.00000", "2009-03-31": "3447.00000", "2008-12-31": "3498.00000", "2008-09-30": "2580.00000", "2008-06-30": "2590.00000", "2008-03-31": "2079.00000", "2007-12-31": "2050.00000", "2007-09-30": "1555.00000", "2007-06-30": "1518.00000", "2007-03-31": "1556.00000", "2006-12-31": "1567.00000", "2006-09-30": "1275.00000", "2006-06-30": "1350.00000", "2006-03-31": "1368.00000", "2005-12-31": "1394.00000", "2005-09-30": "1861.00000", "2005-06-30": "1863.00000", "2005-03-31": "1926.00000"}, "Other Non-Current Liabilities": {"2020-12-31": "4590.00000", "2020-09-30": "4375.00000", "2020-06-30": "2613.00000", "2020-03-31": "1869.00000", "2019-12-31": "1759.00000", "2019-09-30": "1680.00000", "2019-06-30": "1661.00000", "2019-03-31": "1593.00000", "2018-12-31": "1586.00000", "2018-09-30": "1575.00000", "2018-06-30": "1570.00000", "2018-03-31": "1716.00000", "2017-12-31": "1777.00000", "2017-09-30": "713.00000", "2017-06-30": "708.00000", "2017-03-31": "703.00000", "2016-12-31": "728.00000", "2016-09-30": "661.00000", "2016-06-30": "681.00000", "2016-03-31": "703.00000", "2015-12-31": "760.00000", "2015-09-30": "931.00000", "2015-06-30": "708.00000", "2015-03-31": "1095.00000", "2014-12-31": "1255.00000", "2014-09-30": "658.00000", "2014-06-30": "710.00000", "2014-03-31": "726.00000", "2013-12-31": "771.00000", "2013-09-30": "1198.00000", "2013-06-30": "1211.00000", "2013-03-31": "1153.00000", "2012-12-31": "856.00000", "2012-09-30": "1114.00000", "2012-06-30": "945.00000", "2012-03-31": "924.00000", "2011-12-31": "910.00000", "2011-09-30": "926.00000", "2011-06-30": "838.00000", "2011-03-31": "460.00000", "2010-12-31": "465.00000", "2010-09-30": "", "2010-06-30": "", "2010-03-31": "", "2009-12-31": "493.00000", "2009-09-30": "", "2009-06-30": "", "2009-03-31": "", "2008-12-31": "", "2008-09-30": "", "2008-06-30": "", "2008-03-31": "", "2007-12-31": "", "2007-09-30": "", "2007-06-30": "", "2007-03-31": "", "2006-12-31": "", "2006-09-30": "", "2006-06-30": "", "2006-03-31": "", "2005-12-31": "", "2005-09-30": "", "2005-06-30": "", "2005-03-31": ""}, "Total Long Term Liabilities": {"2020-12-31": "18206.00000", "2020-09-30": "18032.00000", "2020-06-30": "15357.00000", "2020-03-31": "7569.00000", "2019-12-31": "7111.00000", "2019-09-30": "7907.00000", "2019-06-30": "7823.00000", "2019-03-31": "7945.00000", "2018-12-31": "8485.00000", "2018-09-30": "8886.00000", "2018-06-30": "8752.00000", "2018-03-31": "8722.00000", "2017-12-31": "8606.00000", "2017-09-30": "8484.00000", "2017-06-30": "8294.00000", "2017-03-31": "8101.00000", "2016-12-31": "8001.00000", "2016-09-30": "7182.00000", "2016-06-30": "6793.00000", "2016-03-31": "6492.00000", "2015-12-31": "6548.00000", "2015-09-30": "7107.00000", "2015-06-30": "7041.00000", "2015-03-31": "7358.00000", "2014-12-31": "7025.00000", "2014-09-30": "6664.00000", "2014-06-30": "6348.00000", "2014-03-31": "6345.00000", "2013-12-31": "6333.00000", "2013-09-30": "6805.00000", "2013-06-30": "6822.00000", "2013-03-31": "6825.00000", "2012-12-31": "6954.00000", "2012-09-30": "6842.00000", "2012-06-30": "6596.00000", "2012-03-31": "6682.00000", "2011-12-31": "6658.00000", "2011-09-30": "6080.00000", "2011-06-30": "6425.00000", "2011-03-31": "5469.00000", "2010-12-31": "5921.00000", "2010-09-30": "6006.00000", "2010-06-30": "6101.00000", "2010-03-31": "6076.00000", "2009-12-31": "6120.00000", "2009-09-30": "5859.00000", "2009-06-30": "5808.00000", "2009-03-31": "6128.00000", "2008-12-31": "6309.00000", "2008-09-30": "5523.00000", "2008-06-30": "6158.00000", "2008-03-31": "5065.00000", "2007-12-31": "4993.00000", "2007-09-30": "4429.00000", "2007-06-30": "4341.00000", "2007-03-31": "4160.00000", "2006-12-31": "4124.00000", "2006-09-30": "3519.00000", "2006-06-30": "3706.00000", "2006-03-31": "3509.00000", "2005-12-31": "3480.00000", "2005-09-30": "4533.00000", "2005-06-30": "4320.00000", "2005-03-31": "4259.00000"}, "Total Liabilities": {"2020-12-31": "25712.00000", "2020-09-30": "25836.00000", "2020-06-30": "24718.00000", "2020-03-31": "17810.00000", "2019-12-31": "16063.00000", "2019-09-30": "16536.00000", "2019-06-30": "16434.00000", "2019-03-31": "16668.00000", "2018-12-31": "16390.00000", "2018-09-30": "16729.00000", "2018-06-30": "16468.00000", "2018-03-31": "15884.00000", "2017-12-31": "15469.00000", "2017-09-30": "15449.00000", "2017-06-30": "15391.00000", "2017-03-31": "15559.00000", "2016-12-31": "14845.00000", "2016-09-30": "14998.00000", "2016-06-30": "14626.00000", "2016-03-31": "14745.00000", "2015-12-31": "13954.00000", "2015-09-30": "14191.00000", "2015-06-30": "13917.00000", "2015-03-31": "14261.00000", "2014-12-31": "12948.00000", "2014-09-30": "13110.00000", "2014-06-30": "13375.00000", "2014-03-31": "12786.00000", "2013-12-31": "12009.00000", "2013-09-30": "12351.00000", "2013-06-30": "12601.00000", "2013-03-31": "12236.00000", "2012-12-31": "11604.00000", "2012-09-30": "11811.00000", "2012-06-30": "11676.00000", "2012-03-31": "11729.00000", "2011-12-31": "11191.00000", "2011-09-30": "11400.00000", "2011-06-30": "11743.00000", "2011-03-31": "9827.00000", "2010-12-31": "9226.00000", "2010-09-30": "9193.00000", "2010-06-30": "9439.00000", "2010-03-31": "8993.00000", "2009-12-31": "8815.00000", "2009-09-30": "8883.00000", "2009-06-30": "8881.00000", "2009-03-31": "9251.00000", "2008-12-31": "9115.00000", "2008-09-30": "11111.00000", "2008-06-30": "14532.00000", "2008-03-31": "10846.00000", "2007-12-31": "9831.00000", "2007-09-30": "8255.00000", "2007-06-30": "8426.00000", "2007-03-31": "7684.00000", "2006-12-31": "7011.00000", "2006-09-30": "7463.00000", "2006-06-30": "8391.00000", "2006-03-31": "7958.00000", "2005-12-31": "7328.00000", "2005-09-30": "7991.00000", "2005-06-30": "7462.00000", "2005-03-31": "7139.00000"}, "Common Stock Net": {"2020-12-31": "888.00000", "2020-09-30": "888.00000", "2020-06-30": "888.00000", "2020-03-31": "808.00000", "2019-12-31": "808.00000", "2019-09-30": "808.00000", "2019-06-30": "808.00000", "2019-03-31": "808.00000", "2018-12-31": "808.00000", "2018-09-30": "808.00000", "2018-06-30": "808.00000", "2018-03-31": "808.00000", "2017-12-31": "808.00000", "2017-09-30": "808.00000", "2017-06-30": "808.00000", "2017-03-31": "808.00000", "2016-12-31": "808.00000", "2016-09-30": "808.00000", "2016-06-30": "808.00000", "2016-03-31": "808.00000", "2015-12-31": "808.00000", "2015-09-30": "808.00000", "2015-06-30": "808.00000", "2015-03-31": "808.00000", "2014-12-31": "808.00000", "2014-09-30": "808.00000", "2014-06-30": "808.00000", "2014-03-31": "808.00000", "2013-12-31": "808.00000", "2013-09-30": "808.00000", "2013-06-30": "808.00000", "2013-03-31": "808.00000", "2012-12-31": "808.00000", "2012-09-30": "808.00000", "2012-06-30": "808.00000", "2012-03-31": "808.00000", "2011-12-31": "808.00000", "2011-09-30": "808.00000", "2011-06-30": "808.00000", "2011-03-31": "808.00000", "2010-12-31": "808.00000", "2010-09-30": "808.00000", "2010-06-30": "808.00000", "2010-03-31": "808.00000", "2009-12-31": "808.00000", "2009-09-30": "808.00000", "2009-06-30": "808.00000", "2009-03-31": "808.00000", "2008-12-31": "808.00000", "2008-09-30": "808.00000", "2008-06-30": "808.00000", "2008-03-31": "808.00000", "2007-12-31": "808.00000", "2007-09-30": "808.00000", "2007-06-30": "808.00000", "2007-03-31": "808.00000", "2006-12-31": "808.00000", "2006-09-30": "808.00000", "2006-06-30": "808.00000", "2006-03-31": "808.00000", "2005-12-31": "802.00000", "2005-09-30": "790.00000", "2005-06-30": "790.00000", "2005-03-31": "790.00000"}, "Retained Earnings (Accumulated Deficit)": {"2020-12-31": "14777.00000", "2020-09-30": "15685.00000", "2020-06-30": "16842.00000", "2020-03-31": "17757.00000", "2019-12-31": "17945.00000", "2019-09-30": "17525.00000", "2019-06-30": "16962.00000", "2019-03-31": "16320.00000", "2018-12-31": "15967.00000", "2018-09-30": "15402.00000", "2018-06-30": "14878.00000", "2018-03-31": "14238.00000", "2017-12-31": "13832.00000", "2017-09-30": "12806.00000", "2017-06-30": "12378.00000", "2017-03-31": "11708.00000", "2016-12-31": "11418.00000", "2016-09-30": "10957.00000", "2016-06-30": "10631.00000", "2016-03-31": "9872.00000", "2015-12-31": "9409.00000", "2015-09-30": "8922.00000", "2015-06-30": "8387.00000", "2015-03-31": "7829.00000", "2014-12-31": "7416.00000", "2014-09-30": "7266.00000", "2014-06-30": "6979.00000", "2014-03-31": "6555.00000", "2013-12-31": "6431.00000", "2013-09-30": "6246.00000", "2013-06-30": "6015.00000", "2013-03-31": "5818.00000", "2012-12-31": "5768.00000", "2012-09-30": "5700.00000", "2012-06-30": "5692.00000", "2012-03-31": "5486.00000", "2011-12-31": "5395.00000", "2011-09-30": "5251.00000", "2011-06-30": "5398.00000", "2011-03-31": "5399.00000", "2010-12-31": "5399.00000", "2010-09-30": "5273.00000", "2010-06-30": "5075.00000", "2010-03-31": "4973.00000", "2009-12-31": "4971.00000", "2009-09-30": "4876.00000", "2009-06-30": "4863.00000", "2009-03-31": "4819.00000", "2008-12-31": "4919.00000", "2008-09-30": "4980.00000", "2008-06-30": "5123.00000", "2008-03-31": "4811.00000", "2007-12-31": "4788.00000", "2007-09-30": "4685.00000", "2007-06-30": "4534.00000", "2007-03-31": "4264.00000", "2006-12-31": "4307.00000", "2006-09-30": "4369.00000", "2006-06-30": "4325.00000", "2006-03-31": "4016.00000", "2005-12-31": "4018.00000", "2005-09-30": "4474.00000", "2005-06-30": "4274.00000", "2005-03-31": "4138.00000"}, "Comprehensive Income": {"2020-12-31": "-105.00000", "2020-09-30": "-102.00000", "2020-06-30": "-130.00000", "2020-03-31": "-186.00000", "2019-12-31": "-61.00000", "2019-09-30": "-63.00000", "2019-06-30": "30.00000", "2019-03-31": "96.00000", "2018-12-31": "20.00000", "2018-09-30": "412.00000", "2018-06-30": "298.00000", "2018-03-31": "78.00000", "2017-12-31": "12.00000", "2017-09-30": "-136.00000", "2017-06-30": "-263.00000", "2017-03-31": "-312.00000", "2016-12-31": "-323.00000", "2016-09-30": "-499.00000", "2016-06-30": "-628.00000", "2016-03-31": "-894.00000", "2015-12-31": "-1051.00000", "2015-09-30": "-903.00000", "2015-06-30": "-664.00000", "2015-03-31": "-742.00000", "2014-12-31": "-738.00000", "2014-09-30": "-92.00000", "2014-06-30": "111.00000", "2014-03-31": "-12.00000", "2013-12-31": "-3.00000", "2013-09-30": "-114.00000", "2013-06-30": "-248.00000", "2013-03-31": "-111.00000", "2012-12-31": "-119.00000", "2012-09-30": "-125.00000", "2012-06-30": "-320.00000", "2012-03-31": "-57.00000", "2011-12-31": "-224.00000", "2011-09-30": "-513.00000", "2011-06-30": "-107.00000", "2011-03-31": "79.00000", "2010-12-31": "-262.00000", "2010-09-30": "-453.00000", "2010-06-30": "-641.00000", "2010-03-31": "-518.00000", "2009-12-31": "-578.00000", "2009-09-30": "-715.00000", "2009-06-30": "-762.00000", "2009-03-31": "-922.00000", "2008-12-31": "-984.00000", "2008-09-30": "1066.00000", "2008-06-30": "2699.00000", "2008-03-31": "1492.00000", "2007-12-31": "1241.00000", "2007-09-30": "723.00000", "2007-06-30": "752.00000", "2007-03-31": "716.00000", "2006-12-31": "582.00000", "2006-09-30": "719.00000", "2006-06-30": "1104.00000", "2006-03-31": "1009.00000", "2005-12-31": "892.00000", "2005-09-30": "1194.00000", "2005-06-30": "1000.00000", "2005-03-31": "972.00000"}, "Other Share Holders Equity": {"2020-12-31": "", "2020-09-30": "", "2020-06-30": "", "2020-03-31": "", "2019-12-31": "", "2019-09-30": "", "2019-06-30": "", "2019-03-31": "", "2018-12-31": "", "2018-09-30": "", "2018-06-30": "", "2018-03-31": "", "2017-12-31": "", "2017-09-30": "", "2017-06-30": "", "2017-03-31": "", "2016-12-31": "", "2016-09-30": "", "2016-06-30": "", "2016-03-31": "", "2015-12-31": "", "2015-09-30": "", "2015-06-30": "", "2015-03-31": "", "2014-12-31": "", "2014-09-30": "", "2014-06-30": "", "2014-03-31": "", "2013-12-31": "", "2013-09-30": "", "2013-06-30": "", "2013-03-31": "", "2012-12-31": "", "2012-09-30": "", "2012-06-30": "", "2012-03-31": "", "2011-12-31": "", "2011-09-30": "", "2011-06-30": "", "2011-03-31": "", "2010-12-31": "", "2010-09-30": "", "2010-06-30": "", "2010-03-31": "", "2009-12-31": "", "2009-09-30": "", "2009-06-30": "", "2009-03-31": "", "2008-12-31": "", "2008-09-30": "", "2008-06-30": "", "2008-03-31": "", "2007-12-31": "", "2007-09-30": "", "2007-06-30": "", "2007-03-31": "", "2006-12-31": "", "2006-09-30": "", "2006-06-30": "", "2006-03-31": "", "2005-12-31": "", "2005-09-30": "", "2005-06-30": "", "2005-03-31": ""}, "Share Holder Equity": {"2020-12-31": "8876.00000", "2020-09-30": "9769.00000", "2020-06-30": "10878.00000", "2020-03-31": "9075.00000", "2019-12-31": "9832.00000", "2019-09-30": "9931.00000", "2019-06-30": "9940.00000", "2019-03-31": "9791.00000", "2018-12-31": "9853.00000", "2018-09-30": "10153.00000", "2018-06-30": "9997.00000", "2018-03-31": "9619.00000", "2017-12-31": "9641.00000", "2017-09-30": "8800.00000", "2017-06-30": "8530.00000", "2017-03-31": "8204.00000", "2016-12-31": "8441.00000", "2016-09-30": "8047.00000", "2016-06-30": "7821.00000", "2016-03-31": "7496.00000", "2015-12-31": "7358.00000", "2015-09-30": "6968.00000", "2015-06-30": "7158.00000", "2015-03-31": "6902.00000", "2014-12-31": "6775.00000", "2014-09-30": "7429.00000", "2014-06-30": "7516.00000", "2014-03-31": "7190.00000", "2013-12-31": "7336.00000", "2013-09-30": "7013.00000", "2013-06-30": "6781.00000", "2013-03-31": "6961.00000", "2012-12-31": "6992.00000", "2012-09-30": "7002.00000", "2012-06-30": "6840.00000", "2012-03-31": "7097.00000", "2011-12-31": "6877.00000", "2011-09-30": "6485.00000", "2011-06-30": "7202.00000", "2011-03-31": "6587.00000", "2010-12-31": "6237.00000", "2010-09-30": "5950.00000", "2010-06-30": "5548.00000", "2010-03-31": "5537.00000", "2009-12-31": "5454.00000", "2009-09-30": "5217.00000", "2009-06-30": "5146.00000", "2009-03-31": "4928.00000", "2008-12-31": "4953.00000", "2008-09-30": "7064.00000", "2008-06-30": "8730.00000", "2008-03-31": "7185.00000", "2007-12-31": "6941.00000", "2007-09-30": "6269.00000", "2007-06-30": "6427.00000", "2007-03-31": "6554.00000", "2006-12-31": "6449.00000", "2006-09-30": "6624.00000", "2006-06-30": "6953.00000", "2006-03-31": "6765.00000", "2005-12-31": "6675.00000", "2005-09-30": "6755.00000", "2005-06-30": "6317.00000", "2005-03-31": "6115.00000"}, "Total Liabilities And Share Holders Equity": {"2020-12-31": "34588.00000", "2020-09-30": "35605.00000", "2020-06-30": "35596.00000", "2020-03-31": "26885.00000", "2019-12-31": "25895.00000", "2019-09-30": "26467.00000", "2019-06-30": "26374.00000", "2019-03-31": "26459.00000", "2018-12-31": "26243.00000", "2018-09-30": "26882.00000", "2018-06-30": "26465.00000", "2018-03-31": "25503.00000", "2017-12-31": "25110.00000", "2017-09-30": "24249.00000", "2017-06-30": "23921.00000", "2017-03-31": "23763.00000", "2016-12-31": "23286.00000", "2016-09-30": "23045.00000", "2016-06-30": "22447.00000", "2016-03-31": "22241.00000", "2015-12-31": "21312.00000", "2015-09-30": "21159.00000", "2015-06-30": "21075.00000", "2015-03-31": "21163.00000", "2014-12-31": "19723.00000", "2014-09-30": "20539.00000", "2014-06-30": "20891.00000", "2014-03-31": "19976.00000", "2013-12-31": "19345.00000", "2013-09-30": "19364.00000", "2013-06-30": "19382.00000", "2013-03-31": "19197.00000", "2012-12-31": "18596.00000", "2012-09-30": "18813.00000", "2012-06-30": "18516.00000", "2012-03-31": "18826.00000", "2011-12-31": "18068.00000", "2011-09-30": "17885.00000", "2011-06-30": "18945.00000", "2011-03-31": "16414.00000", "2010-12-31": "15463.00000", "2010-09-30": "15143.00000", "2010-06-30": "14987.00000", "2010-03-31": "14530.00000", "2009-12-31": "14269.00000", "2009-09-30": "14100.00000", "2009-06-30": "14027.00000", "2009-03-31": "14179.00000", "2008-12-31": "14068.00000", "2008-09-30": "18175.00000", "2008-06-30": "23262.00000", "2008-03-31": "18031.00000", "2007-12-31": "16772.00000", "2007-09-30": "14524.00000", "2007-06-30": "14853.00000", "2007-03-31": "14238.00000", "2006-12-31": "13460.00000", "2006-09-30": "14087.00000", "2006-06-30": "15344.00000", "2006-03-31": "14723.00000", "2005-12-31": "14003.00000", "2005-09-30": "14746.00000", "2005-06-30": "13779.00000", "2005-03-31": "13254.00000"}}, "cash flow statement": {"Net Income/Loss": {"2020-12-31": "-3074.00000", "2019-12-31": "2300.00000", "2018-12-31": "2465.00000", "2017-12-31": "3357.00000", "2016-12-31": "2183.00000", "2015-12-31": "2181.00000", "2014-12-31": "1136.00000", "2013-12-31": "754.00000", "2012-12-31": "421.00000", "2011-12-31": "178.00000", "2010-12-31": "459.00000", "2009-12-31": "99.00000", "2008-12-31": "178.00000", "2007-12-31": "645.00000", "2006-12-31": "499.00000", "2005-12-31": "484.00000"}, "Total Depreciation And Amortization - Cash Flow": {"2020-12-31": "1255.00000", "2019-12-31": "1219.00000", "2018-12-31": "1201.00000", "2017-12-31": "1218.00000", "2016-12-31": "1221.00000", "2015-12-31": "1015.00000", "2014-12-31": "938.00000", "2013-12-31": "867.00000", "2012-12-31": "844.00000", "2011-12-31": "715.00000", "2010-12-31": "614.00000", "2009-12-31": "604.00000", "2008-12-31": "587.00000", "2007-12-31": "541.00000", "2006-12-31": "499.00000", "2005-12-31": "453.00000"}, "Other Non-Cash Items": {"2020-12-31": "-891.00000", "2019-12-31": "-55.00000", "2018-12-31": "287.00000", "2017-12-31": "-1053.00000", "2016-12-31": "240.00000", "2015-12-31": "4.00000", "2014-12-31": "780.00000", "2013-12-31": "45.00000", "2012-12-31": "62.00000", "2011-12-31": "213.00000", "2010-12-31": "272.00000", "2009-12-31": "86.00000", "2008-12-31": "262.00000", "2007-12-31": "-16.00000", "2006-12-31": "297.00000", "2005-12-31": "324.00000"}, "Total Non-Cash Items": {"2020-12-31": "364.00000", "2019-12-31": "1164.00000", "2018-12-31": "1488.00000", "2017-12-31": "165.00000", "2016-12-31": "1461.00000", "2015-12-31": "1019.00000", "2014-12-31": "1718.00000", "2013-12-31": "912.00000", "2012-12-31": "906.00000", "2011-12-31": "928.00000", "2010-12-31": "886.00000", "2009-12-31": "690.00000", "2008-12-31": "849.00000", "2007-12-31": "525.00000", "2006-12-31": "796.00000", "2005-12-31": "777.00000"}, "Change In Accounts Receivable": {"2020-12-31": "-294.00000", "2019-12-31": "-94.00000", "2018-12-31": "117.00000", "2017-12-31": "-102.00000", "2016-12-31": "-50.00000", "2015-12-31": "-88.00000", "2014-12-31": "54.00000", "2013-12-31": "-17.00000", "2012-12-31": "-33.00000", "2011-12-31": "-26.00000", "2010-12-31": "-26.00000", "2009-12-31": "40.00000", "2008-12-31": "71.00000", "2007-12-31": "-38.00000", "2006-12-31": "-5.00000", "2005-12-31": "-9.00000"}, "Change In Inventories": {"2020-12-31": "", "2019-12-31": "", "2018-12-31": "", "2017-12-31": "", "2016-12-31": "", "2015-12-31": "", "2014-12-31": "", "2013-12-31": "", "2012-12-31": "", "2011-12-31": "", "2010-12-31": "", "2009-12-31": "", "2008-12-31": "", "2007-12-31": "", "2006-12-31": "", "2005-12-31": ""}, "Change In Accounts Payable": {"2020-12-31": "", "2019-12-31": "", "2018-12-31": "", "2017-12-31": "", "2016-12-31": "", "2015-12-31": "", "2014-12-31": "", "2013-12-31": "", "2012-12-31": "", "2011-12-31": "", "2010-12-31": "", "2009-12-31": "", "2008-12-31": "", "2007-12-31": "", "2006-12-31": "", "2005-12-31": ""}, "Change In Assets/Liabilities": {"2020-12-31": "1741.00000", "2019-12-31": "427.00000", "2018-12-31": "264.00000", "2017-12-31": "397.00000", "2016-12-31": "643.00000", "2015-12-31": "-373.00000", "2014-12-31": "235.00000", "2013-12-31": "411.00000", "2012-12-31": "463.00000", "2011-12-31": "-129.00000", "2010-12-31": "410.00000", "2009-12-31": "-36.00000", "2008-12-31": "-2229.00000", "2007-12-31": "1518.00000", "2006-12-31": "237.00000", "2005-12-31": "61.00000"}, "Total Change In Assets/Liabilities": {"2020-12-31": "1678.00000", "2019-12-31": "631.00000", "2018-12-31": "926.00000", "2017-12-31": "528.00000", "2016-12-31": "814.00000", "2015-12-31": "500.00000", "2014-12-31": "325.00000", "2013-12-31": "737.00000", "2012-12-31": "616.00000", "2011-12-31": "98.00000", "2010-12-31": "577.00000", "2009-12-31": "63.00000", "2008-12-31": "-2256.00000", "2007-12-31": "1629.00000", "2006-12-31": "9.00000", "2005-12-31": "907.00000"}, "Cash Flow From Operating Activities": {"2020-12-31": "-1127.00000", "2019-12-31": "3987.00000", "2018-12-31": "4893.00000", "2017-12-31": "3929.00000", "2016-12-31": "4293.00000", "2015-12-31": "3238.00000", "2014-12-31": "2902.00000", "2013-12-31": "2477.00000", "2012-12-31": "2064.00000", "2011-12-31": "1356.00000", "2010-12-31": "1561.00000", "2009-12-31": "985.00000", "2008-12-31": "-1521.00000", "2007-12-31": "2845.00000", "2006-12-31": "1406.00000", "2005-12-31": "2118.00000"}, "Net Change In Property, Plant, And Equipment": {"2020-12-31": "-87.00000", "2019-12-31": "-627.00000", "2018-12-31": "-1922.00000", "2017-12-31": "-2123.00000", "2016-12-31": "-2038.00000", "2015-12-31": "-2041.00000", "2014-12-31": "-1748.00000", "2013-12-31": "-1433.00000", "2012-12-31": "-1348.00000", "2011-12-31": "-968.00000", "2010-12-31": "-493.00000", "2009-12-31": "-585.00000", "2008-12-31": "-923.00000", "2007-12-31": "-1331.00000", "2006-12-31": "-1399.00000", "2005-12-31": "-1146.00000"}, "Net Change In Intangible Assets": {"2020-12-31": "", "2019-12-31": "", "2018-12-31": "", "2017-12-31": "", "2016-12-31": "", "2015-12-31": "", "2014-12-31": "", "2013-12-31": "", "2012-12-31": "", "2011-12-31": "", "2010-12-31": "", "2009-12-31": "", "2008-12-31": "", "2007-12-31": "", "2006-12-31": "", "2005-12-31": ""}, "Net Acquisitions/Divestitures": {"2020-12-31": "", "2019-12-31": "", "2018-12-31": "", "2017-12-31": "", "2016-12-31": "", "2015-12-31": "", "2014-12-31": "", "2013-12-31": "", "2012-12-31": "", "2011-12-31": "-35.00000", "2010-12-31": "", "2009-12-31": "", "2008-12-31": "", "2007-12-31": "", "2006-12-31": "20.00000", "2005-12-31": "-6.00000"}, "Net Change In Short-term Investments": {"2020-12-31": "-744.00000", "2019-12-31": "324.00000", "2018-12-31": "-67.00000", "2017-12-31": "-159.00000", "2016-12-31": "-125.00000", "2015-12-31": "237.00000", "2014-12-31": "105.00000", "2013-12-31": "63.00000", "2012-12-31": "515.00000", "2011-12-31": "-19.00000", "2010-12-31": "-772.00000", "2009-12-31": "-986.00000", "2008-12-31": "-55.00000", "2007-12-31": "-198.00000", "2006-12-31": "-117.00000", "2005-12-31": "6.00000"}, "Net Change In Long-Term Investments": {"2020-12-31": "", "2019-12-31": "", "2018-12-31": "", "2017-12-31": "", "2016-12-31": "", "2015-12-31": "", "2014-12-31": "", "2013-12-31": "", "2012-12-31": "", "2011-12-31": "", "2010-12-31": "", "2009-12-31": "", "2008-12-31": "", "2007-12-31": "", "2006-12-31": "", "2005-12-31": ""}, "Net Change In Investments - Total": {"2020-12-31": "-744.00000", "2019-12-31": "324.00000", "2018-12-31": "-67.00000", "2017-12-31": "-159.00000", "2016-12-31": "-125.00000", "2015-12-31": "237.00000", "2014-12-31": "105.00000", "2013-12-31": "63.00000", "2012-12-31": "515.00000", "2011-12-31": "-19.00000", "2010-12-31": "-772.00000", "2009-12-31": "-986.00000", "2008-12-31": "-55.00000", "2007-12-31": "-198.00000", "2006-12-31": "-117.00000", "2005-12-31": "6.00000"}, "Investing Activities - Other": {"2020-12-31": "815.00000", "2019-12-31": "", "2018-12-31": "-49.00000", "2017-12-31": "-126.00000", "2016-12-31": "-109.00000", "2015-12-31": "-109.00000", "2014-12-31": "-84.00000", "2013-12-31": "-14.00000", "2012-12-31": "", "2011-12-31": "", "2010-12-31": "", "2009-12-31": "2.00000", "2008-12-31": "", "2007-12-31": "", "2006-12-31": "1.00000", "2005-12-31": ""}, "Cash Flow From Investing Activities": {"2020-12-31": "-16.00000", "2019-12-31": "-303.00000", "2018-12-31": "-2038.00000", "2017-12-31": "-2408.00000", "2016-12-31": "-2272.00000", "2015-12-31": "-1913.00000", "2014-12-31": "-1727.00000", "2013-12-31": "-1384.00000", "2012-12-31": "-833.00000", "2011-12-31": "-1022.00000", "2010-12-31": "-1265.00000", "2009-12-31": "-1569.00000", "2008-12-31": "-978.00000", "2007-12-31": "-1529.00000", "2006-12-31": "-1495.00000", "2005-12-31": "-1146.00000"}, "Net Long-Term Debt": {"2020-12-31": "7083.00000", "2019-12-31": "-615.00000", "2018-12-31": "-372.00000", "2017-12-31": "-2.00000", "2016-12-31": "-85.00000", "2015-12-31": "277.00000", "2014-12-31": "-272.00000", "2013-12-31": "-318.00000", "2012-12-31": "-578.00000", "2011-12-31": "-621.00000", "2010-12-31": "-155.00000", "2009-12-31": "369.00000", "2008-12-31": "945.00000", "2007-12-31": "378.00000", "2006-12-31": "-307.00000", "2005-12-31": "151.00000"}, "Net Current Debt": {"2020-12-31": "", "2019-12-31": "", "2018-12-31": "", "2017-12-31": "", "2016-12-31": "", "2015-12-31": "", "2014-12-31": "", "2013-12-31": "", "2012-12-31": "", "2011-12-31": "", "2010-12-31": "-44.00000", "2009-12-31": "-414.00000", "2008-12-31": "491.00000", "2007-12-31": "", "2006-12-31": "", "2005-12-31": ""}, "Debt Issuance/Retirement Net - Total": {"2020-12-31": "7083.00000", "2019-12-31": "-615.00000", "2018-12-31": "-372.00000", "2017-12-31": "-2.00000", "2016-12-31": "-85.00000", "2015-12-31": "277.00000", "2014-12-31": "-272.00000", "2013-12-31": "-318.00000", "2012-12-31": "-578.00000", "2011-12-31": "-621.00000", "2010-12-31": "-199.00000", "2009-12-31": "-45.00000", "2008-12-31": "1436.00000", "2007-12-31": "378.00000", "2006-12-31": "-307.00000", "2005-12-31": "151.00000"}, "Net Common Equity Issued/Repurchased": {"2020-12-31": "1891.00000", "2019-12-31": "-1960.00000", "2018-12-31": "-1965.00000", "2017-12-31": "-1571.00000", "2016-12-31": "-1721.00000", "2015-12-31": "-1134.00000", "2014-12-31": "-845.00000", "2013-12-31": "-444.00000", "2012-12-31": "-373.00000", "2011-12-31": "-205.00000", "2010-12-31": "55.00000", "2009-12-31": "20.00000", "2008-12-31": "63.00000", "2007-12-31": "-862.00000", "2006-12-31": "-540.00000", "2005-12-31": "77.00000"}, "Net Total Equity Issued/Repurchased": {"2020-12-31": "1891.00000", "2019-12-31": "-1960.00000", "2018-12-31": "-1965.00000", "2017-12-31": "-1571.00000", "2016-12-31": "-1721.00000", "2015-12-31": "-1134.00000", "2014-12-31": "-845.00000", "2013-12-31": "-444.00000", "2012-12-31": "-373.00000", "2011-12-31": "-205.00000", "2010-12-31": "55.00000", "2009-12-31": "20.00000", "2008-12-31": "63.00000", "2007-12-31": "-862.00000", "2006-12-31": "-540.00000", "2005-12-31": "77.00000"}, "Total Common And Preferred Stock Dividends Paid": {"2020-12-31": "-188.00000", "2019-12-31": "-372.00000", "2018-12-31": "-332.00000", "2017-12-31": "-274.00000", "2016-12-31": "-222.00000", "2015-12-31": "-180.00000", "2014-12-31": "-139.00000", "2013-12-31": "-71.00000", "2012-12-31": "-22.00000", "2011-12-31": "-14.00000", "2010-12-31": "-13.00000", "2009-12-31": "-13.00000", "2008-12-31": "-13.00000", "2007-12-31": "-14.00000", "2006-12-31": "-14.00000", "2005-12-31": "-14.00000"}, "Financial Activities - Other": {"2020-12-31": "872.00000", "2019-12-31": "-43.00000", "2018-12-31": "173.00000", "2017-12-31": "141.00000", "2016-12-31": "104.00000", "2015-12-31": "13.00000", "2014-12-31": "8.00000", "2013-12-31": "-18.00000", "2012-12-31": "26.00000", "2011-12-31": "74.00000", "2010-12-31": "8.00000", "2009-12-31": "368.00000", "2008-12-31": "168.00000", "2007-12-31": "5.00000", "2006-12-31": "60.00000", "2005-12-31": "46.00000"}, "Cash Flow From Financial Activities": {"2020-12-31": "9658.00000", "2019-12-31": "-2990.00000", "2018-12-31": "-2496.00000", "2017-12-31": "-1706.00000", "2016-12-31": "-1924.00000", "2015-12-31": "-1024.00000", "2014-12-31": "-1248.00000", "2013-12-31": "-851.00000", "2012-12-31": "-947.00000", "2011-12-31": "-766.00000", "2010-12-31": "-149.00000", "2009-12-31": "330.00000", "2008-12-31": "1654.00000", "2007-12-31": "-493.00000", "2006-12-31": "-801.00000", "2005-12-31": "260.00000"}, "Net Cash Flow": {"2020-12-31": "8515.00000", "2019-12-31": "694.00000", "2018-12-31": "359.00000", "2017-12-31": "-185.00000", "2016-12-31": "97.00000", "2015-12-31": "301.00000", "2014-12-31": "-73.00000", "2013-12-31": "242.00000", "2012-12-31": "284.00000", "2011-12-31": "-432.00000", "2010-12-31": "147.00000", "2009-12-31": "-254.00000", "2008-12-31": "-845.00000", "2007-12-31": "823.00000", "2006-12-31": "-890.00000", "2005-12-31": "1232.00000"}, "Stock-Based Compensation": {"2020-12-31": "", "2019-12-31": "", "2018-12-31": "", "2017-12-31": "", "2016-12-31": "", "2015-12-31": "", "2014-12-31": "", "2013-12-31": "", "2012-12-31": "", "2011-12-31": "", "2010-12-31": "", "2009-12-31": "", "2008-12-31": "", "2007-12-31": "37.00000", "2006-12-31": "80.00000", "2005-12-31": "80.00000"}, "Common Stock Dividends Paid": {"2020-12-31": "-188.00000", "2019-12-31": "-372.00000", "2018-12-31": "-332.00000", "2017-12-31": "-274.00000", "2016-12-31": "-222.00000", "2015-12-31": "-180.00000", "2014-12-31": "-139.00000", "2013-12-31": "-71.00000", "2012-12-31": "-22.00000", "2011-12-31": "-14.00000", "2010-12-31": "-13.00000", "2009-12-31": "-13.00000", "2008-12-31": "-13.00000", "2007-12-31": "-14.00000", "2006-12-31": "-14.00000", "2005-12-31": "-14.00000"}}, "cash flow statement, quarterly": {"Net Income/Loss": {"2020-12-31": -908, "2020-09-30": -1157, "2020-06-30": -915, "2020-03-31": "-94.00000", "2019-12-31": 513, "2019-09-30": 659, "2019-06-30": 741, "2019-03-31": "387.00000", "2018-12-31": 654, "2018-09-30": 616, "2018-06-30": 732, "2018-03-31": "463.00000", "2017-12-31": 1747, "2017-09-30": 528, "2017-06-30": 743, "2017-03-31": "339.00000", "2016-12-31": 461, "2016-09-30": 389, "2016-06-30": 820, "2016-03-31": "513.00000", "2015-12-31": 536, "2015-09-30": 584, "2015-06-30": 608, "2015-03-31": "453.00000", "2014-12-31": 190, "2014-09-30": 329, "2014-06-30": 465, "2014-03-31": "152.00000", "2013-12-31": 212, "2013-09-30": 259, "2013-06-30": 224, "2013-03-31": "59.00000", "2012-12-31": 78, "2012-09-30": 16, "2012-06-30": 229, "2012-03-31": "98.00000", "2011-12-31": 152, "2011-09-30": -140, "2011-06-30": 161, "2011-03-31": "5.00000", "2010-12-31": 131, "2010-09-30": 205, "2010-06-30": 112, "2010-03-31": "11.00000", "2009-12-31": 115, "2009-09-30": -16, "2009-06-30": 91, "2009-03-31": "-91.00000", "2008-12-31": -56, "2008-09-30": -121, "2008-06-30": 321, "2008-03-31": "34.00000", "2007-12-31": 112, "2007-09-30": 162, "2007-06-30": 278, "2007-03-31": "93.00000", "2006-12-31": 57, "2006-09-30": 48, "2006-06-30": 333, "2006-03-31": "61.00000", "2005-12-31": 70, "2005-09-30": 210, "2005-06-30": 145, "2005-03-31": "59.00000"}, "Total Depreciation And Amortization - Cash Flow": {"2020-12-31": 537, "2020-09-30": 316, "2020-06-30": 91, "2020-03-31": "311.00000", "2019-12-31": 313, "2019-09-30": 308, "2019-06-30": 301, "2019-03-31": "297.00000", "2018-12-31": 331, "2018-09-30": 301, "2018-06-30": 292, "2018-03-31": "277.00000", "2017-12-31": 279, "2017-09-30": 302, "2017-06-30": 319, "2017-03-31": "318.00000", "2016-12-31": 318, "2016-09-30": 315, "2016-06-30": 298, "2016-03-31": "290.00000", "2015-12-31": 264, "2015-09-30": 257, "2015-06-30": 250, "2015-03-31": "244.00000", "2014-12-31": 251, "2014-09-30": 238, "2014-06-30": 228, "2014-03-31": "221.00000", "2013-12-31": 224, "2013-09-30": 221, "2013-06-30": 212, "2013-03-31": "210.00000", "2012-12-31": 233, "2012-09-30": 214, "2012-06-30": 199, "2012-03-31": "198.00000", "2011-12-31": 202, "2011-09-30": 188, "2011-06-30": 173, "2011-03-31": "152.00000", "2010-12-31": 155, "2010-09-30": 158, "2010-06-30": 150, "2010-03-31": "151.00000", "2009-12-31": 153, "2009-09-30": 158, "2009-06-30": 146, "2009-03-31": "147.00000", "2008-12-31": 151, "2008-09-30": 149, "2008-06-30": 145, "2008-03-31": "142.00000", "2007-12-31": 141, "2007-09-30": 135, "2007-06-30": 134, "2007-03-31": "131.00000", "2006-12-31": 130, "2006-09-30": 127, "2006-06-30": 122, "2006-03-31": "120.00000", "2005-12-31": 117, "2005-09-30": 117, "2005-06-30": 111, "2005-03-31": "108.00000"}, "Other Non-Cash Items": {"2020-12-31": -388, "2020-09-30": -281, "2020-06-30": -175, "2020-03-31": "-47.00000", "2019-12-31": -279, "2019-09-30": 174, "2019-06-30": 37, "2019-03-31": "13.00000", "2018-12-31": -8, "2018-09-30": 103, "2018-06-30": 127, "2018-03-31": "65.00000", "2017-12-31": -1315, "2017-09-30": 120, "2017-06-30": 61, "2017-03-31": "81.00000", "2016-12-31": -75, "2016-09-30": 248, "2016-06-30": -47, "2016-03-31": "114.00000", "2015-12-31": -128, "2015-09-30": 4, "2015-06-30": 98, "2015-03-31": "30.00000", "2014-12-31": 312, "2014-09-30": 454, "2014-06-30": -18, "2014-03-31": "32.00000", "2013-12-31": 17, "2013-09-30": -28, "2013-06-30": 75, "2013-03-31": "-19.00000", "2012-12-31": 96, "2012-09-30": 66, "2012-06-30": 87, "2012-03-31": "-187.00000", "2011-12-31": -94, "2011-09-30": 303, "2011-06-30": -34, "2011-03-31": "38.00000", "2010-12-31": 5, "2010-09-30": 5, "2010-06-30": 229, "2010-03-31": "33.00000", "2009-12-31": 4, "2009-09-30": 20, "2009-06-30": 7, "2009-03-31": "55.00000", "2008-12-31": 139, "2008-09-30": 272, "2008-06-30": -149, "2008-03-31": "", "2007-12-31": -288, "2007-09-30": 108, "2007-06-30": 138, "2007-03-31": "26.00000", "2006-12-31": 48, "2006-09-30": 20, "2006-06-30": 200, "2006-03-31": "29.00000", "2005-12-31": 38, "2005-09-30": 144, "2005-06-30": 98, "2005-03-31": "44.00000"}, "Total Non-Cash Items": {"2020-12-31": 149, "2020-09-30": 35, "2020-06-30": -84, "2020-03-31": "264.00000", "2019-12-31": 34, "2019-09-30": 482, "2019-06-30": 338, "2019-03-31": "310.00000", "2018-12-31": 323, "2018-09-30": 404, "2018-06-30": 419, "2018-03-31": "342.00000", "2017-12-31": -1036, "2017-09-30": 422, "2017-06-30": 380, "2017-03-31": "399.00000", "2016-12-31": 243, "2016-09-30": 563, "2016-06-30": 251, "2016-03-31": "404.00000", "2015-12-31": 136, "2015-09-30": 261, "2015-06-30": 348, "2015-03-31": "274.00000", "2014-12-31": 563, "2014-09-30": 692, "2014-06-30": 210, "2014-03-31": "253.00000", "2013-12-31": 241, "2013-09-30": 193, "2013-06-30": 287, "2013-03-31": "191.00000", "2012-12-31": 329, "2012-09-30": 280, "2012-06-30": 286, "2012-03-31": "11.00000", "2011-12-31": 108, "2011-09-30": 491, "2011-06-30": 139, "2011-03-31": "190.00000", "2010-12-31": 160, "2010-09-30": 163, "2010-06-30": 379, "2010-03-31": "184.00000", "2009-12-31": 157, "2009-09-30": 178, "2009-06-30": 153, "2009-03-31": "202.00000", "2008-12-31": 290, "2008-09-30": 421, "2008-06-30": -4, "2008-03-31": "142.00000", "2007-12-31": -147, "2007-09-30": 243, "2007-06-30": 272, "2007-03-31": "157.00000", "2006-12-31": 178, "2006-09-30": 147, "2006-06-30": 322, "2006-03-31": "149.00000", "2005-12-31": 155, "2005-09-30": 261, "2005-06-30": 209, "2005-03-31": "152.00000"}, "Change In Accounts Receivable": {"2020-12-31": -234, "2020-09-30": -124, "2020-06-30": -119, "2020-03-31": "183.00000", "2019-12-31": 198, "2019-09-30": -88, "2019-06-30": 18, "2019-03-31": "-222.00000", "2018-12-31": 226, "2018-09-30": -13, "2018-06-30": -81, "2018-03-31": "-15.00000", "2017-12-31": -79, "2017-09-30": 0, "2017-06-30": 12, "2017-03-31": "-35.00000", "2016-12-31": 305, "2016-09-30": -320, "2016-06-30": -14, "2016-03-31": "-21.00000", "2015-12-31": -2, "2015-09-30": 4, "2015-06-30": 40, "2015-03-31": "-130.00000", "2014-12-31": 137, "2014-09-30": -22, "2014-06-30": 11, "2014-03-31": "-72.00000", "2013-12-31": 57, "2013-09-30": 73, "2013-06-30": -50, "2013-03-31": "-97.00000", "2012-12-31": 74, "2012-09-30": -2, "2012-06-30": -37, "2012-03-31": "-68.00000", "2011-12-31": 70, "2011-09-30": 11, "2011-06-30": -20, "2011-03-31": "-87.00000", "2010-12-31": 40, "2010-09-30": 42, "2010-06-30": -41, "2010-03-31": "-67.00000", "2009-12-31": 56, "2009-09-30": 12, "2009-06-30": -6, "2009-03-31": "-22.00000", "2008-12-31": 176, "2008-09-30": 62, "2008-06-30": -97, "2008-03-31": "-70.00000", "2007-12-31": 47, "2007-09-30": -5, "2007-06-30": -43, "2007-03-31": "-37.00000", "2006-12-31": 24, "2006-09-30": 2, "2006-06-30": -18, "2006-03-31": "-13.00000", "2005-12-31": 76, "2005-09-30": -42, "2005-06-30": 42, "2005-03-31": "-85.00000"}, "Change In Inventories": {"2020-12-31": 0, "2020-09-30": 0, "2020-06-30": 0, "2020-03-31": "", "2019-12-31": 0, "2019-09-30": 0, "2019-06-30": 0, "2019-03-31": "", "2018-12-31": 0, "2018-09-30": 0, "2018-06-30": 0, "2018-03-31": "", "2017-12-31": 0, "2017-09-30": 0, "2017-06-30": 0, "2017-03-31": "", "2016-12-31": 0, "2016-09-30": 0, "2016-06-30": 0, "2016-03-31": "", "2015-12-31": 0, "2015-09-30": 0, "2015-06-30": 0, "2015-03-31": "", "2014-12-31": 0, "2014-09-30": 0, "2014-06-30": 0, "2014-03-31": "", "2013-12-31": 0, "2013-09-30": 0, "2013-06-30": 0, "2013-03-31": "", "2012-12-31": 0, "2012-09-30": 0, "2012-06-30": 0, "2012-03-31": "", "2011-12-31": 0, "2011-09-30": 0, "2011-06-30": 0, "2011-03-31": "", "2010-12-31": 0, "2010-09-30": 0, "2010-06-30": 0, "2010-03-31": "", "2009-12-31": 0, "2009-09-30": 0, "2009-06-30": 0, "2009-03-31": "", "2008-12-31": 0, "2008-09-30": 0, "2008-06-30": 0, "2008-03-31": "", "2007-12-31": 0, "2007-09-30": 0, "2007-06-30": 0, "2007-03-31": "", "2006-12-31": 0, "2006-09-30": 0, "2006-06-30": 0, "2006-03-31": "", "2005-12-31": 0, "2005-09-30": 0, "2005-06-30": 0, "2005-03-31": ""}, "Change In Accounts Payable": {"2020-12-31": 0, "2020-09-30": 0, "2020-06-30": 0, "2020-03-31": "", "2019-12-31": 0, "2019-09-30": 0, "2019-06-30": 0, "2019-03-31": "", "2018-12-31": 0, "2018-09-30": 0, "2018-06-30": 0, "2018-03-31": "", "2017-12-31": 0, "2017-09-30": 0, "2017-06-30": 0, "2017-03-31": "", "2016-12-31": 0, "2016-09-30": 0, "2016-06-30": 0, "2016-03-31": "", "2015-12-31": 0, "2015-09-30": 0, "2015-06-30": 0, "2015-03-31": "", "2014-12-31": 0, "2014-09-30": 0, "2014-06-30": 0, "2014-03-31": "", "2013-12-31": 0, "2013-09-30": 0, "2013-06-30": 0, "2013-03-31": "", "2012-12-31": 0, "2012-09-30": 0, "2012-06-30": 0, "2012-03-31": "", "2011-12-31": 0, "2011-09-30": 0, "2011-06-30": 0, "2011-03-31": "", "2010-12-31": 0, "2010-09-30": 0, "2010-06-30": 0, "2010-03-31": "", "2009-12-31": 0, "2009-09-30": 0, "2009-06-30": 0, "2009-03-31": "", "2008-12-31": 0, "2008-09-30": 0, "2008-06-30": 0, "2008-03-31": "", "2007-12-31": 0, "2007-09-30": 0, "2007-06-30": 0, "2007-03-31": "", "2006-12-31": 0, "2006-09-30": 0, "2006-06-30": 0, "2006-03-31": "", "2005-12-31": 0, "2005-09-30": 0, "2005-06-30": 0, "2005-03-31": ""}, "Change In Assets/Liabilities": {"2020-12-31": 101, "2020-09-30": 189, "2020-06-30": 829, "2020-03-31": "622.00000", "2019-12-31": -455, "2019-09-30": -24, "2019-06-30": -13, "2019-03-31": "919.00000", "2018-12-31": -661, "2018-09-30": 32, "2018-06-30": 140, "2018-03-31": "753.00000", "2017-12-31": -427, "2017-09-30": -32, "2017-06-30": -18, "2017-03-31": "874.00000", "2016-12-31": -212, "2016-09-30": 20, "2016-06-30": 377, "2016-03-31": "458.00000", "2015-12-31": -817, "2015-09-30": -86, "2015-06-30": -183, "2015-03-31": "713.00000", "2014-12-31": -572, "2014-09-30": -199, "2014-06-30": 227, "2014-03-31": "779.00000", "2013-12-31": -373, "2013-09-30": -79, "2013-06-30": 153, "2013-03-31": "710.00000", "2012-12-31": -279, "2012-09-30": 173, "2012-06-30": -247, "2012-03-31": "816.00000", "2011-12-31": -5, "2011-09-30": -542, "2011-06-30": -31, "2011-03-31": "449.00000", "2010-12-31": -113, "2010-09-30": -40, "2010-06-30": 220, "2010-03-31": "343.00000", "2009-12-31": -95, "2009-09-30": 18, "2009-06-30": -197, "2009-03-31": "238.00000", "2008-12-31": -2970, "2008-09-30": -2016, "2008-06-30": 2270, "2008-03-31": "487.00000", "2007-12-31": 1440, "2007-09-30": -96, "2007-06-30": 20, "2007-03-31": "154.00000", "2006-12-31": -129, "2006-09-30": 130, "2006-06-30": -58, "2006-03-31": "294.00000", "2005-12-31": -92, "2005-09-30": -56, "2005-06-30": 26, "2005-03-31": "183.00000"}, "Total Change In Assets/Liabilities": {"2020-12-31": 163, "2020-09-30": 90, "2020-06-30": 1911, "2020-03-31": "-486.00000", "2019-12-31": 281, "2019-09-30": -6, "2019-06-30": -84, "2019-03-31": "440.00000", "2018-12-31": 30, "2018-09-30": 179, "2018-06-30": 480, "2018-03-31": "237.00000", "2017-12-31": -116, "2017-09-30": 54, "2017-06-30": -341, "2017-03-31": "931.00000", "2016-12-31": 42, "2016-09-30": -53, "2016-06-30": 75, "2016-03-31": "750.00000", "2015-12-31": -282, "2015-09-30": 299, "2015-06-30": -277, "2015-03-31": "760.00000", "2014-12-31": -313, "2014-09-30": -755, "2014-06-30": 662, "2014-03-31": "731.00000", "2013-12-31": -158, "2013-09-30": -103, "2013-06-30": 265, "2013-03-31": "733.00000", "2012-12-31": -133, "2012-09-30": -16, "2012-06-30": -208, "2012-03-31": "973.00000", "2011-12-31": 52, "2011-09-30": -570, "2011-06-30": 16, "2011-03-31": "600.00000", "2010-12-31": -69, "2010-09-30": -4, "2010-06-30": 459, "2010-03-31": "191.00000", "2009-12-31": 62, "2009-09-30": -116, "2009-06-30": -99, "2009-03-31": "216.00000", "2008-12-31": -2846, "2008-09-30": -2333, "2008-06-30": 2460, "2008-03-31": "463.00000", "2007-12-31": 950, "2007-09-30": -245, "2007-06-30": 424, "2007-03-31": "500.00000", "2006-12-31": -155, "2006-09-30": -612, "2006-06-30": 178, "2006-03-31": "598.00000", "2005-12-31": -167, "2005-09-30": 117, "2005-06-30": 266, "2005-03-31": "691.00000"}, "Cash Flow From Operating Activities": {"2020-12-31": -596, "2020-09-30": -1051, "2020-06-30": 897, "2020-03-31": "-377.00000", "2019-12-31": 824, "2019-09-30": 1092, "2019-06-30": 966, "2019-03-31": "1105.00000", "2018-12-31": 989, "2018-09-30": 1272, "2018-06-30": 1630, "2018-03-31": "1002.00000", "2017-12-31": 563, "2017-09-30": 996, "2017-06-30": 745, "2017-03-31": "1625.00000", "2016-12-31": 709, "2016-09-30": 856, "2016-06-30": 1112, "2016-03-31": "1616.00000", "2015-12-31": 324, "2015-09-30": 835, "2015-06-30": 627, "2015-03-31": "1452.00000", "2014-12-31": 204, "2014-09-30": 240, "2014-06-30": 1339, "2014-03-31": "1119.00000", "2013-12-31": 289, "2013-09-30": 428, "2013-06-30": 777, "2013-03-31": "983.00000", "2012-12-31": 231, "2012-09-30": 463, "2012-06-30": 145, "2012-03-31": "1225.00000", "2011-12-31": 371, "2011-09-30": -217, "2011-06-30": 237, "2011-03-31": "965.00000", "2010-12-31": 269, "2010-09-30": 379, "2010-06-30": 540, "2010-03-31": "373.00000", "2009-12-31": 492, "2009-09-30": 73, "2009-06-30": 134, "2009-03-31": "286.00000", "2008-12-31": -2545, "2008-09-30": -2276, "2008-06-30": 2336, "2008-03-31": "964.00000", "2007-12-31": 1094, "2007-09-30": 154, "2007-06-30": 980, "2007-03-31": "617.00000", "2006-12-31": 143, "2006-09-30": -320, "2006-06-30": 832, "2006-03-31": "751.00000", "2005-12-31": 31, "2005-09-30": 577, "2005-06-30": 646, "2005-03-31": "864.00000"}, "Net Change In Property, Plant, And Equipment": {"2020-12-31": -90, "2020-09-30": -89, "2020-06-30": 16, "2020-03-31": "76.00000", "2019-12-31": 139, "2019-09-30": -376, "2019-06-30": -230, "2019-03-31": "-160.00000", "2018-12-31": -538, "2018-09-30": -455, "2018-06-30": -520, "2018-03-31": "-409.00000", "2017-12-31": -520, "2017-09-30": -638, "2017-06-30": -551, "2017-03-31": "-414.00000", "2016-12-31": -674, "2016-09-30": -464, "2016-06-30": -462, "2016-03-31": "-438.00000", "2015-12-31": -810, "2015-09-30": -230, "2015-06-30": -428, "2015-03-31": "-573.00000", "2014-12-31": -466, "2014-09-30": -406, "2014-06-30": -481, "2014-03-31": "-395.00000", "2013-12-31": -438, "2013-09-30": -268, "2013-06-30": -193, "2013-03-31": "-534.00000", "2012-12-31": -399, "2012-09-30": -406, "2012-06-30": -416, "2012-03-31": "-127.00000", "2011-12-31": -420, "2011-09-30": -276, "2011-06-30": -215, "2011-03-31": "-57.00000", "2010-12-31": -95, "2010-09-30": -100, "2010-06-30": -159, "2010-03-31": "-139.00000", "2009-12-31": -114, "2009-09-30": -199, "2009-06-30": -187, "2009-03-31": "-85.00000", "2008-12-31": -158, "2008-09-30": -178, "2008-06-30": -223, "2008-03-31": "-364.00000", "2007-12-31": -350, "2007-09-30": -318, "2007-06-30": -338, "2007-03-31": "-325.00000", "2006-12-31": -353, "2006-09-30": -381, "2006-06-30": -403, "2006-03-31": "-262.00000", "2005-12-31": -204, "2005-09-30": -255, "2005-06-30": -280, "2005-03-31": "-407.00000"}, "Net Change In Intangible Assets": {"2020-12-31": 0, "2020-09-30": 0, "2020-06-30": 0, "2020-03-31": "", "2019-12-31": 0, "2019-09-30": 0, "2019-06-30": 0, "2019-03-31": "", "2018-12-31": 0, "2018-09-30": 0, "2018-06-30": 0, "2018-03-31": "", "2017-12-31": 0, "2017-09-30": 0, "2017-06-30": 0, "2017-03-31": "", "2016-12-31": 0, "2016-09-30": 0, "2016-06-30": 0, "2016-03-31": "", "2015-12-31": 0, "2015-09-30": 0, "2015-06-30": 0, "2015-03-31": "", "2014-12-31": 0, "2014-09-30": 0, "2014-06-30": 0, "2014-03-31": "", "2013-12-31": 0, "2013-09-30": 0, "2013-06-30": 0, "2013-03-31": "", "2012-12-31": 0, "2012-09-30": 0, "2012-06-30": 0, "2012-03-31": "", "2011-12-31": 0, "2011-09-30": 0, "2011-06-30": 0, "2011-03-31": "", "2010-12-31": 0, "2010-09-30": 0, "2010-06-30": 0, "2010-03-31": "", "2009-12-31": 0, "2009-09-30": 0, "2009-06-30": 0, "2009-03-31": "", "2008-12-31": 0, "2008-09-30": 0, "2008-06-30": 0, "2008-03-31": "", "2007-12-31": 0, "2007-09-30": 0, "2007-06-30": 0, "2007-03-31": "", "2006-12-31": 0, "2006-09-30": 0, "2006-06-30": 0, "2006-03-31": "", "2005-12-31": 0, "2005-09-30": 0, "2005-06-30": 0, "2005-03-31": ""}, "Net Acquisitions/Divestitures": {"2020-12-31": 0, "2020-09-30": 0, "2020-06-30": 0, "2020-03-31": "", "2019-12-31": 0, "2019-09-30": 0, "2019-06-30": 0, "2019-03-31": "", "2018-12-31": 0, "2018-09-30": 0, "2018-06-30": 0, "2018-03-31": "", "2017-12-31": 0, "2017-09-30": 0, "2017-06-30": 0, "2017-03-31": "", "2016-12-31": 0, "2016-09-30": 0, "2016-06-30": 0, "2016-03-31": "", "2015-12-31": 0, "2015-09-30": 0, "2015-06-30": 0, "2015-03-31": "", "2014-12-31": 0, "2014-09-30": 0, "2014-06-30": 0, "2014-03-31": "", "2013-12-31": 0, "2013-09-30": 0, "2013-06-30": 0, "2013-03-31": "", "2012-12-31": 0, "2012-09-30": 0, "2012-06-30": 0, "2012-03-31": "", "2011-12-31": 0, "2011-09-30": 0, "2011-06-30": -35, "2011-03-31": "", "2010-12-31": 0, "2010-09-30": 0, "2010-06-30": 0, "2010-03-31": "", "2009-12-31": 0, "2009-09-30": 0, "2009-06-30": 0, "2009-03-31": "", "2008-12-31": 0, "2008-09-30": 0, "2008-06-30": 0, "2008-03-31": "", "2007-12-31": 0, "2007-09-30": 0, "2007-06-30": 0, "2007-03-31": "", "2006-12-31": 20, "2006-09-30": 0, "2006-06-30": 0, "2006-03-31": "", "2005-12-31": 0, "2005-09-30": 0, "2005-06-30": 0, "2005-03-31": "-6.00000"}, "Net Change In Short-term Investments": {"2020-12-31": 181, "2020-09-30": -345, "2020-06-30": -499, "2020-03-31": "-81.00000", "2019-12-31": 5, "2019-09-30": 16, "2019-06-30": -21, "2019-03-31": "324.00000", "2018-12-31": -125, "2018-09-30": -146, "2018-06-30": -156, "2018-03-31": "360.00000", "2017-12-31": -202, "2017-09-30": 34, "2017-06-30": 16, "2017-03-31": "-7.00000", "2016-12-31": -126, "2016-09-30": -92, "2016-06-30": -181, "2016-03-31": "274.00000", "2015-12-31": -112, "2015-09-30": 3, "2015-06-30": 53, "2015-03-31": "293.00000", "2014-12-31": 22, "2014-09-30": 390, "2014-06-30": -356, "2014-03-31": "49.00000", "2013-12-31": 198, "2013-09-30": -91, "2013-06-30": -106, "2013-03-31": "62.00000", "2012-12-31": 210, "2012-09-30": 136, "2012-06-30": 54, "2012-03-31": "115.00000", "2011-12-31": 355, "2011-09-30": 139, "2011-06-30": -339, "2011-03-31": "-174.00000", "2010-12-31": 75, "2010-09-30": -213, "2010-06-30": -451, "2010-03-31": "-183.00000", "2009-12-31": -144, "2009-09-30": -99, "2009-06-30": -190, "2009-03-31": "-553.00000", "2008-12-31": 616, "2008-09-30": 131, "2008-06-30": -1040, "2008-03-31": "238.00000", "2007-12-31": -60, "2007-09-30": 3, "2007-06-30": -195, "2007-03-31": "54.00000", "2006-12-31": -14, "2006-09-30": 42, "2006-06-30": -77, "2006-03-31": "-68.00000", "2005-12-31": -66, "2005-09-30": -185, "2005-06-30": 0, "2005-03-31": "257.00000"}, "Net Change In Long-Term Investments": {"2020-12-31": 0, "2020-09-30": 0, "2020-06-30": 0, "2020-03-31": "", "2019-12-31": 0, "2019-09-30": 0, "2019-06-30": 0, "2019-03-31": "", "2018-12-31": 0, "2018-09-30": 0, "2018-06-30": 0, "2018-03-31": "", "2017-12-31": 0, "2017-09-30": 0, "2017-06-30": 0, "2017-03-31": "", "2016-12-31": 0, "2016-09-30": 0, "2016-06-30": 0, "2016-03-31": "", "2015-12-31": 0, "2015-09-30": 0, "2015-06-30": 0, "2015-03-31": "", "2014-12-31": 0, "2014-09-30": 0, "2014-06-30": 0, "2014-03-31": "", "2013-12-31": 0, "2013-09-30": 0, "2013-06-30": 0, "2013-03-31": "", "2012-12-31": 0, "2012-09-30": 0, "2012-06-30": 0, "2012-03-31": "", "2011-12-31": 0, "2011-09-30": 0, "2011-06-30": 0, "2011-03-31": "", "2010-12-31": 0, "2010-09-30": 0, "2010-06-30": 0, "2010-03-31": "", "2009-12-31": 0, "2009-09-30": 0, "2009-06-30": 0, "2009-03-31": "", "2008-12-31": 0, "2008-09-30": 0, "2008-06-30": 0, "2008-03-31": "", "2007-12-31": 0, "2007-09-30": 0, "2007-06-30": 0, "2007-03-31": "", "2006-12-31": 0, "2006-09-30": 0, "2006-06-30": 0, "2006-03-31": "", "2005-12-31": 0, "2005-09-30": 0, "2005-06-30": 0, "2005-03-31": ""}, "Net Change In Investments - Total": {"2020-12-31": 181, "2020-09-30": -345, "2020-06-30": -499, "2020-03-31": "-81.00000", "2019-12-31": 5, "2019-09-30": 16, "2019-06-30": -21, "2019-03-31": "324.00000", "2018-12-31": -125, "2018-09-30": -146, "2018-06-30": -156, "2018-03-31": "360.00000", "2017-12-31": -202, "2017-09-30": 34, "2017-06-30": 16, "2017-03-31": "-7.00000", "2016-12-31": -126, "2016-09-30": -92, "2016-06-30": -181, "2016-03-31": "274.00000", "2015-12-31": -112, "2015-09-30": 3, "2015-06-30": 53, "2015-03-31": "293.00000", "2014-12-31": 22, "2014-09-30": 390, "2014-06-30": -356, "2014-03-31": "49.00000", "2013-12-31": 198, "2013-09-30": -91, "2013-06-30": -106, "2013-03-31": "62.00000", "2012-12-31": 210, "2012-09-30": 136, "2012-06-30": 54, "2012-03-31": "115.00000", "2011-12-31": 355, "2011-09-30": 139, "2011-06-30": -339, "2011-03-31": "-174.00000", "2010-12-31": 75, "2010-09-30": -213, "2010-06-30": -451, "2010-03-31": "-183.00000", "2009-12-31": -144, "2009-09-30": -99, "2009-06-30": -190, "2009-03-31": "-553.00000", "2008-12-31": 616, "2008-09-30": 131, "2008-06-30": -1040, "2008-03-31": "238.00000", "2007-12-31": -60, "2007-09-30": 3, "2007-06-30": -195, "2007-03-31": "54.00000", "2006-12-31": -14, "2006-09-30": 42, "2006-06-30": -77, "2006-03-31": "-68.00000", "2005-12-31": -66, "2005-09-30": -185, "2005-06-30": 0, "2005-03-31": "257.00000"}, "Investing Activities - Other": {"2020-12-31": 0, "2020-09-30": 0, "2020-06-30": 815, "2020-03-31": "", "2019-12-31": 0, "2019-09-30": 0, "2019-06-30": 0, "2019-03-31": "", "2018-12-31": -5, "2018-09-30": -3, "2018-06-30": -17, "2018-03-31": "-24.00000", "2017-12-31": -13, "2017-09-30": -16, "2017-06-30": -48, "2017-03-31": "-49.00000", "2016-12-31": -39, "2016-09-30": -28, "2016-06-30": -31, "2016-03-31": "-11.00000", "2015-12-31": -24, "2015-09-30": -32, "2015-06-30": -31, "2015-03-31": "-22.00000", "2014-12-31": -24, "2014-09-30": -28, "2014-06-30": -20, "2014-03-31": "-12.00000", "2013-12-31": -14, "2013-09-30": 0, "2013-06-30": 0, "2013-03-31": "", "2012-12-31": 0, "2012-09-30": -6, "2012-06-30": 6, "2012-03-31": "", "2011-12-31": 0, "2011-09-30": 0, "2011-06-30": 0, "2011-03-31": "", "2010-12-31": 0, "2010-09-30": 0, "2010-06-30": 0, "2010-03-31": "", "2009-12-31": 1, "2009-09-30": 0, "2009-06-30": 1, "2009-03-31": "", "2008-12-31": 0, "2008-09-30": 0, "2008-06-30": 0, "2008-03-31": "", "2007-12-31": 0, "2007-09-30": 0, "2007-06-30": 0, "2007-03-31": "", "2006-12-31": -20, "2006-09-30": 0, "2006-06-30": 0, "2006-03-31": "21.00000", "2005-12-31": 0, "2005-09-30": 0, "2005-06-30": 0, "2005-03-31": ""}, "Cash Flow From Investing Activities": {"2020-12-31": 91, "2020-09-30": -434, "2020-06-30": 332, "2020-03-31": "-5.00000", "2019-12-31": 144, "2019-09-30": -360, "2019-06-30": -251, "2019-03-31": "164.00000", "2018-12-31": -668, "2018-09-30": -604, "2018-06-30": -693, "2018-03-31": "-73.00000", "2017-12-31": -735, "2017-09-30": -620, "2017-06-30": -583, "2017-03-31": "-470.00000", "2016-12-31": -839, "2016-09-30": -584, "2016-06-30": -674, "2016-03-31": "-175.00000", "2015-12-31": -946, "2015-09-30": -259, "2015-06-30": -406, "2015-03-31": "-302.00000", "2014-12-31": -468, "2014-09-30": -44, "2014-06-30": -857, "2014-03-31": "-358.00000", "2013-12-31": -254, "2013-09-30": -359, "2013-06-30": -299, "2013-03-31": "-472.00000", "2012-12-31": -189, "2012-09-30": -276, "2012-06-30": -356, "2012-03-31": "-12.00000", "2011-12-31": -65, "2011-09-30": -137, "2011-06-30": -589, "2011-03-31": "-231.00000", "2010-12-31": -20, "2010-09-30": -313, "2010-06-30": -610, "2010-03-31": "-322.00000", "2009-12-31": -257, "2009-09-30": -298, "2009-06-30": -376, "2009-03-31": "-638.00000", "2008-12-31": 458, "2008-09-30": -47, "2008-06-30": -1263, "2008-03-31": "-126.00000", "2007-12-31": -410, "2007-09-30": -315, "2007-06-30": -533, "2007-03-31": "-271.00000", "2006-12-31": -367, "2006-09-30": -339, "2006-06-30": -480, "2006-03-31": "-309.00000", "2005-12-31": -270, "2005-09-30": -440, "2005-06-30": -280, "2005-03-31": "-156.00000"}, "Net Long-Term Debt": {"2020-12-31": -544, "2020-09-30": 1067, "2020-06-30": 6138, "2020-03-31": "422.00000", "2019-12-31": -370, "2019-09-30": -70, "2019-06-30": -76, "2019-03-31": "-99.00000", "2018-12-31": -95, "2018-09-30": -105, "2018-06-30": -83, "2018-03-31": "-89.00000", "2017-12-31": 539, "2017-09-30": -108, "2017-06-30": -62, "2017-03-31": "-371.00000", "2016-12-31": 92, "2016-09-30": -70, "2016-06-30": -49, "2016-03-31": "-58.00000", "2015-12-31": 455, "2015-09-30": -81, "2015-06-30": -44, "2015-03-31": "-53.00000", "2014-12-31": -97, "2014-09-30": -51, "2014-06-30": -75, "2014-03-31": "-49.00000", "2013-12-31": -48, "2013-09-30": -54, "2013-06-30": -52, "2013-03-31": "-164.00000", "2012-12-31": -61, "2012-09-30": -48, "2012-06-30": -38, "2012-03-31": "-431.00000", "2011-12-31": -430, "2011-09-30": -48, "2011-06-30": -113, "2011-03-31": "-30.00000", "2010-12-31": -32, "2010-09-30": -38, "2010-06-30": -25, "2010-03-31": "-60.00000", "2009-12-31": -23, "2009-09-30": 101, "2009-06-30": 326, "2009-03-31": "-35.00000", "2008-12-31": 386, "2008-09-30": -16, "2008-06-30": 594, "2008-03-31": "-19.00000", "2007-12-31": 494, "2007-09-30": -101, "2007-06-30": -6, "2007-03-31": "-9.00000", "2006-12-31": -170, "2006-09-30": -1, "2006-06-30": -99, "2006-03-31": "-37.00000", "2005-12-31": -13, "2005-09-30": -1, "2005-06-30": -27, "2005-03-31": "192.00000"}, "Net Current Debt": {"2020-12-31": 0, "2020-09-30": 0, "2020-06-30": -2000, "2020-03-31": "2000.00000", "2019-12-31": 0, "2019-09-30": 0, "2019-06-30": 0, "2019-03-31": "", "2018-12-31": 0, "2018-09-30": 0, "2018-06-30": 0, "2018-03-31": "", "2017-12-31": 0, "2017-09-30": 0, "2017-06-30": 0, "2017-03-31": "", "2016-12-31": 0, "2016-09-30": 0, "2016-06-30": 0, "2016-03-31": "", "2015-12-31": 0, "2015-09-30": 0, "2015-06-30": 0, "2015-03-31": "", "2014-12-31": 0, "2014-09-30": 0, "2014-06-30": 0, "2014-03-31": "", "2013-12-31": 0, "2013-09-30": 0, "2013-06-30": 0, "2013-03-31": "", "2012-12-31": 0, "2012-09-30": 0, "2012-06-30": 0, "2012-03-31": "", "2011-12-31": 0, "2011-09-30": 0, "2011-06-30": 0, "2011-03-31": "", "2010-12-31": 0, "2010-09-30": 0, "2010-06-30": -44, "2010-03-31": "", "2009-12-31": -6, "2009-09-30": 83, "2009-06-30": -491, "2009-03-31": "", "2008-12-31": 491, "2008-09-30": 0, "2008-06-30": 0, "2008-03-31": "", "2007-12-31": 0, "2007-09-30": 0, "2007-06-30": 0, "2007-03-31": "", "2006-12-31": 0, "2006-09-30": 0, "2006-06-30": 0, "2006-03-31": "", "2005-12-31": 0, "2005-09-30": 0, "2005-06-30": 0, "2005-03-31": ""}, "Debt Issuance/Retirement Net - Total": {"2020-12-31": -544, "2020-09-30": 1067, "2020-06-30": 4138, "2020-03-31": "2422.00000", "2019-12-31": -370, "2019-09-30": -70, "2019-06-30": -76, "2019-03-31": "-99.00000", "2018-12-31": -95, "2018-09-30": -105, "2018-06-30": -83, "2018-03-31": "-89.00000", "2017-12-31": 539, "2017-09-30": -108, "2017-06-30": -62, "2017-03-31": "-371.00000", "2016-12-31": 92, "2016-09-30": -70, "2016-06-30": -49, "2016-03-31": "-58.00000", "2015-12-31": 455, "2015-09-30": -81, "2015-06-30": -44, "2015-03-31": "-53.00000", "2014-12-31": -97, "2014-09-30": -51, "2014-06-30": -75, "2014-03-31": "-49.00000", "2013-12-31": -48, "2013-09-30": -54, "2013-06-30": -52, "2013-03-31": "-164.00000", "2012-12-31": -61, "2012-09-30": -48, "2012-06-30": -38, "2012-03-31": "-431.00000", "2011-12-31": -430, "2011-09-30": -48, "2011-06-30": -113, "2011-03-31": "-30.00000", "2010-12-31": -32, "2010-09-30": -38, "2010-06-30": -69, "2010-03-31": "-60.00000", "2009-12-31": -29, "2009-09-30": 184, "2009-06-30": -165, "2009-03-31": "-35.00000", "2008-12-31": 877, "2008-09-30": -16, "2008-06-30": 594, "2008-03-31": "-19.00000", "2007-12-31": 494, "2007-09-30": -101, "2007-06-30": -6, "2007-03-31": "-9.00000", "2006-12-31": -170, "2006-09-30": -1, "2006-06-30": -99, "2006-03-31": "-37.00000", "2005-12-31": -13, "2005-09-30": -1, "2005-06-30": -27, "2005-03-31": "192.00000"}, "Net Common Equity Issued/Repurchased": {"2020-12-31": 12, "2020-09-30": 12, "2020-06-30": 2307, "2020-03-31": "-440.00000", "2019-12-31": -539, "2019-09-30": -491, "2019-06-30": -440, "2019-03-31": "-490.00000", "2018-12-31": -491, "2018-09-30": -491, "2018-06-30": -492, "2018-03-31": "-491.00000", "2017-12-31": -343, "2017-09-30": -292, "2017-06-30": -393, "2017-03-31": "-543.00000", "2016-12-31": -294, "2016-09-30": -244, "2016-06-30": -694, "2016-03-31": "-489.00000", "2015-12-31": 16, "2015-09-30": -491, "2015-06-30": -372, "2015-03-31": "-287.00000", "2014-12-31": -186, "2014-09-30": -177, "2014-06-30": -216, "2014-03-31": "-266.00000", "2013-12-31": 26, "2013-09-30": -138, "2013-06-30": -238, "2013-03-31": "-94.00000", "2012-12-31": -70, "2012-09-30": -45, "2012-06-30": -213, "2012-03-31": "-45.00000", "2011-12-31": -65, "2011-09-30": -171, "2011-06-30": 27, "2011-03-31": "4.00000", "2010-12-31": 10, "2010-09-30": 10, "2010-06-30": 23, "2010-03-31": "12.00000", "2009-12-31": 9, "2009-09-30": 3, "2009-06-30": 4, "2009-03-31": "4.00000", "2008-12-31": 4, "2008-09-30": 86, "2008-06-30": 16, "2008-03-31": "-43.00000", "2007-12-31": 11, "2007-09-30": -291, "2007-06-30": -451, "2007-03-31": "-131.00000", "2006-12-31": -166, "2006-09-30": -7, "2006-06-30": -260, "2006-03-31": "-107.00000", "2005-12-31": 74, "2005-09-30": 21, "2005-06-30": 18, "2005-03-31": "-36.00000"}, "Net Total Equity Issued/Repurchased": {"2020-12-31": 12, "2020-09-30": 12, "2020-06-30": 2307, "2020-03-31": "-440.00000", "2019-12-31": -539, "2019-09-30": -491, "2019-06-30": -440, "2019-03-31": "-490.00000", "2018-12-31": -491, "2018-09-30": -491, "2018-06-30": -492, "2018-03-31": "-491.00000", "2017-12-31": -343, "2017-09-30": -292, "2017-06-30": -393, "2017-03-31": "-543.00000", "2016-12-31": -294, "2016-09-30": -244, "2016-06-30": -694, "2016-03-31": "-489.00000", "2015-12-31": 16, "2015-09-30": -491, "2015-06-30": -372, "2015-03-31": "-287.00000", "2014-12-31": -186, "2014-09-30": -177, "2014-06-30": -216, "2014-03-31": "-266.00000", "2013-12-31": 26, "2013-09-30": -138, "2013-06-30": -238, "2013-03-31": "-94.00000", "2012-12-31": -70, "2012-09-30": -45, "2012-06-30": -213, "2012-03-31": "-45.00000", "2011-12-31": -65, "2011-09-30": -171, "2011-06-30": 27, "2011-03-31": "4.00000", "2010-12-31": 10, "2010-09-30": 10, "2010-06-30": 23, "2010-03-31": "12.00000", "2009-12-31": 9, "2009-09-30": 3, "2009-06-30": 4, "2009-03-31": "4.00000", "2008-12-31": 4, "2008-09-30": 86, "2008-06-30": 16, "2008-03-31": "-43.00000", "2007-12-31": 11, "2007-09-30": -291, "2007-06-30": -451, "2007-03-31": "-131.00000", "2006-12-31": -166, "2006-09-30": -7, "2006-06-30": -260, "2006-03-31": "-107.00000", "2005-12-31": 74, "2005-09-30": 21, "2005-06-30": 18, "2005-03-31": "-36.00000"}, "Total Common And Preferred Stock Dividends Paid": {"2020-12-31": 0, "2020-09-30": 0, "2020-06-30": 0, "2020-03-31": "-188.00000", "2019-12-31": 0, "2019-09-30": -96, "2019-06-30": -98, "2019-03-31": "-178.00000", "2018-12-31": 0, "2018-09-30": -92, "2018-06-30": -92, "2018-03-31": "-148.00000", "2017-12-31": 0, "2017-09-30": -75, "2017-06-30": -76, "2017-03-31": "-123.00000", "2016-12-31": 0, "2016-09-30": -62, "2016-06-30": -64, "2016-03-31": "-96.00000", "2015-12-31": 0, "2015-09-30": -49, "2015-06-30": -50, "2015-03-31": "-81.00000", "2014-12-31": -1, "2014-09-30": -41, "2014-06-30": -41, "2014-03-31": "-56.00000", "2013-12-31": 0, "2013-09-30": -28, "2013-06-30": -28, "2013-03-31": "-15.00000", "2012-12-31": 0, "2012-09-30": -8, "2012-06-30": -7, "2012-03-31": "-7.00000", "2011-12-31": 0, "2011-09-30": -4, "2011-06-30": -3, "2011-03-31": "-7.00000", "2010-12-31": 0, "2010-09-30": -3, "2010-06-30": -3, "2010-03-31": "-7.00000", "2009-12-31": 0, "2009-09-30": -3, "2009-06-30": -3, "2009-03-31": "-7.00000", "2008-12-31": 0, "2008-09-30": -3, "2008-06-30": -3, "2008-03-31": "-7.00000", "2007-12-31": 0, "2007-09-30": -3, "2007-06-30": -4, "2007-03-31": "-7.00000", "2006-12-31": 0, "2006-09-30": -3, "2006-06-30": -4, "2006-03-31": "-7.00000", "2005-12-31": 0, "2005-09-30": -3, "2005-06-30": -4, "2005-03-31": "-7.00000"}, "Financial Activities - Other": {"2020-12-31": -9, "2020-09-30": 164, "2020-06-30": 737, "2020-03-31": "-20.00000", "2019-12-31": 1, "2019-09-30": -33, "2019-06-30": 1, "2019-03-31": "-12.00000", "2018-12-31": 15, "2018-09-30": 10, "2018-06-30": 22, "2018-03-31": "126.00000", "2017-12-31": 11, "2017-09-30": 22, "2017-06-30": 55, "2017-03-31": "53.00000", "2016-12-31": 46, "2016-09-30": 30, "2016-06-30": 21, "2016-03-31": "7.00000", "2015-12-31": -6, "2015-09-30": 13, "2015-06-30": -8, "2015-03-31": "14.00000", "2014-12-31": -2, "2014-09-30": 23, "2014-06-30": -9, "2014-03-31": "-4.00000", "2013-12-31": 9, "2013-09-30": -5, "2013-06-30": -9, "2013-03-31": "-13.00000", "2012-12-31": 34, "2012-09-30": -1, "2012-06-30": -6, "2012-03-31": "-1.00000", "2011-12-31": 2, "2011-09-30": -2, "2011-06-30": -3, "2011-03-31": "77.00000", "2010-12-31": 3, "2010-09-30": 7, "2010-06-30": -2, "2010-03-31": "", "2009-12-31": -3, "2009-09-30": -3, "2009-06-30": 207, "2009-03-31": "167.00000", "2008-12-31": 184, "2008-09-30": -7, "2008-06-30": -9, "2008-03-31": "", "2007-12-31": -26, "2007-09-30": 1, "2007-06-30": 1, "2007-03-31": "29.00000", "2006-12-31": 3, "2006-09-30": 25, "2006-06-30": 3, "2006-03-31": "29.00000", "2005-12-31": 30, "2005-09-30": 5, "2005-06-30": 8, "2005-03-31": "3.00000"}, "Cash Flow From Financial Activities": {"2020-12-31": -541, "2020-09-30": 1243, "2020-06-30": 7182, "2020-03-31": "1774.00000", "2019-12-31": -908, "2019-09-30": -690, "2019-06-30": -613, "2019-03-31": "-779.00000", "2018-12-31": -571, "2018-09-30": -678, "2018-06-30": -645, "2018-03-31": "-602.00000", "2017-12-31": 207, "2017-09-30": -453, "2017-06-30": -476, "2017-03-31": "-984.00000", "2016-12-31": -156, "2016-09-30": -346, "2016-06-30": -786, "2016-03-31": "-636.00000", "2015-12-31": 465, "2015-09-30": -608, "2015-06-30": -474, "2015-03-31": "-407.00000", "2014-12-31": -286, "2014-09-30": -246, "2014-06-30": -341, "2014-03-31": "-375.00000", "2013-12-31": -13, "2013-09-30": -225, "2013-06-30": -327, "2013-03-31": "-286.00000", "2012-12-31": -97, "2012-09-30": -102, "2012-06-30": -264, "2012-03-31": "-484.00000", "2011-12-31": -493, "2011-09-30": -225, "2011-06-30": -92, "2011-03-31": "44.00000", "2010-12-31": -19, "2010-09-30": -24, "2010-06-30": -51, "2010-03-31": "-55.00000", "2009-12-31": -23, "2009-09-30": 181, "2009-06-30": 43, "2009-03-31": "129.00000", "2008-12-31": 1065, "2008-09-30": 60, "2008-06-30": 598, "2008-03-31": "-69.00000", "2007-12-31": 479, "2007-09-30": -394, "2007-06-30": -460, "2007-03-31": "-118.00000", "2006-12-31": -333, "2006-09-30": 14, "2006-06-30": -360, "2006-03-31": "-122.00000", "2005-12-31": 91, "2005-09-30": 22, "2005-06-30": -5, "2005-03-31": "152.00000"}, "Net Cash Flow": {"2020-12-31": -1046, "2020-09-30": -242, "2020-06-30": 8411, "2020-03-31": "1392.00000", "2019-12-31": 60, "2019-09-30": 42, "2019-06-30": 102, "2019-03-31": "490.00000", "2018-12-31": -250, "2018-09-30": -10, "2018-06-30": 292, "2018-03-31": "327.00000", "2017-12-31": 35, "2017-09-30": -77, "2017-06-30": -314, "2017-03-31": "171.00000", "2016-12-31": -286, "2016-09-30": -74, "2016-06-30": -348, "2016-03-31": "805.00000", "2015-12-31": -157, "2015-09-30": -32, "2015-06-30": -253, "2015-03-31": "743.00000", "2014-12-31": -550, "2014-09-30": -50, "2014-06-30": 141, "2014-03-31": "386.00000", "2013-12-31": 22, "2013-09-30": -156, "2013-06-30": 151, "2013-03-31": "225.00000", "2012-12-31": -55, "2012-09-30": 85, "2012-06-30": -475, "2012-03-31": "729.00000", "2011-12-31": -187, "2011-09-30": -579, "2011-06-30": -444, "2011-03-31": "778.00000", "2010-12-31": 230, "2010-09-30": 42, "2010-06-30": -121, "2010-03-31": "-4.00000", "2009-12-31": 212, "2009-09-30": -44, "2009-06-30": -199, "2009-03-31": "-223.00000", "2008-12-31": -1022, "2008-09-30": -2263, "2008-06-30": 1671, "2008-03-31": "769.00000", "2007-12-31": 1163, "2007-09-30": -555, "2007-06-30": -13, "2007-03-31": "228.00000", "2006-12-31": -557, "2006-09-30": -645, "2006-06-30": -8, "2006-03-31": "320.00000", "2005-12-31": -148, "2005-09-30": 159, "2005-06-30": 361, "2005-03-31": "860.00000"}, "Stock-Based Compensation": {"2020-12-31": 0, "2020-09-30": 0, "2020-06-30": 0, "2020-03-31": "", "2019-12-31": 0, "2019-09-30": 0, "2019-06-30": 0, "2019-03-31": "", "2018-12-31": 0, "2018-09-30": 0, "2018-06-30": 0, "2018-03-31": "", "2017-12-31": 0, "2017-09-30": 0, "2017-06-30": 0, "2017-03-31": "", "2016-12-31": 0, "2016-09-30": 0, "2016-06-30": 0, "2016-03-31": "", "2015-12-31": 0, "2015-09-30": 0, "2015-06-30": 0, "2015-03-31": "", "2014-12-31": 0, "2014-09-30": 0, "2014-06-30": 0, "2014-03-31": "", "2013-12-31": 0, "2013-09-30": 0, "2013-06-30": 0, "2013-03-31": "", "2012-12-31": 0, "2012-09-30": 0, "2012-06-30": 0, "2012-03-31": "", "2011-12-31": 0, "2011-09-30": 0, "2011-06-30": 0, "2011-03-31": "", "2010-12-31": 0, "2010-09-30": 0, "2010-06-30": 0, "2010-03-31": "", "2009-12-31": 0, "2009-09-30": 0, "2009-06-30": -3, "2009-03-31": "3.00000", "2008-12-31": -14, "2008-09-30": 5, "2008-06-30": 4, "2008-03-31": "5.00000", "2007-12-31": 7, "2007-09-30": 4, "2007-06-30": 13, "2007-03-31": "13.00000", "2006-12-31": 14, "2006-09-30": 21, "2006-06-30": 23, "2006-03-31": "22.00000", "2005-12-31": 23, "2005-09-30": 19, "2005-06-30": 18, "2005-03-31": "20.00000"}, "Common Stock Dividends Paid": {"2020-12-31": 0, "2020-09-30": 0, "2020-06-30": 0, "2020-03-31": "-188.00000", "2019-12-31": 0, "2019-09-30": -96, "2019-06-30": -98, "2019-03-31": "-178.00000", "2018-12-31": 0, "2018-09-30": -92, "2018-06-30": -92, "2018-03-31": "-148.00000", "2017-12-31": 0, "2017-09-30": -75, "2017-06-30": -76, "2017-03-31": "-123.00000", "2016-12-31": 0, "2016-09-30": -62, "2016-06-30": -64, "2016-03-31": "-96.00000", "2015-12-31": 0, "2015-09-30": -49, "2015-06-30": -50, "2015-03-31": "-81.00000", "2014-12-31": -1, "2014-09-30": -41, "2014-06-30": -41, "2014-03-31": "-56.00000", "2013-12-31": 0, "2013-09-30": -28, "2013-06-30": -28, "2013-03-31": "-15.00000", "2012-12-31": 0, "2012-09-30": -8, "2012-06-30": -7, "2012-03-31": "-7.00000", "2011-12-31": 0, "2011-09-30": -4, "2011-06-30": -3, "2011-03-31": "-7.00000", "2010-12-31": 0, "2010-09-30": -3, "2010-06-30": -3, "2010-03-31": "-7.00000", "2009-12-31": 0, "2009-09-30": -3, "2009-06-30": -3, "2009-03-31": "-7.00000", "2008-12-31": 0, "2008-09-30": -3, "2008-06-30": -3, "2008-03-31": "-7.00000", "2007-12-31": 0, "2007-09-30": -3, "2007-06-30": -4, "2007-03-31": "-7.00000", "2006-12-31": 0, "2006-09-30": -3, "2006-06-30": -4, "2006-03-31": "-7.00000", "2005-12-31": 0, "2005-09-30": -3, "2005-06-30": -4, "2005-03-31": "-7.00000"}}, "financial ratios": {"Current Ratio": {"2019-12-31": "0.66730", "2018-12-31": "0.63610", "2017-12-31": "0.70160", "2016-12-31": "0.65720", "2015-12-31": "0.54330", "2014-12-31": "0.66300", "2013-12-31": "0.78510", "2012-12-31": "0.90900", "2011-12-31": "0.95850", "2010-12-31": "1.29470", "2009-12-31": "1.24600", "2008-12-31": "0.94550", "2007-12-31": "0.91840", "2006-12-31": "0.90090", "2005-12-31": "0.94070"}, "Long-term Debt / Capital": {"2019-12-31": "0.16970", "2018-12-31": "0.31220", "2017-12-31": "0.32820", "2016-12-31": "0.31600", "2015-12-31": "0.30950", "2014-12-31": "0.30610", "2013-12-31": "0.26370", "2012-12-31": "0.31490", "2011-12-31": "0.31120", "2010-12-31": "0.31550", "2009-12-31": "0.37870", "2008-12-31": "0.41390", "2007-12-31": "0.22800", "2006-12-31": "0.19550", "2005-12-31": "0.17280"}, "Debt/Equity Ratio": {"2019-12-31": "0.28770", "2018-12-31": "0.51540", "2017-12-31": "0.52460", "2016-12-31": "0.52900", "2015-12-31": "0.53480", "2014-12-31": "0.47910", "2013-12-31": "0.44400", "2012-12-31": "0.49840", "2011-12-31": "0.54540", "2010-12-31": "0.54190", "2009-12-31": "0.64450", "2008-12-31": "0.73910", "2007-12-31": "0.30130", "2006-12-31": "0.26190", "2005-12-31": "0.29890"}, "Gross Margin": {"2019-12-31": "32.11160", "2018-12-31": "33.04800", "2017-12-31": "35.33530", "2016-12-31": "36.69970", "2015-12-31": "37.39660", "2014-12-31": "29.52970", "2013-12-31": "24.61720", "2012-12-31": "21.58830", "2011-12-31": "21.84830", "2010-12-31": "25.13220", "2009-12-31": "21.40100", "2008-12-31": "22.07200", "2007-12-31": "26.63020", "2006-12-31": "28.93460", "2005-12-31": "31.61920"}, "Operating Margin": {"2019-12-31": "13.18440", "2018-12-31": "14.59600", "2017-12-31": "16.11180", "2016-12-31": "17.35920", "2015-12-31": "20.76690", "2014-12-31": "11.95920", "2013-12-31": "7.22070", "2012-12-31": "3.64580", "2011-12-31": "4.42590", "2010-12-31": "8.16260", "2009-12-31": "2.53140", "2008-12-31": "4.07330", "2007-12-31": "8.02150", "2006-12-31": "10.27960", "2005-12-31": "9.55960"}, "EBIT Margin": {"2019-12-31": "13.18440", "2018-12-31": "14.59600", "2017-12-31": "16.11180", "2016-12-31": "17.35920", "2015-12-31": "20.76690", "2014-12-31": "11.95920", "2013-12-31": "7.22070", "2012-12-31": "3.64580", "2011-12-31": "4.42590", "2010-12-31": "8.16260", "2009-12-31": "2.53140", "2008-12-31": "4.07330", "2007-12-31": "8.02150", "2006-12-31": "10.27960", "2005-12-31": "9.55960"}, "EBITDA Margin": {"2019-12-31": "18.61960", "2018-12-31": "20.06370", "2017-12-31": "21.87180", "2016-12-31": "23.37720", "2015-12-31": "25.88800", "2014-12-31": "17.00080", "2013-12-31": "12.11930", "2012-12-31": "8.58500", "2011-12-31": "8.99220", "2010-12-31": "13.23530", "2009-12-31": "8.36710", "2008-12-31": "9.39850", "2007-12-31": "13.50780", "2006-12-31": "15.77150", "2005-12-31": "15.53270"}, "Pre-Tax Profit Margin": {"2019-12-31": "13.18440", "2018-12-31": "14.40470", "2017-12-31": "15.44030", "2016-12-31": "17.00430", "2015-12-31": "17.55300", "2014-12-31": "9.76080", "2013-12-31": "6.83090", "2012-12-31": "4.00870", "2011-12-31": "2.06280", "2010-12-31": "6.15500", "2009-12-31": "1.58450", "2008-12-31": "2.52200", "2007-12-31": "10.72910", "2006-12-31": "8.69470", "2005-12-31": "10.27160"}, "Net Profit Margin": {"2019-12-31": "10.25500", "2018-12-31": "11.22240", "2017-12-31": "15.87530", "2016-12-31": "10.75950", "2015-12-31": "11.00400", "2014-12-31": "6.10590", "2013-12-31": "4.26010", "2012-12-31": "2.46370", "2011-12-31": "1.13680", "2010-12-31": "3.79210", "2009-12-31": "0.95650", "2008-12-31": "1.61480", "2007-12-31": "6.54090", "2006-12-31": "5.49200", "2005-12-31": "6.38190"}, "Asset Turnover": {"2019-12-31": "0.86610", "2018-12-31": "0.83700", "2017-12-31": "0.84210", "2016-12-31": "0.87130", "2015-12-31": "0.93000", "2014-12-31": "0.94330", "2013-12-31": "0.91490", "2012-12-31": "0.91890", "2011-12-31": "0.86660", "2010-12-31": "0.78280", "2009-12-31": "0.72530", "2008-12-31": "0.78360", "2007-12-31": "0.58790", "2006-12-31": "0.67500", "2005-12-31": "0.54160"}, "Inventory Turnover Ratio": {"2019-12-31": "28.78260", "2018-12-31": "31.90020", "2017-12-31": "32.55710", "2016-12-31": "38.10980", "2015-12-31": "39.89710", "2014-12-31": "38.33630", "2013-12-31": "28.56960", "2012-12-31": "28.56930", "2011-12-31": "30.51620", "2010-12-31": "37.29220", "2009-12-31": "36.81000", "2008-12-31": "42.31530", "2007-12-31": "27.93440", "2006-12-31": "35.67400", "2005-12-31": "34.57330"}, "Receiveable Turnover": {"2019-12-31": "20.65190", "2018-12-31": "38.67080", "2017-12-31": "31.94260", "2016-12-31": "37.15930", "2015-12-31": "41.81440", "2014-12-31": "50.97260", "2013-12-31": "42.24110", "2012-12-31": "51.46990", "2011-12-31": "52.36790", "2010-12-31": "62.07180", "2009-12-31": "61.24260", "2008-12-31": "52.74160", "2007-12-31": "35.34410", "2006-12-31": "37.70120", "2005-12-31": "29.39540"}, "Days Sales In Receivables": {"2019-12-31": "17.67390", "2018-12-31": "9.43870", "2017-12-31": "11.42680", "2016-12-31": "9.82260", "2015-12-31": "8.72910", "2014-12-31": "7.16070", "2013-12-31": "8.64090", "2012-12-31": "7.09150", "2011-12-31": "6.96990", "2010-12-31": "5.88030", "2009-12-31": "5.95990", "2008-12-31": "6.92050", "2007-12-31": "10.32710", "2006-12-31": "9.68140", "2005-12-31": "12.41690"}, "ROE - Return On Equity": {"2019-12-31": "23.39300", "2018-12-31": "25.01780", "2017-12-31": "34.82000", "2016-12-31": "25.86190", "2015-12-31": "29.64120", "2014-12-31": "16.76750", "2013-12-31": "10.27810", "2012-12-31": "6.02120", "2011-12-31": "2.58830", "2010-12-31": "7.35930", "2009-12-31": "1.81520", "2008-12-31": "3.59380", "2007-12-31": "9.29260", "2006-12-31": "7.73760", "2005-12-31": "7.25090"}, "Return On Tangible Equity": {"2019-12-31": "25.95350", "2018-12-31": "27.74960", "2017-12-31": "38.71530", "2016-12-31": "29.21970", "2015-12-31": "34.14210", "2014-12-31": "19.56930", "2013-12-31": "11.84420", "2012-12-31": "6.99100", "2011-12-31": "3.01340", "2010-12-31": "7.35930", "2009-12-31": "1.81520", "2008-12-31": "3.59380", "2007-12-31": "9.29260", "2006-12-31": "7.73760", "2005-12-31": "7.25090"}, "ROA - Return On Assets": {"2019-12-31": "8.88200", "2018-12-31": "9.39300", "2017-12-31": "13.36920", "2016-12-31": "9.37470", "2015-12-31": "10.23370", "2014-12-31": "5.75980", "2013-12-31": "3.89760", "2012-12-31": "2.26390", "2011-12-31": "0.98520", "2010-12-31": "2.96840", "2009-12-31": "0.69380", "2008-12-31": "1.26530", "2007-12-31": "3.84570", "2006-12-31": "3.70730", "2005-12-31": "3.45640"}, "ROI - Return On Investment": {"2019-12-31": "19.42240", "2018-12-31": "17.20770", "2017-12-31": "23.39210", "2016-12-31": "17.69040", "2015-12-31": "20.46730", "2014-12-31": "11.63580", "2013-12-31": "7.56720", "2012-12-31": "4.12500", "2011-12-31": "1.78290", "2010-12-31": "5.03730", "2009-12-31": "1.12770", "2008-12-31": "2.10630", "2007-12-31": "7.17380", "2006-12-31": "6.22510", "2005-12-31": "5.99830"}, "Book Value Per Share": {"2019-12-31": "18.94180", "2018-12-31": "17.83020", "2017-12-31": "16.38090", "2016-12-31": "13.72160", "2015-12-31": "11.36190", "2014-12-31": "10.02820", "2013-12-31": "10.47290", "2012-12-31": "9.57390", "2011-12-31": "8.90160", "2010-12-31": "8.34450", "2009-12-31": "7.34260", "2008-12-31": "6.69330", "2007-12-31": "9.44610", "2006-12-31": "8.23300", "2005-12-31": "8.32670"}, "Operating Cash Flow Per Share": {"2019-12-31": -1.1274, "2018-12-31": 2.0086, "2017-12-31": -0.2662, "2016-12-31": 1.9419, "2015-12-31": 0.6706, "2014-12-31": 0.7196, "2013-12-31": 0.7233, "2012-12-31": 0.9769, "2011-12-31": -0.34, "2010-12-31": 0.7604, "2009-12-31": 3.3875, "2008-12-31": -5.7626, "2007-12-31": 1.9981, "2006-12-31": -0.9215, "2005-12-31": 2.6278}, "Free Cash Flow Per Share": {"2019-12-31": 1.0578, "2018-12-31": 2.181, "2017-12-31": -0.5674, "2016-12-31": 1.7732, "2015-12-31": 0.1312, "2014-12-31": 0.204, "2013-12-31": 0.5082, "2012-12-31": 0.4452, "2011-12-31": -0.9291, "2010-12-31": 0.8899, "2009-12-31": 3.847, "2008-12-31": -5.2786, "2007-12-31": 1.9629, "2006-12-31": -1.1975, "2005-12-31": 1.206}}, "financial ratios, quarterly": {"Current Ratio": {"2020-09-30": "2.06730", "2020-06-30": "1.69550", "2020-03-31": "0.68630", "2019-12-31": "0.66730", "2019-09-30": "0.65480", "2019-06-30": "0.64500", "2019-03-31": "0.62860", "2018-12-31": "0.63610", "2018-09-30": "0.71410", "2018-06-30": "0.70090", "2018-03-31": "0.67030", "2017-12-31": "0.70160", "2017-09-30": "0.61450", "2017-06-30": "0.61190", "2017-03-31": "0.62460", "2016-12-31": "0.65720", "2016-09-30": "0.61910", "2016-06-30": "0.57050", "2016-03-31": "0.55420", "2015-12-31": "0.54330", "2015-09-30": "0.64550", "2015-06-30": "0.66840", "2015-03-31": "0.71900", "2014-12-31": "0.66300", "2014-09-30": "0.77330", "2014-06-30": "0.75670", "2014-03-31": "0.74740", "2013-12-31": "0.78510", "2013-09-30": "0.86060", "2013-06-30": "0.84170", "2013-03-31": "0.83420", "2012-12-31": "0.90900", "2012-09-30": "0.93620", "2012-06-30": "0.92340", "2012-03-31": "1.01450", "2011-12-31": "0.95850", "2011-09-30": "0.86350", "2011-06-30": "1.01940", "2011-03-31": "1.22280", "2010-12-31": "1.29470", "2010-09-30": "1.26830", "2010-06-30": "1.18960", "2010-03-31": "1.24130", "2009-12-31": "1.24600", "2009-09-30": "1.03410", "2009-06-30": "1.00680", "2009-03-31": "0.95930", "2008-12-31": "0.94550", "2008-09-30": "0.94860", "2008-06-30": "1.06630", "2008-03-31": "0.87360", "2007-12-31": "0.91840", "2007-09-30": "0.75010", "2007-06-30": "0.80930", "2007-03-31": "0.85100", "2006-12-31": "0.90090", "2006-09-30": "0.83700", "2006-06-30": "0.93020", "2006-03-31": "0.91980", "2005-12-31": "0.94070", "2005-09-30": "1.18830", "2005-06-30": "1.10820", "2005-03-31": "1.12330"}, "Long-term Debt / Capital": {"2020-09-30": "0.51590", "2020-06-30": "0.45670", "2020-03-31": "0.21500", "2019-12-31": "0.16970", "2019-09-30": "0.20560", "2019-06-30": "0.20690", "2019-03-31": "0.21750", "2018-12-31": "0.31220", "2018-09-30": "0.31910", "2018-06-30": "0.32290", "2018-03-31": "0.33240", "2017-12-31": "0.32820", "2017-09-30": "0.31650", "2017-06-30": "0.32170", "2017-03-31": "0.32530", "2016-12-31": "0.31600", "2016-09-30": "0.29160", "2016-06-30": "0.29640", "2016-03-31": "0.29790", "2015-12-31": "0.30950", "2015-09-30": "0.30550", "2015-06-30": "0.29830", "2015-03-31": "0.30370", "2014-12-31": "0.30610", "2014-09-30": "0.26260", "2014-06-30": "0.25860", "2014-03-31": "0.26720", "2013-12-31": "0.26370", "2013-09-30": "0.27170", "2013-06-30": "0.28260", "2013-03-31": "0.28010", "2012-12-31": "0.31490", "2012-09-30": "0.29720", "2012-06-30": "0.30620", "2012-03-31": "0.30040", "2011-12-31": "0.31120", "2011-09-30": "0.33180", "2011-06-30": "0.31040", "2011-03-31": "0.26930", "2010-12-31": "0.31550", "2010-09-30": "0.36020", "2010-06-30": "0.37470", "2010-03-31": "0.37380", "2009-12-31": "0.37870", "2009-09-30": "0.39300", "2009-06-30": "0.38910", "2009-03-31": "0.41160", "2008-12-31": "0.41390", "2008-09-30": "0.26750", "2008-06-30": "0.22880", "2008-03-31": "0.22440", "2007-12-31": "0.22800", "2007-09-30": "0.19870", "2007-06-30": "0.19110", "2007-03-31": "0.19190", "2006-12-31": "0.19550", "2006-09-30": "0.16140", "2006-06-30": "0.16260", "2006-03-31": "0.16820", "2005-12-31": "0.17280", "2005-09-30": "0.21600", "2005-06-30": "0.22780", "2005-03-31": "0.23950"}, "Debt/Equity Ratio": {"2020-09-30": "1.13920", "2020-06-30": "0.90450", "2020-03-31": "0.58190", "2019-12-31": "0.28770", "2019-09-30": "0.32290", "2019-06-30": "0.32670", "2019-03-31": "0.33630", "2018-12-31": "0.51540", "2018-09-30": "0.50270", "2018-06-30": "0.51350", "2018-03-31": "0.53590", "2017-12-31": "0.52460", "2017-09-30": "0.49890", "2017-06-30": "0.51030", "2017-03-31": "0.51690", "2016-12-31": "0.52900", "2016-09-30": "0.53240", "2016-06-30": "0.54430", "2016-03-31": "0.55140", "2015-12-31": "0.53480", "2015-09-30": "0.48110", "2015-06-30": "0.46370", "2015-03-31": "0.47550", "2014-12-31": "0.47910", "2014-09-30": "0.43790", "2014-06-30": "0.42920", "2014-03-31": "0.45400", "2013-12-31": "0.44400", "2013-09-30": "0.41000", "2013-06-30": "0.43270", "2013-03-31": "0.42920", "2012-12-31": "0.49840", "2012-09-30": "0.46070", "2012-06-30": "0.47890", "2012-03-31": "0.46600", "2011-12-31": "0.54540", "2011-09-30": "0.64860", "2011-06-30": "0.58760", "2011-03-31": "0.50600", "2010-12-31": "0.54190", "2010-09-30": "0.58200", "2010-06-30": "0.62130", "2010-03-31": "0.62760", "2009-12-31": "0.64450", "2009-09-30": "0.68550", "2009-06-30": "0.65740", "2009-03-31": "0.73250", "2008-12-31": "0.73910", "2008-09-30": "0.37540", "2008-06-30": "0.30480", "2008-03-31": "0.29490", "2007-12-31": "0.30130", "2007-09-30": "0.25190", "2007-06-30": "0.25530", "2007-03-31": "0.25620", "2006-12-31": "0.26190", "2006-09-30": "0.28080", "2006-06-30": "0.26360", "2006-03-31": "0.28710", "2005-12-31": "0.29890", "2005-09-30": "0.29760", "2005-06-30": "0.31790", "2005-03-31": "0.32710"}, "Gross Margin": {"2020-09-30": "-33.90970", "2020-06-30": "-58.92860", "2020-03-31": "21.23290", "2019-12-31": "30.41350", "2019-09-30": "33.49890", "2019-06-30": "34.48980", "2019-03-31": "29.75340", "2018-12-31": "33.45020", "2018-09-30": "32.96860", "2018-06-30": "34.74400", "2018-03-31": "30.70390", "2017-12-31": "32.54090", "2017-09-30": "35.60250", "2017-06-30": "39.45210", "2017-03-31": "33.20970", "2016-12-31": "35.87050", "2016-09-30": "32.45770", "2016-06-30": "40.75040", "2016-03-31": "37.54660", "2015-12-31": "38.29620", "2015-09-30": "38.75520", "2015-06-30": "37.19430", "2015-03-31": "34.97960", "2014-12-31": "32.34660", "2014-09-30": "30.06250", "2014-06-30": "31.41090", "2014-03-31": "23.52380", "2013-12-31": "27.12900", "2013-09-30": "25.76460", "2013-06-30": "25.65150", "2013-03-31": "19.44170", "2012-12-31": "20.73350", "2012-09-30": "21.39710", "2012-06-30": "25.47660", "2012-03-31": "18.19090", "2011-12-31": "21.51900", "2011-09-30": "22.26860", "2011-06-30": "22.05030", "2011-03-31": "21.43090", "2010-12-31": "24.95180", "2010-09-30": "27.53760", "2010-06-30": "26.64140", "2010-03-31": "20.60840", "2009-12-31": "24.64040", "2009-09-30": "19.05480", "2009-06-30": "23.35630", "2009-03-31": "18.15870", "2008-12-31": "20.81960", "2008-09-30": "20.37360", "2008-06-30": "24.29420", "2008-03-31": "22.84590", "2007-12-31": "19.62280", "2007-09-30": "29.09580", "2007-06-30": "32.05580", "2007-03-31": "25.29570", "2006-12-31": "22.23200", "2006-09-30": "30.91380", "2006-06-30": "35.15720", "2006-03-31": "26.64690", "2005-12-31": "30.33200", "2005-09-30": "33.68530", "2005-06-30": "34.10490", "2005-03-31": "27.78110"}, "Operating Margin": {"2020-09-30": "-78.69490", "2020-06-30": "-111.80560", "2020-03-31": "-2.59800", "2019-12-31": "11.60360", "2019-09-30": "14.52390", "2019-06-30": "16.38180", "2019-03-31": "9.80770", "2018-12-31": "14.37590", "2018-09-30": "14.31390", "2018-06-30": "16.92790", "2018-03-31": "12.45960", "2017-12-31": "14.09280", "2017-09-30": "15.93440", "2017-06-30": "21.20050", "2017-03-31": "12.48460", "2016-12-31": "12.28750", "2016-09-30": "13.52400", "2016-06-30": "23.69990", "2016-03-31": "19.56070", "2015-12-31": "20.61480", "2015-09-30": "23.03500", "2015-06-30": "21.22870", "2015-03-31": "17.67110", "2014-12-31": "13.41830", "2014-09-30": "12.79170", "2014-06-30": "15.46600", "2014-03-31": "5.16080", "2013-12-31": "8.69660", "2013-09-30": "8.58090", "2013-06-30": "9.32590", "2013-03-31": "1.71400", "2012-12-31": "2.15720", "2012-09-30": "1.18360", "2012-06-30": "9.96530", "2012-03-31": "0.55120", "2011-12-31": "3.57840", "2011-09-30": "5.21920", "2011-06-30": "5.00480", "2011-03-31": "3.67390", "2010-12-31": "6.93640", "2010-09-30": "11.12160", "2010-06-30": "11.45830", "2010-03-31": "2.05320", "2009-12-31": "6.16010", "2009-09-30": "0.82520", "2009-06-30": "4.70180", "2009-03-31": "-2.12130", "2008-12-31": "2.56130", "2008-09-30": "2.97470", "2008-06-30": "7.14530", "2008-03-31": "3.47830", "2007-12-31": "5.13640", "2007-09-30": "9.69860", "2007-06-30": "12.69840", "2007-03-31": "3.82170", "2006-12-31": "7.60110", "2006-09-30": "11.14430", "2006-06-30": "16.41490", "2006-03-31": "4.85390", "2005-12-31": "7.04230", "2005-09-30": "12.46860", "2005-06-30": "13.16870", "2005-03-31": "4.87070"}, "EBIT Margin": {"2020-09-30": "-78.69490", "2020-06-30": "-111.80560", "2020-03-31": "-2.59800", "2019-12-31": "11.60360", "2019-09-30": "14.52390", "2019-06-30": "16.38180", "2019-03-31": "9.80770", "2018-12-31": "14.37590", "2018-09-30": "14.31390", "2018-06-30": "16.92790", "2018-03-31": "12.45960", "2017-12-31": "14.09280", "2017-09-30": "15.93440", "2017-06-30": "21.20050", "2017-03-31": "12.48460", "2016-12-31": "12.28750", "2016-09-30": "13.52400", "2016-06-30": "23.69990", "2016-03-31": "19.56070", "2015-12-31": "20.61480", "2015-09-30": "23.03500", "2015-06-30": "21.22870", "2015-03-31": "17.67110", "2014-12-31": "13.41830", "2014-09-30": "12.79170", "2014-06-30": "15.46600", "2014-03-31": "5.16080", "2013-12-31": "8.69660", "2013-09-30": "8.58090", "2013-06-30": "9.32590", "2013-03-31": "1.71400", "2012-12-31": "2.15720", "2012-09-30": "1.18360", "2012-06-30": "9.96530", "2012-03-31": "0.55120", "2011-12-31": "3.57840", "2011-09-30": "5.21920", "2011-06-30": "5.00480", "2011-03-31": "3.67390", "2010-12-31": "6.93640", "2010-09-30": "11.12160", "2010-06-30": "11.45830", "2010-03-31": "2.05320", "2009-12-31": "6.16010", "2009-09-30": "0.82520", "2009-06-30": "4.70180", "2009-03-31": "-2.12130", "2008-12-31": "2.56130", "2008-09-30": "2.97470", "2008-06-30": "7.14530", "2008-03-31": "3.47830", "2007-12-31": "5.13640", "2007-09-30": "9.69860", "2007-06-30": "12.69840", "2007-03-31": "3.82170", "2006-12-31": "7.60110", "2006-09-30": "11.14430", "2006-06-30": "16.41490", "2006-03-31": "4.85390", "2005-12-31": "7.04230", "2005-09-30": "12.46860", "2005-06-30": "13.16870", "2005-03-31": "4.87070"}, "EBITDA Margin": {"2020-09-30": "", "2020-06-30": "", "2020-03-31": "", "2019-12-31": "", "2019-09-30": "", "2019-06-30": "", "2019-03-31": "", "2018-12-31": "", "2018-09-30": "", "2018-06-30": "", "2018-03-31": "", "2017-12-31": "", "2017-09-30": "", "2017-06-30": "", "2017-03-31": "", "2016-12-31": "", "2016-09-30": "", "2016-06-30": "", "2016-03-31": "", "2015-12-31": "", "2015-09-30": "", "2015-06-30": "", "2015-03-31": "", "2014-12-31": "", "2014-09-30": "", "2014-06-30": "", "2014-03-31": "", "2013-12-31": "", "2013-09-30": "", "2013-06-30": "", "2013-03-31": "", "2012-12-31": "", "2012-09-30": "", "2012-06-30": "", "2012-03-31": "", "2011-12-31": "", "2011-09-30": "", "2011-06-30": "", "2011-03-31": "", "2010-12-31": "", "2010-09-30": "", "2010-06-30": "", "2010-03-31": "", "2009-12-31": "", "2009-09-30": "", "2009-06-30": "", "2009-03-31": "", "2008-12-31": "", "2008-09-30": "", "2008-06-30": "", "2008-03-31": "", "2007-12-31": "", "2007-09-30": "", "2007-06-30": "", "2007-03-31": "", "2006-12-31": "", "2006-09-30": "", "2006-06-30": "", "2006-03-31": "", "2005-12-31": "", "2005-09-30": "", "2005-06-30": "", "2005-03-31": ""}, "Pre-Tax Profit Margin": {"2020-09-30": "-86.00110", "2020-06-30": "-122.91670", "2020-03-31": "-3.40100", "2019-12-31": "11.62100", "2019-09-30": "14.52390", "2019-06-30": "16.38180", "2019-03-31": "9.78830", "2018-12-31": "14.30580", "2018-09-30": "14.09870", "2018-06-30": "16.71890", "2018-03-31": "12.17640", "2017-12-31": "13.99770", "2017-09-30": "15.68920", "2017-06-30": "20.32800", "2017-03-31": "10.96000", "2016-12-31": "14.41300", "2016-09-30": "12.02570", "2016-06-30": "24.21990", "2016-03-31": "16.90840", "2015-12-31": "16.99820", "2015-09-30": "17.54420", "2015-06-30": "19.11560", "2015-03-31": "16.37970", "2014-12-31": "6.50390", "2014-09-30": "10.93750", "2014-06-30": "14.88730", "2014-03-31": "5.85690", "2013-12-31": "7.52200", "2013-09-30": "9.21890", "2013-06-30": "7.81820", "2013-03-31": "2.30170", "2012-12-31": "2.99620", "2012-09-30": "0.76580", "2012-06-30": "7.97230", "2012-03-31": "3.98400", "2011-12-31": "6.23170", "2011-09-30": "-5.24240", "2011-06-30": "6.64890", "2011-03-31": "0.58010", "2010-12-31": "6.80800", "2010-09-30": "10.40100", "2010-06-30": "5.80810", "2010-03-31": "0.64640", "2009-12-31": "6.78720", "2009-09-30": "-0.75020", "2009-06-30": "4.09020", "2009-03-31": "-4.53970", "2008-12-31": "-3.03700", "2008-09-30": "-7.09100", "2008-06-30": "18.43850", "2008-03-31": "1.46250", "2007-12-31": "7.42380", "2007-09-30": "10.70330", "2007-06-30": "17.30550", "2007-03-31": "6.77890", "2006-12-31": "4.43760", "2006-09-30": "3.33050", "2006-06-30": "21.02900", "2006-03-31": "4.75480", "2005-12-31": "5.63380", "2005-09-30": "17.24490", "2005-06-30": "12.08850", "2005-03-31": "5.35180"}, "Net Profit Margin": {"2020-09-30": "-64.52870", "2020-06-30": "-90.77380", "2020-03-31": "-2.22010", "2019-12-31": "8.95130", "2019-09-30": "11.68650", "2019-06-30": "12.54020", "2019-03-31": "7.51600", "2018-12-31": "11.46560", "2018-09-30": "11.03140", "2018-06-30": "12.76560", "2018-03-31": "9.36490", "2017-12-31": "33.22560", "2017-09-30": "9.95660", "2017-06-30": "12.96460", "2017-03-31": "6.98390", "2016-12-31": "9.35220", "2016-09-30": "7.55010", "2016-06-30": "15.23030", "2016-03-31": "10.62990", "2015-12-31": "10.76950", "2015-09-30": "10.98160", "2015-06-30": "11.89590", "2015-03-31": "10.26280", "2014-12-31": "4.10540", "2014-09-30": "6.85420", "2014-06-30": "9.27960", "2014-03-31": "3.64860", "2013-12-31": "4.78880", "2013-09-30": "5.69860", "2013-06-30": "4.82450", "2013-03-31": "1.44470", "2012-12-31": "1.89360", "2012-09-30": "0.37130", "2012-06-30": "4.93930", "2012-03-31": "2.45550", "2011-12-31": "3.70010", "2011-09-30": "-3.24750", "2011-06-30": "3.89270", "2011-03-31": "0.16110", "2010-12-31": "4.20680", "2010-09-30": "6.42230", "2010-06-30": "3.53540", "2010-03-31": "0.41830", "2009-12-31": "4.24200", "2009-09-30": "-0.60020", "2009-06-30": "3.47860", "2009-03-31": "-3.86080", "2008-12-31": "-2.08560", "2008-09-30": "-4.15080", "2008-06-30": "11.18860", "2008-03-31": "1.34390", "2007-12-31": "4.49440", "2007-09-30": "6.25970", "2007-06-30": "10.76270", "2007-03-31": "4.23110", "2006-12-31": "2.50440", "2006-09-30": "2.04950", "2006-06-30": "13.59740", "2006-03-31": "3.02130", "2005-12-31": "3.57140", "2005-09-30": "10.55810", "2005-06-30": "7.40740", "2005-03-31": "3.54780"}, "Asset Turnover": {"2020-09-30": "0.05040", "2020-06-30": "0.02830", "2020-03-31": "0.15750", "2019-12-31": "0.22130", "2019-09-30": "0.21310", "2019-06-30": "0.22400", "2019-03-31": "0.19460", "2018-12-31": "0.21740", "2018-09-30": "0.20740", "2018-06-30": "0.21700", "2018-03-31": "0.19390", "2017-12-31": "0.20940", "2017-09-30": "0.21870", "2017-06-30": "0.23960", "2017-03-31": "0.20430", "2016-12-31": "0.21210", "2016-09-30": "0.22300", "2016-06-30": "0.23990", "2016-03-31": "0.21700", "2015-12-31": "0.23350", "2015-09-30": "0.25130", "2015-06-30": "0.24250", "2015-03-31": "0.20860", "2014-12-31": "0.23460", "2014-09-30": "0.23370", "2014-06-30": "0.23990", "2014-03-31": "0.20860", "2013-12-31": "0.22880", "2013-09-30": "0.23470", "2013-06-30": "0.23960", "2013-03-31": "0.21270", "2012-12-31": "0.22430", "2012-09-30": "0.22900", "2012-06-30": "0.24930", "2012-03-31": "0.21200", "2011-12-31": "0.22740", "2011-09-30": "0.24100", "2011-06-30": "0.21830", "2011-03-31": "0.18900", "2010-12-31": "0.20140", "2010-09-30": "0.21080", "2010-06-30": "0.21140", "2010-03-31": "0.18100", "2009-12-31": "0.19000", "2009-09-30": "0.18910", "2009-06-30": "0.18650", "2009-03-31": "0.16620", "2008-12-31": "0.19430", "2008-09-30": "0.15910", "2008-06-30": "0.12330", "2008-03-31": "0.14030", "2007-12-31": "0.14860", "2007-09-30": "0.17820", "2007-06-30": "0.17390", "2007-03-31": "0.15440", "2006-12-31": "0.16910", "2006-09-30": "0.16630", "2006-06-30": "0.15960", "2006-03-31": "0.13710", "2005-12-31": "0.14200", "2005-09-30": "0.13490", "2005-06-30": "0.14110", "2005-03-31": "0.12550"}, "Inventory Turnover Ratio": {"2020-09-30": "5.63620", "2020-06-30": "3.79620", "2020-03-31": "6.43820", "2019-12-31": "7.53880", "2019-09-30": "7.10230", "2019-06-30": "7.59020", "2019-03-31": "7.47310", "2018-12-31": "8.23430", "2018-09-30": "7.73710", "2018-06-30": "8.16340", "2018-03-31": "7.96740", "2017-12-31": "8.44520", "2017-09-30": "7.79680", "2017-06-30": "9.50680", "2017-03-31": "9.10670", "2016-12-31": "9.40060", "2016-09-30": "10.48640", "2016-06-30": "9.72560", "2016-03-31": "10.42910", "2015-12-31": "9.87460", "2015-09-30": "10.57470", "2015-06-30": "9.84660", "2015-03-31": "9.44080", "2014-12-31": "9.15500", "2014-09-30": "7.82520", "2014-06-30": "7.90110", "2014-03-31": "7.27400", "2013-12-31": "6.90790", "2013-09-30": "6.47600", "2013-06-30": "7.48810", "2013-03-31": "6.85420", "2012-12-31": "7.05120", "2012-09-30": "6.22610", "2012-06-30": "7.71300", "2012-03-31": "7.55790", "2011-12-31": "8.03990", "2011-09-30": "7.30070", "2011-06-30": "8.18270", "2011-03-31": "7.61880", "2010-12-31": "9.61730", "2010-09-30": "10.01300", "2010-06-30": "10.28320", "2010-03-31": "9.19820", "2009-12-31": "9.24430", "2009-09-30": "11.01020", "2009-06-30": "10.02500", "2009-03-31": "11.28070", "2008-12-31": "10.66010", "2008-09-30": "8.04900", "2008-06-30": "7.21590", "2008-03-31": "7.36600", "2007-12-31": "7.73360", "2007-09-30": "8.99510", "2007-06-30": "9.64290", "2007-03-31": "9.43680", "2006-12-31": "9.77900", "2006-09-30": "8.93920", "2006-06-30": "8.40210", "2006-03-31": "9.37340", "2005-12-31": "9.23330", "2005-09-30": "8.62090", "2005-06-30": "9.15000", "2005-03-31": "9.38280"}, "Receiveable Turnover": {"2020-09-30": "1.99890", "2020-06-30": "1.30910", "2020-03-31": "5.97180", "2019-12-31": "5.27720", "2019-09-30": "6.50400", "2019-06-30": "7.60490", "2019-03-31": "6.56760", "2018-12-31": "10.04230", "2018-09-30": "7.11100", "2018-06-30": "7.50590", "2018-03-31": "7.27060", "2017-12-31": "7.94260", "2017-09-30": "9.15890", "2017-06-30": "9.94970", "2017-03-31": "8.29740", "2016-12-31": "9.04760", "2016-09-30": "6.06010", "2016-06-30": "10.27480", "2016-03-31": "9.44420", "2015-12-31": "10.50000", "2015-09-30": "11.43660", "2015-06-30": "11.06280", "2015-03-31": "8.84570", "2014-12-31": "12.67950", "2014-09-30": "10.25640", "2014-06-30": "11.21030", "2014-03-31": "9.11600", "2013-12-31": "10.56560", "2013-09-30": "9.81640", "2013-06-30": "9.03310", "2013-03-31": "9.51980", "2012-12-31": "12.56630", "2012-09-30": "10.02090", "2012-06-30": "9.19520", "2012-03-31": "10.87470", "2011-12-31": "13.73910", "2011-09-30": "11.68290", "2011-06-30": "10.63240", "2011-03-31": "11.00360", "2010-12-31": "15.96920", "2010-09-30": "11.04500", "2010-06-30": "11.43680", "2010-03-31": "11.19150", "2009-12-31": "16.04140", "2009-09-30": "11.84890", "2009-06-30": "11.03800", "2009-03-31": "10.20350", "2008-12-31": "13.07660", "2008-09-30": "7.50910", "2008-06-30": "6.41830", "2008-03-31": "7.22860", "2007-12-31": "8.93190", "2007-09-30": "7.93870", "2007-06-30": "8.04670", "2007-03-31": "7.90650", "2006-12-31": "9.44400", "2006-09-30": "8.80450", "2006-06-30": "9.10410", "2006-03-31": "8.07600", "2005-12-31": "7.70540", "2005-09-30": "5.95510", "2005-06-30": "6.65750", "2005-03-31": "4.97900"}, "Days Sales In Receivables": {"2020-09-30": "45.02510", "2020-06-30": "68.75000", "2020-03-31": "15.07090", "2019-12-31": "17.05460", "2019-09-30": "13.83760", "2019-06-30": "11.83450", "2019-03-31": "13.70360", "2018-12-31": "8.96210", "2018-09-30": "12.65650", "2018-06-30": "11.99060", "2018-03-31": "12.37860", "2017-12-31": "11.33130", "2017-09-30": "9.82650", "2017-06-30": "9.04550", "2017-03-31": "10.84670", "2016-12-31": "9.94740", "2016-09-30": "14.85110", "2016-06-30": "8.75930", "2016-03-31": "9.52960", "2015-12-31": "8.57140", "2015-09-30": "7.86950", "2015-06-30": "8.13540", "2015-03-31": "10.17440", "2014-12-31": "7.09810", "2014-09-30": "8.77500", "2014-06-30": "8.02830", "2014-03-31": "9.87280", "2013-12-31": "8.51820", "2013-09-30": "9.16830", "2013-06-30": "9.96340", "2013-03-31": "9.45400", "2012-12-31": "7.16200", "2012-09-30": "8.98120", "2012-06-30": "9.78770", "2012-03-31": "8.27610", "2011-12-31": "6.55060", "2011-09-30": "7.70350", "2011-06-30": "8.46470", "2011-03-31": "8.17920", "2010-12-31": "5.63580", "2010-09-30": "8.14850", "2010-06-30": "7.86930", "2010-03-31": "8.04180", "2009-12-31": "5.61050", "2009-09-30": "7.59560", "2009-06-30": "8.15370", "2009-03-31": "8.82050", "2008-12-31": "6.88250", "2008-09-30": "11.98550", "2008-06-30": "14.02230", "2008-03-31": "12.45060", "2007-12-31": "10.07620", "2007-09-30": "11.33690", "2007-06-30": "11.18470", "2007-03-31": "11.38310", "2006-12-31": "9.52990", "2006-09-30": "10.22200", "2006-06-30": "9.88570", "2006-03-31": "11.14410", "2005-12-31": "11.68010", "2005-09-30": "15.11310", "2005-06-30": "13.51850", "2005-03-31": "18.07580"}, "ROE - Return On Equity": {"2020-09-30": "-11.84360", "2020-06-30": "-8.41150", "2020-03-31": "-1.03580", "2019-12-31": "5.21770", "2019-09-30": "6.63580", "2019-06-30": "7.45470", "2019-03-31": "3.95260", "2018-12-31": "6.63760", "2018-09-30": "6.05730", "2018-06-30": "7.33220", "2018-03-31": "4.81340", "2017-12-31": "18.12050", "2017-09-30": "6.00000", "2017-06-30": "8.71040", "2017-03-31": "4.13210", "2016-12-31": "5.47330", "2016-09-30": "4.82170", "2016-06-30": "10.48460", "2016-03-31": "6.84360", "2015-12-31": "7.28460", "2015-09-30": "8.38120", "2015-06-30": "8.49400", "2015-03-31": "6.56330", "2014-12-31": "2.80440", "2014-09-30": "4.42860", "2014-06-30": "6.18680", "2014-03-31": "2.11400", "2013-12-31": "2.88990", "2013-09-30": "3.69310", "2013-06-30": "3.30330", "2013-03-31": "0.84760", "2012-12-31": "1.12990", "2012-09-30": "0.22850", "2012-06-30": "3.33330", "2012-03-31": "1.38090", "2011-12-31": "2.21030", "2011-09-30": "-2.15880", "2011-06-30": "2.23550", "2011-03-31": "0.07590", "2010-12-31": "2.10040", "2010-09-30": "3.44540", "2010-06-30": "2.01870", "2010-03-31": "0.19870", "2009-12-31": "2.10850", "2009-09-30": "-0.30670", "2009-06-30": "1.76840", "2009-03-31": "-1.84660", "2008-12-31": "-1.15080", "2008-09-30": "-1.69880", "2008-06-30": "3.67700", "2008-03-31": "0.47320", "2007-12-31": "1.61360", "2007-09-30": "2.58410", "2007-06-30": "4.32550", "2007-03-31": "1.41900", "2006-12-31": "0.88390", "2006-09-30": "0.72460", "2006-06-30": "4.78930", "2006-03-31": "0.90170", "2005-12-31": "1.06370", "2005-09-30": "3.10880", "2005-06-30": "2.27960", "2005-03-31": "0.96480"}, "Return On Tangible Equity": {"2020-09-30": "-13.14920", "2020-06-30": "-9.23500", "2020-03-31": "-1.15980", "2019-12-31": "5.78880", "2019-09-30": "7.35410", "2019-06-30": "8.26090", "2019-03-31": "4.38730", "2018-12-31": "7.36240", "2018-09-30": "6.69720", "2018-06-30": "8.12010", "2018-03-31": "5.35320", "2017-12-31": "20.14760", "2017-09-30": "6.74330", "2017-06-30": "9.82800", "2017-03-31": "4.68620", "2016-12-31": "6.18390", "2016-09-30": "5.48250", "2016-06-30": "11.96910", "2016-03-31": "7.86090", "2015-12-31": "8.39070", "2015-09-30": "9.73660", "2015-06-30": "9.82550", "2015-03-31": "7.63650", "2014-12-31": "3.27300", "2014-09-30": "5.09370", "2014-06-30": "7.10360", "2014-03-31": "2.44370", "2013-12-31": "3.33020", "2013-09-30": "4.28600", "2013-06-30": "3.85480", "2013-03-31": "0.98480", "2012-12-31": "1.31190", "2012-09-30": "0.26530", "2012-06-30": "3.88420", "2012-03-31": "1.59950", "2011-12-31": "2.57320", "2011-09-30": "-2.53850", "2011-06-30": "2.58390", "2011-03-31": "0.07590", "2010-12-31": "2.10040", "2010-09-30": "3.44540", "2010-06-30": "2.01870", "2010-03-31": "0.19870", "2009-12-31": "2.10850", "2009-09-30": "-0.30670", "2009-06-30": "1.76840", "2009-03-31": "-1.84660", "2008-12-31": "-1.15080", "2008-09-30": "-1.69880", "2008-06-30": "3.67700", "2008-03-31": "0.47320", "2007-12-31": "1.61360", "2007-09-30": "2.58410", "2007-06-30": "4.32550", "2007-03-31": "1.41900", "2006-12-31": "0.88390", "2006-09-30": "0.72460", "2006-06-30": "4.78930", "2006-03-31": "0.90170", "2005-12-31": "1.06370", "2005-09-30": "3.10880", "2005-06-30": "2.27960", "2005-03-31": "0.96480"}, "ROA - Return On Assets": {"2020-09-30": "-3.24950", "2020-06-30": "-2.57050", "2020-03-31": "-0.34960", "2019-12-31": "1.98110", "2019-09-30": "2.48990", "2019-06-30": "2.80960", "2019-03-31": "1.46260", "2018-12-31": "2.49210", "2018-09-30": "2.28780", "2018-06-30": "2.76970", "2018-03-31": "1.81550", "2017-12-31": "6.95740", "2017-09-30": "2.17740", "2017-06-30": "3.10610", "2017-03-31": "1.42660", "2016-12-31": "1.98400", "2016-09-30": "1.68370", "2016-06-30": "3.65300", "2016-03-31": "2.30660", "2015-12-31": "2.51500", "2015-09-30": "2.76010", "2015-06-30": "2.88490", "2015-03-31": "2.14050", "2014-12-31": "0.96330", "2014-09-30": "1.60180", "2014-06-30": "2.22580", "2014-03-31": "0.76090", "2013-12-31": "1.09590", "2013-09-30": "1.33750", "2013-06-30": "1.15570", "2013-03-31": "0.30730", "2012-12-31": "0.42480", "2012-09-30": "0.08500", "2012-06-30": "1.23140", "2012-03-31": "0.52060", "2011-12-31": "0.84130", "2011-09-30": "-0.78280", "2011-06-30": "0.84980", "2011-03-31": "0.03050", "2010-12-31": "0.84720", "2010-09-30": "1.35380", "2010-06-30": "0.74730", "2010-03-31": "0.07570", "2009-12-31": "0.80590", "2009-09-30": "-0.11350", "2009-06-30": "0.64870", "2009-03-31": "-0.64180", "2008-12-31": "-0.40520", "2008-09-30": "-0.66020", "2008-06-30": "1.37990", "2008-03-31": "0.18860", "2007-12-31": "0.66780", "2007-09-30": "1.11540", "2007-06-30": "1.87170", "2007-03-31": "0.65320", "2006-12-31": "0.42350", "2006-09-30": "0.34070", "2006-06-30": "2.17020", "2006-03-31": "0.41430", "2005-12-31": "0.50700", "2005-09-30": "1.42410", "2005-06-30": "1.04510", "2005-03-31": "0.44510"}, "ROI - Return On Investment": {"2020-09-30": "-5.73400", "2020-06-30": "-4.57000", "2020-03-31": "-0.81310", "2019-12-31": "4.33200", "2019-09-30": "5.27160", "2019-06-30": "5.91240", "2019-03-31": "3.09280", "2018-12-31": "4.56540", "2018-09-30": "4.12450", "2018-06-30": "4.96440", "2018-03-31": "3.21330", "2017-12-31": "12.17340", "2017-09-30": "4.10130", "2017-06-30": "5.90810", "2017-03-31": "2.78780", "2016-12-31": "3.74390", "2016-09-30": "3.41580", "2016-06-30": "7.37740", "2016-03-31": "4.80520", "2015-12-31": "5.03000", "2015-09-30": "5.82080", "2015-06-30": "5.96020", "2015-03-31": "4.56980", "2014-12-31": "1.94610", "2014-09-30": "3.26550", "2014-06-30": "4.58720", "2014-03-31": "1.54910", "2013-12-31": "2.12770", "2013-09-30": "2.68980", "2013-06-30": "2.36990", "2013-03-31": "0.61020", "2012-12-31": "0.77410", "2012-09-30": "0.16060", "2012-06-30": "2.31260", "2012-03-31": "0.96600", "2011-12-31": "1.52240", "2011-09-30": "-1.44260", "2011-06-30": "1.54160", "2011-03-31": "0.05550", "2010-12-31": "1.43770", "2010-09-30": "2.20430", "2010-06-30": "1.26240", "2010-03-31": "0.12440", "2009-12-31": "1.30990", "2009-09-30": "-0.18620", "2009-06-30": "1.08020", "2009-03-31": "-1.08660", "2008-12-31": "-0.67450", "2008-09-30": "-1.24430", "2008-06-30": "2.83570", "2008-03-31": "0.36700", "2007-12-31": "1.24570", "2007-09-30": "2.07060", "2007-06-30": "3.49910", "2007-03-31": "1.14670", "2006-12-31": "0.71110", "2006-09-30": "0.60770", "2006-06-30": "4.01060", "2006-03-31": "0.75000", "2005-12-31": "0.87990", "2005-09-30": "2.43730", "2005-06-30": "1.76040", "2005-03-31": "0.73370"}, "Book Value Per Share": {"2020-09-30": "16.55000", "2020-06-30": "18.44130", "2020-03-31": "17.83310", "2019-12-31": "18.94180", "2019-09-30": "18.87030", "2019-06-30": "18.49240", "2019-03-31": "18.02920", "2018-12-31": "17.83020", "2018-09-30": "18.05600", "2018-06-30": "17.44620", "2018-03-31": "16.59010", "2017-12-31": "16.38090", "2017-09-30": "14.83010", "2017-06-30": "14.25080", "2017-03-31": "13.56790", "2016-12-31": "13.72160", "2016-09-30": "13.07180", "2016-06-30": "12.60980", "2016-03-31": "11.73660", "2015-12-31": "11.36190", "2015-09-30": "10.71420", "2015-06-30": "10.85610", "2015-03-31": "10.32770", "2014-12-31": "10.02820", "2014-09-30": "10.94520", "2014-06-30": "10.97000", "2014-03-31": "10.39250", "2013-12-31": "10.47290", "2013-09-30": "10.06570", "2013-06-30": "9.60190", "2013-03-31": "9.63730", "2012-12-31": "9.57390", "2012-09-30": "9.48810", "2012-06-30": "9.20500", "2012-03-31": "9.24470", "2011-12-31": "8.90160", "2011-09-30": "8.32990", "2011-06-30": "8.95770", "2011-03-31": "8.80660", "2010-12-31": "8.34450", "2010-09-30": "7.96420", "2010-06-30": "7.43750", "2010-03-31": "7.43770", "2009-12-31": "7.34260", "2009-09-30": "7.03160", "2009-06-30": "6.94050", "2009-03-31": "6.65210", "2008-12-31": "6.69330", "2008-09-30": "9.54950", "2008-06-30": "11.89480", "2008-03-31": "9.81880", "2007-12-31": "9.44610", "2007-09-30": "8.54040", "2007-06-30": "8.60010", "2007-03-31": "8.39360", "2006-12-31": "8.23300", "2006-09-30": "8.36540", "2006-06-30": "8.84520", "2006-03-31": "8.42920", "2005-12-31": "8.32670", "2005-09-30": "8.52120", "2005-06-30": "8.02390", "2005-03-31": "7.79230"}, "Operating Cash Flow Per Share": {"2020-09-30": -1.8236, "2020-06-30": 1.6556, "2020-03-31": "-0.73200", "2019-12-31": 1.4738, "2019-09-30": 2.1022, "2019-06-30": 1.8192, "2019-03-31": "2.00180", "2018-12-31": 1.6632, "2018-09-30": 2.3154, "2018-06-30": 2.8417, "2018-03-31": "1.70410", "2017-12-31": 0.887, "2017-09-30": 1.7114, "2017-06-30": 1.2708, "2017-03-31": "2.64660", "2016-12-31": 1.0476, "2016-09-30": 1.4652, "2016-06-30": 1.7754, "2016-03-31": "2.49380", "2015-12-31": 0.4449, "2015-09-30": 1.306, "2015-06-30": 0.9602, "2015-03-31": "2.12900", "2014-12-31": 0.265, "2014-09-30": 0.383, "2014-06-30": 1.9388, "2014-03-31": "1.58270", "2013-12-31": 0.3725, "2013-09-30": 0.6397, "2013-06-30": 1.0856, "2013-03-31": "1.35210", "2012-12-31": 0.2496, "2012-09-30": 0.6838, "2012-06-30": 0.2064, "2012-03-31": "1.58680", "2011-12-31": 0.506, "2011-09-30": -0.2836, "2011-06-30": 0.2389, "2011-03-31": "1.28840", "2010-12-31": 0.3601, "2010-09-30": 0.5057, "2010-06-30": 0.7226, "2010-03-31": "0.50130", "2009-12-31": 0.6649, "2009-09-30": 0.0976, "2009-06-30": 0.1803, "2009-03-31": "0.38650", "2008-12-31": -3.4495, "2008-09-30": -3.0863, "2008-06-30": 3.1642, "2008-03-31": "1.31340", "2007-12-31": 1.3759, "2007-09-30": 0.2811, "2007-06-30": 1.2761, "2007-03-31": "0.77130", "2006-12-31": 0.1679, "2006-09-30": -0.3804, "2006-06-30": 1.0205, "2006-03-31": "0.89830", "2005-12-31": 0.0256, "2005-09-30": 0.7194, "2005-06-30": 0.8055, "2005-03-31": "1.07730"}, "Free Cash Flow Per Share": {"2020-09-30": -1.9819, "2020-06-30": 1.6715, "2020-03-31": "-0.58450", "2019-12-31": 1.745, "2019-09-30": 1.3873, "2019-06-30": 1.3895, "2019-03-31": "1.71200", "2018-12-31": 0.7472, "2018-09-30": 1.4875, "2018-06-30": 1.9328, "2018-03-31": "1.00850", "2017-12-31": 0.0468, "2017-09-30": 0.6259, "2017-06-30": 0.35, "2017-03-31": "1.97230", "2016-12-31": 0.0104, "2016-09-30": 0.6913, "2016-06-30": 1.0428, "2016-03-31": "1.81790", "2015-12-31": -0.7493, "2015-09-30": 0.9367, "2015-06-30": 0.3129, "2015-03-31": "1.28890", "2014-12-31": -0.3912, "2014-09-30": -0.2173, "2014-06-30": 1.2425, "2014-03-31": "1.02400", "2013-12-31": -0.2239, "2013-09-30": 0.2472, "2013-06-30": 0.8131, "2013-03-31": "0.61760", "2012-12-31": -0.2488, "2012-09-30": 0.1121, "2012-06-30": -0.3398, "2012-03-31": "1.42230", "2011-12-31": -0.0512, "2011-09-30": -0.6299, "2011-06-30": -0.0306, "2011-03-31": "1.21230", "2010-12-31": 0.2329, "2010-09-30": 0.3724, "2010-06-30": 0.5099, "2010-03-31": "0.31450", "2009-12-31": 0.5102, "2009-09-30": -0.1701, "2009-06-30": -0.0719, "2009-03-31": "0.27160", "2008-12-31": -3.6591, "2008-09-30": -3.3292, "2008-06-30": 2.8637, "2008-03-31": "0.81740", "2007-12-31": 0.9475, "2007-09-30": -0.1735, "2007-06-30": 0.8324, "2007-03-31": "0.36500", "2006-12-31": -0.2558, "2006-09-30": -0.8484, "2006-06-30": 0.5278, "2006-03-31": "0.58490", "2005-12-31": -0.2217, "2005-09-30": 0.4015, "2005-06-30": 0.4564, "2005-03-31": "0.56980"}}, "revenue": {"Southwest Airlines Annual Revenue (Millions of US $)": {"2020": "$9,048", "2019": "$22,428", "2018": "$21,965", "2017": "$21,146", "2016": "$20,289", "2015": "$19,820", "2014": "$18,605", "2013": "$17,699", "2012": "$17,088", "2011": "$15,658", "2010": "$12,104", "2009": "$10,350", "2008": "$11,023", "2007": "$9,861", "2006": "$9,086", "2005": "$7,584"}, "Southwest Airlines Quarterly Revenue (Millions of US $)": {"2020-12-31": "$2,013", "2020-09-30": "$1,793", "2020-06-30": "$1,008", "2020-03-31": "$4,234", "2019-12-31": "$5,731", "2019-09-30": "$5,639", "2019-06-30": "$5,909", "2019-03-31": "$5,149", "2018-12-31": "$5,704", "2018-09-30": "$5,575", "2018-06-30": "$5,742", "2018-03-31": "$4,944", "2017-12-31": "$5,258", "2017-09-30": "$5,303", "2017-06-30": "$5,731", "2017-03-31": "$4,854", "2016-12-31": "$4,940", "2016-09-30": "$5,139", "2016-06-30": "$5,384", "2016-03-31": "$4,826", "2015-12-31": "$4,977", "2015-09-30": "$5,318", "2015-06-30": "$5,111", "2015-03-31": "$4,414", "2014-12-31": "$4,628", "2014-09-30": "$4,800", "2014-06-30": "$5,011", "2014-03-31": "$4,166", "2013-12-31": "$4,427", "2013-09-30": "$4,545", "2013-06-30": "$4,643", "2013-03-31": "$4,084", "2012-12-31": "$4,172", "2012-09-30": "$4,309", "2012-06-30": "$4,616", "2012-03-31": "$3,991", "2011-12-31": "$4,108", "2011-09-30": "$4,311", "2011-06-30": "$4,136", "2011-03-31": "$3,103", "2010-12-31": "$3,114", "2010-09-30": "$3,192", "2010-06-30": "$3,168", "2010-03-31": "$2,630", "2009-12-31": "$2,711", "2009-09-30": "$2,666", "2009-06-30": "$2,616", "2009-03-31": "$2,357", "2008-12-31": "$2,733", "2008-09-30": "$2,891", "2008-06-30": "$2,869", "2008-03-31": "$2,530", "2007-12-31": "$2,492", "2007-09-30": "$2,588", "2007-06-30": "$2,583", "2007-03-31": "$2,198", "2006-12-31": "$2,276", "2006-09-30": "$2,342", "2006-06-30": "$2,449", "2006-03-31": "$2,019", "2005-12-31": "$1,988", "2005-09-30": "$1,989", "2005-06-30": "$1,944", "2005-03-31": "$1,663"}}, "gross-profit": {"Southwest Airlines Annual Gross Profit (Millions of US $)": {"2020": "$-635", "2019": "$7,202", "2018": "$7,259", "2017": "$7,472", "2016": "$7,446", "2015": "$7,412", "2014": "$5,494", "2013": "$4,357", "2012": "$3,689", "2011": "$3,421", "2010": "$3,042", "2009": "$2,215", "2008": "$2,433", "2007": "$2,626", "2006": "$2,629", "2005": "$2,398"}, "Southwest Airlines Quarterly Gross Profit (Millions of US $)": {"2020-12-31": "$-333", "2020-09-30": "$-608", "2020-06-30": "$-594", "2020-03-31": "$899", "2019-12-31": "$1,743", "2019-09-30": "$1,889", "2019-06-30": "$2,038", "2019-03-31": "$1,532", "2018-12-31": "$1,908", "2018-09-30": "$1,838", "2018-06-30": "$1,995", "2018-03-31": "$1,518", "2017-12-31": "$1,711", "2017-09-30": "$1,888", "2017-06-30": "$2,261", "2017-03-31": "$1,612", "2016-12-31": "$1,772", "2016-09-30": "$1,668", "2016-06-30": "$2,194", "2016-03-31": "$1,812", "2015-12-31": "$1,906", "2015-09-30": "$2,061", "2015-06-30": "$1,901", "2015-03-31": "$1,544", "2014-12-31": "$1,497", "2014-09-30": "$1,443", "2014-06-30": "$1,574", "2014-03-31": "$980", "2013-12-31": "$1,201", "2013-09-30": "$1,171", "2013-06-30": "$1,191", "2013-03-31": "$794", "2012-12-31": "$865", "2012-09-30": "$922", "2012-06-30": "$1,176", "2012-03-31": "$726", "2011-12-31": "$884", "2011-09-30": "$960", "2011-06-30": "$912", "2011-03-31": "$665", "2010-12-31": "$777", "2010-09-30": "$879", "2010-06-30": "$844", "2010-03-31": "$542", "2009-12-31": "$668", "2009-09-30": "$508", "2009-06-30": "$611", "2009-03-31": "$428", "2008-12-31": "$569", "2008-09-30": "$589", "2008-06-30": "$697", "2008-03-31": "$578", "2007-12-31": "$489", "2007-09-30": "$753", "2007-06-30": "$828", "2007-03-31": "$556", "2006-12-31": "$506", "2006-09-30": "$724", "2006-06-30": "$861", "2006-03-31": "$538", "2005-12-31": "$603", "2005-09-30": "$670", "2005-06-30": "$663", "2005-03-31": "$462"}}, "operating-income": {"Southwest Airlines Annual Operating Income (Millions of US $)": {"2020": "$-3,816", "2019": "$2,957", "2018": "$3,206", "2017": "$3,407", "2016": "$3,522", "2015": "$4,116", "2014": "$2,225", "2013": "$1,278", "2012": "$623", "2011": "$693", "2010": "$988", "2009": "$262", "2008": "$449", "2007": "$791", "2006": "$934", "2005": "$725"}, "Southwest Airlines Quarterly Operating Income (Millions of US $)": {"2020-12-31": "$-1,169", "2020-09-30": "$-1,411", "2020-06-30": "$-1,127", "2020-03-31": "$-110", "2019-12-31": "$665", "2019-09-30": "$819", "2019-06-30": "$968", "2019-03-31": "$505", "2018-12-31": "$820", "2018-09-30": "$798", "2018-06-30": "$972", "2018-03-31": "$616", "2017-12-31": "$741", "2017-09-30": "$845", "2017-06-30": "$1,215", "2017-03-31": "$606", "2016-12-31": "$607", "2016-09-30": "$695", "2016-06-30": "$1,276", "2016-03-31": "$944", "2015-12-31": "$1,026", "2015-09-30": "$1,225", "2015-06-30": "$1,085", "2015-03-31": "$780", "2014-12-31": "$621", "2014-09-30": "$614", "2014-06-30": "$775", "2014-03-31": "$215", "2013-12-31": "$385", "2013-09-30": "$390", "2013-06-30": "$433", "2013-03-31": "$70", "2012-12-31": "$90", "2012-09-30": "$51", "2012-06-30": "$460", "2012-03-31": "$22", "2011-12-31": "$147", "2011-09-30": "$225", "2011-06-30": "$207", "2011-03-31": "$114", "2010-12-31": "$216", "2010-09-30": "$355", "2010-06-30": "$363", "2010-03-31": "$54", "2009-12-31": "$167", "2009-09-30": "$22", "2009-06-30": "$123", "2009-03-31": "$-50", "2008-12-31": "$70", "2008-09-30": "$86", "2008-06-30": "$205", "2008-03-31": "$88", "2007-12-31": "$128", "2007-09-30": "$251", "2007-06-30": "$328", "2007-03-31": "$84", "2006-12-31": "$173", "2006-09-30": "$261", "2006-06-30": "$402", "2006-03-31": "$98", "2005-12-31": "$140", "2005-09-30": "$248", "2005-06-30": "$256", "2005-03-31": "$81"}}, "ebitda": {"Southwest Airlines Annual EBITDA (Millions of US $)": {"2019": "$4,176", "2018": "$4,407", "2017": "$4,625", "2016": "$4,743", "2015": "$5,131", "2014": "$3,163", "2013": "$2,145", "2012": "$1,467", "2011": "$1,408", "2010": "$1,602", "2009": "$866", "2008": "$1,036", "2007": "$1,332", "2006": "$1,433", "2005": "$1,178"}, "Southwest Airlines Quarterly EBITDA (Millions of US $)": {"2020-09-30": "$-1,095", "2020-06-30": "$-1,036", "2020-03-31": "$201", "2019-12-31": "$978", "2019-09-30": "$1,127", "2019-06-30": "$1,269", "2019-03-31": "$802", "2018-12-31": "$1,151", "2018-09-30": "$1,099", "2018-06-30": "$1,264", "2018-03-31": "$893", "2017-12-31": "$1,020", "2017-09-30": "$1,147", "2017-06-30": "$1,534", "2017-03-31": "$924", "2016-12-31": "$925", "2016-09-30": "$1,010", "2016-06-30": "$1,574", "2016-03-31": "$1,234", "2015-12-31": "$1,290", "2015-09-30": "$1,482", "2015-06-30": "$1,335", "2015-03-31": "$1,024", "2014-12-31": "$872", "2014-09-30": "$852", "2014-06-30": "$1,003", "2014-03-31": "$436", "2013-12-31": "$609", "2013-09-30": "$611", "2013-06-30": "$645", "2013-03-31": "$280", "2012-12-31": "$323", "2012-09-30": "$265", "2012-06-30": "$659", "2012-03-31": "$220", "2011-12-31": "$349", "2011-09-30": "$413", "2011-06-30": "$380", "2011-03-31": "$266", "2010-12-31": "$371", "2010-09-30": "$513", "2010-06-30": "$513", "2010-03-31": "$205", "2009-12-31": "$320", "2009-09-30": "$180", "2009-06-30": "$269", "2009-03-31": "$97", "2008-12-31": "$221", "2008-09-30": "$235", "2008-06-30": "$350", "2008-03-31": "$230", "2007-12-31": "$269", "2007-09-30": "$386", "2007-06-30": "$462", "2007-03-31": "$215", "2006-12-31": "$303", "2006-09-30": "$388", "2006-06-30": "$524", "2006-03-31": "$218", "2005-12-31": "$257", "2005-09-30": "$365", "2005-06-30": "$367", "2005-03-31": "$189"}}, "net-income": {"Southwest Airlines Annual Net Income (Millions of US $)": {"2020": "$-3,074", "2019": "$2,300", "2018": "$2,465", "2017": "$3,357", "2016": "$2,183", "2015": "$2,181", "2014": "$1,136", "2013": "$754", "2012": "$421", "2011": "$178", "2010": "$459", "2009": "$99", "2008": "$178", "2007": "$645", "2006": "$499", "2005": "$484"}, "Southwest Airlines Quarterly Net Income (Millions of US $)": {"2020-12-31": "$-908", "2020-09-30": "$-1,157", "2020-06-30": "$-915", "2020-03-31": "$-94", "2019-12-31": "$513", "2019-09-30": "$659", "2019-06-30": "$741", "2019-03-31": "$387", "2018-12-31": "$654", "2018-09-30": "$615", "2018-06-30": "$733", "2018-03-31": "$463", "2017-12-31": "$1,747", "2017-09-30": "$528", "2017-06-30": "$743", "2017-03-31": "$339", "2016-12-31": "$462", "2016-09-30": "$388", "2016-06-30": "$820", "2016-03-31": "$513", "2015-12-31": "$536", "2015-09-30": "$584", "2015-06-30": "$608", "2015-03-31": "$453", "2014-12-31": "$190", "2014-09-30": "$329", "2014-06-30": "$465", "2014-03-31": "$152", "2013-12-31": "$212", "2013-09-30": "$259", "2013-06-30": "$224", "2013-03-31": "$59", "2012-12-31": "$79", "2012-09-30": "$16", "2012-06-30": "$228", "2012-03-31": "$98", "2011-12-31": "$152", "2011-09-30": "$-140", "2011-06-30": "$161", "2011-03-31": "$5", "2010-12-31": "$131", "2010-09-30": "$205", "2010-06-30": "$112", "2010-03-31": "$11", "2009-12-31": "$115", "2009-09-30": "$-16", "2009-06-30": "$91", "2009-03-31": "$-91", "2008-12-31": "$-57", "2008-09-30": "$-120", "2008-06-30": "$321", "2008-03-31": "$34", "2007-12-31": "$112", "2007-09-30": "$162", "2007-06-30": "$278", "2007-03-31": "$93", "2006-12-31": "$57", "2006-09-30": "$48", "2006-06-30": "$333", "2006-03-31": "$61", "2005-12-31": "$71", "2005-09-30": "$210", "2005-06-30": "$144", "2005-03-31": "$59"}}, "eps-earnings-per-share-diluted": {"Southwest Airlines Annual EPS": {"2020": "$-5.44", "2019": "$4.27", "2018": "$4.29", "2017": "$5.57", "2016": "$3.45", "2015": "$3.27", "2014": "$1.64", "2013": "$1.05", "2012": "$0.56", "2011": "$0.23", "2010": "$0.61", "2009": "$0.13", "2008": "$0.24", "2007": "$0.84", "2006": "$0.61", "2005": "$0.60"}, "Southwest Airlines Quarterly EPS": {"2020-12-31": "$-1.54", "2020-09-30": "$-1.96", "2020-06-30": "$-1.63", "2020-03-31": "$-0.18", "2019-12-31": "$0.97", "2019-09-30": "$1.23", "2019-06-30": "$1.37", "2019-03-31": "$0.70", "2018-12-31": "$1.15", "2018-09-30": "$1.08", "2018-06-30": "$1.27", "2018-03-31": "$0.79", "2017-12-31": "$2.91", "2017-09-30": "$0.88", "2017-06-30": "$1.23", "2017-03-31": "$0.55", "2016-12-31": "$0.76", "2016-09-30": "$0.62", "2016-06-30": "$1.28", "2016-03-31": "$0.79", "2015-12-31": "$0.83", "2015-09-30": "$0.88", "2015-06-30": "$0.90", "2015-03-31": "$0.66", "2014-12-31": "$0.27", "2014-09-30": "$0.48", "2014-06-30": "$0.67", "2014-03-31": "$0.22", "2013-12-31": "$0.29", "2013-09-30": "$0.37", "2013-06-30": "$0.31", "2013-03-31": "$0.08", "2012-12-31": "$0.11", "2012-09-30": "$0.02", "2012-06-30": "$0.30", "2012-03-31": "$0.13", "2011-12-31": "$0.19", "2011-09-30": "$-0.18", "2011-06-30": "$0.21", "2011-03-31": "$0.01", "2010-12-31": "$0.18", "2010-09-30": "$0.27", "2010-06-30": "$0.15", "2010-03-31": "$0.01", "2009-12-31": "$0.15", "2009-09-30": "$-0.02", "2009-06-30": "$0.12", "2009-03-31": "$-0.12", "2008-12-31": "$-0.09", "2008-09-30": "$-0.16", "2008-06-30": "$0.44", "2008-03-31": "$0.05", "2007-12-31": "$0.14", "2007-09-30": "$0.22", "2007-06-30": "$0.36", "2007-03-31": "$0.12", "2006-12-31": "$0.08", "2006-09-30": "$0.06", "2006-06-30": "$0.40", "2006-03-31": "$0.07", "2005-12-31": "$0.09", "2005-09-30": "$0.26", "2005-06-30": "$0.18", "2005-03-31": "$0.07"}}, "shares-outstanding": {"Southwest Airlines Annual Shares Outstanding (Millions of Shares)": {"2020": "565", "2019": "539", "2018": "574", "2017": "603", "2016": "633", "2015": "669", "2014": "696", "2013": "718", "2012": "757", "2011": "775", "2010": "747", "2009": "741", "2008": "739", "2007": "768", "2006": "824", "2005": "806"}, "Southwest Airlines Quarterly Shares Outstanding (Millions of Shares)": {"2020-12-31": "590", "2020-09-30": "590", "2020-06-30": "563", "2020-03-31": "515", "2019-12-31": "539", "2019-09-30": "534", "2019-06-30": "542", "2019-03-31": "552", "2018-12-31": "574", "2018-09-30": "569", "2018-06-30": "579", "2018-03-31": "588", "2017-12-31": "603", "2017-09-30": "598", "2017-06-30": "605", "2017-03-31": "614", "2016-12-31": "633", "2016-09-30": "625", "2016-06-30": "639", "2016-03-31": "648", "2015-12-31": "669", "2015-09-30": "663", "2015-06-30": "673", "2015-03-31": "682", "2014-12-31": "696", "2014-09-30": "691", "2014-06-30": "698", "2014-03-31": "707", "2013-12-31": "718", "2013-09-30": "711", "2013-06-30": "722", "2013-03-31": "727", "2012-12-31": "757", "2012-09-30": "740", "2012-06-30": "764", "2012-03-31": "772", "2011-12-31": "775", "2011-09-30": "792", "2011-06-30": "787", "2011-03-31": "749", "2010-12-31": "747", "2010-09-30": "747", "2010-06-30": "746", "2010-03-31": "744", "2009-12-31": "741", "2009-09-30": "742", "2009-06-30": "741", "2009-03-31": "740", "2008-12-31": "739", "2008-09-30": "736", "2008-06-30": "737", "2008-03-31": "734", "2007-12-31": "768", "2007-09-30": "752", "2007-06-30": "780", "2007-03-31": "800", "2006-12-31": "824", "2006-09-30": "821", "2006-06-30": "825", "2006-03-31": "836", "2005-12-31": "806", "2005-09-30": "802", "2005-06-30": "802", "2005-03-31": "802"}}, "total-assets": {"Southwest Airlines Annual Total Assets (Millions of US $)": {"2019": "$25,895", "2018": "$26,243", "2017": "$25,110", "2016": "$23,286", "2015": "$21,312", "2014": "$19,723", "2013": "$19,345", "2012": "$18,596", "2011": "$18,068", "2010": "$15,463", "2009": "$14,269", "2008": "$14,068", "2007": "$16,772", "2006": "$13,460", "2005": "$14,003"}, "Southwest Airlines Quarterly Total Assets (Millions of US $)": {"2020-09-30": "$35,605", "2020-06-30": "$35,596", "2020-03-31": "$26,885", "2019-12-31": "$25,895", "2019-09-30": "$26,467", "2019-06-30": "$26,374", "2019-03-31": "$26,459", "2018-12-31": "$26,243", "2018-09-30": "$26,882", "2018-06-30": "$26,465", "2018-03-31": "$25,503", "2017-12-31": "$25,110", "2017-09-30": "$24,249", "2017-06-30": "$23,921", "2017-03-31": "$23,763", "2016-12-31": "$23,286", "2016-09-30": "$23,045", "2016-06-30": "$22,447", "2016-03-31": "$22,241", "2015-12-31": "$21,312", "2015-09-30": "$21,159", "2015-06-30": "$21,075", "2015-03-31": "$21,163", "2014-12-31": "$19,723", "2014-09-30": "$20,539", "2014-06-30": "$20,891", "2014-03-31": "$19,976", "2013-12-31": "$19,345", "2013-09-30": "$19,364", "2013-06-30": "$19,382", "2013-03-31": "$19,197", "2012-12-31": "$18,596", "2012-09-30": "$18,813", "2012-06-30": "$18,516", "2012-03-31": "$18,826", "2011-12-31": "$18,068", "2011-09-30": "$17,885", "2011-06-30": "$18,945", "2011-03-31": "$16,414", "2010-12-31": "$15,463", "2010-09-30": "$15,143", "2010-06-30": "$14,987", "2010-03-31": "$14,530", "2009-12-31": "$14,269", "2009-09-30": "$14,100", "2009-06-30": "$14,027", "2009-03-31": "$14,179", "2008-12-31": "$14,068", "2008-09-30": "$18,175", "2008-06-30": "$23,262", "2008-03-31": "$18,031", "2007-12-31": "$16,772", "2007-09-30": "$14,524", "2007-06-30": "$14,853", "2007-03-31": "$14,238", "2006-12-31": "$13,460", "2006-09-30": "$14,087", "2006-06-30": "$15,344", "2006-03-31": "$14,723", "2005-12-31": "$14,003", "2005-09-30": "$14,746", "2005-06-30": "$13,779", "2005-03-31": "$13,254"}}, "cash-on-hand": {"Southwest Airlines Annual Cash on Hand (Millions of US $)": {"2019": "$4,072", "2018": "$3,689", "2017": "$3,273", "2016": "$3,305", "2015": "$3,051", "2014": "$2,988", "2013": "$3,152", "2012": "$2,970", "2011": "$3,144", "2010": "$3,538", "2009": "$2,593", "2008": "$1,803", "2007": "$3,848", "2006": "$2,128", "2005": "$3,172"}, "Southwest Airlines Quarterly Cash on Hand (Millions of US $)": {"2020-09-30": "$14,562", "2020-06-30": "$14,457", "2020-03-31": "$5,545", "2019-12-31": "$4,072", "2019-09-30": "$4,016", "2019-06-30": "$3,986", "2019-03-31": "$3,861", "2018-12-31": "$3,689", "2018-09-30": "$3,820", "2018-06-30": "$3,686", "2018-03-31": "$3,243", "2017-12-31": "$3,273", "2017-09-30": "$3,040", "2017-06-30": "$3,152", "2017-03-31": "$3,482", "2016-12-31": "$3,305", "2016-09-30": "$3,446", "2016-06-30": "$3,415", "2016-03-31": "$3,582", "2015-12-31": "$3,051", "2015-09-30": "$3,096", "2015-06-30": "$3,132", "2015-03-31": "$3,438", "2014-12-31": "$2,988", "2014-09-30": "$3,560", "2014-06-30": "$3,994", "2014-03-31": "$3,498", "2013-12-31": "$3,152", "2013-09-30": "$3,328", "2013-06-30": "$3,393", "2013-03-31": "$3,135", "2012-12-31": "$2,970", "2012-09-30": "$3,235", "2012-06-30": "$3,256", "2012-03-31": "$3,784", "2011-12-31": "$3,144", "2011-09-30": "$3,656", "2011-06-30": "$4,374", "2011-03-31": "$4,465", "2010-12-31": "$3,538", "2010-09-30": "$3,379", "2010-06-30": "$3,124", "2010-03-31": "$2,773", "2009-12-31": "$2,593", "2009-09-30": "$2,254", "2009-06-30": "$2,198", "2009-03-31": "$2,134", "2008-12-31": "$1,803", "2008-09-30": "$4,553", "2008-06-30": "$8,116", "2008-03-31": "$4,370", "2007-12-31": "$3,848", "2007-09-30": "$2,254", "2007-06-30": "$2,747", "2007-03-31": "$2,491", "2006-12-31": "$2,128", "2006-09-30": "$2,801", "2006-06-30": "$3,841", "2006-03-31": "$3,625", "2005-12-31": "$3,172", "2005-09-30": "$3,557", "2005-06-30": "$2,986", "2005-03-31": "$2,698"}}, "long-term-debt": {"Southwest Airlines Annual Long Term Debt (Millions of US $)": {"2019": "$2,010", "2018": "$4,472", "2017": "$4,710", "2016": "$3,899", "2015": "$3,298", "2014": "$2,988", "2013": "$2,628", "2012": "$3,214", "2011": "$3,107", "2010": "$2,875", "2009": "$3,325", "2008": "$3,498", "2007": "$2,050", "2006": "$1,567", "2005": "$1,394"}, "Southwest Airlines Quarterly Long Term Debt (Millions of US $)": {"2020-09-30": "$10,409", "2020-06-30": "$9,144", "2020-03-31": "$2,486", "2019-12-31": "$2,010", "2019-09-30": "$2,570", "2019-06-30": "$2,593", "2019-03-31": "$2,722", "2018-12-31": "$4,472", "2018-09-30": "$4,758", "2018-06-30": "$4,768", "2018-03-31": "$4,790", "2017-12-31": "$4,710", "2017-09-30": "$4,074", "2017-06-30": "$4,046", "2017-03-31": "$3,956", "2016-12-31": "$3,899", "2016-09-30": "$3,312", "2016-06-30": "$3,294", "2016-03-31": "$3,180", "2015-12-31": "$3,298", "2015-09-30": "$3,065", "2015-06-30": "$3,043", "2015-03-31": "$3,011", "2014-12-31": "$2,988", "2014-09-30": "$2,646", "2014-06-30": "$2,621", "2014-03-31": "$2,622", "2013-12-31": "$2,628", "2013-09-30": "$2,616", "2013-06-30": "$2,671", "2013-03-31": "$2,708", "2012-12-31": "$3,214", "2012-09-30": "$2,961", "2012-06-30": "$3,019", "2012-03-31": "$3,048", "2011-12-31": "$3,107", "2011-09-30": "$3,220", "2011-06-30": "$3,242", "2011-03-31": "$2,428", "2010-12-31": "$2,875", "2010-09-30": "$3,350", "2010-06-30": "$3,324", "2010-03-31": "$3,305", "2009-12-31": "$3,325", "2009-09-30": "$3,378", "2009-06-30": "$3,278", "2009-03-31": "$3,447", "2008-12-31": "$3,498", "2008-09-30": "$2,580", "2008-06-30": "$2,590", "2008-03-31": "$2,079", "2007-12-31": "$2,050", "2007-09-30": "$1,555", "2007-06-30": "$1,518", "2007-03-31": "$1,556", "2006-12-31": "$1,567", "2006-09-30": "$1,275", "2006-06-30": "$1,350", "2006-03-31": "$1,368", "2005-12-31": "$1,394", "2005-09-30": "$1,861", "2005-06-30": "$1,863", "2005-03-31": "$1,926"}}, "total-liabilities": {"Southwest Airlines Annual Total Liabilities (Millions of US $)": {"2019": "$16,063", "2018": "$16,390", "2017": "$15,469", "2016": "$14,845", "2015": "$13,954", "2014": "$12,948", "2013": "$12,009", "2012": "$11,604", "2011": "$11,191", "2010": "$9,226", "2009": "$8,815", "2008": "$9,115", "2007": "$9,831", "2006": "$7,011", "2005": "$7,328"}, "Southwest Airlines Quarterly Total Liabilities (Millions of US $)": {"2020-09-30": "$25,836", "2020-06-30": "$24,718", "2020-03-31": "$17,810", "2019-12-31": "$16,063", "2019-09-30": "$16,536", "2019-06-30": "$16,434", "2019-03-31": "$16,668", "2018-12-31": "$16,390", "2018-09-30": "$16,729", "2018-06-30": "$16,468", "2018-03-31": "$15,884", "2017-12-31": "$15,469", "2017-09-30": "$15,449", "2017-06-30": "$15,391", "2017-03-31": "$15,559", "2016-12-31": "$14,845", "2016-09-30": "$14,998", "2016-06-30": "$14,626", "2016-03-31": "$14,745", "2015-12-31": "$13,954", "2015-09-30": "$14,191", "2015-06-30": "$13,917", "2015-03-31": "$14,261", "2014-12-31": "$12,948", "2014-09-30": "$13,110", "2014-06-30": "$13,375", "2014-03-31": "$12,786", "2013-12-31": "$12,009", "2013-09-30": "$12,351", "2013-06-30": "$12,601", "2013-03-31": "$12,236", "2012-12-31": "$11,604", "2012-09-30": "$11,811", "2012-06-30": "$11,676", "2012-03-31": "$11,729", "2011-12-31": "$11,191", "2011-09-30": "$11,400", "2011-06-30": "$11,743", "2011-03-31": "$9,827", "2010-12-31": "$9,226", "2010-09-30": "$9,193", "2010-06-30": "$9,439", "2010-03-31": "$8,993", "2009-12-31": "$8,815", "2009-09-30": "$8,883", "2009-06-30": "$8,881", "2009-03-31": "$9,251", "2008-12-31": "$9,115", "2008-09-30": "$11,111", "2008-06-30": "$14,532", "2008-03-31": "$10,846", "2007-12-31": "$9,831", "2007-09-30": "$8,255", "2007-06-30": "$8,426", "2007-03-31": "$7,684", "2006-12-31": "$7,011", "2006-09-30": "$7,463", "2006-06-30": "$8,391", "2006-03-31": "$7,958", "2005-12-31": "$7,328", "2005-09-30": "$7,991", "2005-06-30": "$7,462", "2005-03-31": "$7,139"}}, "total-share-holder-equity": {"Southwest Airlines Annual Share Holder Equity (Millions of US $)": {"2019": "$9,832", "2018": "$9,853", "2017": "$9,641", "2016": "$8,441", "2015": "$7,358", "2014": "$6,775", "2013": "$7,336", "2012": "$6,992", "2011": "$6,877", "2010": "$6,237", "2009": "$5,454", "2008": "$4,953", "2007": "$6,941", "2006": "$6,449", "2005": "$6,675"}, "Southwest Airlines Quarterly Share Holder Equity (Millions of US $)": {"2020-09-30": "$9,769", "2020-06-30": "$10,878", "2020-03-31": "$9,075", "2019-12-31": "$9,832", "2019-09-30": "$9,931", "2019-06-30": "$9,940", "2019-03-31": "$9,791", "2018-12-31": "$9,853", "2018-09-30": "$10,153", "2018-06-30": "$9,997", "2018-03-31": "$9,619", "2017-12-31": "$9,641", "2017-09-30": "$8,800", "2017-06-30": "$8,530", "2017-03-31": "$8,204", "2016-12-31": "$8,441", "2016-09-30": "$8,047", "2016-06-30": "$7,821", "2016-03-31": "$7,496", "2015-12-31": "$7,358", "2015-09-30": "$6,968", "2015-06-30": "$7,158", "2015-03-31": "$6,902", "2014-12-31": "$6,775", "2014-09-30": "$7,429", "2014-06-30": "$7,516", "2014-03-31": "$7,190", "2013-12-31": "$7,336", "2013-09-30": "$7,013", "2013-06-30": "$6,781", "2013-03-31": "$6,961", "2012-12-31": "$6,992", "2012-09-30": "$7,002", "2012-06-30": "$6,840", "2012-03-31": "$7,097", "2011-12-31": "$6,877", "2011-09-30": "$6,485", "2011-06-30": "$7,202", "2011-03-31": "$6,587", "2010-12-31": "$6,237", "2010-09-30": "$5,950", "2010-06-30": "$5,548", "2010-03-31": "$5,537", "2009-12-31": "$5,454", "2009-09-30": "$5,217", "2009-06-30": "$5,146", "2009-03-31": "$4,928", "2008-12-31": "$4,953", "2008-09-30": "$7,064", "2008-06-30": "$8,730", "2008-03-31": "$7,185", "2007-12-31": "$6,941", "2007-09-30": "$6,269", "2007-06-30": "$6,427", "2007-03-31": "$6,554", "2006-12-31": "$6,449", "2006-09-30": "$6,624", "2006-06-30": "$6,953", "2006-03-31": "$6,765", "2005-12-31": "$6,675", "2005-09-30": "$6,755", "2005-06-30": "$6,317", "2005-03-31": "$6,115"}}, "profit-margins": {"current": "-33.97%"}, "gross margin": {"2020-12-31": "-7.03%", "2020-09-30": "11.28%", "2020-06-30": "23.70%", "2020-03-31": "30.54%", "2019-12-31": "32.11%", "2019-09-30": "32.89%", "2019-06-30": "32.75%", "2019-03-31": "32.81%", "2018-12-31": "33.05%", "2018-09-30": "32.82%", "2018-06-30": "33.47%", "2018-03-31": "34.74%", "2017-12-31": "35.34%", "2017-09-30": "36.17%", "2017-06-30": "35.39%", "2017-03-31": "35.66%", "2016-12-31": "36.70%", "2016-09-30": "37.29%", "2016-06-30": "38.88%", "2016-03-31": "37.96%", "2015-12-31": "37.40%", "2015-09-30": "35.97%", "2015-06-30": "33.69%", "2015-03-31": "32.13%", "2014-12-31": "29.53%", "2014-09-30": "28.24%", "2014-06-30": "27.14%", "2014-03-31": "25.55%", "2013-12-31": "24.62%", "2013-09-30": "23.05%", "2013-06-30": "21.92%", "2013-03-31": "21.87%", "2012-12-31": "21.59%", "2012-09-30": "21.78%", "2012-06-30": "22.00%", "2012-03-31": "21.04%", "2011-12-31": "21.85%", "2011-09-30": "22.60%", "2011-06-30": "23.87%", "2011-03-31": "25.16%", "2010-12-31": "25.13%", "2010-09-30": "25.07%", "2010-06-30": "22.93%", "2010-03-31": "21.92%", "2009-12-31": "21.40%", "2009-09-30": "20.40%", "2009-06-30": "20.73%", "2009-03-31": "21.04%", "2008-12-31": "22.07%", "2008-09-30": "21.82%", "2008-06-30": "24.02%", "2008-03-31": "25.98%", "2007-12-31": "26.63%", "2007-09-30": "27.40%", "2007-06-30": "27.81%", "2007-03-31": "28.57%", "2006-12-31": "28.93%", "2006-09-30": "30.98%", "2006-06-30": "31.64%", "2006-03-31": "31.16%", "2005-12-31": "31.62%"}, "operating margin": {"2020-12-31": "-42.19%", "2020-09-30": "-15.53%", "2020-06-30": "1.49%", "2020-03-31": "10.89%", "2019-12-31": "13.18%", "2019-09-30": "13.89%", "2019-06-30": "13.84%", "2019-03-31": "13.96%", "2018-12-31": "14.60%", "2018-09-30": "14.53%", "2018-06-30": "14.94%", "2018-03-31": "16.09%", "2017-12-31": "16.11%", "2017-09-30": "15.71%", "2017-06-30": "15.11%", "2017-03-31": "15.67%", "2016-12-31": "17.36%", "2016-09-30": "19.39%", "2016-06-30": "21.80%", "2016-03-31": "21.15%", "2015-12-31": "20.77%", "2015-09-30": "19.06%", "2015-06-30": "16.36%", "2015-03-31": "14.80%", "2014-12-31": "11.96%", "2014-09-30": "10.81%", "2014-06-30": "9.73%", "2014-03-31": "8.00%", "2013-12-31": "7.22%", "2013-09-30": "5.64%", "2013-06-30": "3.74%", "2013-03-31": "3.91%", "2012-12-31": "3.65%", "2012-09-30": "3.99%", "2012-06-30": "5.02%", "2012-03-31": "3.63%", "2011-12-31": "4.43%", "2011-09-30": "5.20%", "2011-06-30": "6.59%", "2011-03-31": "8.33%", "2010-12-31": "8.16%", "2010-09-30": "8.02%", "2010-06-30": "5.42%", "2010-03-31": "3.45%", "2009-12-31": "2.53%", "2009-09-30": "1.59%", "2009-06-30": "2.16%", "2009-03-31": "2.87%", "2008-12-31": "4.07%", "2008-09-30": "4.70%", "2008-06-30": "6.41%", "2008-03-31": "7.80%", "2007-12-31": "8.02%", "2007-09-30": "8.67%", "2007-06-30": "9.00%", "2007-03-31": "9.93%", "2006-12-31": "10.28%", "2006-09-30": "10.24%", "2006-06-30": "10.52%", "2006-03-31": "9.35%", "2005-12-31": "9.56%"}, "ebitda margin": {"2020-09-30": "-7.46%", "2020-06-30": "7.65%", "2020-03-31": "16.62%", "2019-12-31": "18.62%", "2019-09-30": "19.41%", "2019-06-30": "19.34%", "2019-03-31": "19.47%", "2018-12-31": "20.06%", "2018-09-30": "19.87%", "2018-06-30": "20.35%", "2018-03-31": "21.63%", "2017-12-31": "21.87%", "2017-09-30": "21.75%", "2017-06-30": "21.26%", "2017-03-31": "21.82%", "2016-12-31": "23.38%", "2016-09-30": "25.13%", "2016-06-30": "27.21%", "2016-03-31": "26.40%", "2015-12-31": "25.89%", "2015-09-30": "24.21%", "2015-06-30": "21.54%", "2015-03-31": "19.90%", "2014-12-31": "17.00%", "2014-09-30": "15.76%", "2014-06-30": "14.65%", "2014-03-31": "12.94%", "2013-12-31": "12.12%", "2013-09-30": "10.66%", "2013-06-30": "8.79%", "2013-03-31": "8.89%", "2012-12-31": "8.58%", "2012-09-30": "8.77%", "2012-06-30": "9.64%", "2012-03-31": "8.23%", "2011-12-31": "8.99%", "2011-09-30": "9.75%", "2011-06-30": "11.30%", "2011-03-31": "13.22%", "2010-12-31": "13.24%", "2010-09-30": "13.26%", "2010-06-30": "10.90%", "2010-03-31": "9.17%", "2009-12-31": "8.37%", "2009-09-30": "7.39%", "2009-06-30": "7.76%", "2009-03-31": "8.32%", "2008-12-31": "9.40%", "2008-09-30": "10.05%", "2008-06-30": "11.79%", "2008-03-31": "13.21%", "2007-12-31": "13.51%", "2007-09-30": "14.16%", "2007-06-30": "14.55%", "2007-03-31": "15.43%", "2006-12-31": "15.77%", "2006-09-30": "15.76%", "2006-06-30": "16.15%", "2006-03-31": "15.20%", "2005-12-31": "15.53%"}, "pre tax profit margin": {"2020-12-31": "-47.04%", "2020-09-30": "-17.70%", "2020-06-30": "0.61%", "2020-03-31": "10.73%", "2019-12-31": "13.18%", "2019-09-30": "13.87%", "2019-06-30": "13.76%", "2019-03-31": "13.83%", "2018-12-31": "14.40%", "2018-09-30": "14.33%", "2018-06-30": "14.73%", "2018-03-31": "15.70%", "2017-12-31": "15.44%", "2017-09-30": "15.56%", "2017-06-30": "14.65%", "2017-03-31": "15.58%", "2016-12-31": "17.00%", "2016-09-30": "17.63%", "2016-06-30": "19.01%", "2016-03-31": "17.66%", "2015-12-31": "17.55%", "2015-09-30": "15.07%", "2015-06-30": "13.33%", "2015-03-31": "12.17%", "2014-12-31": "9.76%", "2014-09-30": "10.04%", "2014-06-30": "9.60%", "2014-03-31": "7.64%", "2013-12-31": "6.83%", "2013-09-30": "5.74%", "2013-06-30": "3.57%", "2013-03-31": "3.61%", "2012-12-31": "4.01%", "2012-09-30": "4.79%", "2012-06-30": "3.27%", "2012-03-31": "2.80%", "2011-12-31": "2.06%", "2011-09-30": "1.90%", "2011-06-30": "6.18%", "2011-03-31": "5.93%", "2010-12-31": "6.15%", "2010-09-30": "6.13%", "2010-06-30": "3.27%", "2010-03-31": "2.71%", "2009-12-31": "1.58%", "2009-09-30": "-0.99%", "2009-06-30": "-2.72%", "2009-03-31": "1.24%", "2008-12-31": "2.52%", "2008-09-30": "5.06%", "2008-06-30": "9.81%", "2008-03-31": "9.28%", "2007-12-31": "10.73%", "2007-09-30": "10.10%", "2007-06-30": "8.25%", "2007-03-31": "9.10%", "2006-12-31": "8.69%", "2006-09-30": "9.10%", "2006-06-30": "12.62%", "2006-03-31": "9.90%", "2005-12-31": "10.27%"}, "net profit margin": {"2020-12-31": "-33.97%", "2020-09-30": "-12.95%", "2020-06-30": "0.98%", "2020-03-31": "8.46%", "2019-12-31": "10.26%", "2019-09-30": "10.90%", "2019-06-30": "10.73%", "2019-03-31": "10.78%", "2018-12-31": "11.22%", "2018-09-30": "16.53%", "2018-06-30": "16.34%", "2018-03-31": "16.39%", "2017-12-31": "15.88%", "2017-09-30": "9.95%", "2017-06-30": "9.35%", "2017-03-31": "9.89%", "2016-12-31": "10.76%", "2016-09-30": "11.10%", "2016-06-30": "11.96%", "2016-03-31": "11.08%", "2015-12-31": "11.00%", "2015-09-30": "9.42%", "2015-06-30": "8.34%", "2015-03-31": "7.62%", "2014-12-31": "6.11%", "2014-09-30": "6.29%", "2014-06-30": "5.99%", "2014-03-31": "4.76%", "2013-12-31": "4.26%", "2013-09-30": "3.56%", "2013-06-30": "2.20%", "2013-03-31": "2.22%", "2012-12-31": "2.46%", "2012-09-30": "2.90%", "2012-06-30": "1.99%", "2012-03-31": "1.64%", "2011-12-31": "1.14%", "2011-09-30": "1.07%", "2011-06-30": "3.71%", "2011-03-31": "3.60%", "2010-12-31": "3.79%", "2010-09-30": "3.79%", "2010-06-30": "1.99%", "2010-03-31": "1.89%", "2009-12-31": "0.96%", "2009-09-30": "-0.70%", "2009-06-30": "-1.67%", "2009-03-31": "0.49%", "2008-12-31": "1.61%", "2008-09-30": "3.22%", "2008-06-30": "6.00%", "2008-03-31": "5.75%", "2007-12-31": "6.54%", "2007-09-30": "6.12%", "2007-06-30": "5.06%", "2007-03-31": "5.73%", "2006-12-31": "5.49%", "2006-09-30": "5.83%", "2006-06-30": "7.99%", "2006-03-31": "6.12%", "2005-12-31": "6.38%"}, "pe ratio": {"current": "0.00", "2021-02-05": "0.00", "2020-12-31": "0.00", "2020-09-30": "0.00", "2020-06-30": "85.45", "2020-03-31": "10.47", "2019-12-31": "12.56", "2019-09-30": "12.00", "2019-06-30": "11.63", "2019-03-31": "12.12", "2018-12-31": "10.63", "2018-09-30": "9.74", "2018-06-30": "8.23", "2018-03-31": "9.29", "2017-12-31": "11.00", "2017-09-30": "15.70", "2017-06-30": "18.56", "2017-03-31": "15.78", "2016-12-31": "13.69", "2016-09-30": "10.72", "2016-06-30": "10.04", "2016-03-31": "12.72", "2015-12-31": "12.70", "2015-09-30": "13.42", "2015-06-30": "13.66", "2015-03-31": "20.26", "2014-12-31": "24.48", "2014-09-30": "19.28", "2014-06-30": "16.38", "2014-03-31": "18.68", "2013-12-31": "16.84", "2013-09-30": "15.82", "2013-06-30": "23.37", "2013-03-31": "24.85", "2012-12-31": "17.18", "2012-09-30": "12.66", "2012-06-30": "19.20", "2012-03-31": "21.43", "2011-12-31": "33.38", "2011-09-30": "34.18", "2011-06-30": "15.93", "2011-03-31": "19.35", "2010-12-31": "19.87", "2010-09-30": "20.68", "2010-06-30": "34.56", "2010-03-31": "56.06", "2009-12-31": "118.44", "2009-09-30": "0.00", "2009-06-30": "0.00", "2009-03-31": "73.67", "2008-12-31": "32.08", "2008-09-30": "28.11", "2008-06-30": "14.10", "2008-03-31": "14.77", "2007-12-31": "13.33", "2007-09-30": "17.85", "2007-06-30": "22.69", "2007-03-31": "20.99", "2006-12-31": "23.69"}, "price sales": {"2021-02-05": "3.04", "2020-12-31": "2.83", "2020-09-30": "1.58", "2020-06-30": "1.10", "2020-03-31": "0.88", "2019-12-31": "1.30", "2019-09-30": "1.32", "2019-06-30": "1.26", "2019-03-31": "1.31", "2018-12-31": "1.20", "2018-09-30": "1.67", "2018-06-30": "1.39", "2018-03-31": "1.58", "2017-12-31": "1.83", "2017-09-30": "1.60", "2017-06-30": "1.81", "2017-03-31": "1.61", "2016-12-31": "1.52", "2016-09-30": "1.19", "2016-06-30": "1.21", "2016-03-31": "1.41", "2015-12-31": "1.40", "2015-09-30": "1.27", "2015-06-30": "1.15", "2015-03-31": "1.55", "2014-12-31": "1.51", "2014-09-30": "1.23", "2014-06-30": "1.00", "2014-03-31": "0.90", "2013-12-31": "0.73", "2013-09-30": "0.57", "2013-06-30": "0.52", "2013-03-31": "0.55", "2012-12-31": "0.43", "2012-09-30": "0.37", "2012-06-30": "0.39", "2012-03-31": "0.36", "2011-12-31": "0.40", "2011-09-30": "0.40", "2011-06-30": "0.60", "2011-03-31": "0.70", "2010-12-31": "0.75", "2010-09-30": "0.78", "2010-06-30": "0.69", "2010-03-31": "0.86", "2009-12-31": "0.76", "2009-09-30": "0.64", "2009-06-30": "0.44", "2009-03-31": "0.40", "2008-12-31": "0.54", "2008-09-30": "0.93", "2008-06-30": "0.86", "2008-03-31": "0.86", "2007-12-31": "0.89", "2007-09-30": "1.12", "2007-06-30": "1.19", "2007-03-31": "1.20", "2006-12-31": "1.29"}, "price book": {"current": "3.33", "2021-02-05": "3.02", "2020-09-30": "2.27", "2020-06-30": "1.85", "2020-03-31": "2.00", "2019-12-31": "2.84", "2019-09-30": "2.84", "2019-06-30": "2.72", "2019-03-31": "2.84", "2018-12-31": "2.57", "2018-09-30": "3.41", "2018-06-30": "2.87", "2018-03-31": "3.38", "2017-12-31": "3.91", "2017-09-30": "3.68", "2017-06-30": "4.25", "2017-03-31": "3.85", "2016-12-31": "3.52", "2016-09-30": "2.88", "2016-06-30": "3.00", "2016-03-31": "3.68", "2015-12-31": "3.64", "2015-09-30": "3.41", "2015-06-30": "2.92", "2015-03-31": "4.10", "2014-12-31": "4.03", "2014-09-30": "2.94", "2014-06-30": "2.33", "2014-03-31": "2.16", "2013-12-31": "1.70", "2013-09-30": "1.37", "2013-06-30": "1.27", "2013-03-31": "1.31", "2012-12-31": "1.00", "2012-09-30": "0.87", "2012-06-30": "0.94", "2012-03-31": "0.83", "2011-12-31": "0.90", "2011-09-30": "0.90", "2011-06-30": "1.19", "2011-03-31": "1.34", "2010-12-31": "1.45", "2010-09-30": "1.53", "2010-06-30": "1.39", "2010-03-31": "1.66", "2009-12-31": "1.45", "2009-09-30": "1.27", "2009-06-30": "0.90", "2009-03-31": "0.89", "2008-12-31": "1.20", "2008-09-30": "1.41", "2008-06-30": "1.02", "2008-03-31": "1.17", "2007-12-31": "1.20", "2007-09-30": "1.61", "2007-06-30": "1.61", "2007-03-31": "1.63", "2006-12-31": "1.73", "2006-09-30": "1.85", "2006-06-30": "1.72", "2006-03-31": "1.98"}, "price fcf": {"2021-02-05": "", "2020-09-30": "$0.85", "2020-06-30": "$4.22", "2020-03-31": "$3.94", "2019-12-31": "$6.23", "2019-09-30": "$5.24", "2019-06-30": "$5.34", "2019-03-31": "$5.88", "2018-12-31": "$5.18", "2018-09-30": "$4.48", "2018-06-30": "$3.61", "2018-03-31": "$2.03", "2017-12-31": "$3.00", "2017-09-30": "$2.96", "2017-06-30": "$3.02", "2017-03-31": "$3.72", "2016-12-31": "$3.56", "2016-09-30": "$2.80", "2016-06-30": "$3.05", "2016-03-31": "$2.32", "2015-12-31": "$1.79", "2015-09-30": "$2.15", "2015-06-30": "$0.99", "2015-03-31": "$1.92", "2014-12-31": "$1.66", "2014-09-30": "$1.83", "2014-06-30": "$2.29", "2014-03-31": "$1.86", "2013-12-31": "$1.45", "2013-09-30": "$1.43", "2013-06-30": "$1.29", "2013-03-31": "$0.14", "2012-12-31": "$0.95", "2012-09-30": "$1.14", "2012-06-30": "$0.40", "2012-03-31": "$0.71", "2011-12-31": "$0.50", "2011-09-30": "$0.78", "2011-06-30": "$1.79", "2011-03-31": "$2.33", "2010-12-31": "$1.43", "2010-09-30": "$1.71", "2010-06-30": "$1.16", "2010-03-31": "$0.58", "2009-12-31": "$0.54", "2009-09-30": "$-3.63", "2009-06-30": "$-6.79", "2009-03-31": "$-3.85", "2008-12-31": "$-3.31", "2008-09-30": "$1.30", "2008-06-30": "$4.46", "2008-03-31": "$2.42", "2007-12-31": "$1.97", "2007-09-30": "$0.77", "2007-06-30": "$0.09", "2007-03-31": "$-0.21", "2006-12-31": "$0.01"}, "net worth": {"value": "$29.54B"}, "current ratio": {"2020-12-31": "2.02", "2020-09-30": "2.07", "2020-06-30": "1.70", "2020-03-31": "0.69", "2019-12-31": "0.67", "2019-09-30": "0.66", "2019-06-30": "0.65", "2019-03-31": "0.63", "2018-12-31": "0.64", "2018-09-30": "0.71", "2018-06-30": "0.70", "2018-03-31": "0.67", "2017-12-31": "0.70", "2017-09-30": "0.62", "2017-06-30": "0.61", "2017-03-31": "0.63", "2016-12-31": "0.66", "2016-09-30": "0.62", "2016-06-30": "0.57", "2016-03-31": "0.55", "2015-12-31": "0.54", "2015-09-30": "0.65", "2015-06-30": "0.67", "2015-03-31": "0.72", "2014-12-31": "0.66", "2014-09-30": "0.77", "2014-06-30": "0.76", "2014-03-31": "0.75", "2013-12-31": "0.79", "2013-09-30": "0.86", "2013-06-30": "0.84", "2013-03-31": "0.83", "2012-12-31": "0.91", "2012-09-30": "0.94", "2012-06-30": "0.92", "2012-03-31": "1.01", "2011-12-31": "0.96", "2011-09-30": "0.86", "2011-06-30": "1.02", "2011-03-31": "1.22", "2010-12-31": "1.30", "2010-09-30": "1.27", "2010-06-30": "1.19", "2010-03-31": "1.24", "2009-12-31": "1.25", "2009-09-30": "1.03", "2009-06-30": "1.01", "2009-03-31": "0.96", "2008-12-31": "0.95", "2008-09-30": "0.95", "2008-06-30": "1.07", "2008-03-31": "0.87", "2007-12-31": "0.92", "2007-09-30": "0.75", "2007-06-30": "0.81", "2007-03-31": "0.85", "2006-12-31": "0.90", "2006-09-30": "0.84", "2006-06-30": "0.93", "2006-03-31": "0.92", "2005-12-31": "0.94", "2005-09-30": "1.19", "2005-06-30": "1.11", "2005-03-31": "1.12"}, "quick ratio": {"2020-12-31": "1.97", "2020-09-30": "2.01", "2020-06-30": "1.65", "2020-03-31": "0.64", "2019-12-31": "0.61", "2019-09-30": "0.59", "2019-06-30": "0.59", "2019-03-31": "0.57", "2018-12-31": "0.58", "2018-09-30": "0.65", "2018-06-30": "0.64", "2018-03-31": "0.61", "2017-12-31": "0.64", "2017-09-30": "0.55", "2017-06-30": "0.56", "2017-03-31": "0.58", "2016-12-31": "0.61", "2016-09-30": "0.58", "2016-06-30": "0.53", "2016-03-31": "0.52", "2015-12-31": "0.50", "2015-09-30": "0.60", "2015-06-30": "0.62", "2015-03-31": "0.68", "2014-12-31": "0.61", "2014-09-30": "0.71", "2014-06-30": "0.70", "2014-03-31": "0.68", "2013-12-31": "0.70", "2013-09-30": "0.77", "2013-06-30": "0.76", "2013-03-31": "0.75", "2012-12-31": "0.81", "2012-09-30": "0.83", "2012-06-30": "0.84", "2012-03-31": "0.93", "2011-12-31": "0.87", "2011-09-30": "0.78", "2011-06-30": "0.95", "2011-03-31": "1.15", "2010-12-31": "1.22", "2010-09-30": "1.20", "2010-06-30": "1.12", "2010-03-31": "1.16", "2009-12-31": "1.16", "2009-09-30": "0.97", "2009-06-30": "0.94", "2009-03-31": "0.91", "2008-12-31": "0.87", "2008-09-30": "0.90", "2008-06-30": "1.03", "2008-03-31": "0.83", "2007-12-31": "0.87", "2007-09-30": "0.70", "2007-06-30": "0.77", "2007-03-31": "0.80", "2006-12-31": "0.84", "2006-09-30": "0.79", "2006-06-30": "0.89", "2006-03-31": "0.88", "2005-12-31": "0.90", "2005-09-30": "1.14", "2005-06-30": "1.06", "2005-03-31": "1.08"}, "debt equity ratio": {"current": "1.17", "2020-12-31": "2.90", "2020-09-30": "2.65", "2020-06-30": "2.27", "2020-03-31": "1.96", "2019-12-31": "1.63", "2019-09-30": "1.67", "2019-06-30": "1.65", "2019-03-31": "1.70", "2018-12-31": "1.66", "2018-09-30": "1.65", "2018-06-30": "1.65", "2018-03-31": "1.65", "2017-12-31": "1.61", "2017-09-30": "1.76", "2017-06-30": "1.80", "2017-03-31": "1.90", "2016-12-31": "1.76", "2016-09-30": "1.86", "2016-06-30": "1.87", "2016-03-31": "1.97", "2015-12-31": "1.90", "2015-09-30": "2.04", "2015-06-30": "1.94", "2015-03-31": "2.07", "2014-12-31": "1.91", "2014-09-30": "1.77", "2014-06-30": "1.78", "2014-03-31": "1.78", "2013-12-31": "1.64", "2013-09-30": "1.76", "2013-06-30": "1.86", "2013-03-31": "1.76", "2012-12-31": "1.66", "2012-09-30": "1.69", "2012-06-30": "1.71", "2012-03-31": "1.65", "2011-12-31": "1.63", "2011-09-30": "1.76", "2011-06-30": "1.63", "2011-03-31": "1.49", "2010-12-31": "1.48", "2010-09-30": "1.55", "2010-06-30": "1.70", "2010-03-31": "1.62", "2009-12-31": "1.62", "2009-09-30": "1.70", "2009-06-30": "1.73", "2009-03-31": "1.88", "2008-12-31": "1.84", "2008-09-30": "1.57", "2008-06-30": "1.67", "2008-03-31": "1.51", "2007-12-31": "1.42", "2007-09-30": "1.32", "2007-06-30": "1.31", "2007-03-31": "1.17", "2006-12-31": "1.09", "2006-09-30": "1.13", "2006-06-30": "1.21", "2006-03-31": "1.18", "2005-12-31": "1.10", "2005-09-30": "1.18", "2005-06-30": "1.18", "2005-03-31": "1.17"}, "return on equity": {"2020-12-31": "-31.86%", "2020-09-30": "-16.72%", "2020-06-30": "1.64%", "2020-03-31": "18.76%", "2019-12-31": "23.29%", "2019-09-30": "24.71%", "2019-06-30": "24.13%", "2019-03-31": "24.01%", "2018-12-31": "24.89%", "2018-09-30": "36.11%", "2018-06-30": "36.48%", "2018-03-31": "38.05%", "2017-12-31": "38.17%", "2017-09-30": "24.39%", "2017-06-30": "23.26%", "2017-03-31": "24.72%", "2016-12-31": "27.45%", "2016-09-30": "29.39%", "2016-06-30": "33.10%", "2016-03-31": "30.93%", "2015-12-31": "30.73%", "2015-09-30": "26.40%", "2015-06-30": "22.36%", "2015-03-31": "20.08%", "2014-12-31": "15.72%", "2014-09-30": "15.72%", "2014-06-30": "14.98%", "2014-03-31": "11.96%", "2013-12-31": "10.74%", "2013-09-30": "8.95%", "2013-06-30": "5.45%", "2013-03-31": "5.50%", "2012-12-31": "6.03%", "2012-09-30": "7.10%", "2012-06-30": "4.95%", "2012-03-31": "3.92%", "2011-12-31": "2.62%", "2011-09-30": "2.37%", "2011-06-30": "7.73%", "2011-03-31": "7.45%", "2010-12-31": "7.89%", "2010-09-30": "7.88%", "2010-06-30": "4.08%", "2010-03-31": "3.77%", "2009-12-31": "1.91%", "2009-09-30": "-1.44%", "2009-06-30": "-3.20%", "2009-03-31": "0.83%", "2008-12-31": "2.55%", "2008-09-30": "4.64%", "2008-06-30": "8.64%", "2008-03-31": "8.74%", "2007-12-31": "9.85%", "2007-09-30": "9.18%", "2007-06-30": "7.31%", "2007-03-31": "7.99%", "2006-12-31": "7.45%", "2006-09-30": "7.60%", "2006-06-30": "9.95%", "2006-03-31": "7.33%", "2005-12-31": "7.49%"}, "return on assets": {"2020-12-31": "-9.27%", "2020-09-30": "-5.33%", "2020-06-30": "0.57%", "2020-03-31": "6.89%", "2019-12-31": "8.75%", "2019-09-30": "9.25%", "2019-06-30": "9.05%", "2019-03-31": "9.01%", "2018-12-31": "9.38%", "2018-09-30": "13.69%", "2018-06-30": "13.70%", "2018-03-31": "14.10%", "2017-12-31": "13.84%", "2017-09-30": "8.70%", "2017-06-30": "8.22%", "2017-03-31": "8.68%", "2016-12-31": "9.59%", "2016-09-30": "10.14%", "2016-06-30": "11.26%", "2016-03-31": "10.45%", "2015-12-31": "10.30%", "2015-09-30": "8.83%", "2015-06-30": "7.66%", "2015-03-31": "6.98%", "2014-12-31": "5.60%", "2014-09-30": "5.74%", "2014-06-30": "5.47%", "2014-03-31": "4.34%", "2013-12-31": "3.90%", "2013-09-30": "3.25%", "2013-06-30": "1.99%", "2013-03-31": "2.03%", "2012-12-31": "2.25%", "2012-09-30": "2.66%", "2012-06-30": "1.84%", "2012-03-31": "1.47%", "2011-12-31": "1.00%", "2011-09-30": "0.91%", "2011-06-30": "3.04%", "2011-03-31": "2.92%", "2010-12-31": "3.05%", "2010-09-30": "3.01%", "2010-06-30": "1.53%", "2010-03-31": "1.41%", "2009-12-31": "0.70%", "2009-09-30": "-0.52%", "2009-06-30": "-1.17%", "2009-03-31": "0.30%", "2008-12-31": "0.97%", "2008-09-30": "1.82%", "2008-06-30": "3.47%", "2008-03-31": "3.65%", "2007-12-31": "4.27%", "2007-09-30": "4.13%", "2007-06-30": "3.36%", "2007-03-31": "3.72%", "2006-12-31": "3.46%", "2006-09-30": "3.53%", "2006-06-30": "4.59%", "2006-03-31": "3.40%", "2005-12-31": "3.47%"}, "return on investments": {"2020-12-31": "-21.49%", "2020-09-30": "-12.47%", "2020-06-30": "1.77%", "2020-03-31": "19.34%", "2019-12-31": "23.95%", "2019-09-30": "24.00%", "2019-06-30": "22.78%", "2019-03-31": "21.91%", "2018-12-31": "21.96%", "2018-09-30": "21.40%", "2018-06-30": "22.51%", "2018-03-31": "25.21%", "2017-12-31": "26.23%", "2017-09-30": "26.21%", "2017-06-30": "25.79%", "2017-03-31": "27.11%", "2016-12-31": "30.97%", "2016-09-30": "35.99%", "2016-06-30": "42.10%", "2016-03-31": "41.19%", "2015-12-31": "40.35%", "2015-09-30": "37.19%", "2015-06-30": "31.04%", "2015-03-31": "27.98%", "2014-12-31": "22.37%", "2014-09-30": "19.90%", "2014-06-30": "17.85%", "2014-03-31": "14.65%", "2013-12-31": "13.20%", "2013-09-30": "10.09%", "2013-06-30": "6.56%", "2013-03-31": "6.76%", "2012-12-31": "6.20%", "2012-09-30": "6.81%", "2012-06-30": "8.61%", "2012-03-31": "5.97%", "2011-12-31": "7.08%", "2011-09-30": "7.96%", "2011-06-30": "9.42%", "2011-03-31": "11.55%", "2010-12-31": "10.94%", "2010-09-30": "10.49%", "2010-06-30": "6.91%", "2010-03-31": "4.23%", "2009-12-31": "3.07%", "2009-09-30": "1.95%", "2009-06-30": "2.63%", "2009-03-31": "3.29%", "2008-12-31": "4.64%", "2008-09-30": "5.17%", "2008-06-30": "7.19%", "2008-03-31": "9.35%", "2007-12-31": "9.63%", "2007-09-30": "10.48%", "2007-06-30": "10.58%", "2007-03-31": "11.38%", "2006-12-31": "11.55%", "2006-09-30": "11.12%", "2006-06-30": "10.72%", "2006-03-31": "8.99%", "2005-12-31": "8.81%"}, "return on tangible equity": {"2020-09-30": "-18.53%", "2020-06-30": "1.82%", "2020-03-31": "20.85%", "2019-12-31": "25.83%", "2019-09-30": "27.40%", "2019-06-30": "26.74%", "2019-03-31": "26.61%", "2018-12-31": "27.59%", "2018-09-30": "40.06%", "2018-06-30": "40.62%", "2018-03-31": "42.57%", "2017-12-31": "42.91%", "2017-09-30": "27.54%", "2017-06-30": "26.34%", "2017-03-31": "28.07%", "2016-12-31": "31.27%", "2016-09-30": "33.63%", "2016-06-30": "38.09%", "2016-03-31": "35.71%", "2015-12-31": "35.60%", "2015-09-30": "30.68%", "2015-06-30": "25.92%", "2015-03-31": "23.23%", "2014-12-31": "18.15%", "2014-09-30": "18.10%", "2014-06-30": "17.29%", "2014-03-31": "13.86%", "2013-12-31": "12.46%", "2013-09-30": "10.41%", "2013-06-30": "6.34%", "2013-03-31": "6.39%", "2012-12-31": "7.00%", "2012-09-30": "8.26%", "2012-06-30": "5.77%", "2012-03-31": "4.56%", "2011-12-31": "2.94%", "2011-09-30": "2.56%", "2011-06-30": "8.03%", "2011-03-31": "7.45%", "2010-12-31": "7.89%", "2010-09-30": "7.88%", "2010-06-30": "4.08%", "2010-03-31": "3.77%", "2009-12-31": "1.91%", "2009-09-30": "-1.44%", "2009-06-30": "-3.20%", "2009-03-31": "0.83%", "2008-12-31": "2.55%", "2008-09-30": "4.64%", "2008-06-30": "8.64%", "2008-03-31": "8.74%", "2007-12-31": "9.85%", "2007-09-30": "9.18%", "2007-06-30": "7.31%", "2007-03-31": "7.99%", "2006-12-31": "7.45%", "2006-09-30": "7.60%", "2006-06-30": "9.95%", "2006-03-31": "7.33%", "2005-12-31": "7.49%"}, "dividend yield history": {"last payout": "$0.00", "last yield": "0.00%"}}