{"ticker": "SCCO", "price": {"title": "Southern Copper Historical Annual Stock Price Data", "value": 71.46, "historical": {"2021": {"Average Stock Price": "69.6163", "Year Open": "67.2700", "Year High": "71.8100", "Year Low": "66.4100", "Year Close": "71.4600", "Annual % Change": "9.74%"}, "2020": {"Average Stock Price": "42.7480", "Year Open": "42.7100", "Year High": "65.8200", "Year Low": "23.5300", "Year Close": "65.1200", "Annual % Change": "53.30%"}, "2019": {"Average Stock Price": "35.9560", "Year Open": "30.1900", "Year High": "43.1900", "Year Low": "29.2100", "Year Close": "42.4800", "Annual % Change": "38.06%"}, "2018": {"Average Stock Price": "45.8910", "Year Open": "48.9000", "Year High": "57.3400", "Year Low": "29.7800", "Year Close": "30.7700", "Annual % Change": "-35.15%"}, "2017": {"Average Stock Price": "38.4765", "Year Open": "32.3800", "Year High": "47.6300", "Year Low": "32.3800", "Year Close": "47.4500", "Annual % Change": "48.56%"}, "2016": {"Average Stock Price": "27.3192", "Year Open": "25.6600", "Year High": "34.9800", "Year Low": "22.2900", "Year Close": "31.9400", "Annual % Change": "22.28%"}, "2015": {"Average Stock Price": "28.4843", "Year Open": "28.4400", "Year High": "33.1400", "Year Low": "24.4000", "Year Close": "26.1200", "Annual % Change": "-7.38%"}, "2014": {"Average Stock Price": "29.9956", "Year Open": "29.2400", "Year High": "33.5400", "Year Low": "26.0800", "Year Close": "28.2000", "Annual % Change": "-1.78%"}, "2013": {"Average Stock Price": "31.3169", "Year Open": "39.1800", "Year High": "41.9600", "Year Low": "24.7800", "Year Close": "28.7100", "Annual % Change": "-24.17%"}, "2012": {"Average Stock Price": "33.1683", "Year Open": "31.6400", "Year High": "38.9400", "Year Low": "28.1600", "Year Close": "37.8600", "Annual % Change": "25.45%"}, "2011": {"Average Stock Price": "34.9064", "Year Open": "49.5900", "Year High": "49.5900", "Year Low": "23.9900", "Year Close": "30.1800", "Annual % Change": "-38.08%"}, "2010": {"Average Stock Price": "34.0585", "Year Open": "34.4300", "Year High": "48.8400", "Year Low": "26.1900", "Year Close": "48.7400", "Annual % Change": "48.10%"}, "2009": {"Average Stock Price": "24.1054", "Year Open": "18.2700", "Year High": "36.4000", "Year Low": "12.7400", "Year Close": "32.9100", "Annual % Change": "104.92%"}, "2008": {"Average Stock Price": "27.6160", "Year Open": "35.5300", "Year High": "41.3367", "Year Low": "9.1900", "Year Close": "16.0600", "Annual % Change": "-54.17%"}, "2007": {"Average Stock Price": "31.3649", "Year Open": "17.0233", "Year High": "47.1167", "Year Low": "16.8400", "Year Close": "35.0433", "Annual % Change": "95.08%"}, "2006": {"Average Stock Price": "15.1893", "Year Open": "11.5600", "Year High": "19.3733", "Year Low": "11.5500", "Year Close": "17.9633", "Annual % Change": "60.91%"}, "2005": {"Average Stock Price": "8.7919", "Year Open": "7.7000", "Year High": "11.7667", "Year Low": "6.9383", "Year Close": "11.1633", "Annual % Change": "41.88%"}, "2004": {"Average Stock Price": "6.8372", "Year Open": "8.1833", "Year High": "9.0167", "Year Low": "4.4217", "Year Close": "7.8683", "Annual % Change": "0.11%"}, "2003": {"Average Stock Price": "3.5131", "Year Open": "2.4917", "Year High": "8.1417", "Year Low": "2.4033", "Year Close": "7.8600", "Annual % Change": "227.50%"}, "2002": {"Average Stock Price": "2.2696", "Year Open": "1.9583", "Year High": "2.5900", "Year Low": "1.8033", "Year Close": "2.4000", "Annual % Change": "20.50%"}, "2001": {"Average Stock Price": "2.0659", "Year Open": "2.1250", "Year High": "2.5167", "Year Low": "1.4667", "Year Close": "1.9917", "Annual % Change": "-7.15%"}, "2000": {"Average Stock Price": "2.2172", "Year Open": "2.5200", "Year High": "2.7400", "Year Low": "1.8333", "Year Close": "2.1450", "Annual % Change": "-16.64%"}, "1999": {"Average Stock Price": "2.2245", "Year Open": "1.6250", "Year High": "3.0100", "Year Low": "1.4067", "Year Close": "2.5733", "Annual % Change": "63.56%"}, "1998": {"Average Stock Price": "2.1023", "Year Open": "2.3133", "Year High": "2.7817", "Year Low": "1.4583", "Year Close": "1.5733", "Annual % Change": "-29.45%"}, "1997": {"Average Stock Price": "2.8994", "Year Open": "2.5000", "Year High": "3.5200", "Year Low": "2.1250", "Year Close": "2.2300", "Annual % Change": "-8.48%"}}}, "market cap": {"value": "$55.24B"}, "income statement": {"Revenue": {"2019-12-31": "7285.60000", "2018-12-31": "7096.70000", "2017-12-31": "6654.50000", "2016-12-31": "5379.80000", "2015-12-31": "5045.90000", "2014-12-31": "5787.70000", "2013-12-31": "5952.90000", "2012-12-31": "6669.26600", "2011-12-31": "6818.72100", "2010-12-31": "5149.50000", "2009-12-31": "3734.28000", "2008-12-31": "4850.82000", "2007-12-31": "6085.67200", "2006-12-31": "5460.22100", "2005-12-31": "4089.14500"}, "Cost Of Goods Sold": {"2019-12-31": "3606.40000", "2018-12-31": "3409.00000", "2017-12-31": "3252.80000", "2016-12-31": "3034.10000", "2015-12-31": "2927.60000", "2014-12-31": "2840.50000", "2013-12-31": "2871.30000", "2012-12-31": "2769.23300", "2011-12-31": "2763.15200", "2010-12-31": "2128.99900", "2009-12-31": "1865.82800", "2008-12-31": "2182.20600", "2007-12-31": "2122.16300", "2006-12-31": "2019.84000", "2005-12-31": "1635.39300"}, "Gross Profit": {"2019-12-31": "3679.20000", "2018-12-31": "3687.70000", "2017-12-31": "3401.70000", "2016-12-31": "2345.70000", "2015-12-31": "2118.30000", "2014-12-31": "2947.20000", "2013-12-31": "3081.60000", "2012-12-31": "3900.03300", "2011-12-31": "4055.56900", "2010-12-31": "3020.50100", "2009-12-31": "1868.45200", "2008-12-31": "2668.61400", "2007-12-31": "3963.50900", "2006-12-31": "3440.38100", "2005-12-31": "2453.75200"}, "Research And Development Expenses": {"2019-12-31": "30.00000", "2018-12-31": "29.60000", "2017-12-31": "28.80000", "2016-12-31": "40.10000", "2015-12-31": "48.80000", "2014-12-31": "74.70000", "2013-12-31": "51.00000", "2012-12-31": "47.87700", "2011-12-31": "37.53500", "2010-12-31": "34.31300", "2009-12-31": "24.57800", "2008-12-31": "36.99000", "2007-12-31": "40.21200", "2006-12-31": "22.70400", "2005-12-31": "24.35600"}, "SG&A Expenses": {"2019-12-31": "131.80000", "2018-12-31": "102.60000", "2017-12-31": "93.10000", "2016-12-31": "94.30000", "2015-12-31": "99.40000", "2014-12-31": "103.40000", "2013-12-31": "102.50000", "2012-12-31": "101.29700", "2011-12-31": "104.47300", "2010-12-31": "100.28700", "2009-12-31": "85.16800", "2008-12-31": "102.43200", "2007-12-31": "98.04700", "2006-12-31": "88.27400", "2005-12-31": "81.13200"}, "Other Operating Income Or Expenses": {"2019-12-31": "", "2018-12-31": "", "2017-12-31": "10.20000", "2016-12-31": "", "2015-12-31": "-45.00000", "2014-12-31": "-91.40000", "2013-12-31": "", "2012-12-31": "-316.23300", "2011-12-31": "", "2010-12-31": "", "2009-12-31": "", "2008-12-31": "", "2007-12-31": "", "2006-12-31": "", "2005-12-31": ""}, "Operating Expenses": {"2019-12-31": "4532.60000", "2018-12-31": "4215.50000", "2017-12-31": "4035.60000", "2016-12-31": "3815.60000", "2015-12-31": "3631.50000", "2014-12-31": "3555.00000", "2013-12-31": "3420.80000", "2012-12-31": "3560.38300", "2011-12-31": "3193.29800", "2010-12-31": "2545.29600", "2009-12-31": "2249.13200", "2008-12-31": "2648.93000", "2007-12-31": "2588.32000", "2006-12-31": "2405.88000", "2005-12-31": "2018.12900"}, "Operating Income": {"2019-12-31": "2753.00000", "2018-12-31": "2881.20000", "2017-12-31": "2618.90000", "2016-12-31": "1564.19900", "2015-12-31": "1414.40000", "2014-12-31": "2232.70000", "2013-12-31": "2532.10000", "2012-12-31": "3108.88300", "2011-12-31": "3625.42300", "2010-12-31": "2604.20400", "2009-12-31": "1485.14800", "2008-12-31": "2201.89000", "2007-12-31": "3497.35200", "2006-12-31": "3054.34100", "2005-12-31": "2071.01600"}, "Total Non-Operating Income/Expense": {"2019-12-31": "-326.50000", "2018-12-31": "-291.80000", "2017-12-31": "-316.20000", "2016-12-31": "-308.20000", "2015-12-31": "-225.20000", "2014-12-31": "-164.10000", "2013-12-31": "-159.50000", "2012-12-31": "-135.34100", "2011-12-31": "-176.73500", "2010-12-31": "-173.42400", "2009-12-31": "-80.71400", "2008-12-31": "-108.10800", "2007-12-31": "-85.49200", "2006-12-31": "-48.31200", "2005-12-31": "-68.64900"}, "Pre-Tax Income": {"2019-12-31": "2426.50000", "2018-12-31": "2589.40000", "2017-12-31": "2302.70000", "2016-12-31": "1256.00000", "2015-12-31": "1189.20000", "2014-12-31": "2068.60000", "2013-12-31": "2372.60000", "2012-12-31": "2973.54200", "2011-12-31": "3448.68800", "2010-12-31": "2430.78000", "2009-12-31": "1404.43400", "2008-12-31": "2093.78200", "2007-12-31": "3411.86000", "2006-12-31": "3006.02900", "2005-12-31": "2002.36700"}, "Income Taxes": {"2019-12-31": "945.30000", "2018-12-31": "1053.50000", "2017-12-31": "1593.40000", "2016-12-31": "501.10000", "2015-12-31": "464.90000", "2014-12-31": "754.60000", "2013-12-31": "769.30000", "2012-12-31": "1080.87200", "2011-12-31": "1104.33500", "2010-12-31": "868.07100", "2009-12-31": "469.86100", "2008-12-31": "679.32300", "2007-12-31": "1185.26100", "2006-12-31": "959.08700", "2005-12-31": "589.74400"}, "Income After Taxes": {"2019-12-31": "1481.20000", "2018-12-31": "1535.90000", "2017-12-31": "709.29990", "2016-12-31": "754.90000", "2015-12-31": "724.29990", "2014-12-31": "1314.00000", "2013-12-31": "1603.30000", "2012-12-31": "1892.67000", "2011-12-31": "2344.35300", "2010-12-31": "1562.70900", "2009-12-31": "934.57300", "2008-12-31": "1414.45900", "2007-12-31": "2226.59900", "2006-12-31": "2046.94200", "2005-12-31": "1412.62300"}, "Other Income": {"2019-12-31": "", "2018-12-31": "", "2017-12-31": "", "2016-12-31": "", "2015-12-31": "", "2014-12-31": "", "2013-12-31": "", "2012-12-31": "", "2011-12-31": "", "2010-12-31": "", "2009-12-31": "", "2008-12-31": "", "2007-12-31": "", "2006-12-31": "", "2005-12-31": ""}, "Income From Continuous Operations": {"2019-12-31": "1491.90000", "2018-12-31": "1548.20000", "2017-12-31": "732.39990", "2016-12-31": "778.80000", "2015-12-31": "741.09990", "2014-12-31": "1337.90000", "2013-12-31": "1624.20000", "2012-12-31": "1941.37200", "2011-12-31": "2344.35300", "2010-12-31": "1562.70900", "2009-12-31": "934.57300", "2008-12-31": "1414.45900", "2007-12-31": "2226.59900", "2006-12-31": "2037.64000", "2005-12-31": "1400.14800"}, "Income From Discontinued Operations": {"2019-12-31": "", "2018-12-31": "", "2017-12-31": "", "2016-12-31": "", "2015-12-31": "", "2014-12-31": "", "2013-12-31": "", "2012-12-31": "", "2011-12-31": "", "2010-12-31": "", "2009-12-31": "", "2008-12-31": "", "2007-12-31": "", "2006-12-31": "", "2005-12-31": ""}, "Net Income": {"2019-12-31": "1485.80000", "2018-12-31": "1543.00000", "2017-12-31": "728.50000", "2016-12-31": "776.50000", "2015-12-31": "736.40000", "2014-12-31": "1333.00000", "2013-12-31": "1618.50000", "2012-12-31": "1934.63200", "2011-12-31": "2336.42400", "2010-12-31": "1554.05100", "2009-12-31": "929.38100", "2008-12-31": "1406.59300", "2007-12-31": "2216.37000", "2006-12-31": "2037.64000", "2005-12-31": "1400.14800"}, "EBITDA": {"2019-12-31": "3517.40000", "2018-12-31": "3555.50000", "2017-12-31": "3290.00000", "2016-12-31": "2211.29900", "2015-12-31": "1925.10000", "2014-12-31": "2677.70000", "2013-12-31": "2928.10000", "2012-12-31": "3434.62600", "2011-12-31": "3913.56100", "2010-12-31": "2885.90100", "2009-12-31": "1758.70600", "2008-12-31": "2529.19200", "2007-12-31": "3825.25000", "2006-12-31": "3329.40300", "2005-12-31": "2348.26400"}, "EBIT": {"2019-12-31": "2753.00000", "2018-12-31": "2881.20000", "2017-12-31": "2618.90000", "2016-12-31": "1564.19900", "2015-12-31": "1414.40000", "2014-12-31": "2232.70000", "2013-12-31": "2532.10000", "2012-12-31": "3108.88300", "2011-12-31": "3625.42300", "2010-12-31": "2604.20400", "2009-12-31": "1485.14800", "2008-12-31": "2201.89000", "2007-12-31": "3497.35200", "2006-12-31": "3054.34100", "2005-12-31": "2071.01600"}, "Basic Shares Outstanding": {"2019-12-31": "773.10000", "2018-12-31": "773.00000", "2017-12-31": "773.00000", "2016-12-31": "773.60000", "2015-12-31": "794.70000", "2014-12-31": "828.20000", "2013-12-31": "842.70000", "2012-12-31": "848.34600", "2011-12-31": "854.64900", "2010-12-31": "858.99800", "2009-12-31": "850.68400", "2008-12-31": "888.11520", "2007-12-31": "892.84430", "2006-12-31": "892.83010", "2005-12-31": "892.82000"}, "Shares Outstanding": {"2019-12-31": "773.10000", "2018-12-31": "773.00000", "2017-12-31": "773.00000", "2016-12-31": "773.60000", "2015-12-31": "794.70000", "2014-12-31": "828.20000", "2013-12-31": "842.70000", "2012-12-31": "848.34600", "2011-12-31": "854.64900", "2010-12-31": "858.99800", "2009-12-31": "850.68400", "2008-12-31": "888.11520", "2007-12-31": "892.84430", "2006-12-31": "892.83010", "2005-12-31": "892.82000"}, "Basic EPS": {"2019-12-31": "1.92000", "2018-12-31": "2.00000", "2017-12-31": "0.94000", "2016-12-31": "1.00000", "2015-12-31": "0.93000", "2014-12-31": "1.61000", "2013-12-31": "1.92000", "2012-12-31": "2.28000", "2011-12-31": "2.73000", "2010-12-31": "1.81000", "2009-12-31": "1.09000", "2008-12-31": "1.58310", "2007-12-31": "2.48340", "2006-12-31": "2.28550", "2005-12-31": "1.56990"}, "EPS - Earnings Per Share": {"2019-12-31": "1.92000", "2018-12-31": "2.00000", "2017-12-31": "0.94000", "2016-12-31": "1.00000", "2015-12-31": "0.93000", "2014-12-31": "1.61000", "2013-12-31": "1.92000", "2012-12-31": "2.28000", "2011-12-31": "2.73000", "2010-12-31": "1.81000", "2009-12-31": "1.09000", "2008-12-31": "1.58310", "2007-12-31": "2.48340", "2006-12-31": "2.28550", "2005-12-31": "1.56990"}}, "income statement, quarterly": {"Revenue": {"2020-09-30": "2129.10000", "2020-06-30": "1785.40000", "2020-03-31": "1719.70000", "2019-12-31": "1854.70000", "2019-09-30": "1859.50000", "2019-06-30": "1818.00000", "2019-03-31": "1753.40000", "2018-12-31": "1694.70000", "2018-09-30": "1723.70000", "2018-06-30": "1837.20000", "2018-03-31": "1841.10000", "2017-12-31": "1864.30000", "2017-09-30": "1676.50000", "2017-06-30": "1529.80000", "2017-03-31": "1583.90000", "2016-12-31": "1398.90000", "2016-09-30": "1400.70000", "2016-06-30": "1335.10000", "2016-03-31": "1245.10000", "2015-12-31": "1254.60000", "2015-09-30": "1133.60000", "2015-06-30": "1382.90000", "2015-03-31": "1274.80000", "2014-12-31": "1471.25800", "2014-09-30": "1474.64700", "2014-06-30": "1487.41200", "2014-03-31": "1354.38300", "2013-12-31": "1535.16800", "2013-09-30": "1384.50700", "2013-06-30": "1410.22300", "2013-03-31": "1623.00200", "2012-12-31": "1651.07500", "2012-09-30": "1552.37900", "2012-06-30": "1659.87600", "2012-03-31": "1805.93600", "2011-12-31": "1669.29800", "2011-09-30": "1745.90600", "2011-06-30": "1801.49800", "2011-03-31": "1602.01900", "2010-12-31": "1498.99100", "2010-09-30": "1257.86400", "2010-06-30": "1173.24000", "2010-03-31": "1219.40500", "2009-12-31": "1136.00400", "2009-09-30": "1151.76900", "2009-06-30": "824.50900", "2009-03-31": "621.99800", "2008-12-31": "449.74060", "2008-09-30": "1440.07700", "2008-06-30": "1461.79600", "2008-03-31": "1499.20600", "2007-12-31": "1294.45900", "2007-09-30": "1606.41400", "2007-06-30": "1826.46200", "2007-03-31": "1358.33700", "2006-12-31": "1649.94300", "2006-09-30": "1412.23800", "2006-06-30": "1276.74900", "2006-03-31": "1121.29100", "2005-12-31": "1158.78200", "2005-09-30": "1030.19300", "2005-06-30": "954.09500", "2005-03-31": "946.07500"}, "Cost Of Goods Sold": {"2020-09-30": "948.90000", "2020-06-30": "976.70000", "2020-03-31": "955.80000", "2019-12-31": "988.49990", "2019-09-30": "906.50000", "2019-06-30": "867.30000", "2019-03-31": "844.10000", "2018-12-31": "856.80000", "2018-09-30": "824.00000", "2018-06-30": "851.70000", "2018-03-31": "876.50000", "2017-12-31": "822.70000", "2017-09-30": "781.50000", "2017-06-30": "804.80000", "2017-03-31": "843.80000", "2016-12-31": "724.30020", "2016-09-30": "831.40000", "2016-06-30": "751.60000", "2016-03-31": "726.80000", "2015-12-31": "870.10000", "2015-09-30": "670.80000", "2015-06-30": "706.90000", "2015-03-31": "679.80000", "2014-12-31": "742.51120", "2014-09-30": "729.50600", "2014-06-30": "726.58900", "2014-03-31": "641.89400", "2013-12-31": "773.97800", "2013-09-30": "663.34200", "2013-06-30": "711.23100", "2013-03-31": "722.74900", "2012-12-31": "708.56880", "2012-09-30": "670.86100", "2012-06-30": "667.87600", "2012-03-31": "721.92700", "2011-12-31": "653.05700", "2011-09-30": "677.25800", "2011-06-30": "695.97700", "2011-03-31": "736.86000", "2010-12-31": "535.72900", "2010-09-30": "550.80300", "2010-06-30": "531.48400", "2010-03-31": "510.98300", "2009-12-31": "541.00400", "2009-09-30": "529.89300", "2009-06-30": "419.47600", "2009-03-31": "375.45500", "2008-12-31": "465.36110", "2008-09-30": "645.79800", "2008-06-30": "550.45800", "2008-03-31": "520.58900", "2007-12-31": "533.18120", "2007-09-30": "560.00300", "2007-06-30": "562.33400", "2007-03-31": "466.64500", "2006-12-31": "581.85000", "2006-09-30": "509.25800", "2006-06-30": "521.78800", "2006-03-31": "406.94400", "2005-12-31": "449.72390", "2005-09-30": "382.99400", "2005-06-30": "413.10500", "2005-03-31": "389.57000"}, "Gross Profit": {"2020-09-30": "1180.20000", "2020-06-30": "808.70000", "2020-03-31": "763.90000", "2019-12-31": "866.20020", "2019-09-30": "953.00000", "2019-06-30": "950.70000", "2019-03-31": "909.30000", "2018-12-31": "837.90000", "2018-09-30": "899.70000", "2018-06-30": "985.49990", "2018-03-31": "964.60000", "2017-12-31": "1041.60000", "2017-09-30": "895.00000", "2017-06-30": "725.00010", "2017-03-31": "740.10000", "2016-12-31": "674.59980", "2016-09-30": "569.29990", "2016-06-30": "583.50000", "2016-03-31": "518.30000", "2015-12-31": "384.49980", "2015-09-30": "462.80000", "2015-06-30": "676.00000", "2015-03-31": "595.00010", "2014-12-31": "728.74690", "2014-09-30": "745.14100", "2014-06-30": "760.82300", "2014-03-31": "712.48910", "2013-12-31": "761.18990", "2013-09-30": "721.16500", "2013-06-30": "698.99200", "2013-03-31": "900.25290", "2012-12-31": "942.50630", "2012-09-30": "881.51800", "2012-06-30": "992.00000", "2012-03-31": "1084.00900", "2011-12-31": "1016.24100", "2011-09-30": "1068.64800", "2011-06-30": "1105.52100", "2011-03-31": "865.15910", "2010-12-31": "963.26200", "2010-09-30": "707.06100", "2010-06-30": "641.75600", "2010-03-31": "708.42200", "2009-12-31": "594.99990", "2009-09-30": "621.87600", "2009-06-30": "405.03300", "2009-03-31": "246.54300", "2008-12-31": "-15.62050", "2008-09-30": "794.27910", "2008-06-30": "911.33800", "2008-03-31": "978.61710", "2007-12-31": "761.27770", "2007-09-30": "1046.41100", "2007-06-30": "1264.12800", "2007-03-31": "891.69200", "2006-12-31": "1068.09300", "2006-09-30": "902.98000", "2006-06-30": "754.96100", "2006-03-31": "714.34700", "2005-12-31": "709.05830", "2005-09-30": "647.19900", "2005-06-30": "540.99000", "2005-03-31": "556.50500"}, "Research And Development Expenses": {"2020-09-30": "6.90000", "2020-06-30": "6.30000", "2020-03-31": "8.60000", "2019-12-31": "10.20000", "2019-09-30": "6.90000", "2019-06-30": "7.40000", "2019-03-31": "5.50000", "2018-12-31": "9.30000", "2018-09-30": "6.00000", "2018-06-30": "9.10000", "2018-03-31": "5.20000", "2017-12-31": "9.90000", "2017-09-30": "8.10000", "2017-06-30": "5.70000", "2017-03-31": "5.10000", "2016-12-31": "9.60000", "2016-09-30": "9.70000", "2016-06-30": "10.30000", "2016-03-31": "10.50000", "2015-12-31": "12.70000", "2015-09-30": "13.70000", "2015-06-30": "12.10000", "2015-03-31": "10.30000", "2014-12-31": "17.38300", "2014-09-30": "20.63800", "2014-06-30": "22.06800", "2014-03-31": "14.61100", "2013-12-31": "17.04100", "2013-09-30": "11.98400", "2013-06-30": "11.65100", "2013-03-31": "10.32400", "2012-12-31": "14.08200", "2012-09-30": "12.47000", "2012-06-30": "12.60000", "2012-03-31": "8.72500", "2011-12-31": "12.49500", "2011-09-30": "9.67500", "2011-06-30": "8.14700", "2011-03-31": "7.21800", "2010-12-31": "6.91200", "2010-09-30": "8.87100", "2010-06-30": "10.06500", "2010-03-31": "8.46500", "2009-12-31": "7.08000", "2009-09-30": "7.07500", "2009-06-30": "5.02100", "2009-03-31": "5.40200", "2008-12-31": "11.48600", "2008-09-30": "8.45200", "2008-06-30": "8.99600", "2008-03-31": "8.05600", "2007-12-31": "17.53100", "2007-09-30": "7.71000", "2007-06-30": "8.55300", "2007-03-31": "6.41800", "2006-12-31": "7.84000", "2006-09-30": "5.65500", "2006-06-30": "4.63600", "2006-03-31": "4.57300", "2005-12-31": "7.15100", "2005-09-30": "6.36100", "2005-06-30": "5.49700", "2005-03-31": "5.34700"}, "SG&A Expenses": {"2020-09-30": "33.40000", "2020-06-30": "31.40000", "2020-03-31": "29.10000", "2019-12-31": "40.40000", "2019-09-30": "32.00000", "2019-06-30": "30.90000", "2019-03-31": "28.50000", "2018-12-31": "25.90000", "2018-09-30": "26.40000", "2018-06-30": "26.20000", "2018-03-31": "24.10000", "2017-12-31": "24.50000", "2017-09-30": "25.00000", "2017-06-30": "22.20000", "2017-03-31": "21.40000", "2016-12-31": "21.70000", "2016-09-30": "22.70000", "2016-06-30": "23.60000", "2016-03-31": "26.30000", "2015-12-31": "25.90000", "2015-09-30": "23.60000", "2015-06-30": "25.00000", "2015-03-31": "24.90000", "2014-12-31": "27.22300", "2014-09-30": "26.28200", "2014-06-30": "25.39700", "2014-03-31": "24.49800", "2013-12-31": "25.56800", "2013-09-30": "24.10600", "2013-06-30": "27.45200", "2013-03-31": "25.37400", "2012-12-31": "26.74600", "2012-09-30": "23.75800", "2012-06-30": "25.36200", "2012-03-31": "25.43100", "2011-12-31": "29.78100", "2011-09-30": "24.37600", "2011-06-30": "25.74400", "2011-03-31": "24.57200", "2010-12-31": "33.45700", "2010-09-30": "23.14800", "2010-06-30": "21.96400", "2010-03-31": "21.71800", "2009-12-31": "24.47100", "2009-09-30": "23.80400", "2009-06-30": "18.10100", "2009-03-31": "18.79200", "2008-12-31": "25.11400", "2008-09-30": "25.93700", "2008-06-30": "26.72600", "2008-03-31": "24.65500", "2007-12-31": "24.77100", "2007-09-30": "23.57000", "2007-06-30": "25.90700", "2007-03-31": "23.79900", "2006-12-31": "15.78300", "2006-09-30": "25.16200", "2006-06-30": "23.31300", "2006-03-31": "24.01600", "2005-12-31": "21.93000", "2005-09-30": "20.19900", "2005-06-30": "20.40500", "2005-03-31": "18.59800"}, "Other Operating Income Or Expenses": {"2020-09-30": "", "2020-06-30": "", "2020-03-31": "", "2019-12-31": "", "2019-09-30": "", "2019-06-30": "", "2019-03-31": "", "2018-12-31": "", "2018-09-30": "", "2018-06-30": "", "2018-03-31": "", "2017-12-31": "", "2017-09-30": "", "2017-06-30": "", "2017-03-31": "10.20000", "2016-12-31": "", "2016-09-30": "", "2016-06-30": "", "2016-03-31": "", "2015-12-31": "-21.60000", "2015-09-30": "-7.00000", "2015-06-30": "-10.50000", "2015-03-31": "-5.90000", "2014-12-31": "-54.23700", "2014-09-30": "-37.16300", "2014-06-30": "", "2014-03-31": "", "2013-12-31": "", "2013-09-30": "", "2013-06-30": "", "2013-03-31": "", "2012-12-31": "", "2012-09-30": "-316.23300", "2012-06-30": "", "2012-03-31": "", "2011-12-31": "", "2011-09-30": "", "2011-06-30": "", "2011-03-31": "", "2010-12-31": "", "2010-09-30": "", "2010-06-30": "", "2010-03-31": "", "2009-12-31": "", "2009-09-30": "", "2009-06-30": "", "2009-03-31": "", "2008-12-31": "", "2008-09-30": "", "2008-06-30": "", "2008-03-31": "", "2007-12-31": "", "2007-09-30": "", "2007-06-30": "", "2007-03-31": "", "2006-12-31": "", "2006-09-30": "", "2006-06-30": "", "2006-03-31": "", "2005-12-31": "", "2005-09-30": "", "2005-06-30": "", "2005-03-31": ""}, "Operating Expenses": {"2020-09-30": "1185.20000", "2020-06-30": "1208.20000", "2020-03-31": "1186.40000", "2019-12-31": "1222.80000", "2019-09-30": "1145.70000", "2019-06-30": "1104.40000", "2019-03-31": "1059.70000", "2018-12-31": "1071.10000", "2018-09-30": "1027.00000", "2018-06-30": "1049.60000", "2018-03-31": "1067.80000", "2017-12-31": "1034.30000", "2017-09-30": "983.90000", "2017-06-30": "1003.90000", "2017-03-31": "1013.50000", "2016-12-31": "928.40030", "2016-09-30": "1038.30000", "2016-06-30": "949.99990", "2016-03-31": "898.90000", "2015-12-31": "1067.10000", "2015-09-30": "846.70000", "2015-06-30": "879.80000", "2015-03-31": "837.90000", "2014-12-31": "945.88680", "2014-09-30": "927.51200", "2014-06-30": "890.14500", "2014-03-31": "791.45600", "2013-12-31": "927.00980", "2013-09-30": "800.92100", "2013-06-30": "843.85000", "2013-03-31": "849.01900", "2012-12-31": "838.48500", "2012-09-30": "1104.60500", "2012-06-30": "784.26590", "2012-03-31": "833.02700", "2011-12-31": "767.42290", "2011-09-30": "783.81490", "2011-06-30": "802.76600", "2011-03-31": "839.29400", "2010-12-31": "646.87920", "2010-09-30": "654.96590", "2010-06-30": "632.81700", "2010-03-31": "610.63400", "2009-12-31": "606.91080", "2009-09-30": "643.03800", "2009-06-30": "521.31300", "2009-03-31": "477.87000", "2008-12-31": "580.92400", "2008-09-30": "764.13100", "2008-06-30": "669.37900", "2008-03-31": "634.49600", "2007-12-31": "663.27870", "2007-09-30": "672.82100", "2007-06-30": "681.25990", "2007-03-31": "570.96000", "2006-12-31": "681.74780", "2006-09-30": "607.77700", "2006-06-30": "627.71900", "2006-03-31": "488.63600", "2005-12-31": "549.72380", "2005-09-30": "484.37200", "2005-06-30": "509.55100", "2005-03-31": "474.48200"}, "Operating Income": {"2020-09-30": "943.90000", "2020-06-30": "577.20000", "2020-03-31": "533.30000", "2019-12-31": "631.90050", "2019-09-30": "713.79990", "2019-06-30": "713.60000", "2019-03-31": "693.70010", "2018-12-31": "623.60010", "2018-09-30": "696.70000", "2018-06-30": "787.60000", "2018-03-31": "773.30000", "2017-12-31": "829.99960", "2017-09-30": "692.60000", "2017-06-30": "525.90000", "2017-03-31": "570.40010", "2016-12-31": "470.49970", "2016-09-30": "362.39990", "2016-06-30": "385.10000", "2016-03-31": "346.20000", "2015-12-31": "187.49990", "2015-09-30": "286.90000", "2015-06-30": "503.10000", "2015-03-31": "436.90000", "2014-12-31": "525.37130", "2014-09-30": "547.13500", "2014-06-30": "597.26700", "2014-03-31": "562.92710", "2013-12-31": "608.15820", "2013-09-30": "583.58590", "2013-06-30": "566.37300", "2013-03-31": "773.98290", "2012-12-31": "812.59020", "2012-09-30": "447.77400", "2012-06-30": "875.61000", "2012-03-31": "972.90910", "2011-12-31": "901.87540", "2011-09-30": "962.09110", "2011-06-30": "998.73210", "2011-03-31": "762.72500", "2010-12-31": "852.11180", "2010-09-30": "602.89810", "2010-06-30": "540.42300", "2010-03-31": "608.77100", "2009-12-31": "529.09310", "2009-09-30": "508.73100", "2009-06-30": "303.19600", "2009-03-31": "144.12800", "2008-12-31": "-131.18330", "2008-09-30": "675.94600", "2008-06-30": "792.41710", "2008-03-31": "864.71010", "2007-12-31": "631.18010", "2007-09-30": "933.59290", "2007-06-30": "1145.20200", "2007-03-31": "787.37700", "2006-12-31": "968.19530", "2006-09-30": "804.46100", "2006-06-30": "649.03000", "2006-03-31": "632.65500", "2005-12-31": "609.05850", "2005-09-30": "545.82100", "2005-06-30": "444.54390", "2005-03-31": "471.59300"}, "Total Non-Operating Income/Expense": {"2020-09-30": "-100.40000", "2020-06-30": "-88.80000", "2020-03-31": "-96.40000", "2019-12-31": "-116.20000", "2019-09-30": "-85.00000", "2019-06-30": "-56.60000", "2019-03-31": "-68.70000", "2018-12-31": "-81.60000", "2018-09-30": "-72.40000", "2018-06-30": "-68.90000", "2018-03-31": "-68.90000", "2017-12-31": "-86.50000", "2017-09-30": "-76.00000", "2017-06-30": "-68.60000", "2017-03-31": "-85.10000", "2016-12-31": "-109.00000", "2016-09-30": "-61.70000", "2016-06-30": "-64.20000", "2016-03-31": "-73.30000", "2015-12-31": "-79.50000", "2015-09-30": "-66.20000", "2015-06-30": "-52.70000", "2015-03-31": "-26.80000", "2014-12-31": "-33.04100", "2014-09-30": "-51.87600", "2014-06-30": "-38.97700", "2014-03-31": "-40.20600", "2013-12-31": "-41.72700", "2013-09-30": "-42.00000", "2013-06-30": "-29.53900", "2013-03-31": "-46.23400", "2012-12-31": "-57.51200", "2012-09-30": "-22.27600", "2012-06-30": "-22.32100", "2012-03-31": "-33.23200", "2011-12-31": "-51.03600", "2011-09-30": "-44.52400", "2011-06-30": "-36.67800", "2011-03-31": "-44.49700", "2010-12-31": "-45.92900", "2010-09-30": "-56.98100", "2010-06-30": "-50.21100", "2010-03-31": "-20.30300", "2009-12-31": "-21.25800", "2009-09-30": "-26.84500", "2009-06-30": "-15.75400", "2009-03-31": "-16.85700", "2008-12-31": "-79.01600", "2008-09-30": "-5.88800", "2008-06-30": "-12.20600", "2008-03-31": "-10.99800", "2007-12-31": "-13.64800", "2007-09-30": "-6.48300", "2007-06-30": "-61.93100", "2007-03-31": "-3.43000", "2006-12-31": "-30.91400", "2006-09-30": "-8.13100", "2006-06-30": "0.21800", "2006-03-31": "-9.48500", "2005-12-31": "3.56600", "2005-09-30": "-22.26200", "2005-06-30": "-24.26700", "2005-03-31": "-25.68600"}, "Pre-Tax Income": {"2020-09-30": "843.50000", "2020-06-30": "488.40000", "2020-03-31": "436.90000", "2019-12-31": "515.70000", "2019-09-30": "628.80000", "2019-06-30": "657.00000", "2019-03-31": "625.00000", "2018-12-31": "541.99990", "2018-09-30": "624.30000", "2018-06-30": "718.70000", "2018-03-31": "704.40000", "2017-12-31": "743.50010", "2017-09-30": "616.60000", "2017-06-30": "457.30000", "2017-03-31": "485.30000", "2016-12-31": "361.50000", "2016-09-30": "300.70000", "2016-06-30": "320.90000", "2016-03-31": "272.90000", "2015-12-31": "108.00000", "2015-09-30": "220.70000", "2015-06-30": "450.40000", "2015-03-31": "410.10000", "2014-12-31": "492.33010", "2014-09-30": "495.25900", "2014-06-30": "558.29000", "2014-03-31": "522.72100", "2013-12-31": "566.43120", "2013-09-30": "541.58600", "2013-06-30": "536.83400", "2013-03-31": "727.74900", "2012-12-31": "755.07790", "2012-09-30": "425.49800", "2012-06-30": "853.28900", "2012-03-31": "939.67700", "2011-12-31": "850.83910", "2011-09-30": "917.56700", "2011-06-30": "962.05400", "2011-03-31": "718.22800", "2010-12-31": "806.18300", "2010-09-30": "545.91700", "2010-06-30": "490.21200", "2010-03-31": "588.46800", "2009-12-31": "507.83500", "2009-09-30": "481.88600", "2009-06-30": "287.44200", "2009-03-31": "127.27100", "2008-12-31": "-210.19900", "2008-09-30": "670.05800", "2008-06-30": "780.21100", "2008-03-31": "853.71200", "2007-12-31": "617.53200", "2007-09-30": "927.11000", "2007-06-30": "1083.27100", "2007-03-31": "783.94700", "2006-12-31": "937.28090", "2006-09-30": "796.33000", "2006-06-30": "649.24800", "2006-03-31": "623.17000", "2005-12-31": "612.62390", "2005-09-30": "523.55900", "2005-06-30": "420.27700", "2005-03-31": "445.90700"}, "Income Taxes": {"2020-09-30": "338.50000", "2020-06-30": "224.40000", "2020-03-31": "221.70000", "2019-12-31": "215.30000", "2019-09-30": "241.00000", "2019-06-30": "251.10000", "2019-03-31": "237.90000", "2018-12-31": "249.90000", "2018-09-30": "257.90000", "2018-06-30": "309.10000", "2018-03-31": "236.60000", "2017-12-31": "1036.80000", "2017-09-30": "220.10000", "2017-06-30": "160.30000", "2017-03-31": "176.20000", "2016-12-31": "195.60000", "2016-09-30": "111.20000", "2016-06-30": "102.00000", "2016-03-31": "92.30000", "2015-12-31": "53.40000", "2015-09-30": "125.30000", "2015-06-30": "157.00000", "2015-03-31": "129.20000", "2014-12-31": "149.26400", "2014-09-30": "175.40500", "2014-06-30": "225.76900", "2014-03-31": "204.16200", "2013-12-31": "164.66600", "2013-09-30": "197.88500", "2013-06-30": "167.87000", "2013-03-31": "238.87900", "2012-12-31": "232.32790", "2012-09-30": "219.80200", "2012-06-30": "309.97300", "2012-03-31": "318.76900", "2011-12-31": "311.81200", "2011-09-30": "252.50700", "2011-06-30": "301.93500", "2011-03-31": "238.08100", "2010-12-31": "311.21200", "2010-09-30": "178.71700", "2010-06-30": "174.90100", "2010-03-31": "203.24100", "2009-12-31": "142.76200", "2009-09-30": "167.66100", "2009-06-30": "111.41300", "2009-03-31": "48.02500", "2008-12-31": "-85.29100", "2008-09-30": "249.70000", "2008-06-30": "228.89200", "2008-03-31": "286.02200", "2007-12-31": "304.06200", "2007-09-30": "296.10900", "2007-06-30": "354.41600", "2007-03-31": "230.67400", "2006-12-31": "279.40690", "2006-09-30": "271.94400", "2006-06-30": "207.86400", "2006-03-31": "199.87200", "2005-12-31": "184.30100", "2005-09-30": "152.57300", "2005-06-30": "106.74900", "2005-03-31": "146.12100"}, "Income After Taxes": {"2020-09-30": "505.00000", "2020-06-30": "264.00000", "2020-03-31": "215.20000", "2019-12-31": "300.39990", "2019-09-30": "387.80000", "2019-06-30": "405.90000", "2019-03-31": "387.10000", "2018-12-31": "292.09990", "2018-09-30": "366.40000", "2018-06-30": "409.60000", "2018-03-31": "467.80000", "2017-12-31": "-293.30000", "2017-09-30": "396.50000", "2017-06-30": "297.00000", "2017-03-31": "309.10000", "2016-12-31": "165.90000", "2016-09-30": "189.50000", "2016-06-30": "218.90000", "2016-03-31": "180.60000", "2015-12-31": "54.59990", "2015-09-30": "95.40000", "2015-06-30": "293.40000", "2015-03-31": "280.90000", "2014-12-31": "343.06610", "2014-09-30": "319.85400", "2014-06-30": "332.52100", "2014-03-31": "318.55900", "2013-12-31": "401.76510", "2013-09-30": "343.70100", "2013-06-30": "368.96400", "2013-03-31": "488.87000", "2012-12-31": "522.75010", "2012-09-30": "205.69600", "2012-06-30": "543.31600", "2012-03-31": "620.90800", "2011-12-31": "539.02690", "2011-09-30": "665.06000", "2011-06-30": "660.11900", "2011-03-31": "480.14700", "2010-12-31": "494.97100", "2010-09-30": "367.20000", "2010-06-30": "315.31100", "2010-03-31": "385.22700", "2009-12-31": "365.07300", "2009-09-30": "314.22500", "2009-06-30": "176.02900", "2009-03-31": "79.24600", "2008-12-31": "-124.90790", "2008-09-30": "420.35800", "2008-06-30": "551.31900", "2008-03-31": "567.68990", "2007-12-31": "313.47020", "2007-09-30": "631.00100", "2007-06-30": "728.85500", "2007-03-31": "553.27300", "2006-12-31": "657.87410", "2006-09-30": "524.38600", "2006-06-30": "441.38400", "2006-03-31": "423.29800", "2005-12-31": "428.32290", "2005-09-30": "370.98600", "2005-06-30": "313.52800", "2005-03-31": "299.78600"}, "Other Income": {"2020-09-30": "", "2020-06-30": "", "2020-03-31": "", "2019-12-31": "", "2019-09-30": "", "2019-06-30": "", "2019-03-31": "", "2018-12-31": "", "2018-09-30": "", "2018-06-30": "", "2018-03-31": "", "2017-12-31": "", "2017-09-30": "", "2017-06-30": "", "2017-03-31": "", "2016-12-31": "", "2016-09-30": "", "2016-06-30": "", "2016-03-31": "", "2015-12-31": "", "2015-09-30": "", "2015-06-30": "", "2015-03-31": "", "2014-12-31": "", "2014-09-30": "", "2014-06-30": "", "2014-03-31": "", "2013-12-31": "", "2013-09-30": "", "2013-06-30": "", "2013-03-31": "", "2012-12-31": "", "2012-09-30": "", "2012-06-30": "", "2012-03-31": "", "2011-12-31": "", "2011-09-30": "", "2011-06-30": "", "2011-03-31": "", "2010-12-31": "", "2010-09-30": "", "2010-06-30": "", "2010-03-31": "", "2009-12-31": "", "2009-09-30": "", "2009-06-30": "", "2009-03-31": "", "2008-12-31": "", "2008-09-30": "", "2008-06-30": "", "2008-03-31": "", "2007-12-31": "", "2007-09-30": "", "2007-06-30": "", "2007-03-31": "", "2006-12-31": "", "2006-09-30": "", "2006-06-30": "", "2006-03-31": "", "2005-12-31": "", "2005-09-30": "", "2005-06-30": "", "2005-03-31": ""}, "Income From Continuous Operations": {"2020-09-30": "508.10000", "2020-06-30": "260.90000", "2020-03-31": "216.20000", "2019-12-31": "306.99980", "2019-09-30": "391.30000", "2019-06-30": "404.40000", "2019-03-31": "389.20000", "2018-12-31": "294.50000", "2018-09-30": "370.70000", "2018-06-30": "411.10000", "2018-03-31": "471.90000", "2017-12-31": "-286.20000", "2017-09-30": "402.80000", "2017-06-30": "300.50000", "2017-03-31": "315.30000", "2016-12-31": "172.40000", "2016-09-30": "198.20000", "2016-06-30": "222.50000", "2016-03-31": "185.70000", "2015-12-31": "61.99990", "2015-09-30": "99.40000", "2015-06-30": "296.00000", "2015-03-31": "283.70000", "2014-12-31": "349.14110", "2014-09-30": "325.78000", "2014-06-30": "338.38200", "2014-03-31": "324.59700", "2013-12-31": "407.49600", "2013-09-30": "345.56600", "2013-06-30": "374.10500", "2013-03-31": "497.03300", "2012-12-31": "533.21310", "2012-09-30": "219.26100", "2012-06-30": "565.33610", "2012-03-31": "623.56200", "2011-12-31": "539.02690", "2011-09-30": "665.06000", "2011-06-30": "660.11900", "2011-03-31": "480.14700", "2010-12-31": "494.97100", "2010-09-30": "367.20000", "2010-06-30": "315.31100", "2010-03-31": "385.22700", "2009-12-31": "365.07300", "2009-09-30": "314.22500", "2009-06-30": "176.02900", "2009-03-31": "79.24600", "2008-12-31": "-124.90790", "2008-09-30": "420.35800", "2008-06-30": "551.31900", "2008-03-31": "567.68990", "2007-12-31": "321.11020", "2007-09-30": "627.84500", "2007-06-30": "725.96200", "2007-03-31": "551.68200", "2006-12-31": "655.20210", "2006-09-30": "521.58300", "2006-06-30": "439.28000", "2006-03-31": "421.57500", "2005-12-31": "420.44590", "2005-09-30": "369.41000", "2005-06-30": "311.93100", "2005-03-31": "298.36100"}, "Income From Discontinued Operations": {"2020-09-30": "", "2020-06-30": "", "2020-03-31": "", "2019-12-31": "", "2019-09-30": "", "2019-06-30": "", "2019-03-31": "", "2018-12-31": "", "2018-09-30": "", "2018-06-30": "", "2018-03-31": "", "2017-12-31": "", "2017-09-30": "", "2017-06-30": "", "2017-03-31": "", "2016-12-31": "", "2016-09-30": "", "2016-06-30": "", "2016-03-31": "", "2015-12-31": "", "2015-09-30": "", "2015-06-30": "", "2015-03-31": "", "2014-12-31": "", "2014-09-30": "", "2014-06-30": "", "2014-03-31": "", "2013-12-31": "", "2013-09-30": "", "2013-06-30": "", "2013-03-31": "", "2012-12-31": "", "2012-09-30": "", "2012-06-30": "", "2012-03-31": "", "2011-12-31": "", "2011-09-30": "", "2011-06-30": "", "2011-03-31": "", "2010-12-31": "", "2010-09-30": "", "2010-06-30": "", "2010-03-31": "", "2009-12-31": "", "2009-09-30": "", "2009-06-30": "", "2009-03-31": "", "2008-12-31": "", "2008-09-30": "", "2008-06-30": "", "2008-03-31": "", "2007-12-31": "", "2007-09-30": "", "2007-06-30": "", "2007-03-31": "", "2006-12-31": "", "2006-09-30": "", "2006-06-30": "", "2006-03-31": "", "2005-12-31": "", "2005-09-30": "", "2005-06-30": "", "2005-03-31": ""}, "Net Income": {"2020-09-30": "506.00000", "2020-06-30": "259.50000", "2020-03-31": "214.80000", "2019-12-31": "305.60000", "2019-09-30": "389.60000", "2019-06-30": "402.40000", "2019-03-31": "388.20000", "2018-12-31": "293.30000", "2018-09-30": "369.40000", "2018-06-30": "409.60000", "2018-03-31": "470.70000", "2017-12-31": "-287.40000", "2017-09-30": "401.80000", "2017-06-30": "299.70000", "2017-03-31": "314.40000", "2016-12-31": "171.90000", "2016-09-30": "197.60000", "2016-06-30": "221.90000", "2016-03-31": "185.10000", "2015-12-31": "60.90000", "2015-09-30": "98.40000", "2015-06-30": "294.70000", "2015-03-31": "282.40000", "2014-12-31": "348.04100", "2014-09-30": "324.31700", "2014-06-30": "337.25300", "2014-03-31": "323.38900", "2013-12-31": "406.15010", "2013-09-30": "344.22100", "2013-06-30": "372.73700", "2013-03-31": "495.39200", "2012-12-31": "531.78900", "2012-09-30": "217.86600", "2012-06-30": "563.54700", "2012-03-31": "621.43000", "2011-12-31": "536.97200", "2011-09-30": "663.03900", "2011-06-30": "658.03700", "2011-03-31": "478.37600", "2010-12-31": "492.24910", "2010-09-30": "365.17100", "2010-06-30": "313.38700", "2010-03-31": "383.24400", "2009-12-31": "363.27000", "2009-09-30": "312.45100", "2009-06-30": "174.96800", "2009-03-31": "78.69200", "2008-12-31": "-124.65890", "2008-09-30": "417.80200", "2008-06-30": "548.46700", "2008-03-31": "564.98300", "2007-12-31": "310.88120", "2007-09-30": "627.84500", "2007-06-30": "725.96200", "2007-03-31": "551.68200", "2006-12-31": "655.20200", "2006-09-30": "521.58300", "2006-06-30": "439.28000", "2006-03-31": "421.57500", "2005-12-31": "420.44590", "2005-09-30": "369.41000", "2005-06-30": "311.93100", "2005-03-31": "298.36100"}, "EBITDA": {"2020-09-30": "1139.90000", "2020-06-30": "771.10000", "2020-03-31": "726.20010", "2019-12-31": "815.70060", "2019-09-30": "913.99990", "2019-06-30": "912.40000", "2019-03-31": "875.30000", "2018-12-31": "802.70010", "2018-09-30": "867.29990", "2018-06-30": "950.20000", "2018-03-31": "935.30000", "2017-12-31": "1007.30000", "2017-09-30": "861.80000", "2017-06-30": "697.10000", "2017-03-31": "723.80000", "2016-12-31": "643.29970", "2016-09-30": "536.89990", "2016-06-30": "549.60000", "2016-03-31": "481.50000", "2015-12-31": "324.39990", "2015-09-30": "418.40000", "2015-06-30": "628.40000", "2015-03-31": "553.90000", "2014-12-31": "629.90430", "2014-09-30": "661.05800", "2014-06-30": "713.35800", "2014-03-31": "673.38010", "2013-12-31": "718.58120", "2013-09-30": "685.07500", "2013-06-30": "659.88900", "2013-03-31": "864.55490", "2012-12-31": "901.67820", "2012-09-30": "529.05710", "2012-06-30": "954.03800", "2012-03-31": "1049.85300", "2011-12-31": "973.96550", "2011-09-30": "1034.59700", "2011-06-30": "1071.63000", "2011-03-31": "833.36900", "2010-12-31": "922.89280", "2010-09-30": "675.04210", "2010-06-30": "609.72700", "2010-03-31": "678.23900", "2009-12-31": "563.44920", "2009-09-30": "590.99700", "2009-06-30": "381.91100", "2009-03-31": "222.34900", "2008-12-31": "-52.22040", "2008-09-30": "759.89000", "2008-06-30": "875.61610", "2008-03-31": "945.90610", "2007-12-31": "718.97610", "2007-09-30": "1015.13100", "2007-06-30": "1229.66800", "2007-03-31": "861.47500", "2006-12-31": "1044.47000", "2006-09-30": "872.16300", "2006-06-30": "727.01200", "2006-03-31": "685.75810", "2005-12-31": "665.01250", "2005-09-30": "633.16910", "2005-06-30": "517.52290", "2005-03-31": "532.56000"}, "EBIT": {"2020-09-30": "943.90000", "2020-06-30": "577.20000", "2020-03-31": "533.30000", "2019-12-31": "631.90050", "2019-09-30": "713.79990", "2019-06-30": "713.60000", "2019-03-31": "693.70010", "2018-12-31": "623.60020", "2018-09-30": "696.70000", "2018-06-30": "787.60000", "2018-03-31": "773.30000", "2017-12-31": "829.99970", "2017-09-30": "692.60000", "2017-06-30": "525.90000", "2017-03-31": "570.40010", "2016-12-31": "470.49950", "2016-09-30": "362.39990", "2016-06-30": "385.10000", "2016-03-31": "346.20000", "2015-12-31": "187.49990", "2015-09-30": "286.90000", "2015-06-30": "503.10000", "2015-03-31": "436.90000", "2014-12-31": "525.37130", "2014-09-30": "547.13500", "2014-06-30": "597.26700", "2014-03-31": "562.92710", "2013-12-31": "608.15800", "2013-09-30": "583.58590", "2013-06-30": "566.37300", "2013-03-31": "773.98290", "2012-12-31": "812.59020", "2012-09-30": "447.77400", "2012-06-30": "875.61000", "2012-03-31": "972.90910", "2011-12-31": "901.87520", "2011-09-30": "962.09110", "2011-06-30": "998.73210", "2011-03-31": "762.72500", "2010-12-31": "852.11180", "2010-09-30": "602.89810", "2010-06-30": "540.42300", "2010-03-31": "608.77100", "2009-12-31": "529.09320", "2009-09-30": "508.73100", "2009-06-30": "303.19600", "2009-03-31": "144.12800", "2008-12-31": "-131.18330", "2008-09-30": "675.94600", "2008-06-30": "792.41710", "2008-03-31": "864.71010", "2007-12-31": "631.18010", "2007-09-30": "933.59290", "2007-06-30": "1145.20200", "2007-03-31": "787.37700", "2006-12-31": "968.19530", "2006-09-30": "804.46100", "2006-06-30": "649.03000", "2006-03-31": "632.65500", "2005-12-31": "609.05810", "2005-09-30": "545.82100", "2005-06-30": "444.54390", "2005-03-31": "471.59300"}, "Basic Shares Outstanding": {"2020-09-30": "773.10000", "2020-06-30": "773.10000", "2020-03-31": "773.10000", "2019-12-31": "773.10000", "2019-09-30": "773.10000", "2019-06-30": "773.00000", "2019-03-31": "773.00000", "2018-12-31": "773.00000", "2018-09-30": "773.00000", "2018-06-30": "773.00000", "2018-03-31": "773.00000", "2017-12-31": "773.00000", "2017-09-30": "773.00000", "2017-06-30": "773.00000", "2017-03-31": "773.00000", "2016-12-31": "773.60000", "2016-09-30": "773.60000", "2016-06-30": "773.70000", "2016-03-31": "773.90000", "2015-12-31": "794.70000", "2015-09-30": "793.20000", "2015-06-30": "798.20000", "2015-03-31": "805.40000", "2014-12-31": "828.20000", "2014-09-30": "829.21600", "2014-06-30": "833.35300", "2014-03-31": "833.79200", "2013-12-31": "842.70000", "2013-09-30": "841.94600", "2013-06-30": "844.98600", "2013-03-31": "845.55100", "2012-12-31": "848.34600", "2012-09-30": "848.41900", "2012-06-30": "849.46100", "2012-03-31": "849.97800", "2011-12-31": "854.64900", "2011-09-30": "852.25000", "2011-06-30": "857.49300", "2011-03-31": "858.99800", "2010-12-31": "858.99800", "2010-09-30": "859.09500", "2010-06-30": "859.09500", "2010-03-31": "859.09500", "2009-12-31": "850.68400", "2009-09-30": "859.10410", "2009-06-30": "859.10310", "2009-03-31": "861.89660", "2008-12-31": "888.11520", "2008-09-30": "892.14080", "2008-06-30": "892.85340", "2008-03-31": "892.84930", "2007-12-31": "892.84430", "2007-09-30": "892.84930", "2007-06-30": "892.84430", "2007-03-31": "892.83520", "2006-12-31": "892.83010", "2006-09-30": "892.83520", "2006-06-30": "892.83520", "2006-03-31": "892.82000", "2005-12-31": "892.82000", "2005-09-30": "892.82000", "2005-06-30": "892.82000", "2005-03-31": "892.80790"}, "Shares Outstanding": {"2020-09-30": "773.10000", "2020-06-30": "773.10000", "2020-03-31": "773.10000", "2019-12-31": "773.10000", "2019-09-30": "773.10000", "2019-06-30": "773.00000", "2019-03-31": "773.00000", "2018-12-31": "773.00000", "2018-09-30": "773.00000", "2018-06-30": "773.00000", "2018-03-31": "773.00000", "2017-12-31": "773.00000", "2017-09-30": "773.00000", "2017-06-30": "773.00000", "2017-03-31": "773.00000", "2016-12-31": "773.60000", "2016-09-30": "773.60000", "2016-06-30": "773.70000", "2016-03-31": "773.90000", "2015-12-31": "794.70000", "2015-09-30": "793.20000", "2015-06-30": "798.20000", "2015-03-31": "805.40000", "2014-12-31": "828.20000", "2014-09-30": "829.21600", "2014-06-30": "833.35300", "2014-03-31": "833.79200", "2013-12-31": "842.70000", "2013-09-30": "841.94600", "2013-06-30": "844.98600", "2013-03-31": "845.55100", "2012-12-31": "848.34600", "2012-09-30": "848.41900", "2012-06-30": "849.46100", "2012-03-31": "849.97800", "2011-12-31": "854.64900", "2011-09-30": "852.25000", "2011-06-30": "857.49300", "2011-03-31": "858.99800", "2010-12-31": "858.99800", "2010-09-30": "859.09500", "2010-06-30": "859.09500", "2010-03-31": "859.09500", "2009-12-31": "850.68400", "2009-09-30": "859.10410", "2009-06-30": "859.10310", "2009-03-31": "861.89660", "2008-12-31": "888.11520", "2008-09-30": "892.14080", "2008-06-30": "892.85340", "2008-03-31": "892.84930", "2007-12-31": "892.84430", "2007-09-30": "892.84930", "2007-06-30": "892.84430", "2007-03-31": "892.83520", "2006-12-31": "892.83010", "2006-09-30": "892.83520", "2006-06-30": "892.83520", "2006-03-31": "892.82000", "2005-12-31": "892.82000", "2005-09-30": "892.82000", "2005-06-30": "892.82000", "2005-03-31": "892.80790"}, "Basic EPS": {"2020-09-30": "0.65000", "2020-06-30": "0.34000", "2020-03-31": "0.28000", "2019-12-31": "0.40000", "2019-09-30": "0.50000", "2019-06-30": "0.52000", "2019-03-31": "0.50000", "2018-12-31": "0.38000", "2018-09-30": "0.48000", "2018-06-30": "0.53000", "2018-03-31": "0.61000", "2017-12-31": "-0.38000", "2017-09-30": "0.52000", "2017-06-30": "0.39000", "2017-03-31": "0.41000", "2016-12-31": "0.21000", "2016-09-30": "0.26000", "2016-06-30": "0.29000", "2016-03-31": "0.24000", "2015-12-31": "0.09000", "2015-09-30": "0.12000", "2015-06-30": "0.37000", "2015-03-31": "0.35000", "2014-12-31": "0.43000", "2014-09-30": "0.39000", "2014-06-30": "0.40000", "2014-03-31": "0.39000", "2013-12-31": "0.48000", "2013-09-30": "0.41000", "2013-06-30": "0.44000", "2013-03-31": "0.59000", "2012-12-31": "0.63000", "2012-09-30": "0.26000", "2012-06-30": "0.66000", "2012-03-31": "0.73000", "2011-12-31": "0.62000", "2011-09-30": "0.78000", "2011-06-30": "0.77000", "2011-03-31": "0.56000", "2010-12-31": "0.57320", "2010-09-30": "0.42540", "2010-06-30": "0.36610", "2010-03-31": "0.44520", "2009-12-31": "0.42710", "2009-09-30": "0.36610", "2009-06-30": "0.20780", "2009-03-31": "0.08900", "2008-12-31": "-0.12860", "2008-09-30": "0.46500", "2008-06-30": "0.61340", "2008-03-31": "0.63320", "2007-12-31": "0.35290", "2007-09-30": "0.70250", "2007-06-30": "0.81130", "2007-03-31": "0.61670", "2006-12-31": "0.73740", "2006-09-30": "0.58380", "2006-06-30": "0.49210", "2006-03-31": "0.47230", "2005-12-31": "0.47330", "2005-09-30": "0.41230", "2005-06-30": "0.34960", "2005-03-31": "0.33480"}, "EPS - Earnings Per Share": {"2020-09-30": "0.65000", "2020-06-30": "0.34000", "2020-03-31": "0.28000", "2019-12-31": "0.40000", "2019-09-30": "0.50000", "2019-06-30": "0.52000", "2019-03-31": "0.50000", "2018-12-31": "0.38000", "2018-09-30": "0.48000", "2018-06-30": "0.53000", "2018-03-31": "0.61000", "2017-12-31": "-0.38000", "2017-09-30": "0.52000", "2017-06-30": "0.39000", "2017-03-31": "0.41000", "2016-12-31": "0.21000", "2016-09-30": "0.26000", "2016-06-30": "0.29000", "2016-03-31": "0.24000", "2015-12-31": "0.09000", "2015-09-30": "0.12000", "2015-06-30": "0.37000", "2015-03-31": "0.35000", "2014-12-31": "0.43000", "2014-09-30": "0.39000", "2014-06-30": "0.40000", "2014-03-31": "0.39000", "2013-12-31": "0.48000", "2013-09-30": "0.41000", "2013-06-30": "0.44000", "2013-03-31": "0.59000", "2012-12-31": "0.63000", "2012-09-30": "0.26000", "2012-06-30": "0.66000", "2012-03-31": "0.73000", "2011-12-31": "0.62000", "2011-09-30": "0.78000", "2011-06-30": "0.77000", "2011-03-31": "0.56000", "2010-12-31": "0.57320", "2010-09-30": "0.42540", "2010-06-30": "0.36610", "2010-03-31": "0.44520", "2009-12-31": "0.42710", "2009-09-30": "0.36610", "2009-06-30": "0.20780", "2009-03-31": "0.08900", "2008-12-31": "-0.12860", "2008-09-30": "0.46500", "2008-06-30": "0.61340", "2008-03-31": "0.63320", "2007-12-31": "0.35290", "2007-09-30": "0.70250", "2007-06-30": "0.81130", "2007-03-31": "0.61670", "2006-12-31": "0.73740", "2006-09-30": "0.58380", "2006-06-30": "0.49210", "2006-03-31": "0.47230", "2005-12-31": "0.47330", "2005-09-30": "0.41230", "2005-06-30": "0.34960", "2005-03-31": "0.33480"}}, "balance sheet": {"Cash On Hand": {"2019-12-31": "2005.80000", "2018-12-31": "1058.40000", "2017-12-31": "1055.30000", "2016-12-31": "600.90000", "2015-12-31": "882.30000", "2014-12-31": "722.10000", "2013-12-31": "1880.96300", "2012-12-31": "2593.78600", "2011-12-31": "1370.07300", "2010-12-31": "2268.88600", "2009-12-31": "795.25400", "2008-12-31": "779.11600", "2007-12-31": "1527.17500", "2006-12-31": "1302.77800", "2005-12-31": "876.00300"}, "Receivables": {"2019-12-31": "911.80000", "2018-12-31": "972.60000", "2017-12-31": "976.40000", "2016-12-31": "668.50000", "2015-12-31": "551.20000", "2014-12-31": "621.90000", "2013-12-31": "597.77800", "2012-12-31": "751.96900", "2011-12-31": "883.58100", "2010-12-31": "748.02900", "2009-12-31": "435.58800", "2008-12-31": "133.58800", "2007-12-31": "462.77800", "2006-12-31": "606.42600", "2005-12-31": "386.46000"}, "Inventory": {"2019-12-31": "1068.50000", "2018-12-31": "1032.70000", "2017-12-31": "1041.90000", "2016-12-31": "1010.40000", "2015-12-31": "857.20000", "2014-12-31": "836.40000", "2013-12-31": "693.94200", "2012-12-31": "696.14000", "2011-12-31": "636.03200", "2010-12-31": "540.98800", "2009-12-31": "456.12200", "2008-12-31": "451.59700", "2007-12-31": "448.28300", "2006-12-31": "413.65200", "2005-12-31": "395.84500"}, "Pre-Paid Expenses": {"2019-12-31": "172.40000", "2018-12-31": "87.00000", "2017-12-31": "85.50000", "2016-12-31": "249.40000", "2015-12-31": "165.80000", "2014-12-31": "144.80000", "2013-12-31": "", "2012-12-31": "", "2011-12-31": "", "2010-12-31": "", "2009-12-31": "", "2008-12-31": "", "2007-12-31": "", "2006-12-31": "", "2005-12-31": ""}, "Other Current Assets": {"2019-12-31": "26.20000", "2018-12-31": "29.30000", "2017-12-31": "11.00000", "2016-12-31": "36.90000", "2015-12-31": "27.70000", "2014-12-31": "33.60000", "2013-12-31": "158.99000", "2012-12-31": "156.26200", "2011-12-31": "106.85600", "2010-12-31": "117.17000", "2009-12-31": "67.13100", "2008-12-31": "124.68100", "2007-12-31": "124.97000", "2006-12-31": "54.38300", "2005-12-31": "50.79800"}, "Total Current Assets": {"2019-12-31": "4184.70000", "2018-12-31": "3180.00000", "2017-12-31": "3170.10000", "2016-12-31": "2566.10000", "2015-12-31": "2484.20000", "2014-12-31": "2358.80000", "2013-12-31": "3416.05000", "2012-12-31": "4301.35000", "2011-12-31": "3085.33900", "2010-12-31": "3739.00800", "2009-12-31": "1773.76700", "2008-12-31": "1553.69300", "2007-12-31": "2635.50900", "2006-12-31": "2442.87700", "2005-12-31": "1714.35400"}, "Property, Plant, And Equipment": {"2019-12-31": "9371.00000", "2018-12-31": "9403.80000", "2017-12-31": "9099.60000", "2016-12-31": "8766.50000", "2015-12-31": "8262.80000", "2014-12-31": "7436.40000", "2013-12-31": "6476.16800", "2012-12-31": "5156.73100", "2011-12-31": "4429.90600", "2010-12-31": "4094.99300", "2009-12-31": "3969.55800", "2008-12-31": "3810.50800", "2007-12-31": "3568.31100", "2006-12-31": "3538.29500", "2005-12-31": "3326.12600"}, "Long-Term Investments": {"2019-12-31": "111.90000", "2018-12-31": "103.60000", "2017-12-31": "99.70000", "2016-12-31": "87.50000", "2015-12-31": "76.10000", "2014-12-31": "66.70000", "2013-12-31": "57.14200", "2012-12-31": "47.05400", "2011-12-31": "", "2010-12-31": "", "2009-12-31": "", "2008-12-31": "", "2007-12-31": "", "2006-12-31": "", "2005-12-31": ""}, "Goodwill And Intangible Assets": {"2019-12-31": "148.40000", "2018-12-31": "147.70000", "2017-12-31": "152.50000", "2016-12-31": "154.20000", "2015-12-31": "155.10000", "2014-12-31": "123.60000", "2013-12-31": "110.21900", "2012-12-31": "109.30000", "2011-12-31": "110.43600", "2010-12-31": "112.35200", "2009-12-31": "113.84000", "2008-12-31": "115.05900", "2007-12-31": "115.80200", "2006-12-31": "118.10700", "2005-12-31": "120.86100"}, "Other Long-Term Assets": {"2019-12-31": "71.29990", "2018-12-31": "71.40000", "2017-12-31": "115.90000", "2016-12-31": "125.80000", "2015-12-31": "137.30000", "2014-12-31": "193.90000", "2013-12-31": "199.32200", "2012-12-31": "130.02100", "2011-12-31": "162.94100", "2010-12-31": "108.09800", "2009-12-31": "41.11300", "2008-12-31": "45.66400", "2007-12-31": "40.69300", "2006-12-31": "31.07000", "2005-12-31": "26.74600"}, "Total Long-Term Assets": {"2019-12-31": "12222.70000", "2018-12-31": "11107.60000", "2017-12-31": "10610.00000", "2016-12-31": "10668.20000", "2015-12-31": "10109.00000", "2014-12-31": "9035.10100", "2013-12-31": "7579.97900", "2012-12-31": "6082.39900", "2011-12-31": "4977.36200", "2010-12-31": "4389.01100", "2009-12-31": "4284.44300", "2008-12-31": "4210.63100", "2007-12-31": "3945.04900", "2006-12-31": "3933.53700", "2005-12-31": "3973.22000"}, "Total Assets": {"2019-12-31": "16407.40000", "2018-12-31": "14287.60000", "2017-12-31": "13780.10000", "2016-12-31": "13234.30000", "2015-12-31": "12593.20000", "2014-12-31": "11393.90000", "2013-12-31": "10996.03000", "2012-12-31": "10383.75000", "2011-12-31": "8062.70100", "2010-12-31": "8128.01900", "2009-12-31": "6058.21000", "2008-12-31": "5764.32400", "2007-12-31": "6580.55800", "2006-12-31": "6376.41400", "2005-12-31": "5687.57400"}, "Total Current Liabilities": {"2019-12-31": "1476.50000", "2018-12-31": "1216.30000", "2017-12-31": "1168.30000", "2016-12-31": "999.00000", "2015-12-31": "920.20000", "2014-12-31": "1137.60000", "2013-12-31": "783.58400", "2012-12-31": "857.13500", "2011-12-31": "992.87700", "2010-12-31": "1139.01800", "2009-12-31": "598.06300", "2008-12-31": "737.46300", "2007-12-31": "927.19000", "2006-12-31": "859.57100", "2005-12-31": "795.63200"}, "Long Term Debt": {"2019-12-31": "6541.00000", "2018-12-31": "5960.10000", "2017-12-31": "5957.10000", "2016-12-31": "5954.20000", "2015-12-31": "5951.50000", "2014-12-31": "3980.90000", "2013-12-31": "4204.91500", "2012-12-31": "4203.86300", "2011-12-31": "2735.73200", "2010-12-31": "2750.40100", "2009-12-31": "1270.25200", "2008-12-31": "1279.97200", "2007-12-31": "1289.75400", "2006-12-31": "1518.11100", "2005-12-31": "1162.06500"}, "Other Non-Current Liabilities": {"2019-12-31": "375.60000", "2018-12-31": "285.90000", "2017-12-31": "466.80000", "2016-12-31": "247.60000", "2015-12-31": "226.30000", "2014-12-31": "172.80000", "2013-12-31": "200.83500", "2012-12-31": "392.22500", "2011-12-31": "172.61800", "2010-12-31": "214.95900", "2009-12-31": "152.73300", "2008-12-31": "182.14800", "2007-12-31": "279.30800", "2006-12-31": "123.37900", "2005-12-31": "132.01600"}, "Total Long Term Liabilities": {"2019-12-31": "8072.70000", "2018-12-31": "6458.50000", "2017-12-31": "6462.40000", "2016-12-31": "6364.40000", "2015-12-31": "6373.80000", "2014-12-31": "4419.70000", "2013-12-31": "4650.62500", "2012-12-31": "4737.51400", "2011-12-31": "3033.54100", "2010-12-31": "3078.59200", "2009-12-31": "1566.49300", "2008-12-31": "1631.46200", "2007-12-31": "1805.24800", "2006-12-31": "1850.23800", "2005-12-31": "1565.86500"}, "Total Liabilities": {"2019-12-31": "9549.20000", "2018-12-31": "7674.80000", "2017-12-31": "7630.70000", "2016-12-31": "7363.40000", "2015-12-31": "7294.00000", "2014-12-31": "5557.30000", "2013-12-31": "5434.20900", "2012-12-31": "5594.64900", "2011-12-31": "4026.41800", "2010-12-31": "4217.61000", "2009-12-31": "2164.55600", "2008-12-31": "2368.92500", "2007-12-31": "2732.43800", "2006-12-31": "2709.80900", "2005-12-31": "2361.49700"}, "Common Stock Net": {"2019-12-31": "8.80000", "2018-12-31": "8.80000", "2017-12-31": "8.80000", "2016-12-31": "8.80000", "2015-12-31": "8.80000", "2014-12-31": "8.80000", "2013-12-31": "8.84600", "2012-12-31": "8.84600", "2011-12-31": "8.84600", "2010-12-31": "8.84600", "2009-12-31": "8.84600", "2008-12-31": "8.84600", "2007-12-31": "8.84600", "2006-12-31": "2.94900", "2005-12-31": "2.94900"}, "Retained Earnings (Accumulated Deficit)": {"2019-12-31": "6435.60000", "2018-12-31": "6186.90000", "2017-12-31": "5726.20000", "2016-12-31": "5455.30000", "2015-12-31": "4812.10000", "2014-12-31": "4346.80000", "2013-12-31": "3394.82700", "2012-12-31": "2350.12600", "2011-12-31": "3852.05400", "2010-12-31": "3595.98300", "2009-12-31": "3469.93000", "2008-12-31": "2916.51700", "2007-12-31": "3220.85700", "2006-12-31": "3010.30700", "2005-12-31": "2648.35900"}, "Comprehensive Income": {"2019-12-31": "-10.10000", "2018-12-31": "-2.40000", "2017-12-31": "0.50000", "2016-12-31": "-2.40000", "2015-12-31": "1.10000", "2014-12-31": "4.80000", "2013-12-31": "6.23900", "2012-12-31": "4.03200", "2011-12-31": "12.87400", "2010-12-31": "-126.42300", "2009-12-31": "-13.06100", "2008-12-31": "-23.47700", "2007-12-31": "-26.55400", "2006-12-31": "-22.33200", "2005-12-31": "-13.09000"}, "Other Share Holders Equity": {"2019-12-31": "", "2018-12-31": "", "2017-12-31": "", "2016-12-31": "", "2015-12-31": "", "2014-12-31": "", "2013-12-31": "", "2012-12-31": "", "2011-12-31": "", "2010-12-31": "", "2009-12-31": "", "2008-12-31": "", "2007-12-31": "", "2006-12-31": "", "2005-12-31": ""}, "Share Holder Equity": {"2019-12-31": "6858.20000", "2018-12-31": "6612.80000", "2017-12-31": "6149.40000", "2016-12-31": "5870.90000", "2015-12-31": "5299.20000", "2014-12-31": "5836.60000", "2013-12-31": "5561.82000", "2012-12-31": "4789.10000", "2011-12-31": "4036.28300", "2010-12-31": "3910.40900", "2009-12-31": "3893.65400", "2008-12-31": "3395.39900", "2007-12-31": "3848.12000", "2006-12-31": "3666.60500", "2005-12-31": "3326.07700"}, "Total Liabilities And Share Holders Equity": {"2019-12-31": "16407.40000", "2018-12-31": "14287.60000", "2017-12-31": "13780.10000", "2016-12-31": "13234.30000", "2015-12-31": "12593.20000", "2014-12-31": "11393.90000", "2013-12-31": "10996.03000", "2012-12-31": "10383.75000", "2011-12-31": "8062.70100", "2010-12-31": "8128.01900", "2009-12-31": "6058.21000", "2008-12-31": "5764.32400", "2007-12-31": "6580.55800", "2006-12-31": "6376.41400", "2005-12-31": "5687.57400"}}, "balance sheet, quarterly": {"Cash On Hand": {"2020-09-30": "2176.10000", "2020-06-30": "1839.50000", "2020-03-31": "2092.30000", "2019-12-31": "2005.80000", "2019-09-30": "1936.90000", "2019-06-30": "871.00000", "2019-03-31": "950.50000", "2018-12-31": "1058.40000", "2018-09-30": "1203.80000", "2018-06-30": "1083.20000", "2018-03-31": "1124.70000", "2017-12-31": "1055.30000", "2017-09-30": "829.00000", "2017-06-30": "728.90000", "2017-03-31": "751.40000", "2016-12-31": "600.90000", "2016-09-30": "616.10000", "2016-06-30": "554.60000", "2016-03-31": "662.90000", "2015-12-31": "882.30000", "2015-09-30": "1392.21200", "2015-06-30": "2153.07100", "2015-03-31": "285.07000", "2014-12-31": "722.10000", "2014-09-30": "1279.32300", "2014-06-30": "1625.24700", "2014-03-31": "1746.11100", "2013-12-31": "1880.96300", "2013-09-30": "2158.76300", "2013-06-30": "2332.61500", "2013-03-31": "2666.83800", "2012-12-31": "2593.78600", "2012-09-30": "1537.50700", "2012-06-30": "1453.12700", "2012-03-31": "1745.44200", "2011-12-31": "1370.07300", "2011-09-30": "1778.88800", "2011-06-30": "1679.23700", "2011-03-31": "2194.00700", "2010-12-31": "2268.88600", "2010-09-30": "2296.07700", "2010-06-30": "2194.76700", "2010-03-31": "672.04400", "2009-12-31": "795.25400", "2009-09-30": "439.23600", "2009-06-30": "269.43000", "2009-03-31": "342.25600", "2008-12-31": "779.11600", "2008-09-30": "1258.68600", "2008-06-30": "1247.77400", "2008-03-31": "1584.80000", "2007-12-31": "1527.17500", "2007-09-30": "1515.20800", "2007-06-30": "1353.61400", "2007-03-31": "1268.85000", "2006-12-31": "1302.77800", "2006-09-30": "918.09900", "2006-06-30": "800.95000", "2006-03-31": "775.62700", "2005-12-31": "876.00300", "2005-09-30": "766.87000", "2005-06-30": "471.16600", "2005-03-31": "722.23700"}, "Receivables": {"2020-09-30": "1036.80000", "2020-06-30": "937.70000", "2020-03-31": "789.70000", "2019-12-31": "911.80000", "2019-09-30": "918.60000", "2019-06-30": "935.70000", "2019-03-31": "1035.40000", "2018-12-31": "972.60000", "2018-09-30": "943.00000", "2018-06-30": "963.30000", "2018-03-31": "1009.70000", "2017-12-31": "976.40000", "2017-09-30": "976.80000", "2017-06-30": "743.10000", "2017-03-31": "769.80000", "2016-12-31": "668.50000", "2016-09-30": "664.30000", "2016-06-30": "563.90000", "2016-03-31": "626.90000", "2015-12-31": "551.20000", "2015-09-30": "516.80400", "2015-06-30": "581.77900", "2015-03-31": "591.46900", "2014-12-31": "621.90000", "2014-09-30": "598.41500", "2014-06-30": "649.20800", "2014-03-31": "607.85210", "2013-12-31": "597.77800", "2013-09-30": "582.65300", "2013-06-30": "571.00600", "2013-03-31": "672.30500", "2012-12-31": "751.96900", "2012-09-30": "2868.73400", "2012-06-30": "820.52100", "2012-03-31": "824.53400", "2011-12-31": "883.58100", "2011-09-30": "807.79600", "2011-06-30": "879.99000", "2011-03-31": "673.65500", "2010-12-31": "748.02900", "2010-09-30": "438.31600", "2010-06-30": "421.00200", "2010-03-31": "497.30300", "2009-12-31": "435.58800", "2009-09-30": "466.68800", "2009-06-30": "334.99400", "2009-03-31": "238.66400", "2008-12-31": "133.58800", "2008-09-30": "439.16100", "2008-06-30": "540.78900", "2008-03-31": "614.52700", "2007-12-31": "462.77800", "2007-09-30": "678.89800", "2007-06-30": "639.04400", "2007-03-31": "502.70100", "2006-12-31": "606.42600", "2006-09-30": "523.30200", "2006-06-30": "509.05600", "2006-03-31": "359.79000", "2005-12-31": "386.46000", "2005-09-30": "393.77300", "2005-06-30": "316.83100", "2005-03-31": "226.31400"}, "Inventory": {"2020-09-30": "977.30000", "2020-06-30": "980.40000", "2020-03-31": "1079.40000", "2019-12-31": "1068.50000", "2019-09-30": "1062.20000", "2019-06-30": "1068.60000", "2019-03-31": "1035.60000", "2018-12-31": "1032.70000", "2018-09-30": "1007.60000", "2018-06-30": "1003.50000", "2018-03-31": "1049.80000", "2017-12-31": "1041.90000", "2017-09-30": "997.40000", "2017-06-30": "975.40000", "2017-03-31": "979.90000", "2016-12-31": "1010.40000", "2016-09-30": "972.60000", "2016-06-30": "979.40000", "2016-03-31": "931.30000", "2015-12-31": "857.20000", "2015-09-30": "804.82500", "2015-06-30": "826.46800", "2015-03-31": "842.92500", "2014-12-31": "836.40000", "2014-09-30": "750.00500", "2014-06-30": "754.62600", "2014-03-31": "749.94000", "2013-12-31": "693.94200", "2013-09-30": "704.64800", "2013-06-30": "682.98300", "2013-03-31": "692.36900", "2012-12-31": "696.14000", "2012-09-30": "646.41900", "2012-06-30": "625.56700", "2012-03-31": "609.07900", "2011-12-31": "636.03200", "2011-09-30": "623.89500", "2011-06-30": "609.43600", "2011-03-31": "628.99000", "2010-12-31": "540.98800", "2010-09-30": "430.39700", "2010-06-30": "446.67000", "2010-03-31": "469.07500", "2009-12-31": "456.12200", "2009-09-30": "417.65700", "2009-06-30": "456.52900", "2009-03-31": "449.29100", "2008-12-31": "451.59700", "2008-09-30": "492.52100", "2008-06-30": "491.57800", "2008-03-31": "455.31100", "2007-12-31": "448.28300", "2007-09-30": "462.70800", "2007-06-30": "471.20200", "2007-03-31": "456.63600", "2006-12-31": "413.65200", "2006-09-30": "480.47300", "2006-06-30": "461.34100", "2006-03-31": "436.14800", "2005-12-31": "395.84500", "2005-09-30": "384.15500", "2005-06-30": "366.04600", "2005-03-31": "108.96200"}, "Pre-Paid Expenses": {"2020-09-30": "102.00000", "2020-06-30": "84.00000", "2020-03-31": "157.90000", "2019-12-31": "172.40000", "2019-09-30": "211.50000", "2019-06-30": "195.00000", "2019-03-31": "129.60000", "2018-12-31": "87.00000", "2018-09-30": "87.60000", "2018-06-30": "89.40000", "2018-03-31": "114.60000", "2017-12-31": "85.50000", "2017-09-30": "122.60000", "2017-06-30": "155.10000", "2017-03-31": "226.70000", "2016-12-31": "249.40000", "2016-09-30": "249.30000", "2016-06-30": "215.60000", "2016-03-31": "194.20000", "2015-12-31": "165.80000", "2015-09-30": "", "2015-06-30": "", "2015-03-31": "", "2014-12-31": "144.80000", "2014-09-30": "", "2014-06-30": "", "2014-03-31": "", "2013-12-31": "", "2013-09-30": "", "2013-06-30": "", "2013-03-31": "", "2012-12-31": "", "2012-09-30": "", "2012-06-30": "", "2012-03-31": "", "2011-12-31": "", "2011-09-30": "", "2011-06-30": "", "2011-03-31": "", "2010-12-31": "", "2010-09-30": "", "2010-06-30": "", "2010-03-31": "", "2009-12-31": "", "2009-09-30": "", "2009-06-30": "", "2009-03-31": "", "2008-12-31": "", "2008-09-30": "", "2008-06-30": "", "2008-03-31": "", "2007-12-31": "", "2007-09-30": "77.92000", "2007-06-30": "44.49300", "2007-03-31": "65.84200", "2006-12-31": "", "2006-09-30": "60.42600", "2006-06-30": "63.07300", "2006-03-31": "63.25200", "2005-12-31": "", "2005-09-30": "27.99900", "2005-06-30": "111.80000", "2005-03-31": ""}, "Other Current Assets": {"2020-09-30": "45.60000", "2020-06-30": "18.10000", "2020-03-31": "20.40000", "2019-12-31": "26.20000", "2019-09-30": "48.40000", "2019-06-30": "27.80000", "2019-03-31": "31.30000", "2018-12-31": "29.30000", "2018-09-30": "31.20000", "2018-06-30": "30.10000", "2018-03-31": "18.40000", "2017-12-31": "11.00000", "2017-09-30": "26.60000", "2017-06-30": "42.20000", "2017-03-31": "46.00000", "2016-12-31": "36.90000", "2016-09-30": "47.50000", "2016-06-30": "38.70000", "2016-03-31": "43.70000", "2015-12-31": "27.70000", "2015-09-30": "199.09900", "2015-06-30": "173.05800", "2015-03-31": "176.29800", "2014-12-31": "33.60000", "2014-09-30": "199.01100", "2014-06-30": "150.28200", "2014-03-31": "139.75300", "2013-12-31": "158.99000", "2013-09-30": "203.09200", "2013-06-30": "213.75400", "2013-03-31": "180.21700", "2012-12-31": "156.26200", "2012-09-30": "153.07900", "2012-06-30": "82.56300", "2012-03-31": "99.71900", "2011-12-31": "106.85600", "2011-09-30": "58.24200", "2011-06-30": "41.19100", "2011-03-31": "95.12500", "2010-12-31": "117.17000", "2010-09-30": "64.59200", "2010-06-30": "36.53400", "2010-03-31": "52.96100", "2009-12-31": "67.13100", "2009-09-30": "64.79100", "2009-06-30": "135.65300", "2009-03-31": "133.80100", "2008-12-31": "124.68100", "2008-09-30": "91.92100", "2008-06-30": "100.16100", "2008-03-31": "124.91600", "2007-12-31": "124.97000", "2007-09-30": "", "2007-06-30": "", "2007-03-31": "", "2006-12-31": "54.38300", "2006-09-30": "", "2006-06-30": "", "2006-03-31": "", "2005-12-31": "50.79800", "2005-09-30": "", "2005-06-30": "", "2005-03-31": "14.06200"}, "Total Current Assets": {"2020-09-30": "4337.80000", "2020-06-30": "3859.70000", "2020-03-31": "4139.70000", "2019-12-31": "4184.70000", "2019-09-30": "4177.60000", "2019-06-30": "3098.10000", "2019-03-31": "3182.40000", "2018-12-31": "3180.00000", "2018-09-30": "3273.20000", "2018-06-30": "3169.50000", "2018-03-31": "3317.20000", "2017-12-31": "3170.10000", "2017-09-30": "2952.40000", "2017-06-30": "2644.70000", "2017-03-31": "2773.80000", "2016-12-31": "2566.10000", "2016-09-30": "2549.80000", "2016-06-30": "2352.20000", "2016-03-31": "2459.00000", "2015-12-31": "2484.20000", "2015-09-30": "3010.90400", "2015-06-30": "3863.45600", "2015-03-31": "2002.03800", "2014-12-31": "2358.80000", "2014-09-30": "2955.48700", "2014-06-30": "3312.65200", "2014-03-31": "3389.37800", "2013-12-31": "3416.05000", "2013-09-30": "3730.24700", "2013-06-30": "3874.96300", "2013-03-31": "4360.23400", "2012-12-31": "4301.35000", "2012-09-30": "5289.53500", "2012-06-30": "3071.65200", "2012-03-31": "3406.57700", "2011-12-31": "3085.33900", "2011-09-30": "3331.13500", "2011-06-30": "3271.53300", "2011-03-31": "3668.84400", "2010-12-31": "3739.00800", "2010-09-30": "3263.06700", "2010-06-30": "3122.05300", "2010-03-31": "1718.56800", "2009-12-31": "1773.76700", "2009-09-30": "1403.02200", "2009-06-30": "1202.67100", "2009-03-31": "1186.20400", "2008-12-31": "1553.69300", "2008-09-30": "2349.99800", "2008-06-30": "2431.54400", "2008-03-31": "2858.89600", "2007-12-31": "2635.50900", "2007-09-30": "2772.78400", "2007-06-30": "2542.05300", "2007-03-31": "2335.40200", "2006-12-31": "2442.87700", "2006-09-30": "2005.43800", "2006-06-30": "1834.42000", "2006-03-31": "1639.10900", "2005-12-31": "1714.35400", "2005-09-30": "1572.79700", "2005-06-30": "1265.84300", "2005-03-31": "1071.57500"}, "Property, Plant, And Equipment": {"2020-09-30": "9144.70000", "2020-06-30": "9197.00000", "2020-03-31": "9288.70000", "2019-12-31": "9371.00000", "2019-09-30": "9395.30000", "2019-06-30": "9414.60000", "2019-03-31": "9383.60000", "2018-12-31": "9403.80000", "2018-09-30": "9311.80000", "2018-06-30": "9172.60000", "2018-03-31": "9118.50000", "2017-12-31": "9099.60000", "2017-09-30": "8928.30000", "2017-06-30": "8837.50000", "2017-03-31": "8755.90000", "2016-12-31": "8766.50000", "2016-09-30": "8581.40000", "2016-06-30": "8498.40000", "2016-03-31": "8400.50000", "2015-12-31": "8262.80000", "2015-09-30": "7872.89700", "2015-06-30": "7691.66900", "2015-03-31": "7545.63100", "2014-12-31": "7436.40000", "2014-09-30": "7189.55000", "2014-06-30": "6933.71900", "2014-03-31": "6685.50600", "2013-12-31": "6476.16800", "2013-09-30": "6032.08800", "2013-06-30": "5636.38200", "2013-03-31": "5349.19600", "2012-12-31": "5156.73100", "2012-09-30": "4856.16700", "2012-06-30": "4666.18300", "2012-03-31": "4495.89000", "2011-12-31": "4429.90600", "2011-09-30": "4210.12400", "2011-06-30": "4130.11600", "2011-03-31": "4095.09800", "2010-12-31": "4094.99300", "2010-09-30": "4042.59200", "2010-06-30": "4011.32900", "2010-03-31": "3973.56900", "2009-12-31": "3969.55800", "2009-09-30": "3942.92200", "2009-06-30": "3876.38400", "2009-03-31": "3804.11900", "2008-12-31": "3810.50800", "2008-09-30": "3661.87600", "2008-06-30": "3618.85200", "2008-03-31": "3552.79600", "2007-12-31": "3568.31100", "2007-09-30": "3582.54600", "2007-06-30": "3578.46400", "2007-03-31": "3555.40800", "2006-12-31": "3538.29500", "2006-09-30": "3486.51400", "2006-06-30": "3442.43100", "2006-03-31": "3414.35700", "2005-12-31": "3326.12600", "2005-09-30": "3186.76300", "2005-06-30": "3109.55200", "2005-03-31": "1249.37400"}, "Long-Term Investments": {"2020-09-30": "110.00000", "2020-06-30": "106.90000", "2020-03-31": "112.90000", "2019-12-31": "111.90000", "2019-09-30": "107.90000", "2019-06-30": "103.00000", "2019-03-31": "104.70000", "2018-12-31": "103.60000", "2018-09-30": "103.60000", "2018-06-30": "100.20000", "2018-03-31": "100.00000", "2017-12-31": "99.70000", "2017-09-30": "95.80000", "2017-06-30": "91.50000", "2017-03-31": "90.20000", "2016-12-31": "87.50000", "2016-09-30": "83.70000", "2016-06-30": "78.40000", "2016-03-31": "77.90000", "2015-12-31": "76.10000", "2015-09-30": "70.90800", "2015-06-30": "68.87200", "2015-03-31": "67.21300", "2014-12-31": "66.70000", "2014-09-30": "67.32400", "2014-06-30": "64.14000", "2014-03-31": "63.18000", "2013-12-31": "57.14200", "2013-09-30": "", "2013-06-30": "", "2013-03-31": "", "2012-12-31": "47.05400", "2012-09-30": "", "2012-06-30": "", "2012-03-31": "", "2011-12-31": "", "2011-09-30": "", "2011-06-30": "", "2011-03-31": "", "2010-12-31": "", "2010-09-30": "", "2010-06-30": "", "2010-03-31": "", "2009-12-31": "", "2009-09-30": "", "2009-06-30": "", "2009-03-31": "", "2008-12-31": "", "2008-09-30": "", "2008-06-30": "", "2008-03-31": "", "2007-12-31": "", "2007-09-30": "", "2007-06-30": "", "2007-03-31": "", "2006-12-31": "", "2006-09-30": "", "2006-06-30": "", "2006-03-31": "", "2005-12-31": "", "2005-09-30": "", "2005-06-30": "", "2005-03-31": ""}, "Goodwill And Intangible Assets": {"2020-09-30": "144.80000", "2020-06-30": "145.90000", "2020-03-31": "148.50000", "2019-12-31": "148.40000", "2019-09-30": "152.00000", "2019-06-30": "148.20000", "2019-03-31": "147.30000", "2018-12-31": "147.70000", "2018-09-30": "150.80000", "2018-06-30": "151.80000", "2018-03-31": "153.10000", "2017-12-31": "152.50000", "2017-09-30": "147.00000", "2017-06-30": "146.80000", "2017-03-31": "155.50000", "2016-12-31": "154.20000", "2016-09-30": "152.90000", "2016-06-30": "154.70000", "2016-03-31": "155.20000", "2015-12-31": "155.10000", "2015-09-30": "202.83500", "2015-06-30": "125.24600", "2015-03-31": "109.77800", "2014-12-31": "123.60000", "2014-09-30": "110.11500", "2014-06-30": "110.47300", "2014-03-31": "109.86000", "2013-12-31": "110.21900", "2013-09-30": "110.21400", "2013-06-30": "108.43700", "2013-03-31": "108.80600", "2012-12-31": "109.30000", "2012-09-30": "109.44400", "2012-06-30": "109.85200", "2012-03-31": "109.96100", "2011-12-31": "110.43600", "2011-09-30": "110.84900", "2011-06-30": "111.32800", "2011-03-31": "111.83500", "2010-12-31": "112.35200", "2010-09-30": "115.27300", "2010-06-30": "113.13300", "2010-03-31": "113.64700", "2009-12-31": "113.84000", "2009-09-30": "114.33500", "2009-06-30": "114.00500", "2009-03-31": "113.61900", "2008-12-31": "115.05900", "2008-09-30": "114.51000", "2008-06-30": "114.94600", "2008-03-31": "115.37700", "2007-12-31": "115.80200", "2007-09-30": "116.38700", "2007-06-30": "116.96800", "2007-03-31": "117.54200", "2006-12-31": "118.10700", "2006-09-30": "118.76100", "2006-06-30": "119.45200", "2006-03-31": "120.15700", "2005-12-31": "120.86100", "2005-09-30": "121.35100", "2005-06-30": "105.04400", "2005-03-31": "105.74300"}, "Other Long-Term Assets": {"2020-09-30": "78.50000", "2020-06-30": "77.99990", "2020-03-31": "88.90000", "2019-12-31": "71.30000", "2019-09-30": "94.00000", "2019-06-30": "90.10000", "2019-03-31": "82.60000", "2018-12-31": "71.40000", "2018-09-30": "153.00000", "2018-06-30": "167.00000", "2018-03-31": "133.60000", "2017-12-31": "115.90000", "2017-09-30": "145.10000", "2017-06-30": "145.00000", "2017-03-31": "127.60000", "2016-12-31": "125.80000", "2016-09-30": "141.60000", "2016-06-30": "159.50000", "2016-03-31": "161.50000", "2015-12-31": "137.30000", "2015-09-30": "217.30300", "2015-06-30": "202.21700", "2015-03-31": "234.64600", "2014-12-31": "193.90000", "2014-09-30": "263.77500", "2014-06-30": "216.69000", "2014-03-31": "196.82700", "2013-12-31": "199.32200", "2013-09-30": "269.44200", "2013-06-30": "295.99100", "2013-03-31": "278.41300", "2012-12-31": "130.02100", "2012-09-30": "199.80800", "2012-06-30": "185.16700", "2012-03-31": "169.02200", "2011-12-31": "162.94100", "2011-09-30": "161.82100", "2011-06-30": "150.20400", "2011-03-31": "126.76900", "2010-12-31": "108.09800", "2010-09-30": "66.26100", "2010-06-30": "63.81400", "2010-03-31": "47.41900", "2009-12-31": "41.11300", "2009-09-30": "51.66100", "2009-06-30": "61.01200", "2009-03-31": "56.94200", "2008-12-31": "45.66400", "2008-09-30": "52.29500", "2008-06-30": "53.02500", "2008-03-31": "45.35400", "2007-12-31": "40.69300", "2007-09-30": "37.66100", "2007-06-30": "43.06800", "2007-03-31": "34.13300", "2006-12-31": "31.07000", "2006-09-30": "43.21900", "2006-06-30": "40.98500", "2006-03-31": "42.36900", "2005-12-31": "26.74600", "2005-09-30": "35.17500", "2005-06-30": "69.88000", "2005-03-31": "16.21300"}, "Total Long-Term Assets": {"2020-09-30": "11910.60000", "2020-06-30": "11945.30000", "2020-03-31": "12072.40000", "2019-12-31": "12222.70000", "2019-09-30": "12316.80000", "2019-06-30": "12246.50000", "2019-03-31": "12360.20000", "2018-12-31": "11107.60000", "2018-09-30": "11043.50000", "2018-06-30": "10876.40000", "2018-03-31": "10720.90000", "2017-12-31": "10610.00000", "2017-09-30": "11030.00000", "2017-06-30": "10870.60000", "2017-03-31": "10749.20000", "2016-12-31": "10668.20000", "2016-09-30": "10513.20000", "2016-06-30": "10435.20000", "2016-03-31": "10348.70000", "2015-12-31": "10109.00000", "2015-09-30": "9854.30500", "2015-06-30": "9485.16300", "2015-03-31": "9245.86500", "2014-12-31": "9035.10100", "2014-09-30": "8581.62100", "2014-06-30": "8195.28000", "2014-03-31": "7875.37000", "2013-12-31": "7579.97900", "2013-09-30": "7205.42400", "2013-06-30": "6779.32700", "2013-03-31": "6416.63500", "2012-12-31": "6082.39900", "2012-09-30": "5552.23600", "2012-06-30": "5301.44300", "2012-03-31": "5087.27800", "2011-12-31": "4977.36200", "2011-09-30": "4668.44500", "2011-06-30": "4522.61200", "2011-03-31": "4455.78400", "2010-12-31": "4389.01100", "2010-09-30": "4348.35500", "2010-06-30": "4327.43000", "2010-03-31": "4282.02000", "2009-12-31": "4284.44300", "2009-09-30": "4273.49900", "2009-06-30": "4239.08000", "2009-03-31": "4177.96100", "2008-12-31": "4210.63100", "2008-09-30": "3996.71300", "2008-06-30": "3973.59300", "2008-03-31": "3919.24100", "2007-12-31": "3945.04900", "2007-09-30": "3976.48200", "2007-06-30": "3987.29100", "2007-03-31": "3948.05100", "2006-12-31": "3933.53700", "2006-09-30": "3870.45000", "2006-06-30": "3789.91400", "2006-03-31": "3776.49500", "2005-12-31": "3973.22000", "2005-09-30": "3824.10900", "2005-06-30": "3760.82900", "2005-03-31": "1625.04000"}, "Total Assets": {"2020-09-30": "16248.40000", "2020-06-30": "15805.00000", "2020-03-31": "16212.10000", "2019-12-31": "16407.40000", "2019-09-30": "16494.40000", "2019-06-30": "15344.60000", "2019-03-31": "15542.60000", "2018-12-31": "14287.60000", "2018-09-30": "14316.70000", "2018-06-30": "14045.90000", "2018-03-31": "14038.10000", "2017-12-31": "13780.10000", "2017-09-30": "13982.40000", "2017-06-30": "13515.30000", "2017-03-31": "13523.00000", "2016-12-31": "13234.30000", "2016-09-30": "13063.00000", "2016-06-30": "12787.40000", "2016-03-31": "12807.70000", "2015-12-31": "12593.20000", "2015-09-30": "12865.21000", "2015-06-30": "13348.62000", "2015-03-31": "11247.90000", "2014-12-31": "11393.90000", "2014-09-30": "11537.11000", "2014-06-30": "11507.93000", "2014-03-31": "11264.75000", "2013-12-31": "10996.03000", "2013-09-30": "10935.67000", "2013-06-30": "10654.29000", "2013-03-31": "10776.87000", "2012-12-31": "10383.75000", "2012-09-30": "10841.77000", "2012-06-30": "8373.09500", "2012-03-31": "8493.85500", "2011-12-31": "8062.70100", "2011-09-30": "7999.58000", "2011-06-30": "7794.14500", "2011-03-31": "8124.62800", "2010-12-31": "8128.01900", "2010-09-30": "7611.42200", "2010-06-30": "7449.48300", "2010-03-31": "6000.58700", "2009-12-31": "6058.21000", "2009-09-30": "5676.52000", "2009-06-30": "5441.75100", "2009-03-31": "5364.16600", "2008-12-31": "5764.32400", "2008-09-30": "6346.71100", "2008-06-30": "6405.13700", "2008-03-31": "6778.13700", "2007-12-31": "6580.55800", "2007-09-30": "6749.26600", "2007-06-30": "6529.34400", "2007-03-31": "6283.45300", "2006-12-31": "6376.41400", "2006-09-30": "5875.88800", "2006-06-30": "5624.33400", "2006-03-31": "5415.60400", "2005-12-31": "5687.57400", "2005-09-30": "5396.90600", "2005-06-30": "5026.67200", "2005-03-31": "2696.61500"}, "Total Current Liabilities": {"2020-09-30": "1161.70000", "2020-06-30": "891.80000", "2020-03-31": "1387.20000", "2019-12-31": "1476.50000", "2019-09-30": "1432.20000", "2019-06-30": "1385.40000", "2019-03-31": "1123.40000", "2018-12-31": "1216.30000", "2018-09-30": "1207.90000", "2018-06-30": "1006.20000", "2018-03-31": "1179.80000", "2017-12-31": "1168.30000", "2017-09-30": "979.80000", "2017-06-30": "800.80000", "2017-03-31": "989.50000", "2016-12-31": "999.00000", "2016-09-30": "935.10000", "2016-06-30": "798.70000", "2016-03-31": "982.70000", "2015-12-31": "920.20000", "2015-09-30": "865.53400", "2015-06-30": "1015.50800", "2015-03-31": "1047.78100", "2014-12-31": "1137.60000", "2014-09-30": "1224.14700", "2014-06-30": "1025.59800", "2014-03-31": "852.89700", "2013-12-31": "783.58400", "2013-09-30": "736.04900", "2013-06-30": "664.24300", "2013-03-31": "921.64500", "2012-12-31": "857.13500", "2012-09-30": "1103.88300", "2012-06-30": "758.37700", "2012-03-31": "958.02200", "2011-12-31": "992.87700", "2011-09-30": "796.17900", "2011-06-30": "697.80600", "2011-03-31": "1064.90900", "2010-12-31": "1139.01800", "2010-09-30": "677.23100", "2010-06-30": "549.67000", "2010-03-31": "502.42400", "2009-12-31": "598.06300", "2009-09-30": "412.10700", "2009-06-30": "413.57900", "2009-03-31": "485.70200", "2008-12-31": "737.46300", "2008-09-30": "654.16200", "2008-06-30": "569.00300", "2008-03-31": "992.44900", "2007-12-31": "927.19000", "2007-09-30": "852.69300", "2007-06-30": "797.62500", "2007-03-31": "700.55200", "2006-12-31": "859.57100", "2006-09-30": "609.43300", "2006-06-30": "619.96000", "2006-03-31": "795.72100", "2005-12-31": "795.63200", "2005-09-30": "588.33100", "2005-06-30": "573.64300", "2005-03-31": "497.42800"}, "Long Term Debt": {"2020-09-30": "6543.40000", "2020-06-30": "6542.60000", "2020-03-31": "6541.80000", "2019-12-31": "6541.00000", "2019-09-30": "6540.40000", "2019-06-30": "5562.10000", "2019-03-31": "5960.90000", "2018-12-31": "5960.10000", "2018-09-30": "5959.30000", "2018-06-30": "5958.50000", "2018-03-31": "5957.80000", "2017-12-31": "5957.10000", "2017-09-30": "5956.30000", "2017-06-30": "5955.60000", "2017-03-31": "5954.90000", "2016-12-31": "5954.20000", "2016-09-30": "5953.50000", "2016-06-30": "5952.90000", "2016-03-31": "5952.10000", "2015-12-31": "5951.50000", "2015-09-30": "5950.89200", "2015-06-30": "5952.21900", "2015-03-31": "4006.34500", "2014-12-31": "3980.90000", "2014-09-30": "4005.74600", "2014-06-30": "4005.46700", "2014-03-31": "4205.18800", "2013-12-31": "4204.91500", "2013-09-30": "4204.64600", "2013-06-30": "4204.38300", "2013-03-31": "4204.12100", "2012-12-31": "4203.86300", "2012-09-30": "2731.19500", "2012-06-30": "2731.04000", "2012-03-31": "2735.88500", "2011-12-31": "2735.73200", "2011-09-30": "2740.58500", "2011-06-30": "2740.43800", "2011-03-31": "2745.29300", "2010-12-31": "2750.40100", "2010-09-30": "2755.26300", "2010-06-30": "2755.12600", "2010-03-31": "1270.32700", "2009-12-31": "1270.25200", "2009-09-30": "1275.18200", "2009-06-30": "1275.11200", "2009-03-31": "1280.04200", "2008-12-31": "1279.97200", "2008-09-30": "1284.91100", "2008-06-30": "1284.85000", "2008-03-31": "1289.81500", "2007-12-31": "1289.75400", "2007-09-30": "1363.29300", "2007-06-30": "1363.23200", "2007-03-31": "1518.17200", "2006-12-31": "1518.11100", "2006-09-30": "1527.79300", "2006-06-30": "1529.94800", "2006-03-31": "1162.13500", "2005-12-31": "1162.06500", "2005-09-30": "1215.24900", "2005-06-30": "1070.43300", "2005-03-31": "250.00000"}, "Other Non-Current Liabilities": {"2020-09-30": "409.60000", "2020-06-30": "403.30000", "2020-03-31": "376.60000", "2019-12-31": "375.60000", "2019-09-30": "451.90000", "2019-06-30": "386.70000", "2019-03-31": "532.30000", "2018-12-31": "285.90000", "2018-09-30": "481.30000", "2018-06-30": "475.00000", "2018-03-31": "472.70000", "2017-12-31": "466.80000", "2017-09-30": "261.10000", "2017-06-30": "261.70000", "2017-03-31": "259.60000", "2016-12-31": "247.60000", "2016-09-30": "243.90000", "2016-06-30": "238.60000", "2016-03-31": "236.30000", "2015-12-31": "226.30000", "2015-09-30": "158.59600", "2015-06-30": "154.56600", "2015-03-31": "153.19600", "2014-12-31": "172.80000", "2014-09-30": "213.12200", "2014-06-30": "228.25700", "2014-03-31": "225.91000", "2013-12-31": "200.83500", "2013-09-30": "414.40000", "2013-06-30": "404.76500", "2013-03-31": "400.39800", "2012-12-31": "392.22500", "2012-09-30": "186.51400", "2012-06-30": "177.39300", "2012-03-31": "174.00500", "2011-12-31": "172.61800", "2011-09-30": "213.03400", "2011-06-30": "185.42100", "2011-03-31": "213.34900", "2010-12-31": "214.95900", "2010-09-30": "183.03600", "2010-06-30": "173.56800", "2010-03-31": "158.29100", "2009-12-31": "152.73300", "2009-09-30": "196.82100", "2009-06-30": "171.43900", "2009-03-31": "177.13200", "2008-12-31": "182.14800", "2008-09-30": "298.55500", "2008-06-30": "291.78700", "2008-03-31": "286.57200", "2007-12-31": "279.30800", "2007-09-30": "189.40300", "2007-06-30": "121.47500", "2007-03-31": "166.85300", "2006-12-31": "123.37900", "2006-09-30": "101.43700", "2006-06-30": "99.74000", "2006-03-31": "101.77800", "2005-12-31": "132.01600", "2005-09-30": "126.53500", "2005-06-30": "122.85600", "2005-03-31": "25.97900"}, "Total Long Term Liabilities": {"2020-09-30": "8017.50000", "2020-06-30": "8043.60100", "2020-03-31": "8061.70000", "2019-12-31": "8072.70000", "2019-09-30": "8191.90000", "2019-06-30": "7170.60000", "2019-03-31": "7726.39900", "2018-12-31": "6458.50000", "2018-09-30": "6478.30000", "2018-06-30": "6470.60000", "2018-03-31": "6468.90000", "2017-12-31": "6462.40000", "2017-09-30": "6372.50000", "2017-06-30": "6382.30000", "2017-03-31": "6409.50000", "2016-12-31": "6364.40000", "2016-09-30": "6393.40000", "2016-06-30": "6396.10000", "2016-03-31": "6416.80000", "2015-12-31": "6373.80000", "2015-09-30": "6447.66200", "2015-06-30": "6491.39100", "2015-03-31": "4530.48800", "2014-12-31": "4419.70000", "2014-09-30": "4432.88100", "2014-06-30": "4505.48000", "2014-03-31": "4677.75300", "2013-12-31": "4650.62500", "2013-09-30": "4789.66700", "2013-06-30": "4765.60400", "2013-03-31": "4771.90100", "2012-12-31": "4737.51400", "2012-09-30": "3136.80600", "2012-06-30": "3038.39500", "2012-03-31": "3041.08300", "2011-12-31": "3033.54100", "2011-09-30": "3073.39400", "2011-06-30": "3075.61300", "2011-03-31": "3098.05800", "2010-12-31": "3078.59200", "2010-09-30": "3038.46200", "2010-06-30": "3055.65200", "2010-03-31": "1585.48100", "2009-12-31": "1566.49300", "2009-09-30": "1592.76900", "2009-06-30": "1585.91600", "2009-03-31": "1573.35400", "2008-12-31": "1631.46200", "2008-09-30": "1796.10700", "2008-06-30": "1786.01100", "2008-03-31": "1784.45800", "2007-12-31": "1805.24800", "2007-09-30": "1766.60200", "2007-06-30": "1758.07000", "2007-03-31": "1883.07200", "2006-12-31": "1850.23800", "2006-09-30": "1850.99300", "2006-06-30": "1813.79000", "2006-03-31": "1456.69600", "2005-12-31": "1565.86500", "2005-09-30": "1620.65500", "2005-06-30": "1481.00900", "2005-03-31": "394.40600"}, "Total Liabilities": {"2020-09-30": "9179.20000", "2020-06-30": "8935.40000", "2020-03-31": "9448.90000", "2019-12-31": "9549.20000", "2019-09-30": "9624.10000", "2019-06-30": "8556.00000", "2019-03-31": "8849.80000", "2018-12-31": "7674.80000", "2018-09-30": "7686.20000", "2018-06-30": "7476.80000", "2018-03-31": "7648.70000", "2017-12-31": "7630.70000", "2017-09-30": "7352.30000", "2017-06-30": "7183.10000", "2017-03-31": "7399.00000", "2016-12-31": "7363.40000", "2016-09-30": "7328.50000", "2016-06-30": "7194.80000", "2016-03-31": "7399.50000", "2015-12-31": "7294.00000", "2015-09-30": "7313.19600", "2015-06-30": "7506.89900", "2015-03-31": "5578.26900", "2014-12-31": "5557.30000", "2014-09-30": "5657.02800", "2014-06-30": "5531.07800", "2014-03-31": "5530.65000", "2013-12-31": "5434.20900", "2013-09-30": "5525.71600", "2013-06-30": "5429.84700", "2013-03-31": "5693.54600", "2012-12-31": "5594.64900", "2012-09-30": "4240.68900", "2012-06-30": "3796.77200", "2012-03-31": "3999.10500", "2011-12-31": "4026.41800", "2011-09-30": "3869.57300", "2011-06-30": "3773.41900", "2011-03-31": "4162.96700", "2010-12-31": "4217.61000", "2010-09-30": "3715.69300", "2010-06-30": "3605.32200", "2010-03-31": "2087.90500", "2009-12-31": "2164.55600", "2009-09-30": "2004.87600", "2009-06-30": "1999.49500", "2009-03-31": "2059.05600", "2008-12-31": "2368.92500", "2008-09-30": "2450.26900", "2008-06-30": "2355.01400", "2008-03-31": "2776.90700", "2007-12-31": "2732.43800", "2007-09-30": "2619.29500", "2007-06-30": "2555.69500", "2007-03-31": "2583.62400", "2006-12-31": "2709.80900", "2006-09-30": "2460.42600", "2006-06-30": "2433.75000", "2006-03-31": "2252.41700", "2005-12-31": "2361.49700", "2005-09-30": "2208.98600", "2005-06-30": "2054.65200", "2005-03-31": "891.83400"}, "Common Stock Net": {"2020-09-30": "8.80000", "2020-06-30": "8.80000", "2020-03-31": "8.80000", "2019-12-31": "8.80000", "2019-09-30": "8.80000", "2019-06-30": "8.80000", "2019-03-31": "8.80000", "2018-12-31": "8.80000", "2018-09-30": "8.80000", "2018-06-30": "8.80000", "2018-03-31": "8.80000", "2017-12-31": "8.80000", "2017-09-30": "8.80000", "2017-06-30": "8.80000", "2017-03-31": "8.80000", "2016-12-31": "8.80000", "2016-09-30": "8.80000", "2016-06-30": "8.80000", "2016-03-31": "8.80000", "2015-12-31": "8.80000", "2015-09-30": "8.84600", "2015-06-30": "8.84600", "2015-03-31": "8.84600", "2014-12-31": "8.80000", "2014-09-30": "8.84600", "2014-06-30": "8.84600", "2014-03-31": "8.84600", "2013-12-31": "8.84600", "2013-09-30": "8.84600", "2013-06-30": "8.84600", "2013-03-31": "8.84600", "2012-12-31": "8.84600", "2012-09-30": "8.84600", "2012-06-30": "8.84600", "2012-03-31": "8.84600", "2011-12-31": "8.84600", "2011-09-30": "8.84600", "2011-06-30": "8.84600", "2011-03-31": "8.84600", "2010-12-31": "8.84600", "2010-09-30": "8.84600", "2010-06-30": "8.84600", "2010-03-31": "8.84600", "2009-12-31": "8.84600", "2009-09-30": "8.84600", "2009-06-30": "8.84600", "2009-03-31": "8.84600", "2008-12-31": "8.84600", "2008-09-30": "8.84600", "2008-06-30": "8.84600", "2008-03-31": "2.94900", "2007-12-31": "8.84600", "2007-09-30": "2.94900", "2007-06-30": "2.94900", "2007-03-31": "2.94900", "2006-12-31": "2.94900", "2006-09-30": "2.94600", "2006-06-30": "1.47400", "2006-03-31": "1.47400", "2005-12-31": "2.94900", "2005-09-30": "1.47400", "2005-06-30": "1.47400", "2005-03-31": "261.95800"}, "Retained Earnings (Accumulated Deficit)": {"2020-09-30": "6642.80000", "2020-06-30": "6446.10000", "2020-03-31": "6341.20000", "2019-12-31": "6435.60000", "2019-09-30": "6439.20000", "2019-06-30": "6358.70000", "2019-03-31": "6265.70000", "2018-12-31": "6186.90000", "2018-09-30": "6203.00000", "2018-06-30": "6142.80000", "2018-03-31": "5965.00000", "2017-12-31": "5726.20000", "2017-09-30": "6211.30000", "2017-06-30": "5914.30000", "2017-03-31": "5707.50000", "2016-12-31": "5455.30000", "2016-09-30": "5316.10000", "2016-06-30": "5157.10000", "2016-03-31": "4974.00000", "2015-12-31": "4812.10000", "2015-09-30": "4782.62300", "2015-06-30": "4763.67100", "2015-03-31": "4548.76100", "2014-12-31": "4346.80000", "2014-09-30": "4096.77200", "2014-06-30": "3872.09600", "2014-03-31": "3618.19000", "2013-12-31": "3394.82700", "2013-09-30": "3089.41400", "2013-06-30": "2846.22200", "2013-03-31": "2642.58400", "2012-12-31": "2350.12600", "2012-09-30": "4144.42400", "2012-06-30": "4130.28200", "2012-03-31": "4017.08400", "2011-12-31": "3852.05400", "2011-09-30": "3903.78200", "2011-06-30": "3763.39100", "2011-03-31": "3581.35400", "2010-12-31": "3595.98300", "2010-09-30": "3469.23200", "2010-06-30": "3418.56300", "2010-03-31": "3487.67700", "2009-12-31": "3469.93000", "2009-09-30": "3258.50100", "2009-06-30": "3032.37300", "2009-03-31": "2895.65500", "2008-12-31": "2916.51700", "2008-09-30": "3335.55300", "2008-06-30": "3421.29500", "2008-03-31": "3373.41800", "2007-12-31": "3220.85700", "2007-09-30": "3498.61400", "2007-06-30": "3342.20000", "2007-03-31": "3057.91400", "2006-12-31": "3010.30700", "2006-09-30": "2745.80000", "2006-06-30": "2518.71900", "2006-03-31": "2484.36800", "2005-12-31": "2648.35900", "2005-09-30": "", "2005-06-30": "", "2005-03-31": "1542.82300"}, "Comprehensive Income": {"2020-09-30": "-10.10000", "2020-06-30": "-10.10000", "2020-03-31": "-10.10000", "2019-12-31": "-10.10000", "2019-09-30": "-2.40000", "2019-06-30": "-2.40000", "2019-03-31": "-2.40000", "2018-12-31": "-2.40000", "2018-09-30": "0.50000", "2018-06-30": "0.50000", "2018-03-31": "0.50000", "2017-12-31": "0.50000", "2017-09-30": "-2.40000", "2017-06-30": "-2.40000", "2017-03-31": "-2.40000", "2016-12-31": "-2.40000", "2016-09-30": "1.10000", "2016-06-30": "1.10000", "2016-03-31": "1.10000", "2015-12-31": "1.10000", "2015-09-30": "4.81300", "2015-06-30": "4.81300", "2015-03-31": "4.81300", "2014-12-31": "4.80000", "2014-09-30": "6.08700", "2014-06-30": "6.02200", "2014-03-31": "6.08700", "2013-12-31": "6.23900", "2013-09-30": "4.03200", "2013-06-30": "4.03200", "2013-03-31": "4.03200", "2012-12-31": "4.03200", "2012-09-30": "7.42700", "2012-06-30": "7.42700", "2012-03-31": "7.42700", "2011-12-31": "12.87400", "2011-09-30": "40.48000", "2011-06-30": "-37.38300", "2011-03-31": "-60.69600", "2010-12-31": "-126.42300", "2010-09-30": "-13.06000", "2010-06-30": "-13.06100", "2010-03-31": "-13.06100", "2009-12-31": "-13.06100", "2009-09-30": "-23.14200", "2009-06-30": "-23.42300", "2009-03-31": "-22.17400", "2008-12-31": "-23.47700", "2008-09-30": "-26.54500", "2008-06-30": "-26.54500", "2008-03-31": "-26.55400", "2007-12-31": "-26.55400", "2007-09-30": "-23.28800", "2007-06-30": "-23.28600", "2007-03-31": "-23.28800", "2006-12-31": "-22.33200", "2006-09-30": "-8.40700", "2006-06-30": "-11.38200", "2006-03-31": "-11.98900", "2005-12-31": "-13.09000", "2005-09-30": "2464.53000", "2005-06-30": "2248.69400", "2005-03-31": ""}, "Other Share Holders Equity": {"2020-09-30": "", "2020-06-30": "", "2020-03-31": "", "2019-12-31": "", "2019-09-30": "", "2019-06-30": "", "2019-03-31": "", "2018-12-31": "", "2018-09-30": "", "2018-06-30": "", "2018-03-31": "", "2017-12-31": "", "2017-09-30": "", "2017-06-30": "", "2017-03-31": "", "2016-12-31": "", "2016-09-30": "", "2016-06-30": "", "2016-03-31": "", "2015-12-31": "", "2015-09-30": "", "2015-06-30": "", "2015-03-31": "", "2014-12-31": "", "2014-09-30": "", "2014-06-30": "", "2014-03-31": "", "2013-12-31": "", "2013-09-30": "", "2013-06-30": "", "2013-03-31": "", "2012-12-31": "", "2012-09-30": "", "2012-06-30": "", "2012-03-31": "", "2011-12-31": "", "2011-09-30": "", "2011-06-30": "", "2011-03-31": "", "2010-12-31": "", "2010-09-30": "", "2010-06-30": "", "2010-03-31": "", "2009-12-31": "", "2009-09-30": "", "2009-06-30": "", "2009-03-31": "", "2008-12-31": "", "2008-09-30": "", "2008-06-30": "", "2008-03-31": "", "2007-12-31": "", "2007-09-30": "", "2007-06-30": "", "2007-03-31": "", "2006-12-31": "", "2006-09-30": "", "2006-06-30": "", "2006-03-31": "", "2005-12-31": "", "2005-09-30": "", "2005-06-30": "", "2005-03-31": ""}, "Share Holder Equity": {"2020-09-30": "7069.20000", "2020-06-30": "6869.60000", "2020-03-31": "6763.20000", "2019-12-31": "6858.20000", "2019-09-30": "6870.30000", "2019-06-30": "6788.60000", "2019-03-31": "6692.80000", "2018-12-31": "6612.80000", "2018-09-30": "6630.50000", "2018-06-30": "6569.10000", "2018-03-31": "6389.40000", "2017-12-31": "6149.40000", "2017-09-30": "6630.10000", "2017-06-30": "6332.20000", "2017-03-31": "6124.00000", "2016-12-31": "5870.90000", "2016-09-30": "5734.50000", "2016-06-30": "5592.60000", "2016-03-31": "5408.20000", "2015-12-31": "5299.20000", "2015-09-30": "5552.01300", "2015-06-30": "5841.72000", "2015-03-31": "5669.63300", "2014-12-31": "5836.60000", "2014-09-30": "5880.07900", "2014-06-30": "5976.85400", "2014-03-31": "5734.09800", "2013-12-31": "5561.82000", "2013-09-30": "5409.95500", "2013-06-30": "5224.44300", "2013-03-31": "5083.32300", "2012-12-31": "4789.10000", "2012-09-30": "6601.08200", "2012-06-30": "4576.32300", "2012-03-31": "4494.75000", "2011-12-31": "4036.28300", "2011-09-30": "4130.00700", "2011-06-30": "4020.72600", "2011-03-31": "3961.66100", "2010-12-31": "3910.40900", "2010-09-30": "3895.72900", "2010-06-30": "3844.16100", "2010-03-31": "3912.68200", "2009-12-31": "3893.65400", "2009-09-30": "3671.64400", "2009-06-30": "3442.25600", "2009-03-31": "3305.11000", "2008-12-31": "3395.39900", "2008-09-30": "3896.44200", "2008-06-30": "4050.12300", "2008-03-31": "4001.23000", "2007-12-31": "3848.12000", "2007-09-30": "4129.97100", "2007-06-30": "3973.64900", "2007-03-31": "3699.82900", "2006-12-31": "3666.60500", "2006-09-30": "3415.46200", "2006-06-30": "3190.58400", "2006-03-31": "3163.18700", "2005-12-31": "3326.07700", "2005-09-30": "3187.92000", "2005-06-30": "2972.02000", "2005-03-31": "1804.78100"}, "Total Liabilities And Share Holders Equity": {"2020-09-30": "16248.40000", "2020-06-30": "15805.00000", "2020-03-31": "16212.10000", "2019-12-31": "16407.40000", "2019-09-30": "16494.40000", "2019-06-30": "15344.60000", "2019-03-31": "15542.60000", "2018-12-31": "14287.60000", "2018-09-30": "14316.70000", "2018-06-30": "14045.90000", "2018-03-31": "14038.10000", "2017-12-31": "13780.10000", "2017-09-30": "13982.40000", "2017-06-30": "13515.30000", "2017-03-31": "13523.00000", "2016-12-31": "13234.30000", "2016-09-30": "13063.00000", "2016-06-30": "12787.40000", "2016-03-31": "12807.70000", "2015-12-31": "12593.20000", "2015-09-30": "12865.21000", "2015-06-30": "13348.62000", "2015-03-31": "11247.90000", "2014-12-31": "11393.90000", "2014-09-30": "11537.11000", "2014-06-30": "11507.93000", "2014-03-31": "11264.75000", "2013-12-31": "10996.03000", "2013-09-30": "10935.67000", "2013-06-30": "10654.29000", "2013-03-31": "10776.87000", "2012-12-31": "10383.75000", "2012-09-30": "10841.77000", "2012-06-30": "8373.09500", "2012-03-31": "8493.85500", "2011-12-31": "8062.70100", "2011-09-30": "7999.58000", "2011-06-30": "7794.14500", "2011-03-31": "8124.62800", "2010-12-31": "8128.01900", "2010-09-30": "7611.42200", "2010-06-30": "7449.48300", "2010-03-31": "6000.58700", "2009-12-31": "6058.21000", "2009-09-30": "5676.52000", "2009-06-30": "5441.75100", "2009-03-31": "5364.16600", "2008-12-31": "5764.32400", "2008-09-30": "6346.71100", "2008-06-30": "6405.13700", "2008-03-31": "6778.13700", "2007-12-31": "6580.55800", "2007-09-30": "6749.26600", "2007-06-30": "6529.34400", "2007-03-31": "6283.45300", "2006-12-31": "6376.41400", "2006-09-30": "5875.88800", "2006-06-30": "5624.33400", "2006-03-31": "5415.60400", "2005-12-31": "5687.57400", "2005-09-30": "5396.90600", "2005-06-30": "5026.67200", "2005-03-31": "2696.61500"}}, "cash flow statement": {"Net Income/Loss": {"2019-12-31": "1491.90000", "2018-12-31": "1548.20000", "2017-12-31": "732.40000", "2016-12-31": "778.80000", "2015-12-31": "741.10000", "2014-12-31": "1337.90000", "2013-12-31": "1624.20000", "2012-12-31": "1941.37200", "2011-12-31": "2344.35300", "2010-12-31": "1562.70900", "2009-12-31": "934.57300", "2008-12-31": "1414.45900", "2007-12-31": "2226.59900", "2006-12-31": "2037.64000", "2005-12-31": "1400.14800"}, "Total Depreciation And Amortization - Cash Flow": {"2019-12-31": "764.40000", "2018-12-31": "674.30000", "2017-12-31": "671.10000", "2016-12-31": "647.10000", "2015-12-31": "510.70000", "2014-12-31": "445.00000", "2013-12-31": "396.00000", "2012-12-31": "325.74300", "2011-12-31": "288.13800", "2010-12-31": "281.69700", "2009-12-31": "273.55800", "2008-12-31": "327.30200", "2007-12-31": "327.89800", "2006-12-31": "275.06200", "2005-12-31": "277.24800"}, "Other Non-Cash Items": {"2019-12-31": "2.60000", "2018-12-31": "-11.10000", "2017-12-31": "663.00000", "2016-12-31": "-109.00000", "2015-12-31": "-162.20000", "2014-12-31": "-295.40000", "2013-12-31": "-92.30000", "2012-12-31": "24.49200", "2011-12-31": "-133.42800", "2010-12-31": "-27.86100", "2009-12-31": "-7.80300", "2008-12-31": "-83.04800", "2007-12-31": "114.01100", "2006-12-31": "-74.84900", "2005-12-31": "-122.35200"}, "Total Non-Cash Items": {"2019-12-31": "767.00010", "2018-12-31": "663.20000", "2017-12-31": "1334.10000", "2016-12-31": "538.10000", "2015-12-31": "348.50000", "2014-12-31": "149.60000", "2013-12-31": "303.70000", "2012-12-31": "350.23500", "2011-12-31": "154.71000", "2010-12-31": "253.83600", "2009-12-31": "265.75500", "2008-12-31": "244.25400", "2007-12-31": "441.90900", "2006-12-31": "200.21300", "2005-12-31": "154.89600"}, "Change In Accounts Receivable": {"2019-12-31": "-10.50000", "2018-12-31": "68.30000", "2017-12-31": "-298.70000", "2016-12-31": "-143.30000", "2015-12-31": "91.60000", "2014-12-31": "-7.00000", "2013-12-31": "136.10000", "2012-12-31": "-14.73900", "2011-12-31": "-135.55200", "2010-12-31": "-308.07900", "2009-12-31": "-299.63100", "2008-12-31": "330.16300", "2007-12-31": "66.20000", "2006-12-31": "-217.99100", "2005-12-31": "59.45700"}, "Change In Inventories": {"2019-12-31": "-88.70000", "2018-12-31": "-190.80000", "2017-12-31": "-201.90000", "2016-12-31": "-207.90000", "2015-12-31": "-260.30000", "2014-12-31": "-260.10000", "2013-12-31": "-143.60000", "2012-12-31": "-180.68400", "2011-12-31": "-194.48400", "2010-12-31": "-7.27200", "2009-12-31": "44.50700", "2008-12-31": "-3.31400", "2007-12-31": "-34.63200", "2006-12-31": "-17.80700", "2005-12-31": "-43.46800"}, "Change In Accounts Payable": {"2019-12-31": "", "2018-12-31": "", "2017-12-31": "", "2016-12-31": "", "2015-12-31": "", "2014-12-31": "", "2013-12-31": "", "2012-12-31": "", "2011-12-31": "", "2010-12-31": "", "2009-12-31": "", "2008-12-31": "", "2007-12-31": "", "2006-12-31": "", "2005-12-31": ""}, "Change In Assets/Liabilities": {"2019-12-31": "-62.90000", "2018-12-31": "28.40000", "2017-12-31": "271.20000", "2016-12-31": "-73.10000", "2015-12-31": "-12.20000", "2014-12-31": "25.90000", "2013-12-31": "2.30000", "2012-12-31": "43.52000", "2011-12-31": "47.78300", "2010-12-31": "-121.43800", "2009-12-31": "107.11300", "2008-12-31": "-92.93800", "2007-12-31": "153.68900", "2006-12-31": "-23.43600", "2005-12-31": "17.19400"}, "Total Change In Assets/Liabilities": {"2019-12-31": "-347.00000", "2018-12-31": "23.70000", "2017-12-31": "-89.90000", "2016-12-31": "-393.80000", "2015-12-31": "-209.80000", "2014-12-31": "-131.60000", "2013-12-31": "-68.80000", "2012-12-31": "-287.64500", "2011-12-31": "-419.15000", "2010-12-31": "104.16600", "2009-12-31": "-237.15000", "2008-12-31": "69.62700", "2007-12-31": "34.94800", "2006-12-31": "-178.54000", "2005-12-31": "108.45200"}, "Cash Flow From Operating Activities": {"2019-12-31": "1911.90000", "2018-12-31": "2235.10000", "2017-12-31": "1976.60000", "2016-12-31": "923.10000", "2015-12-31": "879.80000", "2014-12-31": "1355.90000", "2013-12-31": "1859.10000", "2012-12-31": "2003.96200", "2011-12-31": "2079.91300", "2010-12-31": "1920.71100", "2009-12-31": "963.17800", "2008-12-31": "1728.34000", "2007-12-31": "2703.45600", "2006-12-31": "2059.31300", "2005-12-31": "1663.49600"}, "Net Change In Property, Plant, And Equipment": {"2019-12-31": "-707.50000", "2018-12-31": "-1121.40000", "2017-12-31": "-1023.50000", "2016-12-31": "-1118.50000", "2015-12-31": "-1149.60000", "2014-12-31": "-1529.80000", "2013-12-31": "-1703.30000", "2012-12-31": "-1036.82800", "2011-12-31": "-600.33000", "2010-12-31": "-400.06300", "2009-12-31": "-403.06700", "2008-12-31": "-463.78700", "2007-12-31": "-315.74100", "2006-12-31": "-455.81800", "2005-12-31": "-470.63600"}, "Net Change In Intangible Assets": {"2019-12-31": "", "2018-12-31": "", "2017-12-31": "", "2016-12-31": "", "2015-12-31": "", "2014-12-31": "", "2013-12-31": "", "2012-12-31": "", "2011-12-31": "", "2010-12-31": "", "2009-12-31": "", "2008-12-31": "", "2007-12-31": "", "2006-12-31": "", "2005-12-31": ""}, "Net Acquisitions/Divestitures": {"2019-12-31": "", "2018-12-31": "", "2017-12-31": "", "2016-12-31": "", "2015-12-31": "-100.40000", "2014-12-31": "", "2013-12-31": "", "2012-12-31": "", "2011-12-31": "", "2010-12-31": "", "2009-12-31": "", "2008-12-31": "", "2007-12-31": "", "2006-12-31": "", "2005-12-31": ""}, "Net Change In Short-term Investments": {"2019-12-31": "133.10000", "2018-12-31": "-163.30000", "2017-12-31": "1.00000", "2016-12-31": "552.10000", "2015-12-31": "-264.80000", "2014-12-31": "-130.30000", "2013-12-31": "-74.00000", "2012-12-31": "387.65700", "2011-12-31": "-449.52500", "2010-12-31": "-52.24100", "2009-12-31": "43.78100", "2008-12-31": "45.18800", "2007-12-31": "-217.90300", "2006-12-31": "-280.00000", "2005-12-31": "-74.33900"}, "Net Change In Long-Term Investments": {"2019-12-31": "", "2018-12-31": "", "2017-12-31": "", "2016-12-31": "", "2015-12-31": "", "2014-12-31": "", "2013-12-31": "", "2012-12-31": "18.20000", "2011-12-31": "-33.27600", "2010-12-31": "-21.46700", "2009-12-31": "", "2008-12-31": "", "2007-12-31": "287.39800", "2006-12-31": "", "2005-12-31": "119.60600"}, "Net Change In Investments - Total": {"2019-12-31": "133.10000", "2018-12-31": "-163.30000", "2017-12-31": "1.00000", "2016-12-31": "552.10000", "2015-12-31": "-264.80000", "2014-12-31": "-130.30000", "2013-12-31": "-74.00000", "2012-12-31": "405.85700", "2011-12-31": "-482.80100", "2010-12-31": "-73.70800", "2009-12-31": "43.78100", "2008-12-31": "45.18800", "2007-12-31": "69.49500", "2006-12-31": "-280.00000", "2005-12-31": "45.26700"}, "Investing Activities - Other": {"2019-12-31": "0.40000", "2018-12-31": "-11.50000", "2017-12-31": "3.50000", "2016-12-31": "114.40000", "2015-12-31": "53.80000", "2014-12-31": "4.90000", "2013-12-31": "32.40000", "2012-12-31": "-37.59900", "2011-12-31": "-9.74100", "2010-12-31": "", "2009-12-31": "", "2008-12-31": "", "2007-12-31": "0.26700", "2006-12-31": "10.53200", "2005-12-31": "-10.50100"}, "Cash Flow From Investing Activities": {"2019-12-31": "-574.00000", "2018-12-31": "-1296.20000", "2017-12-31": "-1019.00000", "2016-12-31": "-452.00000", "2015-12-31": "-1461.00000", "2014-12-31": "-1655.20000", "2013-12-31": "-1744.90000", "2012-12-31": "-668.57000", "2011-12-31": "-1092.87200", "2010-12-31": "-473.77100", "2009-12-31": "-359.28600", "2008-12-31": "-418.59900", "2007-12-31": "-245.97900", "2006-12-31": "-725.28600", "2005-12-31": "-435.87000"}, "Net Long-Term Debt": {"2019-12-31": "987.30000", "2018-12-31": "", "2017-12-31": "", "2016-12-31": "", "2015-12-31": "1779.80000", "2014-12-31": "", "2013-12-31": "-10.00000", "2012-12-31": "1467.45500", "2011-12-31": "-15.25000", "2010-12-31": "1479.67400", "2009-12-31": "-10.00000", "2008-12-31": "-160.02500", "2007-12-31": "-78.60000", "2006-12-31": "356.04600", "2005-12-31": "-158.22300"}, "Net Current Debt": {"2019-12-31": "", "2018-12-31": "", "2017-12-31": "", "2016-12-31": "", "2015-12-31": "", "2014-12-31": "", "2013-12-31": "", "2012-12-31": "", "2011-12-31": "", "2010-12-31": "", "2009-12-31": "", "2008-12-31": "", "2007-12-31": "", "2006-12-31": "", "2005-12-31": ""}, "Debt Issuance/Retirement Net - Total": {"2019-12-31": "987.30000", "2018-12-31": "", "2017-12-31": "", "2016-12-31": "", "2015-12-31": "1779.80000", "2014-12-31": "", "2013-12-31": "-10.00000", "2012-12-31": "1467.45500", "2011-12-31": "-15.25000", "2010-12-31": "1479.67400", "2009-12-31": "-10.00000", "2008-12-31": "-160.02500", "2007-12-31": "-78.60000", "2006-12-31": "356.04600", "2005-12-31": "-158.22300"}, "Net Common Equity Issued/Repurchased": {"2019-12-31": "", "2018-12-31": "", "2017-12-31": "", "2016-12-31": "-71.70000", "2015-12-31": "-1004.40000", "2014-12-31": "-682.70000", "2013-12-31": "-281.40000", "2012-12-31": "-147.34400", "2011-12-31": "-273.69000", "2010-12-31": "-0.46300", "2009-12-31": "-71.90300", "2008-12-31": "-168.21800", "2007-12-31": "", "2006-12-31": "", "2005-12-31": "-30.27600"}, "Net Total Equity Issued/Repurchased": {"2019-12-31": "", "2018-12-31": "", "2017-12-31": "", "2016-12-31": "-71.70000", "2015-12-31": "-1004.40000", "2014-12-31": "-682.70000", "2013-12-31": "-281.40000", "2012-12-31": "-147.34400", "2011-12-31": "-273.69000", "2010-12-31": "-0.46300", "2009-12-31": "-71.90300", "2008-12-31": "-168.21800", "2007-12-31": "", "2006-12-31": "", "2005-12-31": "-30.27600"}, "Total Common And Preferred Stock Dividends Paid": {"2019-12-31": "-1236.90000", "2018-12-31": "-1082.30000", "2017-12-31": "-456.10000", "2016-12-31": "-139.30000", "2015-12-31": "-271.20000", "2014-12-31": "-381.00000", "2013-12-31": "-573.80000", "2012-12-31": "-3139.97100", "2011-12-31": "-2080.35300", "2010-12-31": "-1427.99800", "2009-12-31": "-375.96800", "2008-12-31": "-1710.81300", "2007-12-31": "-2002.31200", "2006-12-31": "-1509.09900", "2005-12-31": "-853.88700"}, "Financial Activities - Other": {"2019-12-31": "-12.60000", "2018-12-31": "-1.10000", "2017-12-31": "0.00000", "2016-12-31": "0.30000", "2015-12-31": "-12.00000", "2014-12-31": "-0.80000", "2013-12-31": "-2.00000", "2012-12-31": "2097.95800", "2011-12-31": "-5.73200", "2010-12-31": "-14.60300", "2009-12-31": "-0.15200", "2008-12-31": "-8.98000", "2007-12-31": "-7.43500", "2006-12-31": "-11.24700", "2005-12-31": "-22.01300"}, "Cash Flow From Financial Activities": {"2019-12-31": "-262.20000", "2018-12-31": "-1083.40000", "2017-12-31": "-456.10000", "2016-12-31": "-210.70000", "2015-12-31": "492.20000", "2014-12-31": "-1064.50000", "2013-12-31": "-867.20000", "2012-12-31": "278.09800", "2011-12-31": "-2375.02500", "2010-12-31": "36.61000", "2009-12-31": "-458.02300", "2008-12-31": "-2048.03600", "2007-12-31": "-2088.34700", "2006-12-31": "-1164.30000", "2005-12-31": "-1064.39900"}, "Net Cash Flow": {"2019-12-31": "1080.50000", "2018-12-31": "-160.20000", "2017-12-31": "458.80000", "2016-12-31": "271.50000", "2015-12-31": "-89.50000", "2014-12-31": "-1308.70000", "2013-12-31": "-786.80000", "2012-12-31": "1611.37000", "2011-12-31": "-1344.55900", "2010-12-31": "1420.37100", "2009-12-31": "55.56600", "2008-12-31": "-692.53200", "2007-12-31": "386.49400", "2006-12-31": "146.77500", "2005-12-31": "165.29600"}, "Stock-Based Compensation": {"2019-12-31": "", "2018-12-31": "", "2017-12-31": "", "2016-12-31": "", "2015-12-31": "", "2014-12-31": "", "2013-12-31": "", "2012-12-31": "", "2011-12-31": "", "2010-12-31": "", "2009-12-31": "", "2008-12-31": "", "2007-12-31": "", "2006-12-31": "", "2005-12-31": ""}, "Common Stock Dividends Paid": {"2019-12-31": "-1236.90000", "2018-12-31": "-1082.30000", "2017-12-31": "-456.10000", "2016-12-31": "-139.30000", "2015-12-31": "-271.20000", "2014-12-31": "-381.00000", "2013-12-31": "-573.80000", "2012-12-31": "-3139.97100", "2011-12-31": "-2080.35300", "2010-12-31": "-1427.99800", "2009-12-31": "-375.96800", "2008-12-31": "-1710.81300", "2007-12-31": "-2002.31200", "2006-12-31": "-1509.09900", "2005-12-31": "-853.88700"}}, "cash flow statement, quarterly": {"Net Income/Loss": {"2020-09-30": 508.1, "2020-06-30": 260.9, "2020-03-31": "216.20000", "2019-12-31": 307, "2019-09-30": 391.3, "2019-06-30": 404.4, "2019-03-31": "389.20000", "2018-12-31": 294.5, "2018-09-30": 370.8, "2018-06-30": 411, "2018-03-31": "471.90000", "2017-12-31": -286.2, "2017-09-30": 402.9, "2017-06-30": 300.4, "2017-03-31": "315.30000", "2016-12-31": 172.3, "2016-09-30": 198.2, "2016-06-30": 222.6, "2016-03-31": "185.70000", "2015-12-31": 62, "2015-09-30": 99.4, "2015-06-30": 296, "2015-03-31": "283.70000", "2014-12-31": 349.141, "2014-09-30": 325.78, "2014-06-30": 338.382, "2014-03-31": "324.59700", "2013-12-31": 407.496, "2013-09-30": 345.566, "2013-06-30": 374.105, "2013-03-31": "497.03300", "2012-12-31": 533.213, "2012-09-30": 219.261, "2012-06-30": 565.336, "2012-03-31": "623.56200", "2011-12-31": 539.027, "2011-09-30": 665.06, "2011-06-30": 660.119, "2011-03-31": "480.14700", "2010-12-31": 494.971, "2010-09-30": 367.2, "2010-06-30": 315.311, "2010-03-31": "385.22700", "2009-12-31": 365.073, "2009-09-30": 314.225, "2009-06-30": 176.029, "2009-03-31": "79.24600", "2008-12-31": -116.793, "2008-09-30": 417.802, "2008-06-30": 548.467, "2008-03-31": "564.98300", "2007-12-31": 321.11, "2007-09-30": 627.845, "2007-06-30": 725.962, "2007-03-31": "551.68200", "2006-12-31": 655.202, "2006-09-30": 521.583, "2006-06-30": 439.28, "2006-03-31": "421.57500", "2005-12-31": 420.446, "2005-09-30": 369.41, "2005-06-30": 311.931, "2005-03-31": "298.36100"}, "Total Depreciation And Amortization - Cash Flow": {"2020-09-30": 196, "2020-06-30": 193.9, "2020-03-31": "192.90000", "2019-12-31": 183.8, "2019-09-30": 200.2, "2019-06-30": 198.8, "2019-03-31": "181.60000", "2018-12-31": 179.1, "2018-09-30": 170.6, "2018-06-30": 162.6, "2018-03-31": "162.00000", "2017-12-31": 177.3, "2017-09-30": 169.2, "2017-06-30": 171.2, "2017-03-31": "153.40000", "2016-12-31": 172.8, "2016-09-30": 174.5, "2016-06-30": 164.5, "2016-03-31": "135.30000", "2015-12-31": 136.9, "2015-09-30": 131.5, "2015-06-30": 125.3, "2015-03-31": "117.00000", "2014-12-31": 104.533, "2014-09-30": 113.923, "2014-06-30": 116.091, "2014-03-31": "110.45300", "2013-12-31": 110.423, "2013-09-30": 101.489, "2013-06-30": 93.516, "2013-03-31": "90.57200", "2012-12-31": 89.088, "2012-09-30": 81.283, "2012-06-30": 78.428, "2012-03-31": "76.94400", "2011-12-31": 72.09, "2011-09-30": 72.506, "2011-06-30": 72.898, "2011-03-31": "70.64400", "2010-12-31": 70.781, "2010-09-30": 72.144, "2010-06-30": 69.304, "2010-03-31": "69.46800", "2009-12-31": 34.356, "2009-09-30": 82.266, "2009-06-30": 78.715, "2009-03-31": "78.22100", "2008-12-31": 78.963, "2008-09-30": 83.944, "2008-06-30": 83.199, "2008-03-31": "81.19600", "2007-12-31": 87.796, "2007-09-30": 81.538, "2007-06-30": 84.466, "2007-03-31": "74.09800", "2006-12-31": 76.275, "2006-09-30": 67.702, "2006-06-30": 77.982, "2006-03-31": "53.10300", "2005-12-31": 55.954, "2005-09-30": 87.348, "2005-06-30": 72.979, "2005-03-31": "60.96700"}, "Other Non-Cash Items": {"2020-09-30": -40.7, "2020-06-30": -15.4, "2020-03-31": "-14.60000", "2019-12-31": -42.9, "2019-09-30": -22.1, "2019-06-30": 23.9, "2019-03-31": "43.70000", "2018-12-31": -16.3, "2018-09-30": 2.7, "2018-06-30": 1.5, "2018-03-31": "1.00000", "2017-12-31": 671, "2017-09-30": -23.8, "2017-06-30": -2.2, "2017-03-31": "18.00000", "2016-12-31": 14.5, "2016-09-30": -59.4, "2016-06-30": -46.1, "2016-03-31": "-18.00000", "2015-12-31": -82.2, "2015-09-30": 6.2, "2015-06-30": -49.3, "2015-03-31": "-36.90000", "2014-12-31": -131.504, "2014-09-30": -94.822, "2014-06-30": 24.348, "2014-03-31": "-93.42200", "2013-12-31": -97.114, "2013-09-30": -11.421, "2013-06-30": 16.249, "2013-03-31": "-0.01400", "2012-12-31": -10.529, "2012-09-30": 57.512, "2012-06-30": -9.024, "2012-03-31": "-13.46700", "2011-12-31": -25.246, "2011-09-30": -90.923, "2011-06-30": 12.305, "2011-03-31": "-29.56400", "2010-12-31": 5.074, "2010-09-30": -26.029, "2010-06-30": -19.001, "2010-03-31": "12.09500", "2009-12-31": 2.719, "2009-09-30": -26.26, "2009-06-30": 23.991, "2009-03-31": "-8.25300", "2008-12-31": -42.704, "2008-09-30": -54.992, "2008-06-30": 40.182, "2008-03-31": "-25.53400", "2007-12-31": -1.521, "2007-09-30": 3.165, "2007-06-30": 92.985, "2007-03-31": "19.38200", "2006-12-31": -43.713, "2006-09-30": -41.634, "2006-06-30": -11.509, "2006-03-31": "22.00700", "2005-12-31": -39.697, "2005-09-30": -78.603, "2005-06-30": 4.304, "2005-03-31": "-8.35600"}, "Total Non-Cash Items": {"2020-09-30": 155.3, "2020-06-30": 178.5, "2020-03-31": "178.30000", "2019-12-31": 140.9001, "2019-09-30": 178.1, "2019-06-30": 222.7, "2019-03-31": "225.30000", "2018-12-31": 162.8, "2018-09-30": 173.3, "2018-06-30": 164.1, "2018-03-31": "163.00000", "2017-12-31": 848.3, "2017-09-30": 145.4, "2017-06-30": 169, "2017-03-31": "171.40000", "2016-12-31": 187.3, "2016-09-30": 115.1, "2016-06-30": 118.4, "2016-03-31": "117.30000", "2015-12-31": 54.7, "2015-09-30": 137.7, "2015-06-30": 76, "2015-03-31": "80.10000", "2014-12-31": -26.971, "2014-09-30": 19.101, "2014-06-30": 140.439, "2014-03-31": "17.03100", "2013-12-31": 13.309, "2013-09-30": 90.068, "2013-06-30": 109.765, "2013-03-31": "90.55800", "2012-12-31": 78.559, "2012-09-30": 138.795, "2012-06-30": 69.404, "2012-03-31": "63.47700", "2011-12-31": 46.844, "2011-09-30": -18.417, "2011-06-30": 85.203, "2011-03-31": "41.08000", "2010-12-31": 75.855, "2010-09-30": 46.115, "2010-06-30": 50.303, "2010-03-31": "81.56300", "2009-12-31": 37.075, "2009-09-30": 56.006, "2009-06-30": 102.706, "2009-03-31": "69.96800", "2008-12-31": 36.259, "2008-09-30": 28.952, "2008-06-30": 123.381, "2008-03-31": "55.66200", "2007-12-31": 86.275, "2007-09-30": 84.703, "2007-06-30": 177.451, "2007-03-31": "93.48000", "2006-12-31": 32.562, "2006-09-30": 26.068, "2006-06-30": 66.473, "2006-03-31": "75.11000", "2005-12-31": 16.257, "2005-09-30": 8.745, "2005-06-30": 77.283, "2005-03-31": "52.61100"}, "Change In Accounts Receivable": {"2020-09-30": -101.6, "2020-06-30": -144.2, "2020-03-31": "123.20000", "2019-12-31": 9.2, "2019-09-30": -55, "2019-06-30": 89.5, "2019-03-31": "-54.20000", "2018-12-31": -44, "2018-09-30": 34.8, "2018-06-30": 60.8, "2018-03-31": "16.70000", "2017-12-31": -60.4, "2017-09-30": -210.1, "2017-06-30": 49.5, "2017-03-31": "-77.70000", "2016-12-31": -28.3, "2016-09-30": -86.5, "2016-06-30": 43.3, "2016-03-31": "-71.80000", "2015-12-31": -28.7, "2015-09-30": 61.2, "2015-06-30": 20, "2015-03-31": "39.10000", "2014-12-31": -26.039, "2014-09-30": 68.956, "2014-06-30": -39.843, "2014-03-31": "-10.07400", "2013-12-31": -46.011, "2013-09-30": 1.148, "2013-06-30": 101.299, "2013-03-31": "79.66400", "2012-12-31": -175.406, "2012-09-30": 97.607, "2012-06-30": 4.013, "2012-03-31": "59.04700", "2011-12-31": -75.785, "2011-09-30": 72.194, "2011-06-30": -206.335, "2011-03-31": "74.37400", "2010-12-31": -309.713, "2010-09-30": -17.314, "2010-06-30": 76.301, "2010-03-31": "-57.35300", "2009-12-31": 3.209, "2009-09-30": -103.312, "2009-06-30": -92.192, "2009-03-31": "-107.33600", "2008-12-31": 306.546, "2008-09-30": 109.372, "2008-06-30": 45.07, "2008-03-31": "-130.82500", "2007-12-31": 199.589, "2007-09-30": -119.386, "2007-06-30": -95.037, "2007-03-31": "81.03400", "2006-12-31": -70.305, "2006-09-30": -12.453, "2006-06-30": -159.597, "2006-03-31": "24.36400", "2005-12-31": 13.396, "2005-09-30": -85.814, "2005-06-30": 72.133, "2005-03-31": "59.74200"}, "Change In Inventories": {"2020-09-30": -0.6, "2020-06-30": 86, "2020-03-31": "70.40000", "2019-12-31": -11.8, "2019-09-30": -12.7, "2019-06-30": -56.7, "2019-03-31": "-7.50000", "2018-12-31": -59.6, "2018-09-30": -43.6, "2018-06-30": -28.2, "2018-03-31": "-59.40000", "2017-12-31": -81.4, "2017-09-30": -72.2, "2017-06-30": -37.6, "2017-03-31": "-10.70000", "2016-12-31": -58.2, "2016-09-30": -3.4, "2016-06-30": -54.5, "2016-03-31": "-91.80000", "2015-12-31": -78.3, "2015-09-30": -74, "2015-06-30": -53.3, "2015-03-31": "-54.70000", "2014-12-31": -59.614, "2014-09-30": -39.741, "2014-06-30": -58.684, "2014-03-31": "-102.06100", "2013-12-31": -10.869, "2013-09-30": -69.104, "2013-06-30": -32.512, "2013-03-31": "-31.11500", "2012-12-31": -91.203, "2012-09-30": -56.581, "2012-06-30": -44.712, "2012-03-31": "11.81200", "2011-12-31": -121.318, "2011-09-30": -4.718, "2011-06-30": 19.554, "2011-03-31": "-88.00200", "2010-12-31": -35.366, "2010-09-30": 18.405, "2010-06-30": 20.565, "2010-03-31": "-10.87600", "2009-12-31": 10.567, "2009-09-30": 38.872, "2009-06-30": -7.238, "2009-03-31": "2.30600", "2008-12-31": 40.924, "2008-09-30": -0.943, "2008-06-30": -36.267, "2008-03-31": "-7.02800", "2007-12-31": 14.424, "2007-09-30": 8.494, "2007-06-30": -14.566, "2007-03-31": "-42.98400", "2006-12-31": 66.821, "2006-09-30": -19.132, "2006-06-30": -25.193, "2006-03-31": "-40.30300", "2005-12-31": -11.69, "2005-09-30": -15.62, "2005-06-30": -14.992, "2005-03-31": "-1.16600"}, "Change In Accounts Payable": {"2020-09-30": 0, "2020-06-30": 0, "2020-03-31": "", "2019-12-31": 0, "2019-09-30": 0, "2019-06-30": 0, "2019-03-31": "", "2018-12-31": 0, "2018-09-30": 0, "2018-06-30": 0, "2018-03-31": "", "2017-12-31": 0, "2017-09-30": 0, "2017-06-30": 0, "2017-03-31": "", "2016-12-31": 0, "2016-09-30": 0, "2016-06-30": 0, "2016-03-31": "", "2015-12-31": 0, "2015-09-30": 0, "2015-06-30": 0, "2015-03-31": "", "2014-12-31": 0, "2014-09-30": 0, "2014-06-30": 0, "2014-03-31": "", "2013-12-31": 0, "2013-09-30": 0, "2013-06-30": 0, "2013-03-31": "", "2012-12-31": 0, "2012-09-30": 0, "2012-06-30": 0, "2012-03-31": "", "2011-12-31": 0, "2011-09-30": 0, "2011-06-30": 0, "2011-03-31": "", "2010-12-31": 0, "2010-09-30": 0, "2010-06-30": 0, "2010-03-31": "", "2009-12-31": 0, "2009-09-30": 0, "2009-06-30": 0, "2009-03-31": "", "2008-12-31": 0, "2008-09-30": 0, "2008-06-30": 0, "2008-03-31": "", "2007-12-31": 0, "2007-09-30": 0, "2007-06-30": 0, "2007-03-31": "", "2006-12-31": 0, "2006-09-30": 0, "2006-06-30": 0, "2006-03-31": "", "2005-12-31": 0, "2005-09-30": 0, "2005-06-30": 0, "2005-03-31": ""}, "Change In Assets/Liabilities": {"2020-09-30": -36, "2020-06-30": 104.8, "2020-03-31": "-10.60000", "2019-12-31": 56, "2019-09-30": -20.1, "2019-06-30": -50.2, "2019-03-31": "-48.60000", "2018-12-31": 55.2, "2018-09-30": 22.4, "2018-06-30": -23.4, "2018-03-31": "-25.80000", "2017-12-31": 127.3, "2017-09-30": 56.2, "2017-06-30": 67.6, "2017-03-31": "20.10000", "2016-12-31": 37.2, "2016-09-30": -55.6, "2016-06-30": 40.5, "2016-03-31": "-95.20000", "2015-12-31": -17.7, "2015-09-30": 22, "2015-06-30": -45.8, "2015-03-31": "29.30000", "2014-12-31": 139.039, "2014-09-30": -143.027, "2014-06-30": -19.541, "2014-03-31": "49.42900", "2013-12-31": 179.142, "2013-09-30": -72.848, "2013-06-30": 2.184, "2013-03-31": "-106.17800", "2012-12-31": 108.354, "2012-09-30": -44.869, "2012-06-30": -17.329, "2012-03-31": "-2.63600", "2011-12-31": -19.862, "2011-09-30": -25.213, "2011-06-30": 61.131, "2011-03-31": "31.72700", "2010-12-31": -140.044, "2010-09-30": -8.102, "2010-06-30": 11.424, "2010-03-31": "15.28400", "2009-12-31": -20.782, "2009-09-30": 84.113, "2009-06-30": 31.31, "2009-03-31": "12.47200", "2008-12-31": -159.501, "2008-09-30": 119.276, "2008-06-30": -49.269, "2008-03-31": "-3.44400", "2007-12-31": 82.143, "2007-09-30": 55.935, "2007-06-30": -34.971, "2007-03-31": "50.58200", "2006-12-31": -55.538, "2006-09-30": 10.668, "2006-06-30": -14.297, "2006-03-31": "35.73100", "2005-12-31": 115.095, "2005-09-30": -64.361, "2005-06-30": -44.082, "2005-03-31": "10.54200"}, "Total Change In Assets/Liabilities": {"2020-09-30": 130.1, "2020-06-30": -20, "2020-03-31": "80.60000", "2019-12-31": 93.5, "2019-09-30": 15.8, "2019-06-30": -213.1, "2019-03-31": "-243.20000", "2018-12-31": -11.1, "2018-09-30": 188.7, "2018-06-30": -168.8, "2018-03-31": "14.90000", "2017-12-31": 134.5, "2017-09-30": -112.2, "2017-06-30": -115.6, "2017-03-31": "3.40000", "2016-12-31": -72.4, "2016-09-30": 7.6, "2016-06-30": -90.1, "2016-03-31": "-238.90000", "2015-12-31": -54, "2015-09-30": 23, "2015-06-30": -39.4, "2015-03-31": "-139.40000", "2014-12-31": -81.143, "2014-09-30": 88.238, "2014-06-30": -145.302, "2014-03-31": "6.60700", "2013-12-31": 76.208, "2013-09-30": 29.542, "2013-06-30": -181.431, "2013-03-31": "6.88100", "2012-12-31": -405.003, "2012-09-30": 341.663, "2012-06-30": -257.673, "2012-03-31": "33.36800", "2011-12-31": -101.725, "2011-09-30": 231.3379, "2011-06-30": -542.6079, "2011-03-31": "-6.15500", "2010-12-31": -18.974, "2010-09-30": 120.55, "2010-06-30": 162.141, "2010-03-31": "-159.55100", "2009-12-31": 264.301, "2009-09-30": 10.392, "2009-06-30": -168.823, "2009-03-31": "-343.02000", "2008-12-31": 196.382, "2008-09-30": 255.762, "2008-06-30": -263.07, "2008-03-31": "-119.44700", "2007-12-31": 370.049, "2007-09-30": 15.713, "2007-06-30": -254.539, "2007-03-31": "-96.27500", "2006-12-31": 278.515, "2006-09-30": -25.066, "2006-06-30": -372.961, "2006-03-31": "-59.02800", "2005-12-31": 234.178, "2005-09-30": 80.198, "2005-06-30": -207.442, "2005-03-31": "1.51800"}, "Cash Flow From Operating Activities": {"2020-09-30": 793.5, "2020-06-30": 419.4, "2020-03-31": "475.10000", "2019-12-31": 541.4, "2019-09-30": 585.2, "2019-06-30": 414, "2019-03-31": "371.30000", "2018-12-31": 446.2, "2018-09-30": 732.8, "2018-06-30": 406.3, "2018-03-31": "649.80000", "2017-12-31": 696.6, "2017-09-30": 436.1, "2017-06-30": 353.8, "2017-03-31": "490.10000", "2016-12-31": 287.2, "2016-09-30": 307.1, "2016-06-30": 264.7, "2016-03-31": "64.10000", "2015-12-31": 62.7, "2015-09-30": 261.9, "2015-06-30": 330.8, "2015-03-31": "224.40000", "2014-12-31": 239.543, "2014-09-30": 434.603, "2014-06-30": 333.519, "2014-03-31": "348.23500", "2013-12-31": 497.013, "2013-09-30": 465.176, "2013-06-30": 302.439, "2013-03-31": "594.47200", "2012-12-31": 206.769, "2012-09-30": 699.719, "2012-06-30": 377.067, "2012-03-31": "720.40700", "2011-12-31": 484.146, "2011-09-30": 877.981, "2011-06-30": 202.714, "2011-03-31": "515.07200", "2010-12-31": 551.852, "2010-09-30": 533.865, "2010-06-30": 527.755, "2010-03-31": "307.23900", "2009-12-31": 666.449, "2009-09-30": 380.623, "2009-06-30": 109.912, "2009-03-31": "-193.80600", "2008-12-31": 115.848, "2008-09-30": 702.516, "2008-06-30": 408.778, "2008-03-31": "501.19800", "2007-12-31": 777.434, "2007-09-30": 728.261, "2007-06-30": 648.874, "2007-03-31": "548.88700", "2006-12-31": 966.279, "2006-09-30": 522.585, "2006-06-30": 132.792, "2006-03-31": "437.65700", "2005-12-31": 670.881, "2005-09-30": 458.353, "2005-06-30": 181.772, "2005-03-31": "352.49000"}, "Net Change In Property, Plant, And Equipment": {"2020-09-30": -134.5, "2020-06-30": -113.3, "2020-03-31": "-101.00000", "2019-12-31": -171.4, "2019-09-30": -182.6, "2019-06-30": -180.4, "2019-03-31": "-173.10000", "2018-12-31": -289.6, "2018-09-30": -282.2, "2018-06-30": -254.2, "2018-03-31": "-295.40000", "2017-12-31": -313.1, "2017-09-30": -212.7, "2017-06-30": -252.5, "2017-03-31": "-245.20000", "2016-12-31": -280.6, "2016-09-30": -274.2, "2016-06-30": -341.2, "2016-03-31": "-222.50000", "2015-12-31": -306.9, "2015-09-30": -315.9, "2015-06-30": -278.1, "2015-03-31": "-248.70000", "2014-12-31": -427.212, "2014-09-30": -410.435, "2014-06-30": -355.519, "2014-03-31": "-336.63400", "2013-12-31": -513.845, "2013-09-30": -488.23, "2013-06-30": -384.651, "2013-03-31": "-316.57400", "2012-12-31": -370.884, "2012-09-30": -263.504, "2012-06-30": -225.121, "2012-03-31": "-177.31900", "2011-12-31": -273.571, "2011-09-30": -151.97, "2011-06-30": -101.8, "2011-03-31": "-72.98900", "2010-12-31": -125.472, "2010-09-30": -111.65, "2010-06-30": -92.387, "2010-03-31": "-70.55400", "2009-12-31": -86.327, "2009-09-30": -110.559, "2009-06-30": -142.929, "2009-03-31": "-63.25200", "2008-12-31": -202.941, "2008-09-30": -80.076, "2008-06-30": -130.876, "2008-03-31": "-49.89400", "2007-12-31": -64.663, "2007-09-30": -72.086, "2007-06-30": -93.962, "2007-03-31": "-85.03000", "2006-12-31": -122.787, "2006-09-30": -102.311, "2006-06-30": -87.603, "2006-03-31": "-143.11700", "2005-12-31": -208.502, "2005-09-30": -116.904, "2005-06-30": -69.969, "2005-03-31": "-75.26100"}, "Net Change In Intangible Assets": {"2020-09-30": 0, "2020-06-30": 0, "2020-03-31": "", "2019-12-31": 0, "2019-09-30": 0, "2019-06-30": 0, "2019-03-31": "", "2018-12-31": 0, "2018-09-30": 0, "2018-06-30": 0, "2018-03-31": "", "2017-12-31": 0, "2017-09-30": 0, "2017-06-30": 0, "2017-03-31": "", "2016-12-31": 0, "2016-09-30": 0, "2016-06-30": 0, "2016-03-31": "", "2015-12-31": 0, "2015-09-30": 0, "2015-06-30": 0, "2015-03-31": "", "2014-12-31": 0, "2014-09-30": 0, "2014-06-30": 0, "2014-03-31": "", "2013-12-31": 0, "2013-09-30": 0, "2013-06-30": 0, "2013-03-31": "", "2012-12-31": 0, "2012-09-30": 0, "2012-06-30": 0, "2012-03-31": "", "2011-12-31": 0, "2011-09-30": 0, "2011-06-30": 0, "2011-03-31": "", "2010-12-31": 0, "2010-09-30": 0, "2010-06-30": 0, "2010-03-31": "", "2009-12-31": 0, "2009-09-30": 0, "2009-06-30": 0, "2009-03-31": "", "2008-12-31": 0, "2008-09-30": 0, "2008-06-30": 0, "2008-03-31": "", "2007-12-31": 0, "2007-09-30": 0, "2007-06-30": 0, "2007-03-31": "", "2006-12-31": 0, "2006-09-30": 0, "2006-06-30": 0, "2006-03-31": "", "2005-12-31": 0, "2005-09-30": 0, "2005-06-30": 0, "2005-03-31": ""}, "Net Acquisitions/Divestitures": {"2020-09-30": 0, "2020-06-30": 0, "2020-03-31": "", "2019-12-31": 0, "2019-09-30": 0, "2019-06-30": 0, "2019-03-31": "", "2018-12-31": 0, "2018-09-30": 0, "2018-06-30": 0, "2018-03-31": "", "2017-12-31": 0, "2017-09-30": 0, "2017-06-30": 0, "2017-03-31": "", "2016-12-31": 0, "2016-09-30": 0, "2016-06-30": 0, "2016-03-31": "", "2015-12-31": -100.4, "2015-09-30": 0, "2015-06-30": 0, "2015-03-31": "", "2014-12-31": 0, "2014-09-30": 0, "2014-06-30": 0, "2014-03-31": "", "2013-12-31": 0, "2013-09-30": 0, "2013-06-30": 0, "2013-03-31": "", "2012-12-31": 0, "2012-09-30": 0, "2012-06-30": 0, "2012-03-31": "", "2011-12-31": 0, "2011-09-30": 0, "2011-06-30": 0, "2011-03-31": "", "2010-12-31": 0, "2010-09-30": 0, "2010-06-30": 0, "2010-03-31": "", "2009-12-31": 0, "2009-09-30": 0, "2009-06-30": 0, "2009-03-31": "", "2008-12-31": 0, "2008-09-30": 0, "2008-06-30": 0, "2008-03-31": "", "2007-12-31": 0, "2007-09-30": 0, "2007-06-30": 0, "2007-03-31": "", "2006-12-31": 0, "2006-09-30": 0, "2006-06-30": 0, "2006-03-31": "", "2005-12-31": 0, "2005-09-30": 0, "2005-06-30": 0, "2005-03-31": ""}, "Net Change In Short-term Investments": {"2020-09-30": 0, "2020-06-30": 10, "2020-03-31": "40.00000", "2019-12-31": -78.9, "2019-09-30": 117, "2019-06-30": 94.7, "2019-03-31": "0.30000", "2018-12-31": 22.7, "2018-09-30": -185.8, "2018-06-30": 5.8, "2018-03-31": "-6.00000", "2017-12-31": -19.8, "2017-09-30": 9.6, "2017-06-30": 12.6, "2017-03-31": "-1.40000", "2016-12-31": 49.4, "2016-09-30": -2.6, "2016-06-30": 184.5, "2016-03-31": "320.80000", "2015-12-31": 278.8, "2015-09-30": -308.8, "2015-06-30": -489.5, "2015-03-31": "254.70000", "2014-12-31": -130.582, "2014-09-30": 81.897, "2014-06-30": -16.873, "2014-03-31": "-64.74200", "2013-12-31": 155.166, "2013-09-30": 29.469, "2013-06-30": -188.445, "2013-03-31": "-70.19000", "2012-12-31": 245.404, "2012-09-30": -5.946, "2012-06-30": -146.495, "2012-03-31": "294.69400", "2011-12-31": 10.118, "2011-09-30": -310.28, "2011-06-30": -4.734, "2011-03-31": "-144.62900", "2010-12-31": -16.553, "2010-09-30": -8.944, "2010-06-30": -30.131, "2010-03-31": "3.38700", "2009-12-31": 4.161, "2009-09-30": 8.815, "2009-06-30": 18.703, "2009-03-31": "12.10200", "2008-12-31": 14.893, "2008-09-30": 11.816, "2008-06-30": 11.15, "2008-03-31": "7.32900", "2007-12-31": -134.716, "2007-09-30": 6.201, "2007-06-30": 10.612, "2007-03-31": "-100.00000", "2006-12-31": -280, "2006-09-30": 0, "2006-06-30": 0, "2006-03-31": "", "2005-12-31": -119.606, "2005-09-30": 0, "2005-06-30": 74.339, "2005-03-31": "-29.07200"}, "Net Change In Long-Term Investments": {"2020-09-30": 0, "2020-06-30": 0, "2020-03-31": "", "2019-12-31": 0, "2019-09-30": 0, "2019-06-30": 0, "2019-03-31": "", "2018-12-31": 0, "2018-09-30": 0, "2018-06-30": 0, "2018-03-31": "", "2017-12-31": 0, "2017-09-30": 0, "2017-06-30": 0, "2017-03-31": "", "2016-12-31": 0, "2016-09-30": 0, "2016-06-30": 0, "2016-03-31": "", "2015-12-31": 0, "2015-09-30": 0, "2015-06-30": 0, "2015-03-31": "", "2014-12-31": 0, "2014-09-30": 0, "2014-06-30": 0, "2014-03-31": "", "2013-12-31": 0, "2013-09-30": 0, "2013-06-30": 0, "2013-03-31": "", "2012-12-31": 0, "2012-09-30": 0, "2012-06-30": 18.2, "2012-03-31": "", "2011-12-31": -8.861, "2011-09-30": -8.504, "2011-06-30": -4.593, "2011-03-31": "-11.31800", "2010-12-31": -21.467, "2010-09-30": 0, "2010-06-30": 0, "2010-03-31": "", "2009-12-31": 0, "2009-09-30": 0, "2009-06-30": 0, "2009-03-31": "", "2008-12-31": 0, "2008-09-30": 0, "2008-06-30": 0, "2008-03-31": "", "2007-12-31": 287.398, "2007-09-30": 0, "2007-06-30": 0, "2007-03-31": "", "2006-12-31": 0, "2006-09-30": 0, "2006-06-30": 0, "2006-03-31": "", "2005-12-31": 119.606, "2005-09-30": 0, "2005-06-30": 0, "2005-03-31": ""}, "Net Change In Investments - Total": {"2020-09-30": 0, "2020-06-30": 10, "2020-03-31": "40.00000", "2019-12-31": -78.9, "2019-09-30": 117, "2019-06-30": 94.7, "2019-03-31": "0.30000", "2018-12-31": 22.7, "2018-09-30": -185.8, "2018-06-30": 5.8, "2018-03-31": "-6.00000", "2017-12-31": -19.8, "2017-09-30": 9.6, "2017-06-30": 12.6, "2017-03-31": "-1.40000", "2016-12-31": 49.4, "2016-09-30": -2.6, "2016-06-30": 184.5, "2016-03-31": "320.80000", "2015-12-31": 278.8, "2015-09-30": -308.8, "2015-06-30": -489.5, "2015-03-31": "254.70000", "2014-12-31": -130.582, "2014-09-30": 81.897, "2014-06-30": -16.873, "2014-03-31": "-64.74200", "2013-12-31": 155.166, "2013-09-30": 29.469, "2013-06-30": -188.445, "2013-03-31": "-70.19000", "2012-12-31": 245.404, "2012-09-30": -5.946, "2012-06-30": -128.295, "2012-03-31": "294.69400", "2011-12-31": 1.257, "2011-09-30": -318.784, "2011-06-30": -9.327, "2011-03-31": "-155.94700", "2010-12-31": -38.02, "2010-09-30": -8.944, "2010-06-30": -30.131, "2010-03-31": "3.38700", "2009-12-31": 4.161, "2009-09-30": 8.815, "2009-06-30": 18.703, "2009-03-31": "12.10200", "2008-12-31": 14.893, "2008-09-30": 11.816, "2008-06-30": 11.15, "2008-03-31": "7.32900", "2007-12-31": 152.682, "2007-09-30": 6.201, "2007-06-30": 10.612, "2007-03-31": "-100.00000", "2006-12-31": -280, "2006-09-30": 0, "2006-06-30": 0, "2006-03-31": "", "2005-12-31": 0, "2005-09-30": 0, "2005-06-30": 74.339, "2005-03-31": "-29.07200"}, "Investing Activities - Other": {"2020-09-30": 0.8, "2020-06-30": 0, "2020-03-31": "0.40000", "2019-12-31": 0.2, "2019-09-30": 0.1, "2019-06-30": 0.1, "2019-03-31": "", "2018-12-31": 0.5, "2018-09-30": 0.1, "2018-06-30": -12.1, "2018-03-31": "", "2017-12-31": 2.5, "2017-09-30": -0.1, "2017-06-30": 1.1, "2017-03-31": "", "2016-12-31": 3.2, "2016-09-30": 74.8, "2016-06-30": 36.4, "2016-03-31": "", "2015-12-31": 154.2, "2015-09-30": -100.4, "2015-06-30": 0, "2015-03-31": "", "2014-12-31": 4.9, "2014-09-30": 0, "2014-06-30": 0, "2014-03-31": "", "2013-12-31": 9.694, "2013-09-30": 9.454, "2013-06-30": 2.679, "2013-03-31": "10.57300", "2012-12-31": -5.373, "2012-09-30": -32.226, "2012-06-30": 0, "2012-03-31": "", "2011-12-31": 0, "2011-09-30": -9.741, "2011-06-30": -0.723, "2011-03-31": "0.72300", "2010-12-31": 0, "2010-09-30": 0, "2010-06-30": 0, "2010-03-31": "", "2009-12-31": -2.798, "2009-09-30": 0.858, "2009-06-30": 1.94, "2009-03-31": "", "2008-12-31": -1.101, "2008-09-30": -3.179, "2008-06-30": 5.097, "2008-03-31": "-0.81700", "2007-12-31": -0.624, "2007-09-30": 0.155, "2007-06-30": -0.145, "2007-03-31": "0.88100", "2006-12-31": 8.122, "2006-09-30": 0.407, "2006-06-30": 3.814, "2006-03-31": "-1.81100", "2005-12-31": 1.177, "2005-09-30": 1.455, "2005-06-30": -12.41, "2005-03-31": "-0.72300"}, "Cash Flow From Investing Activities": {"2020-09-30": -133.7, "2020-06-30": -103.3, "2020-03-31": "-60.60000", "2019-12-31": -250.1, "2019-09-30": -65.5, "2019-06-30": -85.6, "2019-03-31": "-172.80000", "2018-12-31": -266.4, "2018-09-30": -467.9, "2018-06-30": -260.5, "2018-03-31": "-301.40000", "2017-12-31": -330.4, "2017-09-30": -203.2, "2017-06-30": -238.8, "2017-03-31": "-246.60000", "2016-12-31": -228, "2016-09-30": -202, "2016-06-30": -120.3, "2016-03-31": "98.30000", "2015-12-31": 25.7, "2015-09-30": -725.1, "2015-06-30": -767.6, "2015-03-31": "6.00000", "2014-12-31": -552.894, "2014-09-30": -328.538, "2014-06-30": -372.392, "2014-03-31": "-401.37600", "2013-12-31": -348.985, "2013-09-30": -449.307, "2013-06-30": -570.417, "2013-03-31": "-376.19100", "2012-12-31": -130.853, "2012-09-30": -301.676, "2012-06-30": -353.416, "2012-03-31": "117.37500", "2011-12-31": -272.314, "2011-09-30": -480.495, "2011-06-30": -111.85, "2011-03-31": "-228.21300", "2010-12-31": -163.492, "2010-09-30": -120.594, "2010-06-30": -122.518, "2010-03-31": "-67.16700", "2009-12-31": -84.964, "2009-09-30": -100.886, "2009-06-30": -122.286, "2009-03-31": "-51.15000", "2008-12-31": -189.149, "2008-09-30": -71.439, "2008-06-30": -114.629, "2008-03-31": "-43.38200", "2007-12-31": 87.395, "2007-09-30": -65.73, "2007-06-30": -83.495, "2007-03-31": "-184.14900", "2006-12-31": -394.665, "2006-09-30": -101.904, "2006-06-30": -83.789, "2006-03-31": "-144.92800", "2005-12-31": -207.325, "2005-09-30": -115.449, "2005-06-30": -8.04, "2005-03-31": "-105.05600"}, "Net Long-Term Debt": {"2020-09-30": 0, "2020-06-30": -400, "2020-03-31": "", "2019-12-31": 0, "2019-09-30": 987.3, "2019-06-30": 0, "2019-03-31": "", "2018-12-31": 0, "2018-09-30": 0, "2018-06-30": 0, "2018-03-31": "", "2017-12-31": 0, "2017-09-30": 0, "2017-06-30": 0, "2017-03-31": "", "2016-12-31": 0, "2016-09-30": 0, "2016-06-30": 0, "2016-03-31": "", "2015-12-31": 0, "2015-09-30": -200, "2015-06-30": 1929.8, "2015-03-31": "50.00000", "2014-12-31": 283.013, "2014-09-30": -283.013, "2014-06-30": 0, "2014-03-31": "", "2013-12-31": -5, "2013-09-30": 0, "2013-06-30": -5, "2013-03-31": "", "2012-12-31": 1472.455, "2012-09-30": 0, "2012-06-30": -5, "2012-03-31": "", "2011-12-31": -5, "2011-09-30": 0, "2011-06-30": -5, "2011-03-31": "-5.25000", "2010-12-31": -5, "2010-09-30": 0, "2010-06-30": 1484.674, "2010-03-31": "", "2009-12-31": -5, "2009-09-30": 0, "2009-06-30": -5, "2009-03-31": "", "2008-12-31": -5, "2008-09-30": 0, "2008-06-30": -155.025, "2008-03-31": "", "2007-12-31": -73.6, "2007-09-30": 0, "2007-06-30": -5, "2007-03-31": "", "2006-12-31": -9.682, "2006-09-30": -1.954, "2006-06-30": 367.682, "2006-03-31": "", "2005-12-31": -52.8729, "2005-09-30": 113.2549, "2005-06-30": -99.562, "2005-03-31": "-119.04300"}, "Net Current Debt": {"2020-09-30": 0, "2020-06-30": 0, "2020-03-31": "", "2019-12-31": 0, "2019-09-30": 0, "2019-06-30": 0, "2019-03-31": "", "2018-12-31": 0, "2018-09-30": 0, "2018-06-30": 0, "2018-03-31": "", "2017-12-31": 0, "2017-09-30": 0, "2017-06-30": 0, "2017-03-31": "", "2016-12-31": 0, "2016-09-30": 0, "2016-06-30": 0, "2016-03-31": "", "2015-12-31": 0, "2015-09-30": 0, "2015-06-30": 0, "2015-03-31": "", "2014-12-31": 0, "2014-09-30": 0, "2014-06-30": 0, "2014-03-31": "", "2013-12-31": 0, "2013-09-30": 0, "2013-06-30": 0, "2013-03-31": "", "2012-12-31": 0, "2012-09-30": 0, "2012-06-30": 0, "2012-03-31": "", "2011-12-31": 0, "2011-09-30": 0, "2011-06-30": 0, "2011-03-31": "", "2010-12-31": 0, "2010-09-30": 0, "2010-06-30": 0, "2010-03-31": "", "2009-12-31": 0, "2009-09-30": 0, "2009-06-30": 0, "2009-03-31": "", "2008-12-31": 0, "2008-09-30": 0, "2008-06-30": 0, "2008-03-31": "", "2007-12-31": 0, "2007-09-30": 0, "2007-06-30": 0, "2007-03-31": "", "2006-12-31": 0, "2006-09-30": 0, "2006-06-30": 0, "2006-03-31": "", "2005-12-31": 0, "2005-09-30": 0, "2005-06-30": 0, "2005-03-31": ""}, "Debt Issuance/Retirement Net - Total": {"2020-09-30": 0, "2020-06-30": -400, "2020-03-31": "", "2019-12-31": 0, "2019-09-30": 987.3, "2019-06-30": 0, "2019-03-31": "", "2018-12-31": 0, "2018-09-30": 0, "2018-06-30": 0, "2018-03-31": "", "2017-12-31": 0, "2017-09-30": 0, "2017-06-30": 0, "2017-03-31": "", "2016-12-31": 0, "2016-09-30": 0, "2016-06-30": 0, "2016-03-31": "", "2015-12-31": 0, "2015-09-30": -200, "2015-06-30": 1929.8, "2015-03-31": "50.00000", "2014-12-31": 283.013, "2014-09-30": -283.013, "2014-06-30": 0, "2014-03-31": "", "2013-12-31": -5, "2013-09-30": 0, "2013-06-30": -5, "2013-03-31": "", "2012-12-31": 1472.455, "2012-09-30": 0, "2012-06-30": -5, "2012-03-31": "", "2011-12-31": -5, "2011-09-30": 0, "2011-06-30": -5, "2011-03-31": "-5.25000", "2010-12-31": -5, "2010-09-30": 0, "2010-06-30": 1484.674, "2010-03-31": "", "2009-12-31": -5, "2009-09-30": 0, "2009-06-30": -5, "2009-03-31": "", "2008-12-31": -5, "2008-09-30": 0, "2008-06-30": -155.025, "2008-03-31": "", "2007-12-31": -73.6, "2007-09-30": 0, "2007-06-30": -5, "2007-03-31": "", "2006-12-31": -9.682, "2006-09-30": -1.954, "2006-06-30": 367.682, "2006-03-31": "", "2005-12-31": -52.8729, "2005-09-30": 113.2549, "2005-06-30": -99.562, "2005-03-31": "-119.04300"}, "Net Common Equity Issued/Repurchased": {"2020-09-30": 0, "2020-06-30": 0, "2020-03-31": "", "2019-12-31": 0, "2019-09-30": 0, "2019-06-30": 0, "2019-03-31": "", "2018-12-31": 0, "2018-09-30": 0, "2018-06-30": 0, "2018-03-31": "", "2017-12-31": 0, "2017-09-30": 0, "2017-06-30": 0, "2017-03-31": "", "2016-12-31": 0, "2016-09-30": -18, "2016-06-30": 0, "2016-03-31": "-53.70000", "2015-12-31": -280, "2015-09-30": -309.8, "2015-06-30": -44.5, "2015-03-31": "-370.10000", "2014-12-31": -293.755, "2014-09-30": -323.436, "2014-06-30": -13.03, "2014-03-31": "-52.47900", "2013-12-31": -157.409, "2013-09-30": -59.431, "2013-06-30": -64.56, "2013-03-31": "", "2012-12-31": -14.975, "2012-09-30": -99.185, "2012-06-30": -33.184, "2012-03-31": "", "2011-12-31": -15.332, "2011-09-30": -110.29, "2011-06-30": -148.068, "2011-03-31": "", "2010-12-31": -0.048, "2010-09-30": -0.035, "2010-06-30": -0.38, "2010-03-31": "", "2009-12-31": 0, "2009-09-30": -0.337, "2009-06-30": 0, "2009-03-31": "-71.56600", "2008-12-31": -99.747, "2008-09-30": -68.471, "2008-06-30": 0, "2008-03-31": "", "2007-12-31": 0, "2007-09-30": 0, "2007-06-30": 0, "2007-03-31": "", "2006-12-31": 0, "2006-09-30": 0, "2006-06-30": 0, "2006-03-31": "", "2005-12-31": -30.276, "2005-09-30": 0, "2005-06-30": 0, "2005-03-31": ""}, "Net Total Equity Issued/Repurchased": {"2020-09-30": 0, "2020-06-30": 0, "2020-03-31": "", "2019-12-31": 0, "2019-09-30": 0, "2019-06-30": 0, "2019-03-31": "", "2018-12-31": 0, "2018-09-30": 0, "2018-06-30": 0, "2018-03-31": "", "2017-12-31": 0, "2017-09-30": 0, "2017-06-30": 0, "2017-03-31": "", "2016-12-31": 0, "2016-09-30": -18, "2016-06-30": 0, "2016-03-31": "-53.70000", "2015-12-31": -280, "2015-09-30": -309.8, "2015-06-30": -44.5, "2015-03-31": "-370.10000", "2014-12-31": -293.755, "2014-09-30": -323.436, "2014-06-30": -13.03, "2014-03-31": "-52.47900", "2013-12-31": -157.409, "2013-09-30": -59.431, "2013-06-30": -64.56, "2013-03-31": "", "2012-12-31": -14.975, "2012-09-30": -99.185, "2012-06-30": -33.184, "2012-03-31": "", "2011-12-31": -15.332, "2011-09-30": -110.29, "2011-06-30": -148.068, "2011-03-31": "", "2010-12-31": -0.048, "2010-09-30": -0.035, "2010-06-30": -0.38, "2010-03-31": "", "2009-12-31": 0, "2009-09-30": -0.337, "2009-06-30": 0, "2009-03-31": "-71.56600", "2008-12-31": -99.747, "2008-09-30": -68.471, "2008-06-30": 0, "2008-03-31": "", "2007-12-31": 0, "2007-09-30": 0, "2007-06-30": 0, "2007-03-31": "", "2006-12-31": 0, "2006-09-30": 0, "2006-06-30": 0, "2006-03-31": "", "2005-12-31": -30.276, "2005-09-30": 0, "2005-06-30": 0, "2005-03-31": ""}, "Total Common And Preferred Stock Dividends Paid": {"2020-09-30": -309.3, "2020-06-30": -154.6, "2020-03-31": "-309.20000", "2019-12-31": -309.2, "2019-09-30": -309.2, "2019-06-30": -309.3, "2019-03-31": "-309.20000", "2018-12-31": -309.3, "2018-09-30": -309.2, "2018-06-30": -231.9, "2018-03-31": "-231.90000", "2017-12-31": -193.3, "2017-09-30": -108.2, "2017-06-30": -92.8, "2017-03-31": "-61.80000", "2016-12-31": -38.7, "2016-09-30": -38.7, "2016-06-30": -38.7, "2016-03-31": "-23.20000", "2015-12-31": -31.4, "2015-09-30": -79.5, "2015-06-30": -79.8, "2015-03-31": "-80.50000", "2014-12-31": -381, "2014-09-30": 183.372, "2014-06-30": -83.346, "2014-03-31": "-100.02600", "2013-12-31": -100.738, "2013-09-30": -101.028, "2013-06-30": -169.102, "2013-03-31": "-202.93200", "2012-12-31": -2326.088, "2012-09-30": -203.723, "2012-06-30": -450.349, "2012-03-31": "-159.81100", "2011-12-31": -588.7, "2011-09-30": -522.649, "2011-06-30": -476, "2011-03-31": "-493.00400", "2010-12-31": -365.5, "2010-09-30": -314.5, "2010-06-30": -382.5, "2010-03-31": "-365.49800", "2009-12-31": -151.84, "2009-09-30": -86.322, "2009-06-30": -38.251, "2009-03-31": "-99.55500", "2008-12-31": -294.376, "2008-09-30": -503.543, "2008-06-30": -500.592, "2008-03-31": "-412.30200", "2007-12-31": -588.932, "2007-09-30": -471.113, "2007-06-30": -441.683, "2007-03-31": "-500.58400", "2006-12-31": -404.887, "2006-09-30": -294.458, "2006-06-30": -404.877, "2006-03-31": "-404.87700", "2005-12-31": -250.288, "2005-09-30": -153.556, "2005-06-30": -350.043, "2005-03-31": "-100.00000"}, "Financial Activities - Other": {"2020-09-30": 0.4, "2020-06-30": -0.2, "2020-03-31": "-2.20000", "2019-12-31": -2.3, "2019-09-30": -10.6, "2019-06-30": 0.4, "2019-03-31": "-0.10000", "2018-12-31": -0.1, "2018-09-30": -0.2, "2018-06-30": 0.1, "2018-03-31": "-0.90000", "2017-12-31": -0.1, "2017-09-30": -0.2, "2017-06-30": 0.3, "2017-03-31": "", "2016-12-31": 0, "2016-09-30": 0, "2016-06-30": 0.3, "2016-03-31": "", "2015-12-31": -0.1, "2015-09-30": -2.1, "2015-06-30": -9.6, "2015-03-31": "-0.20000", "2014-12-31": -0.343, "2014-09-30": -0.207, "2014-06-30": 0.052, "2014-03-31": "-0.30200", "2013-12-31": -1.956, "2013-09-30": 0.032, "2013-06-30": 0.138, "2013-03-31": "-0.21400", "2012-12-31": 2099.453, "2012-09-30": -0.379, "2012-06-30": -0.797, "2012-03-31": "-0.31900", "2011-12-31": -1.778, "2011-09-30": 0.155, "2011-06-30": -0.698, "2011-03-31": "-3.41100", "2010-12-31": -1.63, "2010-09-30": -2.214, "2010-06-30": -9.685, "2010-03-31": "-1.07400", "2009-12-31": -0.572, "2009-09-30": -0.03, "2009-06-30": 0.38, "2009-03-31": "0.07000", "2008-12-31": -0.712, "2008-09-30": -2.326, "2008-06-30": -2.843, "2008-03-31": "-3.09900", "2007-12-31": -2.238, "2007-09-30": -2.31, "2007-06-30": -1.189, "2007-03-31": "-1.69800", "2006-12-31": -4.832, "2006-09-30": 5.502, "2006-06-30": -9.59, "2006-03-31": "-2.32700", "2005-12-31": -17.977, "2005-09-30": -0.339, "2005-06-30": -2.917, "2005-03-31": "-0.78000"}, "Cash Flow From Financial Activities": {"2020-09-30": -308.9, "2020-06-30": -554.8, "2020-03-31": "-311.40000", "2019-12-31": -311.5, "2019-09-30": 667.5, "2019-06-30": -308.9, "2019-03-31": "-309.30000", "2018-12-31": -309.4, "2018-09-30": -309.4, "2018-06-30": -231.8, "2018-03-31": "-232.80000", "2017-12-31": -193.4, "2017-09-30": -108.4, "2017-06-30": -92.5, "2017-03-31": "-61.80000", "2016-12-31": -38.7, "2016-09-30": -56.7, "2016-06-30": -38.4, "2016-03-31": "-76.90000", "2015-12-31": -311.5, "2015-09-30": -591.4, "2015-06-30": 1795.9, "2015-03-31": "-400.80000", "2014-12-31": -392.085, "2014-09-30": -423.284, "2014-06-30": -96.324, "2014-03-31": "-152.80700", "2013-12-31": -265.103, "2013-09-30": -160.427, "2013-06-30": -238.524, "2013-03-31": "-203.14600", "2012-12-31": 1230.845, "2012-09-30": -303.287, "2012-06-30": -489.33, "2012-03-31": "-160.13000", "2011-12-31": -610.81, "2011-09-30": -632.784, "2011-06-30": -629.766, "2011-03-31": "-501.66500", "2010-12-31": -372.178, "2010-09-30": -316.749, "2010-06-30": 1092.109, "2010-03-31": "-366.57200", "2009-12-31": -157.412, "2009-09-30": -86.689, "2009-06-30": -42.871, "2009-03-31": "-171.05100", "2008-12-31": -399.835, "2008-09-30": -574.34, "2008-06-30": -658.46, "2008-03-31": "-415.40100", "2007-12-31": -664.77, "2007-09-30": -473.423, "2007-06-30": -447.872, "2007-03-31": "-502.28200", "2006-12-31": -419.401, "2006-09-30": -290.91, "2006-06-30": -46.785, "2006-03-31": "-407.20400", "2005-12-31": -351.414, "2005-09-30": -40.64, "2005-06-30": -452.522, "2005-03-31": "-219.82300"}, "Net Cash Flow": {"2020-09-30": 336.6, "2020-06-30": -242.8, "2020-03-31": "126.50000", "2019-12-31": -10.1, "2019-09-30": 1183, "2019-06-30": 15.2, "2019-03-31": "-107.60000", "2018-12-31": -122.7, "2018-09-30": -65.2, "2018-06-30": -35.7, "2018-03-31": "63.40000", "2017-12-31": 206.3, "2017-09-30": 109.8, "2017-06-30": -10, "2017-03-31": "152.70000", "2016-12-31": 34.5, "2016-09-30": 59, "2016-06-30": 76.5, "2016-03-31": "101.50000", "2015-12-31": -230, "2015-09-30": -1067.8, "2015-06-30": 1380.2, "2015-03-31": "-171.90000", "2014-12-31": -670.179, "2014-09-30": -301.19, "2014-06-30": -137.737, "2014-03-31": "-199.59400", "2013-12-31": -122.611, "2013-09-30": -144.383, "2013-06-30": -522.668, "2013-03-31": "2.86200", "2012-12-31": 1301.683, "2012-09-30": 78.434, "2012-06-30": -438.81, "2012-03-31": "670.06300", "2011-12-31": -395.017, "2011-09-30": -210.706, "2011-06-30": -519.456, "2011-03-31": "-219.38000", "2010-12-31": -44.021, "2010-09-30": 92.075, "2010-06-30": 1492.659, "2010-03-31": "-120.34200", "2009-12-31": 359.026, "2009-09-30": 177.74, "2009-06-30": -55.735, "2009-03-31": "-425.46500", "2008-12-31": -458.908, "2008-09-30": 25.389, "2008-06-30": -322.522, "2008-03-31": "63.50900", "2007-12-31": 214.064, "2007-09-30": 181.594, "2007-06-30": 124.764, "2007-03-31": "-133.92800", "2006-12-31": 104.679, "2006-09-30": 117.149, "2006-06-30": 25.323, "2006-03-31": "-100.37600", "2005-12-31": 109.133, "2005-09-30": 295.704, "2005-06-30": -263.829, "2005-03-31": "24.28800"}, "Stock-Based Compensation": {"2020-09-30": 0, "2020-06-30": 0, "2020-03-31": "", "2019-12-31": 0, "2019-09-30": 0, "2019-06-30": 0, "2019-03-31": "", "2018-12-31": 0, "2018-09-30": 0, "2018-06-30": 0, "2018-03-31": "", "2017-12-31": 0, "2017-09-30": 0, "2017-06-30": 0, "2017-03-31": "", "2016-12-31": 0, "2016-09-30": 0, "2016-06-30": 0, "2016-03-31": "", "2015-12-31": 0, "2015-09-30": 0, "2015-06-30": 0, "2015-03-31": "", "2014-12-31": 0, "2014-09-30": 0, "2014-06-30": 0, "2014-03-31": "", "2013-12-31": 0, "2013-09-30": 0, "2013-06-30": 0, "2013-03-31": "", "2012-12-31": 0, "2012-09-30": 0, "2012-06-30": 0, "2012-03-31": "", "2011-12-31": 0, "2011-09-30": 0, "2011-06-30": 0, "2011-03-31": "", "2010-12-31": 0, "2010-09-30": 0, "2010-06-30": 0, "2010-03-31": "", "2009-12-31": 0, "2009-09-30": 0, "2009-06-30": 0, "2009-03-31": "", "2008-12-31": 0, "2008-09-30": 0, "2008-06-30": 0, "2008-03-31": "", "2007-12-31": 0, "2007-09-30": 0, "2007-06-30": 0, "2007-03-31": "", "2006-12-31": 0, "2006-09-30": 0, "2006-06-30": 0, "2006-03-31": "", "2005-12-31": 0, "2005-09-30": 0, "2005-06-30": 0, "2005-03-31": ""}, "Common Stock Dividends Paid": {"2020-09-30": -309.3, "2020-06-30": -154.6, "2020-03-31": "-309.20000", "2019-12-31": -309.2, "2019-09-30": -309.2, "2019-06-30": -309.3, "2019-03-31": "-309.20000", "2018-12-31": -309.3, "2018-09-30": -309.2, "2018-06-30": -231.9, "2018-03-31": "-231.90000", "2017-12-31": -193.3, "2017-09-30": -108.2, "2017-06-30": -92.8, "2017-03-31": "-61.80000", "2016-12-31": -38.7, "2016-09-30": -38.7, "2016-06-30": -38.7, "2016-03-31": "-23.20000", "2015-12-31": -31.4, "2015-09-30": -79.5, "2015-06-30": -79.8, "2015-03-31": "-80.50000", "2014-12-31": -381, "2014-09-30": 183.372, "2014-06-30": -83.346, "2014-03-31": "-100.02600", "2013-12-31": -100.738, "2013-09-30": -101.028, "2013-06-30": -169.102, "2013-03-31": "-202.93200", "2012-12-31": -2326.088, "2012-09-30": -203.723, "2012-06-30": -450.349, "2012-03-31": "-159.81100", "2011-12-31": -588.7, "2011-09-30": -522.649, "2011-06-30": -476, "2011-03-31": "-493.00400", "2010-12-31": -365.5, "2010-09-30": -314.5, "2010-06-30": -382.5, "2010-03-31": "-365.49800", "2009-12-31": -151.84, "2009-09-30": -86.322, "2009-06-30": -38.251, "2009-03-31": "-99.55500", "2008-12-31": -294.376, "2008-09-30": -503.543, "2008-06-30": -500.592, "2008-03-31": "-412.30200", "2007-12-31": -588.932, "2007-09-30": -471.113, "2007-06-30": -441.683, "2007-03-31": "-500.58400", "2006-12-31": -404.887, "2006-09-30": -294.458, "2006-06-30": -404.877, "2006-03-31": "-404.87700", "2005-12-31": -250.288, "2005-09-30": -153.556, "2005-06-30": -350.043, "2005-03-31": "-100.00000"}}, "financial ratios": {"Current Ratio": {"2019-12-31": "2.83420", "2018-12-31": "2.61450", "2017-12-31": "2.71340", "2016-12-31": "2.56870", "2015-12-31": "2.69960", "2014-12-31": "2.07350", "2013-12-31": "4.35950", "2012-12-31": "5.01830", "2011-12-31": "3.10750", "2010-12-31": "3.28270", "2009-12-31": "2.96590", "2008-12-31": "2.10680", "2007-12-31": "2.84250", "2006-12-31": "2.84200", "2005-12-31": "2.15470"}, "Long-term Debt / Capital": {"2019-12-31": "0.48820", "2018-12-31": "0.47400", "2017-12-31": "0.49210", "2016-12-31": "0.50350", "2015-12-31": "0.52900", "2014-12-31": "0.40550", "2013-12-31": "0.43050", "2012-12-31": "0.46750", "2011-12-31": "0.40400", "2010-12-31": "0.41290", "2009-12-31": "0.24600", "2008-12-31": "0.27380", "2007-12-31": "0.25100", "2006-12-31": "0.29280", "2005-12-31": "0.25890"}, "Debt/Equity Ratio": {"2019-12-31": "1.01200", "2018-12-31": "0.90130", "2017-12-31": "0.96870", "2016-12-31": "1.01420", "2015-12-31": "1.12310", "2014-12-31": "0.71630", "2013-12-31": "0.75600", "2012-12-31": "0.87990", "2011-12-31": "0.68030", "2010-12-31": "0.70590", "2009-12-31": "0.32880", "2008-12-31": "0.37990", "2007-12-31": "0.37670", "2006-12-31": "0.41680", "2005-12-31": "0.35240"}, "Gross Margin": {"2019-12-31": "50.49960", "2018-12-31": "51.96360", "2017-12-31": "51.11880", "2016-12-31": "43.60200", "2015-12-31": "41.98060", "2014-12-31": "50.92180", "2013-12-31": "51.76640", "2012-12-31": "58.47770", "2011-12-31": "59.47700", "2010-12-31": "58.65620", "2009-12-31": "50.03510", "2008-12-31": "55.01370", "2007-12-31": "65.12850", "2006-12-31": "63.00810", "2005-12-31": "60.00650"}, "Operating Margin": {"2019-12-31": "37.78690", "2018-12-31": "40.59920", "2017-12-31": "39.35530", "2016-12-31": "29.07540", "2015-12-31": "28.03070", "2014-12-31": "38.57660", "2013-12-31": "42.53560", "2012-12-31": "46.61510", "2011-12-31": "53.16870", "2010-12-31": "50.57200", "2009-12-31": "39.77070", "2008-12-31": "45.39210", "2007-12-31": "57.46860", "2006-12-31": "55.93810", "2005-12-31": "50.64670"}, "EBIT Margin": {"2019-12-31": "37.78690", "2018-12-31": "40.59920", "2017-12-31": "39.35530", "2016-12-31": "29.07540", "2015-12-31": "28.03070", "2014-12-31": "38.57660", "2013-12-31": "42.53560", "2012-12-31": "46.61510", "2011-12-31": "53.16870", "2010-12-31": "50.57200", "2009-12-31": "39.77070", "2008-12-31": "45.39210", "2007-12-31": "57.46860", "2006-12-31": "55.93810", "2005-12-31": "50.64670"}, "EBITDA Margin": {"2019-12-31": "48.27880", "2018-12-31": "50.10080", "2017-12-31": "49.44020", "2016-12-31": "41.10380", "2015-12-31": "38.15180", "2014-12-31": "46.26540", "2013-12-31": "49.18780", "2012-12-31": "51.49930", "2011-12-31": "57.39440", "2010-12-31": "56.04240", "2009-12-31": "47.09630", "2008-12-31": "52.13950", "2007-12-31": "62.85670", "2006-12-31": "60.97560", "2005-12-31": "57.42680"}, "Pre-Tax Profit Margin": {"2019-12-31": "33.30540", "2018-12-31": "36.48740", "2017-12-31": "34.60370", "2016-12-31": "23.34660", "2015-12-31": "23.56770", "2014-12-31": "35.74130", "2013-12-31": "39.85620", "2012-12-31": "44.58580", "2011-12-31": "50.57680", "2010-12-31": "47.20420", "2009-12-31": "37.60920", "2008-12-31": "43.16350", "2007-12-31": "56.06380", "2006-12-31": "55.05330", "2005-12-31": "48.96790"}, "Net Profit Margin": {"2019-12-31": "20.39370", "2018-12-31": "21.74250", "2017-12-31": "10.94750", "2016-12-31": "14.43360", "2015-12-31": "14.59400", "2014-12-31": "23.03160", "2013-12-31": "27.18840", "2012-12-31": "29.00820", "2011-12-31": "34.26480", "2010-12-31": "30.17870", "2009-12-31": "24.88780", "2008-12-31": "28.99700", "2007-12-31": "36.41950", "2006-12-31": "37.31790", "2005-12-31": "34.24060"}, "Asset Turnover": {"2019-12-31": "0.44400", "2018-12-31": "0.49670", "2017-12-31": "0.48290", "2016-12-31": "0.40650", "2015-12-31": "0.40070", "2014-12-31": "0.50800", "2013-12-31": "0.54140", "2012-12-31": "0.64230", "2011-12-31": "0.84570", "2010-12-31": "0.63350", "2009-12-31": "0.61640", "2008-12-31": "0.84150", "2007-12-31": "0.92480", "2006-12-31": "0.85630", "2005-12-31": "0.71900"}, "Inventory Turnover Ratio": {"2019-12-31": "3.37520", "2018-12-31": "3.30110", "2017-12-31": "3.12200", "2016-12-31": "3.00290", "2015-12-31": "3.41530", "2014-12-31": "3.39610", "2013-12-31": "4.13770", "2012-12-31": "3.97800", "2011-12-31": "4.34440", "2010-12-31": "3.93540", "2009-12-31": "4.09060", "2008-12-31": "4.83220", "2007-12-31": "4.73400", "2006-12-31": "4.88290", "2005-12-31": "4.13140"}, "Receiveable Turnover": {"2019-12-31": "7.99030", "2018-12-31": "7.29660", "2017-12-31": "6.81530", "2016-12-31": "8.04760", "2015-12-31": "9.15440", "2014-12-31": "9.30650", "2013-12-31": "9.95840", "2012-12-31": "8.86910", "2011-12-31": "7.71710", "2010-12-31": "6.88410", "2009-12-31": "8.57300", "2008-12-31": "36.31180", "2007-12-31": "13.15030", "2006-12-31": "9.00390", "2005-12-31": "10.58100"}, "Days Sales In Receivables": {"2019-12-31": "45.68010", "2018-12-31": "50.02310", "2017-12-31": "53.55560", "2016-12-31": "45.35530", "2015-12-31": "39.87160", "2014-12-31": "39.22000", "2013-12-31": "36.65260", "2012-12-31": "41.15430", "2011-12-31": "47.29730", "2010-12-31": "53.02080", "2009-12-31": "42.57570", "2008-12-31": "10.05180", "2007-12-31": "27.75600", "2006-12-31": "40.53780", "2005-12-31": "34.49570"}, "ROE - Return On Equity": {"2019-12-31": "21.75350", "2018-12-31": "23.41220", "2017-12-31": "11.91010", "2016-12-31": "13.26540", "2015-12-31": "13.98510", "2014-12-31": "22.92260", "2013-12-31": "29.20270", "2012-12-31": "40.53730", "2011-12-31": "58.08200", "2010-12-31": "39.96280", "2009-12-31": "24.00250", "2008-12-31": "41.65810", "2007-12-31": "57.86200", "2006-12-31": "55.57290", "2005-12-31": "42.09610"}, "Return On Tangible Equity": {"2019-12-31": "22.23460", "2018-12-31": "23.94700", "2017-12-31": "12.21300", "2016-12-31": "13.62330", "2015-12-31": "14.40680", "2014-12-31": "23.41850", "2013-12-31": "29.79310", "2012-12-31": "41.48410", "2011-12-31": "59.71590", "2010-12-31": "41.14500", "2009-12-31": "24.72540", "2008-12-31": "43.11930", "2007-12-31": "59.65730", "2006-12-31": "57.42260", "2005-12-31": "43.68340"}, "ROA - Return On Assets": {"2019-12-31": "9.09280", "2018-12-31": "10.83600", "2017-12-31": "5.31490", "2016-12-31": "5.88470", "2015-12-31": "5.88490", "2014-12-31": "11.74230", "2013-12-31": "14.77080", "2012-12-31": "18.69630", "2011-12-31": "29.07650", "2010-12-31": "19.22620", "2009-12-31": "15.42660", "2008-12-31": "24.53820", "2007-12-31": "33.83600", "2006-12-31": "31.95590", "2005-12-31": "24.61770"}, "ROI - Return On Investment": {"2019-12-31": "11.13430", "2018-12-31": "12.31380", "2017-12-31": "6.04960", "2016-12-31": "6.58600", "2015-12-31": "6.58710", "2014-12-31": "13.62770", "2013-12-31": "16.62990", "2012-12-31": "21.58770", "2011-12-31": "34.61830", "2010-12-31": "23.46130", "2009-12-31": "18.09820", "2008-12-31": "30.25340", "2007-12-31": "43.33700", "2006-12-31": "39.30090", "2005-12-31": "31.19660"}, "Book Value Per Share": {"2019-12-31": "8.87150", "2018-12-31": "8.55420", "2017-12-31": "7.95490", "2016-12-31": "7.59480", "2015-12-31": "6.82940", "2014-12-31": "7.18240", "2013-12-31": "6.65830", "2012-12-31": "5.66390", "2011-12-31": "4.79950", "2010-12-31": "4.60050", "2009-12-31": "4.53230", "2008-12-31": "3.92920", "2007-12-31": "4.30990", "2006-12-31": "4.10670", "2005-12-31": "3.72540"}, "Operating Cash Flow Per Share": {"2019-12-31": -0.4185, "2018-12-31": 0.3344, "2017-12-31": 1.3638, "2016-12-31": 0.0862, "2015-12-31": -0.5301, "2014-12-31": -0.5689, "2013-12-31": -0.1561, "2012-12-31": -0.0714, "2011-12-31": 0.1976, "2010-12-31": 1.1038, "2009-12-31": -0.8139, "2008-12-31": -1.0818, "2007-12-31": 0.7214, "2006-12-31": 0.4433, "2005-12-31": 1.8632}, "Free Cash Flow Per Share": {"2019-12-31": 0.1171, "2018-12-31": 0.2078, "2017-12-31": 1.4856, "2016-12-31": 0.0869, "2015-12-31": -0.1295, "2014-12-31": -0.3949, "2013-12-31": -0.9551, "2012-12-31": -0.5912, "2011-12-31": -0.0391, "2010-12-31": 1.1119, "2009-12-31": -0.7655, "2008-12-31": -1.2504, "2007-12-31": 0.8783, "2006-12-31": 0.4599, "2005-12-31": 1.3361}}, "financial ratios, quarterly": {"Current Ratio": {"2020-09-30": "3.73400", "2020-06-30": "4.32800", "2020-03-31": "2.98420", "2019-12-31": "2.83420", "2019-09-30": "2.91690", "2019-06-30": "2.23620", "2019-03-31": "2.83280", "2018-12-31": "2.61450", "2018-09-30": "2.70980", "2018-06-30": "3.15000", "2018-03-31": "2.81170", "2017-12-31": "2.71340", "2017-09-30": "3.01330", "2017-06-30": "3.30260", "2017-03-31": "2.80320", "2016-12-31": "2.56870", "2016-09-30": "2.72680", "2016-06-30": "2.94500", "2016-03-31": "2.50230", "2015-12-31": "2.69960", "2015-09-30": "3.47870", "2015-06-30": "3.80450", "2015-03-31": "1.91070", "2014-12-31": "2.07350", "2014-09-30": "2.41430", "2014-06-30": "3.23000", "2014-03-31": "3.97400", "2013-12-31": "4.35950", "2013-09-30": "5.06790", "2013-06-30": "5.83370", "2013-03-31": "4.73090", "2012-12-31": "5.01830", "2012-09-30": "4.79180", "2012-06-30": "4.05030", "2012-03-31": "3.55580", "2011-12-31": "3.10750", "2011-09-30": "4.18390", "2011-06-30": "4.68830", "2011-03-31": "3.44520", "2010-12-31": "3.28270", "2010-09-30": "4.81820", "2010-06-30": "5.67990", "2010-03-31": "3.42060", "2009-12-31": "2.96590", "2009-09-30": "3.40450", "2009-06-30": "2.90800", "2009-03-31": "2.44220", "2008-12-31": "2.10680", "2008-09-30": "3.59240", "2008-06-30": "4.27330", "2008-03-31": "2.88060", "2007-12-31": "2.84250", "2007-09-30": "3.25180", "2007-06-30": "3.18700", "2007-03-31": "3.33370", "2006-12-31": "2.84200", "2006-09-30": "3.29070", "2006-06-30": "2.95890", "2006-03-31": "2.05990", "2005-12-31": "2.15470", "2005-09-30": "2.67330", "2005-06-30": "2.20670", "2005-03-31": "2.15420"}, "Long-term Debt / Capital": {"2020-09-30": "0.48070", "2020-06-30": "0.48780", "2020-03-31": "0.49170", "2019-12-31": "0.48820", "2019-09-30": "0.48770", "2019-06-30": "0.45030", "2019-03-31": "0.47110", "2018-12-31": "0.47400", "2018-09-30": "0.47330", "2018-06-30": "0.47560", "2018-03-31": "0.48250", "2017-12-31": "0.49210", "2017-09-30": "0.47320", "2017-06-30": "0.48470", "2017-03-31": "0.49300", "2016-12-31": "0.50350", "2016-09-30": "0.50940", "2016-06-30": "0.51560", "2016-03-31": "0.52390", "2015-12-31": "0.52900", "2015-09-30": "0.51730", "2015-06-30": "0.50470", "2015-03-31": "0.41410", "2014-12-31": "0.40550", "2014-09-30": "0.40520", "2014-06-30": "0.40130", "2014-03-31": "0.42310", "2013-12-31": "0.43050", "2013-09-30": "0.43730", "2013-06-30": "0.44590", "2013-03-31": "0.45270", "2012-12-31": "0.46750", "2012-09-30": "0.29270", "2012-06-30": "0.37370", "2012-03-31": "0.37840", "2011-12-31": "0.40400", "2011-09-30": "0.39890", "2011-06-30": "0.40530", "2011-03-31": "0.40930", "2010-12-31": "0.41290", "2010-09-30": "0.41430", "2010-06-30": "0.41750", "2010-03-31": "0.24510", "2009-12-31": "0.24600", "2009-09-30": "0.25780", "2009-06-30": "0.27030", "2009-03-31": "0.27920", "2008-12-31": "0.27380", "2008-09-30": "0.24800", "2008-06-30": "0.24080", "2008-03-31": "0.24380", "2007-12-31": "0.25100", "2007-09-30": "0.24820", "2007-06-30": "0.25540", "2007-03-31": "0.29090", "2006-12-31": "0.29280", "2006-09-30": "0.30910", "2006-06-30": "0.32410", "2006-03-31": "0.26870", "2005-12-31": "0.25890", "2005-09-30": "0.27600", "2005-06-30": "0.26480", "2005-03-31": "0.12170"}, "Debt/Equity Ratio": {"2020-09-30": "0.92560", "2020-06-30": "0.95240", "2020-03-31": "1.02640", "2019-12-31": "1.01200", "2019-09-30": "1.01020", "2019-06-30": "0.87820", "2019-03-31": "0.89060", "2018-12-31": "0.90130", "2018-09-30": "0.89880", "2018-06-30": "0.90700", "2018-03-31": "0.93250", "2017-12-31": "0.96870", "2017-09-30": "0.89840", "2017-06-30": "0.94050", "2017-03-31": "0.97240", "2016-12-31": "1.01420", "2016-09-30": "1.03820", "2016-06-30": "1.06440", "2016-03-31": "1.10060", "2015-12-31": "1.12310", "2015-09-30": "1.07180", "2015-06-30": "1.05320", "2015-03-31": "0.75070", "2014-12-31": "0.71630", "2014-09-30": "0.71530", "2014-06-30": "0.70360", "2014-03-31": "0.73340", "2013-12-31": "0.75600", "2013-09-30": "0.77810", "2013-06-30": "0.80570", "2013-03-31": "0.82900", "2012-12-31": "0.87990", "2012-09-30": "0.41530", "2012-06-30": "0.59900", "2012-03-31": "0.61090", "2011-12-31": "0.68030", "2011-09-30": "0.66600", "2011-06-30": "0.68410", "2011-03-31": "0.69550", "2010-12-31": "0.70590", "2010-09-30": "0.70980", "2010-06-30": "0.71930", "2010-03-31": "0.32720", "2009-12-31": "0.32880", "2009-09-30": "0.35000", "2009-06-30": "0.37330", "2009-03-31": "0.39030", "2008-12-31": "0.37990", "2008-09-30": "0.33230", "2008-06-30": "0.31970", "2008-03-31": "0.36230", "2007-12-31": "0.37670", "2007-09-30": "0.36880", "2007-06-30": "0.38330", "2007-03-31": "0.41300", "2006-12-31": "0.41680", "2006-09-30": "0.45020", "2006-06-30": "0.48270", "2006-03-31": "0.37060", "2005-12-31": "0.35240", "2005-09-30": "0.38430", "2005-06-30": "0.37400", "2005-03-31": "0.16070"}, "Gross Margin": {"2020-09-30": "55.43190", "2020-06-30": "45.29520", "2020-03-31": "44.42050", "2019-12-31": "46.70300", "2019-09-30": "51.25030", "2019-06-30": "52.29370", "2019-03-31": "51.85930", "2018-12-31": "49.44240", "2018-09-30": "52.19590", "2018-06-30": "53.64140", "2018-03-31": "52.39260", "2017-12-31": "55.87080", "2017-09-30": "53.38500", "2017-06-30": "47.39180", "2017-03-31": "46.72640", "2016-12-31": "48.22360", "2016-09-30": "40.64400", "2016-06-30": "43.70460", "2016-03-31": "41.62720", "2015-12-31": "30.64720", "2015-09-30": "40.82570", "2015-06-30": "48.88280", "2015-03-31": "46.67400", "2014-12-31": "49.53220", "2014-09-30": "50.53010", "2014-06-30": "51.15080", "2014-03-31": "52.60620", "2013-12-31": "49.58350", "2013-09-30": "52.08820", "2013-06-30": "49.56610", "2013-03-31": "55.46840", "2012-12-31": "57.08440", "2012-09-30": "56.78500", "2012-06-30": "59.76350", "2012-03-31": "60.02480", "2011-12-31": "60.87830", "2011-09-30": "61.20880", "2011-06-30": "61.36680", "2011-03-31": "54.00430", "2010-12-31": "64.26070", "2010-09-30": "56.21120", "2010-06-30": "54.69950", "2010-03-31": "58.09570", "2009-12-31": "52.37660", "2009-09-30": "53.99310", "2009-06-30": "49.12420", "2009-03-31": "39.63730", "2008-12-31": "-3.47310", "2008-09-30": "55.15530", "2008-06-30": "62.34370", "2008-03-31": "65.27570", "2007-12-31": "58.81050", "2007-09-30": "65.13960", "2007-06-30": "69.21190", "2007-03-31": "65.64590", "2006-12-31": "64.73520", "2006-09-30": "63.93960", "2006-06-30": "59.13150", "2006-03-31": "63.70760", "2005-12-31": "61.18990", "2005-09-30": "62.82310", "2005-06-30": "56.70190", "2005-03-31": "58.82250"}, "Operating Margin": {"2020-09-30": "44.33330", "2020-06-30": "32.32890", "2020-03-31": "31.01120", "2019-12-31": "34.07020", "2019-09-30": "38.38670", "2019-06-30": "39.25190", "2019-03-31": "39.56310", "2018-12-31": "36.79710", "2018-09-30": "40.41890", "2018-06-30": "42.86960", "2018-03-31": "42.00210", "2017-12-31": "44.52070", "2017-09-30": "41.31230", "2017-06-30": "34.37700", "2017-03-31": "36.01240", "2016-12-31": "33.63360", "2016-09-30": "25.87280", "2016-06-30": "28.84430", "2016-03-31": "27.80500", "2015-12-31": "14.94500", "2015-09-30": "25.30880", "2015-06-30": "36.38010", "2015-03-31": "34.27200", "2014-12-31": "35.70900", "2014-09-30": "37.10280", "2014-06-30": "40.15480", "2014-03-31": "41.56340", "2013-12-31": "39.61510", "2013-09-30": "42.15120", "2013-06-30": "40.16190", "2013-03-31": "47.68840", "2012-12-31": "49.21580", "2012-09-30": "28.84440", "2012-06-30": "52.75150", "2012-03-31": "53.87280", "2011-12-31": "54.02720", "2011-09-30": "55.10560", "2011-06-30": "55.43900", "2011-03-31": "47.61020", "2010-12-31": "56.84570", "2010-09-30": "47.93030", "2010-06-30": "46.06240", "2010-03-31": "49.92360", "2009-12-31": "46.57490", "2009-09-30": "44.16950", "2009-06-30": "36.77290", "2009-03-31": "23.17180", "2008-12-31": "-29.16870", "2008-09-30": "46.93820", "2008-06-30": "54.20850", "2008-03-31": "57.67790", "2007-12-31": "48.76020", "2007-09-30": "58.11660", "2007-06-30": "62.70060", "2007-03-31": "57.96630", "2006-12-31": "58.68050", "2006-09-30": "56.96360", "2006-06-30": "50.83460", "2006-03-31": "56.42200", "2005-12-31": "52.56020", "2005-09-30": "52.98240", "2005-06-30": "46.59330", "2005-03-31": "49.84730"}, "EBIT Margin": {"2020-09-30": "44.33330", "2020-06-30": "32.32890", "2020-03-31": "31.01120", "2019-12-31": "34.07020", "2019-09-30": "38.38670", "2019-06-30": "39.25190", "2019-03-31": "39.56310", "2018-12-31": "36.79710", "2018-09-30": "40.41890", "2018-06-30": "42.86960", "2018-03-31": "42.00210", "2017-12-31": "44.52070", "2017-09-30": "41.31230", "2017-06-30": "34.37700", "2017-03-31": "36.01240", "2016-12-31": "33.63350", "2016-09-30": "25.87280", "2016-06-30": "28.84430", "2016-03-31": "27.80500", "2015-12-31": "14.94500", "2015-09-30": "25.30880", "2015-06-30": "36.38010", "2015-03-31": "34.27200", "2014-12-31": "35.70900", "2014-09-30": "37.10280", "2014-06-30": "40.15480", "2014-03-31": "41.56340", "2013-12-31": "39.61510", "2013-09-30": "42.15120", "2013-06-30": "40.16190", "2013-03-31": "47.68840", "2012-12-31": "49.21580", "2012-09-30": "28.84440", "2012-06-30": "52.75150", "2012-03-31": "53.87280", "2011-12-31": "54.02720", "2011-09-30": "55.10560", "2011-06-30": "55.43900", "2011-03-31": "47.61020", "2010-12-31": "56.84570", "2010-09-30": "47.93030", "2010-06-30": "46.06240", "2010-03-31": "49.92360", "2009-12-31": "46.57490", "2009-09-30": "44.16950", "2009-06-30": "36.77290", "2009-03-31": "23.17180", "2008-12-31": "-29.16870", "2008-09-30": "46.93820", "2008-06-30": "54.20850", "2008-03-31": "57.67790", "2007-12-31": "48.76020", "2007-09-30": "58.11660", "2007-06-30": "62.70060", "2007-03-31": "57.96630", "2006-12-31": "58.68050", "2006-09-30": "56.96360", "2006-06-30": "50.83460", "2006-03-31": "56.42200", "2005-12-31": "52.56020", "2005-09-30": "52.98240", "2005-06-30": "46.59330", "2005-03-31": "49.84730"}, "EBITDA Margin": {"2020-09-30": "", "2020-06-30": "", "2020-03-31": "", "2019-12-31": "", "2019-09-30": "", "2019-06-30": "", "2019-03-31": "", "2018-12-31": "", "2018-09-30": "", "2018-06-30": "", "2018-03-31": "", "2017-12-31": "", "2017-09-30": "", "2017-06-30": "", "2017-03-31": "", "2016-12-31": "", "2016-09-30": "", "2016-06-30": "", "2016-03-31": "", "2015-12-31": "", "2015-09-30": "", "2015-06-30": "", "2015-03-31": "", "2014-12-31": "", "2014-09-30": "", "2014-06-30": "", "2014-03-31": "", "2013-12-31": "", "2013-09-30": "", "2013-06-30": "", "2013-03-31": "", "2012-12-31": "", "2012-09-30": "", "2012-06-30": "", "2012-03-31": "", "2011-12-31": "", "2011-09-30": "", "2011-06-30": "", "2011-03-31": "", "2010-12-31": "", "2010-09-30": "", "2010-06-30": "", "2010-03-31": "", "2009-12-31": "", "2009-09-30": "", "2009-06-30": "", "2009-03-31": "", "2008-12-31": "", "2008-09-30": "", "2008-06-30": "", "2008-03-31": "", "2007-12-31": "", "2007-09-30": "", "2007-06-30": "", "2007-03-31": "", "2006-12-31": "", "2006-09-30": "", "2006-06-30": "", "2006-03-31": "", "2005-12-31": "", "2005-09-30": "", "2005-06-30": "", "2005-03-31": ""}, "Pre-Tax Profit Margin": {"2020-09-30": "39.61770", "2020-06-30": "27.35520", "2020-03-31": "25.40560", "2019-12-31": "27.80500", "2019-09-30": "33.81550", "2019-06-30": "36.13860", "2019-03-31": "35.64500", "2018-12-31": "31.98210", "2018-09-30": "36.21860", "2018-06-30": "39.11930", "2018-03-31": "38.25970", "2017-12-31": "39.88090", "2017-09-30": "36.77900", "2017-06-30": "29.89280", "2017-03-31": "30.63960", "2016-12-31": "25.84170", "2016-09-30": "21.46780", "2016-06-30": "24.03570", "2016-03-31": "21.91790", "2015-12-31": "8.60830", "2015-09-30": "19.46900", "2015-06-30": "32.56920", "2015-03-31": "32.16980", "2014-12-31": "33.46320", "2014-09-30": "33.58490", "2014-06-30": "37.53430", "2014-03-31": "38.59480", "2013-12-31": "36.89700", "2013-09-30": "39.11760", "2013-06-30": "38.06730", "2013-03-31": "44.83970", "2012-12-31": "45.73250", "2012-09-30": "27.40940", "2012-06-30": "51.40680", "2012-03-31": "52.03270", "2011-12-31": "50.96990", "2011-09-30": "52.55540", "2011-06-30": "53.40300", "2011-03-31": "44.83270", "2010-12-31": "53.78170", "2010-09-30": "43.40030", "2010-06-30": "41.78280", "2010-03-31": "48.25860", "2009-12-31": "44.70360", "2009-09-30": "41.83880", "2009-06-30": "34.86220", "2009-03-31": "20.46160", "2008-12-31": "-46.73780", "2008-09-30": "46.52930", "2008-06-30": "53.37350", "2008-03-31": "56.94430", "2007-12-31": "47.70580", "2007-09-30": "57.71300", "2007-06-30": "59.30980", "2007-03-31": "57.71370", "2006-12-31": "56.80690", "2006-09-30": "56.38780", "2006-06-30": "50.85170", "2006-03-31": "55.57610", "2005-12-31": "52.86790", "2005-09-30": "50.82150", "2005-06-30": "44.04980", "2005-03-31": "47.13230"}, "Net Profit Margin": {"2020-09-30": "23.76590", "2020-06-30": "14.53460", "2020-03-31": "12.49060", "2019-12-31": "16.47710", "2019-09-30": "20.95190", "2019-06-30": "22.13420", "2019-03-31": "22.13980", "2018-12-31": "17.30690", "2018-09-30": "21.43060", "2018-06-30": "22.29480", "2018-03-31": "25.56620", "2017-12-31": "-15.41600", "2017-09-30": "23.96660", "2017-06-30": "19.59080", "2017-03-31": "19.84970", "2016-12-31": "12.28820", "2016-09-30": "14.10720", "2016-06-30": "16.62050", "2016-03-31": "14.86630", "2015-12-31": "4.85410", "2015-09-30": "8.68030", "2015-06-30": "21.31030", "2015-03-31": "22.15250", "2014-12-31": "23.65600", "2014-09-30": "21.99290", "2014-06-30": "22.67380", "2014-03-31": "23.87720", "2013-12-31": "26.45640", "2013-09-30": "24.86240", "2013-06-30": "26.43110", "2013-03-31": "30.52320", "2012-12-31": "32.20870", "2012-09-30": "14.03430", "2012-06-30": "33.95120", "2012-03-31": "34.41040", "2011-12-31": "32.16750", "2011-09-30": "37.97680", "2011-06-30": "36.52720", "2011-03-31": "29.86080", "2010-12-31": "32.83870", "2010-09-30": "29.03100", "2010-06-30": "26.71120", "2010-03-31": "31.42880", "2009-12-31": "31.97790", "2009-09-30": "27.12790", "2009-06-30": "21.22090", "2009-03-31": "12.65150", "2008-12-31": "-27.71800", "2008-09-30": "29.01250", "2008-06-30": "37.52010", "2008-03-31": "37.68550", "2007-12-31": "24.01630", "2007-09-30": "39.08360", "2007-06-30": "39.74690", "2007-03-31": "40.61450", "2006-12-31": "39.71060", "2006-09-30": "36.93310", "2006-06-30": "34.40610", "2006-03-31": "37.59730", "2005-12-31": "36.28340", "2005-09-30": "35.85830", "2005-06-30": "32.69390", "2005-03-31": "31.53670"}, "Asset Turnover": {"2020-09-30": "0.13100", "2020-06-30": "0.11300", "2020-03-31": "0.10610", "2019-12-31": "0.11300", "2019-09-30": "0.11270", "2019-06-30": "0.11850", "2019-03-31": "0.11280", "2018-12-31": "0.11860", "2018-09-30": "0.12040", "2018-06-30": "0.13080", "2018-03-31": "0.13120", "2017-12-31": "0.13530", "2017-09-30": "0.11990", "2017-06-30": "0.11320", "2017-03-31": "0.11710", "2016-12-31": "0.10570", "2016-09-30": "0.10720", "2016-06-30": "0.10440", "2016-03-31": "0.09720", "2015-12-31": "0.09960", "2015-09-30": "0.08810", "2015-06-30": "0.10360", "2015-03-31": "0.11330", "2014-12-31": "0.12910", "2014-09-30": "0.12780", "2014-06-30": "0.12930", "2014-03-31": "0.12020", "2013-12-31": "0.13960", "2013-09-30": "0.12660", "2013-06-30": "0.13240", "2013-03-31": "0.15060", "2012-12-31": "0.15900", "2012-09-30": "0.14320", "2012-06-30": "0.19820", "2012-03-31": "0.21260", "2011-12-31": "0.20700", "2011-09-30": "0.21820", "2011-06-30": "0.23110", "2011-03-31": "0.19720", "2010-12-31": "0.18440", "2010-09-30": "0.16530", "2010-06-30": "0.15750", "2010-03-31": "0.20320", "2009-12-31": "0.18750", "2009-09-30": "0.20290", "2009-06-30": "0.15150", "2009-03-31": "0.11600", "2008-12-31": "0.07800", "2008-09-30": "0.22690", "2008-06-30": "0.22820", "2008-03-31": "0.22120", "2007-12-31": "0.19670", "2007-09-30": "0.23800", "2007-06-30": "0.27970", "2007-03-31": "0.21620", "2006-12-31": "0.25880", "2006-09-30": "0.24030", "2006-06-30": "0.22700", "2006-03-31": "0.20700", "2005-12-31": "0.20370", "2005-09-30": "0.19090", "2005-06-30": "0.18980", "2005-03-31": "0.35080"}, "Inventory Turnover Ratio": {"2020-09-30": "0.97090", "2020-06-30": "0.99620", "2020-03-31": "0.88550", "2019-12-31": "0.92510", "2019-09-30": "0.85340", "2019-06-30": "0.81160", "2019-03-31": "0.81510", "2018-12-31": "0.82970", "2018-09-30": "0.81780", "2018-06-30": "0.84870", "2018-03-31": "0.83490", "2017-12-31": "0.78960", "2017-09-30": "0.78350", "2017-06-30": "0.82510", "2017-03-31": "0.86110", "2016-12-31": "0.71680", "2016-09-30": "0.85480", "2016-06-30": "0.76740", "2016-03-31": "0.78040", "2015-12-31": "1.01500", "2015-09-30": "0.83350", "2015-06-30": "0.85530", "2015-03-31": "0.80650", "2014-12-31": "0.88770", "2014-09-30": "0.97270", "2014-06-30": "0.96280", "2014-03-31": "0.85590", "2013-12-31": "1.11530", "2013-09-30": "0.94140", "2013-06-30": "1.04140", "2013-03-31": "1.04390", "2012-12-31": "1.01790", "2012-09-30": "1.03780", "2012-06-30": "1.06760", "2012-03-31": "1.18530", "2011-12-31": "1.02680", "2011-09-30": "1.08550", "2011-06-30": "1.14200", "2011-03-31": "1.17150", "2010-12-31": "0.99030", "2010-09-30": "1.27980", "2010-06-30": "1.18990", "2010-03-31": "1.08930", "2009-12-31": "1.18610", "2009-09-30": "1.26870", "2009-06-30": "0.91880", "2009-03-31": "0.83570", "2008-12-31": "1.03050", "2008-09-30": "1.31120", "2008-06-30": "1.11980", "2008-03-31": "1.14340", "2007-12-31": "1.18940", "2007-09-30": "1.21030", "2007-06-30": "1.19340", "2007-03-31": "1.02190", "2006-12-31": "1.40660", "2006-09-30": "1.05990", "2006-06-30": "1.13100", "2006-03-31": "0.93300", "2005-12-31": "1.13610", "2005-09-30": "0.99700", "2005-06-30": "1.12860", "2005-03-31": "3.57530"}, "Receiveable Turnover": {"2020-09-30": "2.05350", "2020-06-30": "1.90400", "2020-03-31": "2.17770", "2019-12-31": "2.03410", "2019-09-30": "2.02430", "2019-06-30": "1.94290", "2019-03-31": "1.69350", "2018-12-31": "1.74240", "2018-09-30": "1.82790", "2018-06-30": "1.90720", "2018-03-31": "1.82340", "2017-12-31": "1.90940", "2017-09-30": "1.71630", "2017-06-30": "2.05870", "2017-03-31": "2.05750", "2016-12-31": "2.09260", "2016-09-30": "2.10850", "2016-06-30": "2.36760", "2016-03-31": "1.98610", "2015-12-31": "2.27610", "2015-09-30": "2.19350", "2015-06-30": "2.37700", "2015-03-31": "2.15530", "2014-12-31": "2.36570", "2014-09-30": "2.46430", "2014-06-30": "2.29110", "2014-03-31": "2.22810", "2013-12-31": "2.56810", "2013-09-30": "2.37620", "2013-06-30": "2.46970", "2013-03-31": "2.41410", "2012-12-31": "2.19570", "2012-09-30": "0.54110", "2012-06-30": "2.02300", "2012-03-31": "2.19030", "2011-12-31": "1.88920", "2011-09-30": "2.16130", "2011-06-30": "2.04720", "2011-03-31": "2.37810", "2010-12-31": "2.00390", "2010-09-30": "2.86980", "2010-06-30": "2.78680", "2010-03-31": "2.45200", "2009-12-31": "2.60800", "2009-09-30": "2.46800", "2009-06-30": "2.46130", "2009-03-31": "2.60620", "2008-12-31": "3.36660", "2008-09-30": "3.27920", "2008-06-30": "2.70310", "2008-03-31": "2.43960", "2007-12-31": "2.79710", "2007-09-30": "2.36620", "2007-06-30": "2.85810", "2007-03-31": "2.70210", "2006-12-31": "2.72080", "2006-09-30": "2.69870", "2006-06-30": "2.50810", "2006-03-31": "3.11650", "2005-12-31": "2.99850", "2005-09-30": "2.61620", "2005-06-30": "3.01140", "2005-03-31": "4.18040"}, "Days Sales In Receivables": {"2020-09-30": "43.82700", "2020-06-30": "47.26840", "2020-03-31": "41.32870", "2019-12-31": "44.24540", "2019-09-30": "44.46030", "2019-06-30": "46.32180", "2019-03-31": "53.14590", "2018-12-31": "51.65160", "2018-09-30": "49.23710", "2018-06-30": "47.18980", "2018-03-31": "49.35800", "2017-12-31": "47.13620", "2017-09-30": "52.43780", "2017-06-30": "43.71750", "2017-03-31": "43.74140", "2016-12-31": "43.00880", "2016-09-30": "42.68370", "2016-06-30": "38.01290", "2016-03-31": "45.31440", "2015-12-31": "39.54090", "2015-09-30": "41.03070", "2015-06-30": "37.86250", "2015-03-31": "41.75730", "2014-12-31": "38.04300", "2014-09-30": "36.52220", "2014-06-30": "39.28210", "2014-03-31": "40.39230", "2013-12-31": "35.04500", "2013-09-30": "37.87540", "2013-06-30": "36.44140", "2013-03-31": "37.28120", "2012-12-31": "40.98980", "2012-09-30": "166.31640", "2012-06-30": "44.48940", "2012-03-31": "41.09120", "2011-12-31": "47.63820", "2011-09-30": "41.64120", "2011-06-30": "43.96290", "2011-03-31": "37.84530", "2010-12-31": "44.91200", "2010-09-30": "31.36150", "2010-06-30": "32.29530", "2010-03-31": "36.70420", "2009-12-31": "34.50950", "2009-09-30": "36.46730", "2009-06-30": "36.56660", "2009-03-31": "34.53350", "2008-12-31": "26.73300", "2008-09-30": "27.44610", "2008-06-30": "33.29540", "2008-03-31": "36.89120", "2007-12-31": "32.17560", "2007-09-30": "38.03550", "2007-06-30": "31.48930", "2007-03-31": "33.30770", "2006-12-31": "33.07890", "2006-09-30": "33.34930", "2006-06-30": "35.88410", "2006-03-31": "28.87840", "2005-12-31": "30.01550", "2005-09-30": "34.40090", "2005-06-30": "29.88670", "2005-03-31": "21.52920"}, "ROE - Return On Equity": {"2020-09-30": "7.18750", "2020-06-30": "3.79790", "2020-03-31": "3.19670", "2019-12-31": "4.47640", "2019-09-30": "5.69550", "2019-06-30": "5.95700", "2019-03-31": "5.81520", "2018-12-31": "4.45350", "2018-09-30": "5.59080", "2018-06-30": "6.25810", "2018-03-31": "7.38570", "2017-12-31": "-4.65410", "2017-09-30": "6.07530", "2017-06-30": "4.74560", "2017-03-31": "5.14860", "2016-12-31": "2.93650", "2016-09-30": "3.45630", "2016-06-30": "3.97850", "2016-03-31": "3.43370", "2015-12-31": "1.17000", "2015-09-30": "1.79030", "2015-06-30": "5.06700", "2015-03-31": "5.00390", "2014-12-31": "5.98190", "2014-09-30": "5.54040", "2014-06-30": "5.66150", "2014-03-31": "5.66080", "2013-12-31": "7.32670", "2013-09-30": "6.38760", "2013-06-30": "7.16070", "2013-03-31": "9.77770", "2012-12-31": "11.13390", "2012-09-30": "3.32160", "2012-06-30": "12.35350", "2012-03-31": "13.87310", "2011-12-31": "13.35450", "2011-09-30": "16.10310", "2011-06-30": "16.41790", "2011-03-31": "12.11980", "2010-12-31": "12.65780", "2010-09-30": "9.42570", "2010-06-30": "8.20230", "2010-03-31": "9.84560", "2009-12-31": "9.37610", "2009-09-30": "8.55820", "2009-06-30": "5.11380", "2009-03-31": "2.39770", "2008-12-31": "-3.67870", "2008-09-30": "10.78830", "2008-06-30": "13.61240", "2008-03-31": "14.18790", "2007-12-31": "8.34460", "2007-09-30": "15.20220", "2007-06-30": "18.26940", "2007-03-31": "14.91100", "2006-12-31": "17.86950", "2006-09-30": "15.27120", "2006-06-30": "13.76800", "2006-03-31": "13.32750", "2005-12-31": "12.64090", "2005-09-30": "11.58780", "2005-06-30": "10.49560", "2005-03-31": "16.53170"}, "Return On Tangible Equity": {"2020-09-30": "7.33780", "2020-06-30": "3.88030", "2020-03-31": "3.26850", "2019-12-31": "4.57540", "2019-09-30": "5.82440", "2019-06-30": "6.09000", "2019-03-31": "5.94610", "2018-12-31": "4.55520", "2018-09-30": "5.72090", "2018-06-30": "6.40610", "2018-03-31": "7.56700", "2017-12-31": "-4.77250", "2017-09-30": "6.21310", "2017-06-30": "4.85820", "2017-03-31": "5.28270", "2016-12-31": "3.01570", "2016-09-30": "3.55100", "2016-06-30": "4.09170", "2016-03-31": "3.53510", "2015-12-31": "1.20530", "2015-09-30": "1.85820", "2015-06-30": "5.17800", "2015-03-31": "5.10270", "2014-12-31": "6.11130", "2014-09-30": "5.64610", "2014-06-30": "5.76820", "2014-03-31": "5.77140", "2013-12-31": "7.47480", "2013-09-30": "6.52040", "2013-06-30": "7.31240", "2013-03-31": "9.99160", "2012-12-31": "11.39390", "2012-09-30": "3.37760", "2012-06-30": "12.65730", "2012-03-31": "14.22100", "2011-12-31": "13.73020", "2011-09-30": "16.54730", "2011-06-30": "16.88540", "2011-03-31": "12.47190", "2010-12-31": "13.03220", "2010-09-30": "9.71310", "2010-06-30": "8.45100", "2010-03-31": "10.14010", "2009-12-31": "9.65850", "2009-09-30": "8.83320", "2009-06-30": "5.28890", "2009-03-31": "2.48300", "2008-12-31": "-3.80780", "2008-09-30": "11.11490", "2008-06-30": "14.01000", "2008-03-31": "14.60910", "2007-12-31": "8.60350", "2007-09-30": "15.64300", "2007-06-30": "18.82350", "2007-03-31": "15.40030", "2006-12-31": "18.46420", "2006-09-30": "15.82140", "2006-06-30": "14.30350", "2006-03-31": "13.85380", "2005-12-31": "13.11760", "2005-09-30": "12.04640", "2005-06-30": "10.88010", "2005-03-31": "17.56060"}, "ROA - Return On Assets": {"2020-09-30": "3.12710", "2020-06-30": "1.65070", "2020-03-31": "1.33360", "2019-12-31": "1.87110", "2019-09-30": "2.37230", "2019-06-30": "2.63550", "2019-03-31": "2.50410", "2018-12-31": "2.06120", "2018-09-30": "2.58930", "2018-06-30": "2.92680", "2018-03-31": "3.36160", "2017-12-31": "-2.07690", "2017-09-30": "2.88080", "2017-06-30": "2.22340", "2017-03-31": "2.33160", "2016-12-31": "1.30270", "2016-09-30": "1.51730", "2016-06-30": "1.74000", "2016-03-31": "1.44990", "2015-12-31": "0.49230", "2015-09-30": "0.77260", "2015-06-30": "2.21750", "2015-03-31": "2.52220", "2014-12-31": "3.06430", "2014-09-30": "2.82380", "2014-06-30": "2.94040", "2014-03-31": "2.88150", "2013-12-31": "3.70580", "2013-09-30": "3.16000", "2013-06-30": "3.51130", "2013-03-31": "4.61200", "2012-12-31": "5.13510", "2012-09-30": "2.02240", "2012-06-30": "6.75180", "2012-03-31": "7.34130", "2011-12-31": "6.68540", "2011-09-30": "8.31370", "2011-06-30": "8.46940", "2011-03-31": "5.90980", "2010-12-31": "6.08970", "2010-09-30": "4.82430", "2010-06-30": "4.23270", "2010-03-31": "6.41980", "2009-12-31": "6.02610", "2009-09-30": "5.53550", "2009-06-30": "3.23480", "2009-03-31": "1.47730", "2008-12-31": "-2.16690", "2008-09-30": "6.62320", "2008-06-30": "8.60750", "2008-03-31": "8.37530", "2007-12-31": "4.87970", "2007-09-30": "9.30240", "2007-06-30": "11.11850", "2007-03-31": "8.77990", "2006-12-31": "10.27540", "2006-09-30": "8.87670", "2006-06-30": "7.81030", "2006-03-31": "7.78450", "2005-12-31": "7.39240", "2005-09-30": "6.84480", "2005-06-30": "6.20550", "2005-03-31": "11.06430"}, "ROI - Return On Investment": {"2020-09-30": "3.73260", "2020-06-30": "1.94520", "2020-03-31": "1.62500", "2019-12-31": "2.29120", "2019-09-30": "2.91780", "2019-06-30": "3.27430", "2019-03-31": "3.07580", "2018-12-31": "2.34230", "2018-09-30": "2.94440", "2018-06-30": "3.28160", "2018-03-31": "3.82190", "2017-12-31": "-2.36400", "2017-09-30": "3.20030", "2017-06-30": "2.44550", "2017-03-31": "2.61030", "2016-12-31": "1.45790", "2016-09-30": "1.69580", "2016-06-30": "1.92720", "2016-03-31": "1.63460", "2015-12-31": "0.55110", "2015-09-30": "0.86410", "2015-06-30": "2.50980", "2015-03-31": "2.93200", "2014-12-31": "3.55630", "2014-09-30": "3.29540", "2014-06-30": "3.38980", "2014-03-31": "3.26580", "2013-12-31": "4.17230", "2013-09-30": "3.59420", "2013-06-30": "3.96770", "2013-03-31": "5.35170", "2012-12-31": "5.92920", "2012-09-30": "2.34950", "2012-06-30": "7.73650", "2012-03-31": "8.62390", "2011-12-31": "7.95960", "2011-09-30": "9.67980", "2011-06-30": "9.76340", "2011-03-31": "7.15890", "2010-12-31": "7.43110", "2010-09-30": "5.52100", "2010-06-30": "4.77800", "2010-03-31": "7.43250", "2009-12-31": "7.06970", "2009-09-30": "6.35210", "2009-06-30": "3.73150", "2009-03-31": "1.72830", "2008-12-31": "-2.67160", "2008-09-30": "8.11290", "2008-06-30": "10.33410", "2008-03-31": "10.72930", "2007-12-31": "6.24990", "2007-09-30": "11.42940", "2007-06-30": "13.60270", "2007-03-31": "10.57270", "2006-12-31": "12.63720", "2006-09-30": "10.55140", "2006-06-30": "9.30570", "2006-03-31": "9.74670", "2005-12-31": "9.36790", "2005-09-30": "8.38960", "2005-06-30": "7.71640", "2005-03-31": "14.52030"}, "Book Value Per Share": {"2020-09-30": "9.14420", "2020-06-30": "8.88620", "2020-03-31": "8.74860", "2019-12-31": "8.87150", "2019-09-30": "8.88710", "2019-06-30": "8.78150", "2019-03-31": "8.65770", "2018-12-31": "8.55420", "2018-09-30": "8.57710", "2018-06-30": "8.49770", "2018-03-31": "8.26540", "2017-12-31": "7.95490", "2017-09-30": "8.57680", "2017-06-30": "8.19140", "2017-03-31": "7.92220", "2016-12-31": "7.59480", "2016-09-30": "7.41830", "2016-06-30": "7.22820", "2016-03-31": "6.99000", "2015-12-31": "6.82940", "2015-09-30": "7.06920", "2015-06-30": "7.32950", "2015-03-31": "7.10460", "2014-12-31": "7.18240", "2014-09-30": "7.18690", "2014-06-30": "7.18130", "2014-03-31": "6.88000", "2013-12-31": "6.65830", "2013-09-30": "6.44050", "2013-06-30": "6.20390", "2013-03-31": "6.01180", "2012-12-31": "5.66390", "2012-09-30": "7.80680", "2012-06-30": "5.39120", "2012-03-31": "5.28980", "2011-12-31": "4.79950", "2011-09-30": "4.85900", "2011-06-30": "4.70550", "2011-03-31": "4.61140", "2010-12-31": "4.60050", "2010-09-30": "4.53470", "2010-06-30": "4.47470", "2010-03-31": "4.55440", "2009-12-31": "4.53230", "2009-09-30": "4.27390", "2009-06-30": "4.00680", "2009-03-31": "3.84720", "2008-12-31": "3.92920", "2008-09-30": "4.42620", "2008-06-30": "4.53610", "2008-03-31": "4.48140", "2007-12-31": "4.30990", "2007-09-30": "4.62560", "2007-06-30": "4.45050", "2007-03-31": "4.14390", "2006-12-31": "4.10670", "2006-09-30": "3.82540", "2006-06-30": "3.57360", "2006-03-31": "3.54290", "2005-12-31": "3.72540", "2005-09-30": "3.57060", "2005-06-30": "3.32880", "2005-03-31": "3.65960"}, "Operating Cash Flow Per Share": {"2020-09-30": 1.0264, "2020-06-30": 0.5425, "2020-03-31": "0.61450", "2019-12-31": 0.7003, "2019-09-30": 0.7568, "2019-06-30": 0.5356, "2019-03-31": "0.48030", "2018-12-31": 0.5773, "2018-09-30": 0.948, "2018-06-30": 0.5256, "2018-03-31": "0.84060", "2017-12-31": 0.9012, "2017-09-30": 0.5642, "2017-06-30": 0.4577, "2017-03-31": "0.63400", "2016-12-31": 0.3713, "2016-09-30": 0.397, "2016-06-30": 0.3422, "2016-03-31": "0.08280", "2015-12-31": 0.077, "2015-09-30": 0.3345, "2015-06-30": 0.417, "2015-03-31": "0.27860", "2014-12-31": 0.2909, "2014-09-30": 0.5282, "2014-06-30": 0.4004, "2014-03-31": "0.41770", "2013-12-31": 0.5883, "2013-09-30": 0.5563, "2013-06-30": 0.3584, "2013-03-31": "0.70310", "2012-12-31": 0.2439, "2012-09-30": 0.8263, "2012-06-30": 0.4444, "2012-03-31": "0.84760", "2011-12-31": 0.5612, "2011-09-30": 1.0353, "2011-06-30": 0.2375, "2011-03-31": "0.59960", "2010-12-31": 0.6426, "2010-09-30": 0.6215, "2010-06-30": 0.6143, "2010-03-31": "0.35760", "2009-12-31": 0.7868, "2009-09-30": 0.4431, "2009-06-30": 0.1272, "2009-03-31": "-0.22490", "2008-12-31": 0.1387, "2008-09-30": 0.7882, "2008-06-30": 0.4579, "2008-03-31": "0.56130", "2007-12-31": 0.8707, "2007-09-30": 0.8157, "2007-06-30": 0.7267, "2007-03-31": "0.61480", "2006-12-31": 1.0823, "2006-09-30": 0.5853, "2006-06-30": 0.1487, "2006-03-31": "0.49020", "2005-12-31": 0.7514, "2005-09-30": 0.5134, "2005-06-30": 0.2036, "2005-03-31": "0.39480"}, "Free Cash Flow Per Share": {"2020-09-30": 0.8524, "2020-06-30": 0.3959, "2020-03-31": "0.48390", "2019-12-31": 0.4786, "2019-09-30": 0.5207, "2019-06-30": 0.3022, "2019-03-31": "0.25640", "2018-12-31": 0.2026, "2018-09-30": 0.583, "2018-06-30": 0.1967, "2018-03-31": "0.45850", "2017-12-31": 0.4961, "2017-09-30": 0.289, "2017-06-30": 0.1311, "2017-03-31": "0.31680", "2016-12-31": 0.0085, "2016-09-30": 0.0425, "2016-06-30": -0.0989, "2016-03-31": "-0.20470", "2015-12-31": -0.3072, "2015-09-30": -0.0679, "2015-06-30": 0.0658, "2015-03-31": "-0.03020", "2014-12-31": -0.2266, "2014-09-30": 0.0291, "2014-06-30": -0.0264, "2014-03-31": "0.01390", "2013-12-31": -0.0201, "2013-09-30": -0.0266, "2013-06-30": -0.0971, "2013-03-31": "0.32870", "2012-12-31": -0.1934, "2012-09-30": 0.5152, "2012-06-30": 0.1793, "2012-03-31": "0.63890", "2011-12-31": 0.2422, "2011-09-30": 0.8558, "2011-06-30": 0.1186, "2011-03-31": "0.51460", "2010-12-31": 0.4966, "2010-09-30": 0.4914, "2010-06-30": 0.5068, "2010-03-31": "0.27550", "2009-12-31": 0.6817, "2009-09-30": 0.3143, "2009-06-30": -0.0394, "2009-03-31": "-0.29820", "2008-12-31": -0.0912, "2008-09-30": 0.6984, "2008-06-30": 0.3112, "2008-03-31": "0.50550", "2007-12-31": 0.7983, "2007-09-30": 0.735, "2007-06-30": 0.6215, "2007-03-31": "0.51950", "2006-12-31": 0.9448, "2006-09-30": 0.4707, "2006-06-30": 0.0506, "2006-03-31": "0.32990", "2005-12-31": 0.5179, "2005-09-30": 0.3825, "2005-06-30": 0.1252, "2005-03-31": "0.31050"}}, "revenue": {"Southern Copper Annual Revenue (Millions of US $)": {"2019": "$7,286", "2018": "$7,097", "2017": "$6,655", "2016": "$5,380", "2015": "$5,046", "2014": "$5,788", "2013": "$5,953", "2012": "$6,669", "2011": "$6,819", "2010": "$5,150", "2009": "$3,734", "2008": "$4,851", "2007": "$6,086", "2006": "$5,460", "2005": "$4,089"}, "Southern Copper Quarterly Revenue (Millions of US $)": {"2020-09-30": "$2,129", "2020-06-30": "$1,785", "2020-03-31": "$1,720", "2019-12-31": "$1,855", "2019-09-30": "$1,860", "2019-06-30": "$1,818", "2019-03-31": "$1,753", "2018-12-31": "$1,695", "2018-09-30": "$1,724", "2018-06-30": "$1,837", "2018-03-31": "$1,841", "2017-12-31": "$1,864", "2017-09-30": "$1,677", "2017-06-30": "$1,530", "2017-03-31": "$1,584", "2016-12-31": "$1,399", "2016-09-30": "$1,401", "2016-06-30": "$1,335", "2016-03-31": "$1,245", "2015-12-31": "$1,255", "2015-09-30": "$1,134", "2015-06-30": "$1,383", "2015-03-31": "$1,275", "2014-12-31": "$1,471", "2014-09-30": "$1,475", "2014-06-30": "$1,487", "2014-03-31": "$1,354", "2013-12-31": "$1,535", "2013-09-30": "$1,385", "2013-06-30": "$1,410", "2013-03-31": "$1,623", "2012-12-31": "$1,651", "2012-09-30": "$1,552", "2012-06-30": "$1,660", "2012-03-31": "$1,806", "2011-12-31": "$1,669", "2011-09-30": "$1,746", "2011-06-30": "$1,801", "2011-03-31": "$1,602", "2010-12-31": "$1,499", "2010-09-30": "$1,258", "2010-06-30": "$1,173", "2010-03-31": "$1,219", "2009-12-31": "$1,136", "2009-09-30": "$1,152", "2009-06-30": "$825", "2009-03-31": "$622", "2008-12-31": "$450", "2008-09-30": "$1,440", "2008-06-30": "$1,462", "2008-03-31": "$1,499", "2007-12-31": "$1,294", "2007-09-30": "$1,606", "2007-06-30": "$1,826", "2007-03-31": "$1,358", "2006-12-31": "$1,650", "2006-09-30": "$1,412", "2006-06-30": "$1,277", "2006-03-31": "$1,121", "2005-12-31": "$1,159", "2005-09-30": "$1,030", "2005-06-30": "$954", "2005-03-31": "$946"}}, "gross-profit": {"Southern Copper Annual Gross Profit (Millions of US $)": {"2019": "$3,679", "2018": "$3,688", "2017": "$3,402", "2016": "$2,346", "2015": "$2,118", "2014": "$2,947", "2013": "$3,082", "2012": "$3,900", "2011": "$4,056", "2010": "$3,021", "2009": "$1,868", "2008": "$2,669", "2007": "$3,964", "2006": "$3,440", "2005": "$2,454"}, "Southern Copper Quarterly Gross Profit (Millions of US $)": {"2020-09-30": "$1,180", "2020-06-30": "$809", "2020-03-31": "$764", "2019-12-31": "$866", "2019-09-30": "$953", "2019-06-30": "$951", "2019-03-31": "$909", "2018-12-31": "$838", "2018-09-30": "$900", "2018-06-30": "$986", "2018-03-31": "$965", "2017-12-31": "$1,042", "2017-09-30": "$895", "2017-06-30": "$725", "2017-03-31": "$740", "2016-12-31": "$675", "2016-09-30": "$569", "2016-06-30": "$584", "2016-03-31": "$518", "2015-12-31": "$385", "2015-09-30": "$463", "2015-06-30": "$676", "2015-03-31": "$595", "2014-12-31": "$729", "2014-09-30": "$745", "2014-06-30": "$761", "2014-03-31": "$712", "2013-12-31": "$761", "2013-09-30": "$721", "2013-06-30": "$699", "2013-03-31": "$900", "2012-12-31": "$943", "2012-09-30": "$882", "2012-06-30": "$992", "2012-03-31": "$1,084", "2011-12-31": "$1,016", "2011-09-30": "$1,069", "2011-06-30": "$1,106", "2011-03-31": "$865", "2010-12-31": "$963", "2010-09-30": "$707", "2010-06-30": "$642", "2010-03-31": "$708", "2009-12-31": "$595", "2009-09-30": "$622", "2009-06-30": "$405", "2009-03-31": "$247", "2008-12-31": "$-16", "2008-09-30": "$794", "2008-06-30": "$911", "2008-03-31": "$979", "2007-12-31": "$761", "2007-09-30": "$1,046", "2007-06-30": "$1,264", "2007-03-31": "$892", "2006-12-31": "$1,068", "2006-09-30": "$903", "2006-06-30": "$755", "2006-03-31": "$714", "2005-12-31": "$709", "2005-09-30": "$647", "2005-06-30": "$541", "2005-03-31": "$557"}}, "operating-income": {"Southern Copper Annual Operating Income (Millions of US $)": {"2019": "$2,753", "2018": "$2,881", "2017": "$2,619", "2016": "$1,564", "2015": "$1,414", "2014": "$2,233", "2013": "$2,532", "2012": "$3,109", "2011": "$3,625", "2010": "$2,604", "2009": "$1,485", "2008": "$2,202", "2007": "$3,497", "2006": "$3,054", "2005": "$2,071"}, "Southern Copper Quarterly Operating Income (Millions of US $)": {"2020-09-30": "$944", "2020-06-30": "$577", "2020-03-31": "$533", "2019-12-31": "$632", "2019-09-30": "$714", "2019-06-30": "$714", "2019-03-31": "$694", "2018-12-31": "$624", "2018-09-30": "$697", "2018-06-30": "$788", "2018-03-31": "$773", "2017-12-31": "$830", "2017-09-30": "$693", "2017-06-30": "$526", "2017-03-31": "$570", "2016-12-31": "$471", "2016-09-30": "$362", "2016-06-30": "$385", "2016-03-31": "$346", "2015-12-31": "$188", "2015-09-30": "$287", "2015-06-30": "$503", "2015-03-31": "$437", "2014-12-31": "$525", "2014-09-30": "$547", "2014-06-30": "$597", "2014-03-31": "$563", "2013-12-31": "$608", "2013-09-30": "$584", "2013-06-30": "$566", "2013-03-31": "$774", "2012-12-31": "$813", "2012-09-30": "$448", "2012-06-30": "$876", "2012-03-31": "$973", "2011-12-31": "$902", "2011-09-30": "$962", "2011-06-30": "$999", "2011-03-31": "$763", "2010-12-31": "$852", "2010-09-30": "$603", "2010-06-30": "$540", "2010-03-31": "$609", "2009-12-31": "$529", "2009-09-30": "$509", "2009-06-30": "$303", "2009-03-31": "$144", "2008-12-31": "$-131", "2008-09-30": "$676", "2008-06-30": "$792", "2008-03-31": "$865", "2007-12-31": "$631", "2007-09-30": "$934", "2007-06-30": "$1,145", "2007-03-31": "$787", "2006-12-31": "$968", "2006-09-30": "$804", "2006-06-30": "$649", "2006-03-31": "$633", "2005-12-31": "$609", "2005-09-30": "$546", "2005-06-30": "$445", "2005-03-31": "$472"}}, "ebitda": {"Southern Copper Annual EBITDA (Millions of US $)": {"2019": "$3,517", "2018": "$3,556", "2017": "$3,290", "2016": "$2,211", "2015": "$1,925", "2014": "$2,678", "2013": "$2,928", "2012": "$3,435", "2011": "$3,914", "2010": "$2,886", "2009": "$1,759", "2008": "$2,529", "2007": "$3,825", "2006": "$3,329", "2005": "$2,348"}, "Southern Copper Quarterly EBITDA (Millions of US $)": {"2020-09-30": "$1,140", "2020-06-30": "$771", "2020-03-31": "$726", "2019-12-31": "$816", "2019-09-30": "$914", "2019-06-30": "$912", "2019-03-31": "$875", "2018-12-31": "$803", "2018-09-30": "$867", "2018-06-30": "$950", "2018-03-31": "$935", "2017-12-31": "$1,007", "2017-09-30": "$862", "2017-06-30": "$697", "2017-03-31": "$724", "2016-12-31": "$643", "2016-09-30": "$537", "2016-06-30": "$550", "2016-03-31": "$482", "2015-12-31": "$324", "2015-09-30": "$418", "2015-06-30": "$628", "2015-03-31": "$554", "2014-12-31": "$630", "2014-09-30": "$661", "2014-06-30": "$713", "2014-03-31": "$673", "2013-12-31": "$719", "2013-09-30": "$685", "2013-06-30": "$660", "2013-03-31": "$865", "2012-12-31": "$902", "2012-09-30": "$529", "2012-06-30": "$954", "2012-03-31": "$1,050", "2011-12-31": "$974", "2011-09-30": "$1,035", "2011-06-30": "$1,072", "2011-03-31": "$833", "2010-12-31": "$923", "2010-09-30": "$675", "2010-06-30": "$610", "2010-03-31": "$678", "2009-12-31": "$563", "2009-09-30": "$591", "2009-06-30": "$382", "2009-03-31": "$222", "2008-12-31": "$-52", "2008-09-30": "$760", "2008-06-30": "$876", "2008-03-31": "$946", "2007-12-31": "$719", "2007-09-30": "$1,015", "2007-06-30": "$1,230", "2007-03-31": "$861", "2006-12-31": "$1,044", "2006-09-30": "$872", "2006-06-30": "$727", "2006-03-31": "$686", "2005-12-31": "$665", "2005-09-30": "$633", "2005-06-30": "$518", "2005-03-31": "$533"}}, "net-income": {"Southern Copper Annual Net Income (Millions of US $)": {"2019": "$1,486", "2018": "$1,543", "2017": "$729", "2016": "$777", "2015": "$736", "2014": "$1,333", "2013": "$1,619", "2012": "$1,935", "2011": "$2,336", "2010": "$1,554", "2009": "$929", "2008": "$1,407", "2007": "$2,216", "2006": "$2,038", "2005": "$1,400"}, "Southern Copper Quarterly Net Income (Millions of US $)": {"2020-09-30": "$506", "2020-06-30": "$260", "2020-03-31": "$215", "2019-12-31": "$306", "2019-09-30": "$390", "2019-06-30": "$402", "2019-03-31": "$388", "2018-12-31": "$293", "2018-09-30": "$369", "2018-06-30": "$410", "2018-03-31": "$471", "2017-12-31": "$-287", "2017-09-30": "$402", "2017-06-30": "$300", "2017-03-31": "$314", "2016-12-31": "$172", "2016-09-30": "$198", "2016-06-30": "$222", "2016-03-31": "$185", "2015-12-31": "$61", "2015-09-30": "$98", "2015-06-30": "$295", "2015-03-31": "$282", "2014-12-31": "$348", "2014-09-30": "$324", "2014-06-30": "$337", "2014-03-31": "$323", "2013-12-31": "$406", "2013-09-30": "$344", "2013-06-30": "$373", "2013-03-31": "$495", "2012-12-31": "$532", "2012-09-30": "$218", "2012-06-30": "$564", "2012-03-31": "$621", "2011-12-31": "$537", "2011-09-30": "$663", "2011-06-30": "$658", "2011-03-31": "$478", "2010-12-31": "$492", "2010-09-30": "$365", "2010-06-30": "$313", "2010-03-31": "$383", "2009-12-31": "$363", "2009-09-30": "$312", "2009-06-30": "$175", "2009-03-31": "$79", "2008-12-31": "$-125", "2008-09-30": "$418", "2008-06-30": "$548", "2008-03-31": "$565", "2007-12-31": "$311", "2007-09-30": "$628", "2007-06-30": "$726", "2007-03-31": "$552", "2006-12-31": "$655", "2006-09-30": "$522", "2006-06-30": "$439", "2006-03-31": "$422", "2005-12-31": "$420", "2005-09-30": "$369", "2005-06-30": "$312", "2005-03-31": "$298"}}, "eps-earnings-per-share-diluted": {"Southern Copper Annual EPS": {"2019": "$1.92", "2018": "$2.00", "2017": "$0.94", "2016": "$1.00", "2015": "$0.93", "2014": "$1.61", "2013": "$1.92", "2012": "$2.28", "2011": "$2.73", "2010": "$1.81", "2009": "$1.09", "2008": "$1.58", "2007": "$2.48", "2006": "$2.29", "2005": "$1.57"}, "Southern Copper Quarterly EPS": {"2020-09-30": "$0.65", "2020-06-30": "$0.34", "2020-03-31": "$0.28", "2019-12-31": "$0.40", "2019-09-30": "$0.50", "2019-06-30": "$0.52", "2019-03-31": "$0.50", "2018-12-31": "$0.38", "2018-09-30": "$0.48", "2018-06-30": "$0.53", "2018-03-31": "$0.61", "2017-12-31": "$-0.38", "2017-09-30": "$0.52", "2017-06-30": "$0.39", "2017-03-31": "$0.41", "2016-12-31": "$0.21", "2016-09-30": "$0.26", "2016-06-30": "$0.29", "2016-03-31": "$0.24", "2015-12-31": "$0.09", "2015-09-30": "$0.12", "2015-06-30": "$0.37", "2015-03-31": "$0.35", "2014-12-31": "$0.43", "2014-09-30": "$0.39", "2014-06-30": "$0.40", "2014-03-31": "$0.39", "2013-12-31": "$0.48", "2013-09-30": "$0.41", "2013-06-30": "$0.44", "2013-03-31": "$0.59", "2012-12-31": "$0.63", "2012-09-30": "$0.26", "2012-06-30": "$0.66", "2012-03-31": "$0.73", "2011-12-31": "$0.62", "2011-09-30": "$0.78", "2011-06-30": "$0.77", "2011-03-31": "$0.56", "2010-12-31": "$0.57", "2010-09-30": "$0.43", "2010-06-30": "$0.37", "2010-03-31": "$0.45", "2009-12-31": "$0.43", "2009-09-30": "$0.37", "2009-06-30": "$0.21", "2009-03-31": "$0.09", "2008-12-31": "$-0.13", "2008-09-30": "$0.47", "2008-06-30": "$0.61", "2008-03-31": "$0.63", "2007-12-31": "$0.35", "2007-09-30": "$0.70", "2007-06-30": "$0.81", "2007-03-31": "$0.62", "2006-12-31": "$0.74", "2006-09-30": "$0.58", "2006-06-30": "$0.49", "2006-03-31": "$0.47", "2005-12-31": "$0.47", "2005-09-30": "$0.41", "2005-06-30": "$0.35", "2005-03-31": "$0.34"}}, "shares-outstanding": {"Southern Copper Annual Shares Outstanding (Millions of Shares)": {"2019": "773", "2018": "773", "2017": "773", "2016": "774", "2015": "795", "2014": "828", "2013": "843", "2012": "848", "2011": "855", "2010": "859", "2009": "851", "2008": "888", "2007": "893", "2006": "893", "2005": "893"}, "Southern Copper Quarterly Shares Outstanding (Millions of Shares)": {"2020-09-30": "773", "2020-06-30": "773", "2020-03-31": "773", "2019-12-31": "773", "2019-09-30": "773", "2019-06-30": "773", "2019-03-31": "773", "2018-12-31": "773", "2018-09-30": "773", "2018-06-30": "773", "2018-03-31": "773", "2017-12-31": "773", "2017-09-30": "773", "2017-06-30": "773", "2017-03-31": "773", "2016-12-31": "774", "2016-09-30": "774", "2016-06-30": "774", "2016-03-31": "774", "2015-12-31": "795", "2015-09-30": "793", "2015-06-30": "798", "2015-03-31": "805", "2014-12-31": "828", "2014-09-30": "829", "2014-06-30": "833", "2014-03-31": "834", "2013-12-31": "843", "2013-09-30": "842", "2013-06-30": "845", "2013-03-31": "846", "2012-12-31": "848", "2012-09-30": "848", "2012-06-30": "849", "2012-03-31": "850", "2011-12-31": "855", "2011-09-30": "852", "2011-06-30": "857", "2011-03-31": "859", "2010-12-31": "859", "2010-09-30": "859", "2010-06-30": "859", "2010-03-31": "859", "2009-12-31": "851", "2009-09-30": "859", "2009-06-30": "859", "2009-03-31": "862", "2008-12-31": "888", "2008-09-30": "892", "2008-06-30": "893", "2008-03-31": "893", "2007-12-31": "893", "2007-09-30": "893", "2007-06-30": "893", "2007-03-31": "893", "2006-12-31": "893", "2006-09-30": "893", "2006-06-30": "893", "2006-03-31": "893", "2005-12-31": "893", "2005-09-30": "893", "2005-06-30": "893", "2005-03-31": "893"}}, "total-assets": {"Southern Copper Annual Total Assets (Millions of US $)": {"2019": "$16,407", "2018": "$14,288", "2017": "$13,780", "2016": "$13,234", "2015": "$12,593", "2014": "$11,394", "2013": "$10,996", "2012": "$10,384", "2011": "$8,063", "2010": "$8,128", "2009": "$6,058", "2008": "$5,764", "2007": "$6,581", "2006": "$6,376", "2005": "$5,688"}, "Southern Copper Quarterly Total Assets (Millions of US $)": {"2020-09-30": "$16,248", "2020-06-30": "$15,805", "2020-03-31": "$16,212", "2019-12-31": "$16,407", "2019-09-30": "$16,494", "2019-06-30": "$15,345", "2019-03-31": "$15,543", "2018-12-31": "$14,288", "2018-09-30": "$14,317", "2018-06-30": "$14,046", "2018-03-31": "$14,038", "2017-12-31": "$13,780", "2017-09-30": "$13,982", "2017-06-30": "$13,515", "2017-03-31": "$13,523", "2016-12-31": "$13,234", "2016-09-30": "$13,063", "2016-06-30": "$12,787", "2016-03-31": "$12,808", "2015-12-31": "$12,593", "2015-09-30": "$12,865", "2015-06-30": "$13,349", "2015-03-31": "$11,248", "2014-12-31": "$11,394", "2014-09-30": "$11,537", "2014-06-30": "$11,508", "2014-03-31": "$11,265", "2013-12-31": "$10,996", "2013-09-30": "$10,936", "2013-06-30": "$10,654", "2013-03-31": "$10,777", "2012-12-31": "$10,384", "2012-09-30": "$10,842", "2012-06-30": "$8,373", "2012-03-31": "$8,494", "2011-12-31": "$8,063", "2011-09-30": "$8,000", "2011-06-30": "$7,794", "2011-03-31": "$8,125", "2010-12-31": "$8,128", "2010-09-30": "$7,611", "2010-06-30": "$7,449", "2010-03-31": "$6,001", "2009-12-31": "$6,058", "2009-09-30": "$5,677", "2009-06-30": "$5,442", "2009-03-31": "$5,364", "2008-12-31": "$5,764", "2008-09-30": "$6,347", "2008-06-30": "$6,405", "2008-03-31": "$6,778", "2007-12-31": "$6,581", "2007-09-30": "$6,749", "2007-06-30": "$6,529", "2007-03-31": "$6,283", "2006-12-31": "$6,376", "2006-09-30": "$5,876", "2006-06-30": "$5,624", "2006-03-31": "$5,416", "2005-12-31": "$5,688", "2005-09-30": "$5,397", "2005-06-30": "$5,027", "2005-03-31": "$2,697"}}, "cash-on-hand": {"Southern Copper Annual Cash on Hand (Millions of US $)": {"2019": "$2,006", "2018": "$1,058", "2017": "$1,055", "2016": "$601", "2015": "$882", "2014": "$722", "2013": "$1,881", "2012": "$2,594", "2011": "$1,370", "2010": "$2,269", "2009": "$795", "2008": "$779", "2007": "$1,527", "2006": "$1,303", "2005": "$876"}, "Southern Copper Quarterly Cash on Hand (Millions of US $)": {"2020-09-30": "$2,176", "2020-06-30": "$1,840", "2020-03-31": "$2,092", "2019-12-31": "$2,006", "2019-09-30": "$1,937", "2019-06-30": "$871", "2019-03-31": "$951", "2018-12-31": "$1,058", "2018-09-30": "$1,204", "2018-06-30": "$1,083", "2018-03-31": "$1,125", "2017-12-31": "$1,055", "2017-09-30": "$829", "2017-06-30": "$729", "2017-03-31": "$751", "2016-12-31": "$601", "2016-09-30": "$616", "2016-06-30": "$555", "2016-03-31": "$663", "2015-12-31": "$882", "2015-09-30": "$1,392", "2015-06-30": "$2,153", "2015-03-31": "$285", "2014-12-31": "$722", "2014-09-30": "$1,279", "2014-06-30": "$1,625", "2014-03-31": "$1,746", "2013-12-31": "$1,881", "2013-09-30": "$2,159", "2013-06-30": "$2,333", "2013-03-31": "$2,667", "2012-12-31": "$2,594", "2012-09-30": "$1,538", "2012-06-30": "$1,453", "2012-03-31": "$1,745", "2011-12-31": "$1,370", "2011-09-30": "$1,779", "2011-06-30": "$1,679", "2011-03-31": "$2,194", "2010-12-31": "$2,269", "2010-09-30": "$2,296", "2010-06-30": "$2,195", "2010-03-31": "$672", "2009-12-31": "$795", "2009-09-30": "$439", "2009-06-30": "$269", "2009-03-31": "$342", "2008-12-31": "$779", "2008-09-30": "$1,259", "2008-06-30": "$1,248", "2008-03-31": "$1,585", "2007-12-31": "$1,527", "2007-09-30": "$1,515", "2007-06-30": "$1,354", "2007-03-31": "$1,269", "2006-12-31": "$1,303", "2006-09-30": "$918", "2006-06-30": "$801", "2006-03-31": "$776", "2005-12-31": "$876", "2005-09-30": "$767", "2005-06-30": "$471", "2005-03-31": "$722"}}, "long-term-debt": {"Southern Copper Annual Long Term Debt (Millions of US $)": {"2019": "$6,541", "2018": "$5,960", "2017": "$5,957", "2016": "$5,954", "2015": "$5,952", "2014": "$3,981", "2013": "$4,205", "2012": "$4,204", "2011": "$2,736", "2010": "$2,750", "2009": "$1,270", "2008": "$1,280", "2007": "$1,290", "2006": "$1,518", "2005": "$1,162"}, "Southern Copper Quarterly Long Term Debt (Millions of US $)": {"2020-09-30": "$6,543", "2020-06-30": "$6,543", "2020-03-31": "$6,542", "2019-12-31": "$6,541", "2019-09-30": "$6,540", "2019-06-30": "$5,562", "2019-03-31": "$5,961", "2018-12-31": "$5,960", "2018-09-30": "$5,959", "2018-06-30": "$5,959", "2018-03-31": "$5,958", "2017-12-31": "$5,957", "2017-09-30": "$5,956", "2017-06-30": "$5,956", "2017-03-31": "$5,955", "2016-12-31": "$5,954", "2016-09-30": "$5,954", "2016-06-30": "$5,953", "2016-03-31": "$5,952", "2015-12-31": "$5,952", "2015-09-30": "$5,951", "2015-06-30": "$5,952", "2015-03-31": "$4,006", "2014-12-31": "$3,981", "2014-09-30": "$4,006", "2014-06-30": "$4,005", "2014-03-31": "$4,205", "2013-12-31": "$4,205", "2013-09-30": "$4,205", "2013-06-30": "$4,204", "2013-03-31": "$4,204", "2012-12-31": "$4,204", "2012-09-30": "$2,731", "2012-06-30": "$2,731", "2012-03-31": "$2,736", "2011-12-31": "$2,736", "2011-09-30": "$2,741", "2011-06-30": "$2,740", "2011-03-31": "$2,745", "2010-12-31": "$2,750", "2010-09-30": "$2,755", "2010-06-30": "$2,755", "2010-03-31": "$1,270", "2009-12-31": "$1,270", "2009-09-30": "$1,275", "2009-06-30": "$1,275", "2009-03-31": "$1,280", "2008-12-31": "$1,280", "2008-09-30": "$1,285", "2008-06-30": "$1,285", "2008-03-31": "$1,290", "2007-12-31": "$1,290", "2007-09-30": "$1,363", "2007-06-30": "$1,363", "2007-03-31": "$1,518", "2006-12-31": "$1,518", "2006-09-30": "$1,528", "2006-06-30": "$1,530", "2006-03-31": "$1,162", "2005-12-31": "$1,162", "2005-09-30": "$1,215", "2005-06-30": "$1,070", "2005-03-31": "$250"}}, "total-liabilities": {"Southern Copper Annual Total Liabilities (Millions of US $)": {"2019": "$9,549", "2018": "$7,675", "2017": "$7,631", "2016": "$7,363", "2015": "$7,294", "2014": "$5,557", "2013": "$5,434", "2012": "$5,595", "2011": "$4,026", "2010": "$4,218", "2009": "$2,165", "2008": "$2,369", "2007": "$2,732", "2006": "$2,710", "2005": "$2,361"}, "Southern Copper Quarterly Total Liabilities (Millions of US $)": {"2020-09-30": "$9,179", "2020-06-30": "$8,935", "2020-03-31": "$9,449", "2019-12-31": "$9,549", "2019-09-30": "$9,624", "2019-06-30": "$8,556", "2019-03-31": "$8,850", "2018-12-31": "$7,675", "2018-09-30": "$7,686", "2018-06-30": "$7,477", "2018-03-31": "$7,649", "2017-12-31": "$7,631", "2017-09-30": "$7,352", "2017-06-30": "$7,183", "2017-03-31": "$7,399", "2016-12-31": "$7,363", "2016-09-30": "$7,329", "2016-06-30": "$7,195", "2016-03-31": "$7,400", "2015-12-31": "$7,294", "2015-09-30": "$7,313", "2015-06-30": "$7,507", "2015-03-31": "$5,578", "2014-12-31": "$5,557", "2014-09-30": "$5,657", "2014-06-30": "$5,531", "2014-03-31": "$5,531", "2013-12-31": "$5,434", "2013-09-30": "$5,526", "2013-06-30": "$5,430", "2013-03-31": "$5,694", "2012-12-31": "$5,595", "2012-09-30": "$4,241", "2012-06-30": "$3,797", "2012-03-31": "$3,999", "2011-12-31": "$4,026", "2011-09-30": "$3,870", "2011-06-30": "$3,773", "2011-03-31": "$4,163", "2010-12-31": "$4,218", "2010-09-30": "$3,716", "2010-06-30": "$3,605", "2010-03-31": "$2,088", "2009-12-31": "$2,165", "2009-09-30": "$2,005", "2009-06-30": "$1,999", "2009-03-31": "$2,059", "2008-12-31": "$2,369", "2008-09-30": "$2,450", "2008-06-30": "$2,355", "2008-03-31": "$2,777", "2007-12-31": "$2,732", "2007-09-30": "$2,619", "2007-06-30": "$2,556", "2007-03-31": "$2,584", "2006-12-31": "$2,710", "2006-09-30": "$2,460", "2006-06-30": "$2,434", "2006-03-31": "$2,252", "2005-12-31": "$2,361", "2005-09-30": "$2,209", "2005-06-30": "$2,055", "2005-03-31": "$892"}}, "total-share-holder-equity": {"Southern Copper Annual Share Holder Equity (Millions of US $)": {"2019": "$6,858", "2018": "$6,613", "2017": "$6,149", "2016": "$5,871", "2015": "$5,299", "2014": "$5,837", "2013": "$5,562", "2012": "$4,789", "2011": "$4,036", "2010": "$3,910", "2009": "$3,894", "2008": "$3,395", "2007": "$3,848", "2006": "$3,667", "2005": "$3,326"}, "Southern Copper Quarterly Share Holder Equity (Millions of US $)": {"2020-09-30": "$7,069", "2020-06-30": "$6,870", "2020-03-31": "$6,763", "2019-12-31": "$6,858", "2019-09-30": "$6,870", "2019-06-30": "$6,789", "2019-03-31": "$6,693", "2018-12-31": "$6,613", "2018-09-30": "$6,631", "2018-06-30": "$6,569", "2018-03-31": "$6,389", "2017-12-31": "$6,149", "2017-09-30": "$6,630", "2017-06-30": "$6,332", "2017-03-31": "$6,124", "2016-12-31": "$5,871", "2016-09-30": "$5,735", "2016-06-30": "$5,593", "2016-03-31": "$5,408", "2015-12-31": "$5,299", "2015-09-30": "$5,552", "2015-06-30": "$5,842", "2015-03-31": "$5,670", "2014-12-31": "$5,837", "2014-09-30": "$5,880", "2014-06-30": "$5,977", "2014-03-31": "$5,734", "2013-12-31": "$5,562", "2013-09-30": "$5,410", "2013-06-30": "$5,224", "2013-03-31": "$5,083", "2012-12-31": "$4,789", "2012-09-30": "$6,601", "2012-06-30": "$4,576", "2012-03-31": "$4,495", "2011-12-31": "$4,036", "2011-09-30": "$4,130", "2011-06-30": "$4,021", "2011-03-31": "$3,962", "2010-12-31": "$3,910", "2010-09-30": "$3,896", "2010-06-30": "$3,844", "2010-03-31": "$3,913", "2009-12-31": "$3,894", "2009-09-30": "$3,672", "2009-06-30": "$3,442", "2009-03-31": "$3,305", "2008-12-31": "$3,395", "2008-09-30": "$3,896", "2008-06-30": "$4,050", "2008-03-31": "$4,001", "2007-12-31": "$3,848", "2007-09-30": "$4,130", "2007-06-30": "$3,974", "2007-03-31": "$3,700", "2006-12-31": "$3,667", "2006-09-30": "$3,415", "2006-06-30": "$3,191", "2006-03-31": "$3,163", "2005-12-31": "$3,326", "2005-09-30": "$3,188", "2005-06-30": "$2,972", "2005-03-31": "$1,805"}}, "profit-margins": {"current": "19.67%"}, "gross margin": {"2020-09-30": "48.32%", "2020-06-30": "46.98%", "2020-03-31": "48.72%", "2019-12-31": "50.49%", "2019-09-30": "51.23%", "2019-06-30": "51.47%", "2019-03-31": "51.82%", "2018-12-31": "51.97%", "2018-09-30": "53.56%", "2018-06-30": "53.84%", "2018-03-31": "52.47%", "2017-12-31": "51.12%", "2017-09-30": "49.03%", "2017-06-30": "45.81%", "2017-03-31": "44.90%", "2016-12-31": "43.61%", "2016-09-30": "39.25%", "2016-06-30": "39.22%", "2016-03-31": "40.68%", "2015-12-31": "41.97%", "2015-09-30": "46.80%", "2015-06-30": "48.98%", "2015-03-31": "49.58%", "2014-12-31": "50.92%", "2014-09-30": "50.91%", "2014-06-30": "51.29%", "2014-03-31": "50.90%", "2013-12-31": "51.76%", "2013-09-30": "53.77%", "2013-06-30": "54.91%", "2013-03-31": "57.31%", "2012-12-31": "58.49%", "2012-09-30": "59.43%", "2012-06-30": "60.47%", "2012-03-31": "60.88%", "2011-12-31": "59.49%", "2011-09-30": "60.21%", "2011-06-30": "59.11%", "2011-03-31": "57.43%", "2010-12-31": "58.65%", "2010-09-30": "55.41%", "2010-06-30": "54.85%", "2010-03-31": "53.79%", "2009-12-31": "50.04%", "2009-09-30": "41.26%", "2009-06-30": "42.85%", "2009-03-31": "48.72%", "2008-12-31": "55.00%", "2008-09-30": "60.49%", "2008-06-30": "63.08%", "2008-03-31": "65.06%", "2007-12-31": "65.14%", "2007-09-30": "66.30%", "2007-06-30": "66.07%", "2007-03-31": "63.51%", "2006-12-31": "63.00%", "2006-09-30": "62.00%", "2006-06-30": "61.59%", "2006-03-31": "61.23%", "2005-12-31": "60.01%"}, "operating margin": {"2020-09-30": "35.87%", "2020-06-30": "34.02%", "2020-03-31": "35.75%", "2019-12-31": "37.80%", "2019-09-30": "38.53%", "2019-06-30": "39.04%", "2019-03-31": "39.99%", "2018-12-31": "40.61%", "2018-09-30": "42.50%", "2018-06-30": "42.72%", "2018-03-31": "40.83%", "2017-12-31": "39.35%", "2017-09-30": "36.49%", "2017-06-30": "32.60%", "2017-03-31": "31.25%", "2016-12-31": "29.05%", "2016-09-30": "24.45%", "2016-06-30": "24.25%", "2016-03-31": "26.37%", "2015-12-31": "28.02%", "2015-09-30": "33.29%", "2015-06-30": "35.90%", "2015-03-31": "36.90%", "2014-12-31": "38.57%", "2014-09-30": "39.57%", "2014-06-30": "40.83%", "2014-03-31": "40.83%", "2013-12-31": "42.53%", "2013-09-30": "45.10%", "2013-06-30": "41.71%", "2013-03-31": "44.88%", "2012-12-31": "46.63%", "2012-09-30": "47.84%", "2012-06-30": "53.96%", "2012-03-31": "54.63%", "2011-12-31": "53.18%", "2011-09-30": "53.79%", "2011-06-30": "52.22%", "2011-03-31": "49.86%", "2010-12-31": "50.57%", "2010-09-30": "47.66%", "2010-06-30": "46.73%", "2010-03-31": "45.01%", "2009-12-31": "39.76%", "2009-09-30": "27.06%", "2009-06-30": "29.73%", "2009-03-31": "37.27%", "2008-12-31": "45.39%", "2008-09-30": "52.05%", "2008-06-30": "54.97%", "2008-03-31": "57.43%", "2007-12-31": "57.48%", "2007-09-30": "59.53%", "2007-06-30": "59.30%", "2007-03-31": "56.31%", "2006-12-31": "55.93%", "2006-09-30": "54.24%", "2006-06-30": "53.13%", "2006-03-31": "52.37%", "2005-12-31": "50.67%"}, "ebitda margin": {"2020-09-30": "46.11%", "2020-06-30": "44.70%", "2020-03-31": "46.44%", "2019-12-31": "48.27%", "2019-09-30": "49.17%", "2019-06-30": "49.46%", "2019-03-31": "49.86%", "2018-12-31": "50.09%", "2018-09-30": "51.73%", "2018-06-30": "52.00%", "2018-03-31": "50.65%", "2017-12-31": "49.44%", "2017-09-30": "47.27%", "2017-06-30": "43.98%", "2017-03-31": "42.91%", "2016-12-31": "41.12%", "2016-09-30": "36.15%", "2016-06-30": "35.70%", "2016-03-31": "36.91%", "2015-12-31": "38.12%", "2015-09-30": "42.37%", "2015-06-30": "44.13%", "2015-03-31": "44.81%", "2014-12-31": "46.26%", "2014-09-30": "47.27%", "2014-06-30": "48.43%", "2014-03-31": "48.15%", "2013-12-31": "49.20%", "2013-09-30": "51.28%", "2013-06-30": "47.40%", "2013-03-31": "50.11%", "2012-12-31": "51.51%", "2012-09-30": "52.45%", "2012-06-30": "58.32%", "2012-03-31": "58.83%", "2011-12-31": "57.41%", "2011-09-30": "58.11%", "2011-06-30": "56.87%", "2011-03-31": "54.97%", "2010-12-31": "56.05%", "2010-09-30": "52.78%", "2010-06-30": "52.18%", "2010-03-31": "51.11%", "2009-12-31": "47.07%", "2009-09-30": "37.49%", "2009-06-30": "39.32%", "2009-03-31": "45.45%", "2008-12-31": "52.15%", "2008-09-30": "57.96%", "2008-06-30": "60.67%", "2008-03-31": "62.81%", "2007-12-31": "62.87%", "2007-09-30": "64.44%", "2007-06-30": "64.15%", "2007-03-31": "61.51%", "2006-12-31": "60.97%", "2006-09-30": "59.37%", "2006-06-30": "59.10%", "2006-03-31": "58.68%", "2005-12-31": "57.45%"}, "pre tax profit margin": {"2020-09-30": "30.51%", "2020-06-30": "28.67%", "2020-03-31": "30.87%", "2019-12-31": "33.31%", "2019-09-30": "34.42%", "2019-06-30": "35.02%", "2019-03-31": "35.81%", "2018-12-31": "36.48%", "2018-09-30": "38.41%", "2018-06-30": "38.56%", "2018-03-31": "36.49%", "2017-12-31": "34.61%", "2017-09-30": "31.03%", "2017-06-30": "27.14%", "2017-03-31": "25.69%", "2016-12-31": "23.36%", "2016-09-30": "19.16%", "2016-06-30": "18.58%", "2016-03-31": "20.97%", "2015-12-31": "23.56%", "2015-09-30": "29.89%", "2015-06-30": "32.96%", "2015-03-31": "34.25%", "2014-12-31": "35.74%", "2014-09-30": "36.61%", "2014-06-30": "38.00%", "2014-03-31": "38.14%", "2013-12-31": "39.86%", "2013-09-30": "42.21%", "2013-06-30": "39.21%", "2013-03-31": "42.57%", "2012-12-31": "44.58%", "2012-09-30": "45.90%", "2012-06-30": "51.77%", "2012-03-31": "52.28%", "2011-12-31": "50.59%", "2011-09-30": "51.20%", "2011-06-30": "49.22%", "2011-03-31": "46.28%", "2010-12-31": "47.19%", "2010-09-30": "44.55%", "2010-06-30": "44.19%", "2010-03-31": "43.05%", "2009-12-31": "37.59%", "2009-09-30": "22.50%", "2009-06-30": "26.19%", "2009-03-31": "34.40%", "2008-12-31": "43.17%", "2008-09-30": "51.31%", "2008-06-30": "54.24%", "2008-03-31": "55.94%", "2007-12-31": "56.08%", "2007-09-30": "57.93%", "2007-06-30": "57.64%", "2007-03-31": "55.57%", "2006-12-31": "55.04%", "2006-09-30": "53.95%", "2006-06-30": "52.52%", "2006-03-31": "51.13%", "2005-12-31": "48.99%"}, "net profit margin": {"2020-09-30": "17.19%", "2020-06-30": "16.22%", "2020-03-31": "18.10%", "2019-12-31": "20.40%", "2019-09-30": "20.67%", "2019-06-30": "20.77%", "2019-03-31": "20.83%", "2018-12-31": "21.74%", "2018-09-30": "13.25%", "2018-06-30": "13.80%", "2018-03-31": "12.82%", "2017-12-31": "10.95%", "2017-09-30": "19.19%", "2017-06-30": "16.64%", "2017-03-31": "15.84%", "2016-12-31": "14.44%", "2016-09-30": "12.72%", "2016-06-30": "11.39%", "2016-03-31": "12.74%", "2015-12-31": "14.58%", "2015-09-30": "19.44%", "2015-06-30": "22.29%", "2015-03-31": "22.62%", "2014-12-31": "23.02%", "2014-09-30": "23.76%", "2014-06-30": "24.47%", "2014-03-31": "25.44%", "2013-12-31": "27.18%", "2013-09-30": "28.74%", "2013-06-30": "25.95%", "2013-03-31": "27.89%", "2012-12-31": "29.01%", "2012-09-30": "29.01%", "2012-06-30": "34.66%", "2012-03-31": "35.30%", "2011-12-31": "34.26%", "2011-09-30": "34.46%", "2011-06-30": "32.35%", "2011-03-31": "29.79%", "2010-12-31": "30.16%", "2010-09-30": "29.75%", "2010-06-30": "29.29%", "2010-03-31": "28.46%", "2009-12-31": "24.87%", "2009-09-30": "14.46%", "2009-06-30": "16.39%", "2009-03-31": "23.15%", "2008-12-31": "28.98%", "2008-09-30": "32.34%", "2008-06-30": "35.01%", "2008-03-31": "35.82%", "2007-12-31": "36.44%", "2007-09-30": "39.77%", "2007-06-30": "39.31%", "2007-03-31": "38.06%", "2006-12-31": "37.33%", "2006-09-30": "36.28%", "2006-06-30": "35.97%", "2006-03-31": "35.72%", "2005-12-31": "34.21%"}, "pe ratio": {"current": "35.20", "2021-02-05": "42.79", "2020-09-30": "26.86", "2020-06-30": "25.70", "2020-03-31": "16.17", "2019-12-31": "21.33", "2019-09-30": "17.13", "2019-06-30": "19.71", "2019-03-31": "19.81", "2018-12-31": "14.32", "2018-09-30": "24.54", "2018-06-30": "25.79", "2018-03-31": "32.37", "2017-12-31": "32.44", "2017-09-30": "23.17", "2017-06-30": "24.19", "2017-03-31": "27.10", "2016-12-31": "28.12", "2016-09-30": "26.83", "2016-06-30": "32.74", "2016-03-31": "30.25", "2015-12-31": "25.08", "2015-09-30": "18.55", "2015-06-30": "16.78", "2015-03-31": "16.28", "2014-12-31": "15.29", "2014-09-30": "15.53", "2014-06-30": "15.66", "2014-03-31": "14.61", "2013-12-31": "12.86", "2013-09-30": "11.27", "2013-06-30": "12.26", "2013-03-31": "14.88", "2012-12-31": "13.99", "2012-09-30": "11.73", "2012-06-30": "8.70", "2012-03-31": "8.28", "2011-12-31": "8.33", "2011-09-30": "6.92", "2011-06-30": "10.29", "2011-03-31": "15.04", "2010-12-31": "19.05", "2010-09-30": "14.81", "2010-06-30": "11.47", "2010-03-31": "14.95", "2009-12-31": "20.03", "2009-09-30": "38.56", "2009-06-30": "21.53", "2009-03-31": "11.09", "2008-12-31": "6.63", "2008-09-30": "5.86", "2008-06-30": "9.56", "2008-03-31": "8.44", "2007-12-31": "8.44", "2007-09-30": "8.55", "2007-06-30": "6.68", "2007-03-31": "5.66", "2006-12-31": "4.43"}, "price sales": {"2021-02-05": "7.38", "2020-09-30": "4.63", "2020-06-30": "4.18", "2020-03-31": "2.93", "2019-12-31": "4.35", "2019-09-30": "3.53", "2019-06-30": "4.10", "2019-03-31": "4.13", "2018-12-31": "3.12", "2018-09-30": "4.23", "2018-06-30": "4.58", "2018-03-31": "5.50", "2017-12-31": "4.97", "2017-09-30": "4.46", "2017-06-30": "4.05", "2017-03-31": "4.33", "2016-12-31": "4.08", "2016-09-30": "3.47", "2016-06-30": "3.77", "2016-03-31": "3.86", "2015-12-31": "3.65", "2015-09-30": "3.61", "2015-06-30": "3.76", "2015-03-31": "3.69", "2014-12-31": "3.54", "2014-09-30": "3.68", "2014-06-30": "3.83", "2014-03-31": "3.72", "2013-12-31": "3.50", "2013-09-30": "3.25", "2013-06-30": "3.20", "2013-03-31": "4.16", "2012-12-31": "4.06", "2012-09-30": "3.42", "2012-06-30": "3.03", "2012-03-31": "2.94", "2011-12-31": "2.87", "2011-09-30": "2.39", "2011-06-30": "3.33", "2011-03-31": "4.48", "2010-12-31": "5.75", "2010-09-30": "4.41", "2010-06-30": "3.37", "2010-03-31": "4.27", "2009-12-31": "5.00", "2009-09-30": "5.73", "2009-06-30": "3.53", "2009-03-31": "2.55", "2008-12-31": "1.92", "2008-09-30": "1.89", "2008-06-30": "3.35", "2008-03-31": "3.02", "2007-12-31": "3.09", "2007-09-30": "3.38", "2007-06-30": "2.61", "2007-03-31": "2.14", "2006-12-31": "1.64"}, "price book": {"current": "7.81", "2021-02-05": "7.81", "2020-09-30": "4.91", "2020-06-30": "4.40", "2020-03-31": "3.14", "2019-12-31": "4.62", "2019-09-30": "3.66", "2019-06-30": "4.22", "2019-03-31": "4.32", "2018-12-31": "3.35", "2018-09-30": "4.63", "2018-06-30": "5.04", "2018-03-31": "5.95", "2017-12-31": "5.38", "2017-09-30": "4.16", "2017-06-30": "3.78", "2017-03-31": "4.04", "2016-12-31": "3.74", "2016-09-30": "3.15", "2016-06-30": "3.31", "2016-03-31": "3.51", "2015-12-31": "3.38", "2015-09-30": "3.33", "2015-06-30": "3.53", "2015-03-31": "3.60", "2014-12-31": "3.43", "2014-09-30": "3.59", "2014-06-30": "3.66", "2014-03-31": "3.65", "2013-12-31": "3.71", "2013-09-30": "3.62", "2013-06-30": "3.80", "2013-03-31": "5.30", "2012-12-31": "5.63", "2012-09-30": "3.44", "2012-06-30": "4.54", "2012-03-31": "4.57", "2011-12-31": "4.77", "2011-09-30": "3.82", "2011-06-30": "5.08", "2011-03-31": "6.26", "2010-12-31": "7.50", "2010-09-30": "5.43", "2010-06-30": "4.11", "2010-03-31": "4.74", "2009-12-31": "4.81", "2009-09-30": "4.73", "2009-06-30": "3.35", "2009-03-31": "2.97", "2008-12-31": "2.65", "2008-09-30": "2.73", "2008-06-30": "4.85", "2008-03-31": "4.70", "2007-12-31": "4.88", "2007-09-30": "5.27", "2007-06-30": "4.10", "2007-03-31": "3.29", "2006-12-31": "2.44", "2006-09-30": "2.19", "2006-06-30": "2.21", "2006-03-31": "2.06"}, "price fcf": {"2021-02-05": "", "2020-09-30": "$2.21", "2020-06-30": "$1.88", "2020-03-31": "$1.79", "2019-12-31": "$1.56", "2019-09-30": "$1.28", "2019-06-30": "$1.34", "2019-03-31": "$1.24", "2018-12-31": "$1.44", "2018-09-30": "$1.73", "2018-06-30": "$1.44", "2018-03-31": "$1.37", "2017-12-31": "$1.23", "2017-09-30": "$0.75", "2017-06-30": "$0.50", "2017-03-31": "$0.27", "2016-12-31": "$-0.25", "2016-09-30": "$-0.57", "2016-06-30": "$-0.68", "2016-03-31": "$-0.51", "2015-12-31": "$-0.34", "2015-09-30": "$-0.26", "2015-06-30": "$-0.16", "2015-03-31": "$-0.25", "2014-12-31": "$-0.21", "2014-09-30": "$-0.00", "2014-06-30": "$-0.06", "2014-03-31": "$-0.13", "2013-12-31": "$0.18", "2013-09-30": "$0.01", "2013-06-30": "$0.55", "2013-03-31": "$0.83", "2012-12-31": "$1.14", "2012-09-30": "$1.58", "2012-06-30": "$1.92", "2012-03-31": "$1.86", "2011-12-31": "$1.73", "2011-09-30": "$1.99", "2011-06-30": "$1.62", "2011-03-31": "$2.01", "2010-12-31": "$1.77", "2010-09-30": "$1.96", "2010-06-30": "$1.78", "2010-03-31": "$1.23", "2009-12-31": "$0.66", "2009-09-30": "$-0.11", "2009-06-30": "$0.27", "2009-03-31": "$0.62", "2008-12-31": "$1.42", "2008-09-30": "$2.31", "2008-06-30": "$2.35", "2008-03-31": "$2.66", "2007-12-31": "$2.67", "2007-09-30": "$2.82", "2007-06-30": "$2.56", "2007-03-31": "$1.99", "2006-12-31": "$1.80"}, "net worth": {"value": "$55.24B"}, "current ratio": {"current": "3.73", "2020-09-30": "3.73", "2020-06-30": "4.33", "2020-03-31": "2.98", "2019-12-31": "2.83", "2019-09-30": "2.92", "2019-06-30": "2.24", "2019-03-31": "2.83", "2018-12-31": "2.61", "2018-09-30": "2.71", "2018-06-30": "3.15", "2018-03-31": "2.81", "2017-12-31": "2.71", "2017-09-30": "3.01", "2017-06-30": "3.30", "2017-03-31": "2.80", "2016-12-31": "2.57", "2016-09-30": "2.73", "2016-06-30": "2.95", "2016-03-31": "2.50", "2015-12-31": "2.70", "2015-09-30": "3.48", "2015-06-30": "3.80", "2015-03-31": "1.91", "2014-12-31": "2.07", "2014-09-30": "2.41", "2014-06-30": "3.23", "2014-03-31": "3.97", "2013-12-31": "4.36", "2013-09-30": "5.07", "2013-06-30": "5.83", "2013-03-31": "4.73", "2012-12-31": "5.02", "2012-09-30": "4.79", "2012-06-30": "4.05", "2012-03-31": "3.56", "2011-12-31": "3.11", "2011-09-30": "4.18", "2011-06-30": "4.69", "2011-03-31": "3.45", "2010-12-31": "3.28", "2010-09-30": "4.82", "2010-06-30": "5.68", "2010-03-31": "3.42", "2009-12-31": "2.97", "2009-09-30": "3.41", "2009-06-30": "2.91", "2009-03-31": "2.44", "2008-12-31": "2.11", "2008-09-30": "3.59", "2008-06-30": "4.27", "2008-03-31": "2.88", "2007-12-31": "2.84", "2007-09-30": "3.25", "2007-06-30": "3.19", "2007-03-31": "3.33", "2006-12-31": "2.84", "2006-09-30": "3.29", "2006-06-30": "2.96", "2006-03-31": "2.06", "2005-12-31": "2.16", "2005-09-30": "2.67", "2005-06-30": "2.21", "2005-03-31": "2.15"}, "quick ratio": {"2020-09-30": "2.89", "2020-06-30": "3.23", "2020-03-31": "2.21", "2019-12-31": "2.11", "2019-09-30": "2.18", "2019-06-30": "1.47", "2019-03-31": "1.91", "2018-12-31": "1.77", "2018-09-30": "1.88", "2018-06-30": "2.15", "2018-03-31": "1.92", "2017-12-31": "1.82", "2017-09-30": "2.00", "2017-06-30": "2.09", "2017-03-31": "1.81", "2016-12-31": "1.56", "2016-09-30": "1.69", "2016-06-30": "1.72", "2016-03-31": "1.56", "2015-12-31": "1.77", "2015-09-30": "2.55", "2015-06-30": "2.99", "2015-03-31": "1.11", "2014-12-31": "1.34", "2014-09-30": "1.80", "2014-06-30": "2.49", "2014-03-31": "3.10", "2013-12-31": "3.47", "2013-09-30": "4.11", "2013-06-30": "4.81", "2013-03-31": "3.98", "2012-12-31": "4.21", "2012-09-30": "4.21", "2012-06-30": "3.23", "2012-03-31": "2.92", "2011-12-31": "2.47", "2011-09-30": "3.40", "2011-06-30": "3.82", "2011-03-31": "2.86", "2010-12-31": "2.81", "2010-09-30": "4.18", "2010-06-30": "4.87", "2010-03-31": "2.49", "2009-12-31": "2.20", "2009-09-30": "2.39", "2009-06-30": "1.80", "2009-03-31": "1.52", "2008-12-31": "1.49", "2008-09-30": "2.84", "2008-06-30": "3.41", "2008-03-31": "2.42", "2007-12-31": "2.36", "2007-09-30": "2.71", "2007-06-30": "2.60", "2007-03-31": "2.68", "2006-12-31": "2.36", "2006-09-30": "2.50", "2006-06-30": "2.22", "2006-03-31": "1.51", "2005-12-31": "1.66", "2005-09-30": "2.02", "2005-06-30": "1.57", "2005-03-31": "1.94"}, "debt equity ratio": {"current": "0.93", "2020-09-30": "1.30", "2020-06-30": "1.30", "2020-03-31": "1.40", "2019-12-31": "1.39", "2019-09-30": "1.40", "2019-06-30": "1.26", "2019-03-31": "1.32", "2018-12-31": "1.16", "2018-09-30": "1.16", "2018-06-30": "1.14", "2018-03-31": "1.20", "2017-12-31": "1.24", "2017-09-30": "1.11", "2017-06-30": "1.13", "2017-03-31": "1.21", "2016-12-31": "1.25", "2016-09-30": "1.28", "2016-06-30": "1.29", "2016-03-31": "1.37", "2015-12-31": "1.38", "2015-09-30": "1.32", "2015-06-30": "1.29", "2015-03-31": "0.98", "2014-12-31": "0.95", "2014-09-30": "0.96", "2014-06-30": "0.93", "2014-03-31": "0.97", "2013-12-31": "0.98", "2013-09-30": "1.02", "2013-06-30": "1.04", "2013-03-31": "1.12", "2012-12-31": "1.17", "2012-09-30": "0.64", "2012-06-30": "0.83", "2012-03-31": "0.89", "2011-12-31": "1.00", "2011-09-30": "0.94", "2011-06-30": "0.94", "2011-03-31": "1.05", "2010-12-31": "1.08", "2010-09-30": "0.95", "2010-06-30": "0.94", "2010-03-31": "0.53", "2009-12-31": "0.56", "2009-09-30": "0.55", "2009-06-30": "0.58", "2009-03-31": "0.62", "2008-12-31": "0.70", "2008-09-30": "0.63", "2008-06-30": "0.58", "2008-03-31": "0.69", "2007-12-31": "0.71", "2007-09-30": "0.63", "2007-06-30": "0.64", "2007-03-31": "0.70", "2006-12-31": "0.74", "2006-09-30": "0.72", "2006-06-30": "0.76", "2006-03-31": "0.71", "2005-12-31": "0.71", "2005-09-30": "0.69", "2005-06-30": "0.69", "2005-03-31": "0.49"}, "return on equity": {"2020-09-30": "18.68%", "2020-06-30": "17.12%", "2020-03-31": "19.25%", "2019-12-31": "21.84%", "2019-09-30": "21.85%", "2019-06-30": "21.73%", "2019-03-31": "22.03%", "2018-12-31": "23.56%", "2018-09-30": "14.97%", "2018-06-30": "15.48%", "2018-03-31": "13.90%", "2017-12-31": "11.56%", "2017-09-30": "19.04%", "2017-06-30": "16.36%", "2017-03-31": "15.54%", "2016-12-31": "13.75%", "2016-09-30": "12.09%", "2016-06-30": "10.36%", "2016-03-31": "11.57%", "2015-12-31": "13.16%", "2015-09-30": "17.87%", "2015-06-30": "21.51%", "2015-03-31": "22.10%", "2014-12-31": "22.74%", "2014-09-30": "24.01%", "2014-06-30": "24.86%", "2014-03-31": "26.37%", "2013-12-31": "30.41%", "2013-09-30": "34.02%", "2013-06-30": "29.83%", "2013-03-31": "34.38%", "2012-12-31": "37.83%", "2012-09-30": "39.37%", "2012-06-30": "55.35%", "2012-03-31": "59.44%", "2011-12-31": "57.86%", "2011-09-30": "57.19%", "2011-06-30": "50.49%", "2011-03-31": "42.22%", "2010-12-31": "39.92%", "2010-09-30": "36.64%", "2010-06-30": "35.79%", "2010-03-31": "33.05%", "2009-12-31": "25.96%", "2009-09-30": "12.77%", "2009-06-30": "15.59%", "2009-03-31": "25.13%", "2008-12-31": "36.66%", "2008-09-30": "46.65%", "2008-06-30": "51.21%", "2008-03-31": "55.91%", "2007-12-31": "56.66%", "2007-09-30": "66.21%", "2007-06-30": "66.55%", "2007-03-31": "62.06%", "2006-12-31": "60.67%", "2006-09-30": "55.07%", "2006-06-30": "51.29%", "2006-03-31": "48.16%", "2005-12-31": "49.56%"}, "return on assets": {"2020-09-30": "7.96%", "2020-06-30": "7.22%", "2020-03-31": "8.15%", "2019-12-31": "9.32%", "2019-09-30": "9.55%", "2019-06-30": "9.76%", "2019-03-31": "10.04%", "2018-12-31": "10.89%", "2018-09-30": "6.86%", "2018-06-30": "7.13%", "2018-03-31": "6.41%", "2017-12-31": "5.32%", "2017-09-30": "8.76%", "2017-06-30": "7.38%", "2017-03-31": "6.89%", "2016-12-31": "5.99%", "2016-09-30": "5.20%", "2016-06-30": "4.43%", "2016-03-31": "4.95%", "2015-12-31": "5.88%", "2015-09-30": "8.38%", "2015-06-30": "10.51%", "2015-03-31": "11.30%", "2014-12-31": "11.66%", "2014-09-30": "12.27%", "2014-06-30": "12.62%", "2014-03-31": "13.19%", "2013-12-31": "14.93%", "2013-09-30": "16.32%", "2013-06-30": "15.17%", "2013-03-31": "17.92%", "2012-12-31": "20.32%", "2012-09-30": "21.69%", "2012-06-30": "28.97%", "2012-03-31": "30.65%", "2011-12-31": "29.22%", "2011-09-30": "28.60%", "2011-06-30": "25.18%", "2011-03-31": "21.05%", "2010-12-31": "21.28%", "2010-09-30": "21.00%", "2010-06-30": "21.77%", "2010-03-31": "21.28%", "2009-12-31": "16.49%", "2009-09-30": "7.93%", "2009-06-30": "9.55%", "2009-03-31": "15.41%", "2008-12-31": "22.23%", "2008-09-30": "28.22%", "2008-06-30": "30.96%", "2008-03-31": "33.49%", "2007-12-31": "33.92%", "2007-09-30": "39.50%", "2007-06-30": "39.18%", "2007-03-31": "35.90%", "2006-12-31": "35.00%", "2006-09-30": "31.91%", "2006-06-30": "29.83%", "2006-03-31": "28.30%", "2005-12-31": "29.75%"}, "return on investments": {"2020-09-30": "20.00%", "2020-06-30": "18.35%", "2020-03-31": "19.77%", "2019-12-31": "21.26%", "2019-09-30": "21.54%", "2019-06-30": "21.76%", "2019-03-31": "22.27%", "2018-12-31": "23.04%", "2018-09-30": "24.92%", "2018-06-30": "24.89%", "2018-03-31": "22.88%", "2017-12-31": "21.35%", "2017-09-30": "18.52%", "2017-06-30": "16.11%", "2017-03-31": "15.16%", "2016-12-31": "13.47%", "2016-09-30": "11.17%", "2016-06-30": "10.56%", "2016-03-31": "11.53%", "2015-12-31": "12.79%", "2015-09-30": "16.38%", "2015-06-30": "19.55%", "2015-03-31": "21.40%", "2014-12-31": "22.53%", "2014-09-30": "23.40%", "2014-06-30": "23.94%", "2014-03-31": "23.96%", "2013-12-31": "26.58%", "2013-09-30": "29.33%", "2013-06-30": "28.09%", "2013-03-31": "33.35%", "2012-12-31": "37.85%", "2012-09-30": "41.76%", "2012-06-30": "52.70%", "2012-03-31": "55.52%", "2011-12-31": "53.50%", "2011-09-30": "52.98%", "2011-06-30": "48.05%", "2011-03-31": "41.45%", "2010-12-31": "41.51%", "2010-09-30": "38.67%", "2010-06-30": "39.96%", "2010-03-31": "38.98%", "2009-12-31": "30.60%", "2009-09-30": "17.44%", "2009-06-30": "20.71%", "2009-03-31": "29.96%", "2008-12-31": "43.00%", "2008-09-30": "56.61%", "2008-06-30": "60.63%", "2008-03-31": "67.27%", "2007-12-31": "66.02%", "2007-09-30": "72.23%", "2007-06-30": "71.63%", "2007-03-31": "63.95%", "2006-12-31": "63.71%", "2006-09-30": "58.34%", "2006-06-30": "54.35%", "2006-03-31": "51.76%", "2005-12-31": "55.30%"}, "return on tangible equity": {"2020-09-30": "19.09%", "2020-06-30": "17.50%", "2020-03-31": "19.68%", "2019-12-31": "22.33%", "2019-09-30": "22.34%", "2019-06-30": "22.23%", "2019-03-31": "22.54%", "2018-12-31": "24.11%", "2018-09-30": "15.33%", "2018-06-30": "15.85%", "2018-03-31": "14.23%", "2017-12-31": "11.84%", "2017-09-30": "19.51%", "2017-06-30": "16.78%", "2017-03-31": "15.96%", "2016-12-31": "14.13%", "2016-09-30": "12.44%", "2016-06-30": "10.69%", "2016-03-31": "11.91%", "2015-12-31": "13.52%", "2015-09-30": "18.32%", "2015-06-30": "21.95%", "2015-03-31": "22.54%", "2014-12-31": "23.19%", "2014-09-30": "24.48%", "2014-06-30": "25.36%", "2014-03-31": "26.91%", "2013-12-31": "31.05%", "2013-09-30": "34.76%", "2013-06-30": "30.44%", "2013-03-31": "35.10%", "2012-12-31": "38.66%", "2012-09-30": "40.27%", "2012-06-30": "56.80%", "2012-03-31": "61.06%", "2011-12-31": "59.50%", "2011-09-30": "58.83%", "2011-06-30": "51.98%", "2011-03-31": "43.49%", "2010-12-31": "41.12%", "2010-09-30": "37.75%", "2010-06-30": "36.89%", "2010-03-31": "34.10%", "2009-12-31": "26.82%", "2009-09-30": "13.21%", "2009-06-30": "16.11%", "2009-03-31": "25.94%", "2008-12-31": "37.79%", "2008-09-30": "48.05%", "2008-06-30": "52.73%", "2008-03-31": "57.59%", "2007-12-31": "58.40%", "2007-09-30": "68.29%", "2007-06-30": "68.75%", "2007-03-31": "64.25%", "2006-12-31": "62.91%", "2006-09-30": "57.17%", "2006-06-30": "53.29%", "2006-03-31": "50.01%", "2005-12-31": "51.63%"}, "dividend yield history": {"last payout": "$2.00", "last yield": "2.80%"}}