{"ticker": "SPB", "price": {"title": "Spectrum Brands Holdings Historical Annual Stock Price Data", "value": 82.77, "historical": {"2021": {"Average Stock Price": "79.5008", "Year Open": "78.1000", "Year High": "82.7700", "Year Low": "75.5700", "Year Close": "82.7700", "Annual % Change": "4.80%"}, "2020": {"Average Stock Price": "54.2811", "Year Open": "63.7300", "Year High": "78.9800", "Year Low": "24.3600", "Year Close": "78.9800", "Annual % Change": "22.85%"}, "2019": {"Average Stock Price": "55.4365", "Year Open": "43.4200", "Year High": "65.7500", "Year Low": "43.4200", "Year Close": "64.2900", "Annual % Change": "52.17%"}, "2018": {"Average Stock Price": "82.0137", "Year Open": "102.7898", "Year High": "118.3509", "Year Low": "41.6800", "Year Close": "42.2500", "Annual % Change": "-59.79%"}, "2017": {"Average Stock Price": "106.3670", "Year Open": "95.9702", "Year High": "124.4265", "Year Low": "88.4067", "Year Close": "105.0837", "Annual % Change": "8.93%"}, "2016": {"Average Stock Price": "87.3734", "Year Open": "82.0211", "Year High": "100.9299", "Year Low": "64.1042", "Year Close": "96.4662", "Annual % Change": "14.75%"}, "2015": {"Average Stock Price": "79.7555", "Year Open": "86.3608", "Year High": "90.0806", "Year Low": "70.9857", "Year Close": "84.0670", "Annual % Change": "-4.24%"}, "2014": {"Average Stock Price": "76.8365", "Year Open": "74.3335", "Year High": "88.3447", "Year Low": "68.7539", "Year Close": "87.7867", "Annual % Change": "19.49%"}, "2013": {"Average Stock Price": "56.9101", "Year Open": "47.9851", "Year High": "74.3955", "Year Low": "45.8772", "Year Close": "73.4656", "Annual % Change": "54.10%"}, "2012": {"Average Stock Price": "42.6820", "Year Open": "25.3565", "Year High": "65.7161", "Year Low": "25.2325", "Year Close": "47.6751", "Annual % Change": "91.77%"}, "2011": {"Average Stock Price": "33.0202", "Year Open": "38.0657", "Year High": "40.0496", "Year Low": "24.8605", "Year Close": "24.8605", "Annual % Change": "-35.22%"}, "2010": {"Average Stock Price": "38.5307", "Year Open": "44.6993", "Year High": "46.0632", "Year Low": "26.8444", "Year Close": "38.3757", "Annual % Change": "-11.82%"}, "2009": {"Average Stock Price": "41.4991", "Year Open": "37.5077", "Year High": "46.8692", "Year Low": "34.4079", "Year Close": "43.5214", "Annual % Change": "16.42%"}, "2008": {"Average Stock Price": "42.1067", "Year Open": "45.3193", "Year High": "45.3193", "Year Low": "35.0279", "Year Close": "37.3838", "Annual % Change": "-17.62%"}, "2007": {"Average Stock Price": "43.5093", "Year Open": "43.0254", "Year High": "45.3813", "Year Low": "41.2895", "Year Close": "45.3813", "Annual % Change": "4.57%"}, "2006": {"Average Stock Price": "40.7286", "Year Open": "36.0818", "Year High": "46.1872", "Year Low": "35.9578", "Year Close": "43.3974", "Annual % Change": "21.32%"}, "2005": {"Average Stock Price": "46.5245", "Year Open": "47.1172", "Year High": "58.0905", "Year Low": "35.7719", "Year Close": "35.7719", "Annual % Change": "-22.94%"}, "2004": {"Average Stock Price": "45.9360", "Year Open": "43.6299", "Year High": "53.4718", "Year Low": "39.3289", "Year Close": "46.4197", "Annual % Change": "3.29%"}, "2003": {"Average Stock Price": "36.2453", "Year Open": "23.7911", "Year High": "47.1947", "Year Low": "23.7911", "Year Close": "44.9396", "Annual % Change": "89.82%"}, "2002": {"Average Stock Price": "21.3314", "Year Open": "21.1562", "Year High": "25.2635", "Year Low": "15.4991", "Year Close": "23.6748", "Annual % Change": "5.34%"}, "2001": {"Average Stock Price": "15.2823", "Year Open": "13.0967", "Year High": "22.4737", "Year Low": "12.2443", "Year Close": "22.4737", "Annual % Change": "85.90%"}, "2000": {"Average Stock Price": "27.5994", "Year Open": "37.2753", "Year High": "49.9070", "Year Low": "10.6944", "Year Close": "12.0893", "Annual % Change": "-66.31%"}, "1999": {"Average Stock Price": "59.2123", "Year Open": "97.8766", "Year High": "114.3056", "Year Low": "35.8803", "Year Close": "35.8803", "Annual % Change": "-62.20%"}, "1998": {"Average Stock Price": "87.6018", "Year Open": "52.3094", "Year High": "176.7669", "Year Low": "50.3720", "Year Close": "94.9318", "Annual % Change": "81.48%"}, "1997": {"Average Stock Price": "42.2950", "Year Open": "32.9355", "Year High": "60.0589", "Year Low": "30.9981", "Year Close": "52.3094", "Annual % Change": "58.82%"}, "1996": {"Average Stock Price": "27.4575", "Year Open": "25.1860", "Year High": "32.9355", "Year Low": "23.2486", "Year Close": "32.9355", "Annual % Change": "35.78%"}, "1995": {"Average Stock Price": "28.3335", "Year Open": "29.0608", "Year High": "34.8729", "Year Low": "20.3813", "Year Close": "24.2560", "Annual % Change": "-13.77%"}, "1994": {"Average Stock Price": "38.6480", "Year Open": "48.4346", "Year High": "53.0843", "Year Low": "26.1934", "Year Close": "28.1308", "Annual % Change": "-41.92%"}, "1993": {"Average Stock Price": "43.3331", "Year Open": "31.3856", "Year High": "62.7712", "Year Low": "29.0608", "Year Close": "48.4346", "Annual % Change": "43.68%"}, "1992": {"Average Stock Price": "39.5684", "Year Open": "19.3738", "Year High": "58.1215", "Year Low": "19.3738", "Year Close": "33.7105", "Annual % Change": "74.00%"}, "1991": {"Average Stock Price": "31.2692", "Year Open": "36.4228", "Year High": "53.0843", "Year Low": "19.3738", "Year Close": "19.3738", "Annual % Change": "0.00%"}, "1990": {"Average Stock Price": "71.5974", "Year Open": "116.2430", "Year High": "135.6169", "Year Low": "13.1742", "Year Close": "19.3738", "Annual % Change": "-85.71%"}, "1989": {"Average Stock Price": "109.1147", "Year Open": "87.1823", "Year High": "159.6404", "Year Low": "82.1451", "Year Close": "135.6169", "Annual % Change": "65.09%"}, "1988": {"Average Stock Price": "110.4814", "Year Open": "101.5189", "Year High": "140.2666", "Year Low": "82.1451", "Year Close": "82.1451", "Annual % Change": "-19.08%"}, "1987": {"Average Stock Price": "166.2229", "Year Open": "120.8927", "Year High": "266.1965", "Year Low": "91.8320", "Year Close": "101.5189", "Annual % Change": "-12.67%"}, "1986": {"Average Stock Price": "156.6202", "Year Open": "300.2945", "Year High": "334.0050", "Year Low": "91.8320", "Year Close": "116.2430", "Annual % Change": "-60.63%"}, "1985": {"Average Stock Price": "437.7657", "Year Open": "629.6497", "Year High": "653.6733", "Year Low": "251.8599", "Year Close": "295.2573", "Annual % Change": "-53.45%"}, "1984": {"Average Stock Price": "741.0822", "Year Open": "639.3366", "Year High": "949.3180", "Year Low": "595.5518", "Year Close": "634.2994", "Annual % Change": "-2.96%"}}}, "market cap": {"value": "$3.53B"}, "income statement": {"Revenue": {"2020-09-30": "3964.20000", "2019-09-30": "3802.10000", "2018-09-30": "3808.70000", "2017-09-30": "3706.50000", "2016-09-30": "3038.30000", "2015-09-30": "4753.80000", "2014-09-30": "4634.70000", "2013-09-30": "5543.40000", "2012-09-30": "4480.70000", "2011-09-30": "3477.70000", "2010-12-31": "", "2010-09-30": "2567.01100", "2009-12-31": "", "2009-09-30": "2230.53600", "2008-12-31": "", "2007-12-31": "", "2006-12-31": "", "2005-12-31": ""}, "Cost Of Goods Sold": {"2020-09-30": "2594.30000", "2019-09-30": "2495.20000", "2018-09-30": "2474.40000", "2017-09-30": "2370.10000", "2016-09-30": "1791.70000", "2015-09-30": "3050.90000", "2014-09-30": "2875.60000", "2013-09-30": "2739.30000", "2012-09-30": "2136.80000", "2011-09-30": "2058.00000", "2010-12-31": "", "2010-09-30": "1645.60100", "2009-12-31": "", "2009-09-30": "1414.31700", "2008-12-31": "", "2007-12-31": "", "2006-12-31": "", "2005-12-31": ""}, "Gross Profit": {"2020-09-30": "1369.90000", "2019-09-30": "1306.90000", "2018-09-30": "1334.30000", "2017-09-30": "1336.40000", "2016-09-30": "1246.60000", "2015-09-30": "1702.90000", "2014-09-30": "1759.10000", "2013-09-30": "2804.10000", "2012-09-30": "2343.90000", "2011-09-30": "1419.70000", "2010-12-31": "", "2010-09-30": "921.41000", "2009-12-31": "", "2009-09-30": "816.21890", "2008-12-31": "", "2007-12-31": "", "2006-12-31": "", "2005-12-31": ""}, "Research And Development Expenses": {"2020-09-30": "41.80000", "2019-09-30": "43.50000", "2018-09-30": "44.60000", "2017-09-30": "44.60000", "2016-09-30": "27.00000", "2015-09-30": "", "2014-09-30": "", "2013-09-30": "", "2012-09-30": "", "2011-09-30": "", "2010-12-31": "", "2010-09-30": "", "2009-12-31": "", "2009-09-30": "", "2008-12-31": "", "2007-12-31": "", "2006-12-31": "", "2005-12-31": ""}, "SG&A Expenses": {"2020-09-30": "952.30000", "2019-09-30": "955.10000", "2018-09-30": "943.00000", "2017-09-30": "933.30000", "2016-09-30": "823.40000", "2015-09-30": "1523.80000", "2014-09-30": "1181.00000", "2013-09-30": "1216.60000", "2012-09-30": "932.70000", "2011-09-30": "961.80000", "2010-12-31": "18.84600", "2010-09-30": "760.95600", "2009-12-31": "6.29000", "2009-09-30": "659.30600", "2008-12-31": "3.23700", "2007-12-31": "3.38800", "2006-12-31": "4.73000", "2005-12-31": "5.51700"}, "Other Operating Income Or Expenses": {"2020-09-30": "-49.90000", "2019-09-30": "-21.80000", "2018-09-30": "-30.20000", "2017-09-30": "-17.70000", "2016-09-30": "", "2015-09-30": "", "2014-09-30": "-69.00000", "2013-09-30": "-590.00000", "2012-09-30": "-777.40000", "2011-09-30": "-247.60000", "2010-12-31": "", "2010-09-30": "", "2009-12-31": "", "2009-09-30": "", "2008-12-31": "", "2007-12-31": "", "2006-12-31": "", "2005-12-31": ""}, "Operating Expenses": {"2020-09-30": "3720.80000", "2019-09-30": "3729.90000", "2018-09-30": "3584.50000", "2017-09-30": "3419.00000", "2016-09-30": "2703.40000", "2015-09-30": "4574.70000", "2014-09-30": "4207.30000", "2013-09-30": "4806.00000", "2012-09-30": "4071.20000", "2011-09-30": "3314.00000", "2010-12-31": "18.84600", "2010-09-30": "2406.55700", "2009-12-31": "6.29000", "2009-09-30": "2073.62300", "2008-12-31": "3.23700", "2007-12-31": "3.38800", "2006-12-31": "4.73000", "2005-12-31": "5.51700"}, "Operating Income": {"2020-09-30": "243.39990", "2019-09-30": "72.20040", "2018-09-30": "224.19970", "2017-09-30": "287.49980", "2016-09-30": "334.90010", "2015-09-30": "179.09960", "2014-09-30": "427.40040", "2013-09-30": "737.39990", "2012-09-30": "409.50000", "2011-09-30": "163.69970", "2010-12-31": "-18.84600", "2010-09-30": "160.45410", "2009-12-31": "-6.29000", "2009-09-30": "156.91280", "2008-12-31": "-3.23700", "2007-12-31": "-3.38800", "2006-12-31": "-4.73000", "2005-12-31": "-5.51700"}, "Total Non-Operating Income/Expense": {"2020-09-30": "-88.00000", "2019-09-30": "-266.00000", "2018-09-30": "-259.90000", "2017-09-30": "-315.40000", "2016-09-30": "-325.70000", "2015-09-30": "-359.20000", "2014-09-30": "-323.40000", "2013-09-30": "-619.10000", "2012-09-30": "-384.10000", "2011-09-30": "-105.80000", "2010-12-31": "-4.22000", "2010-09-30": "-285.47400", "2009-12-31": "1.50900", "2009-09-30": "-1331.25300", "2008-12-31": "3.12600", "2007-12-31": "8.25100", "2006-12-31": "4.63900", "2005-12-31": "1.42200"}, "Pre-Tax Income": {"2020-09-30": "155.40000", "2019-09-30": "-193.80000", "2018-09-30": "-35.70000", "2017-09-30": "-27.90000", "2016-09-30": "9.20000", "2015-09-30": "-180.10000", "2014-09-30": "104.00000", "2013-09-30": "118.30000", "2012-09-30": "25.40000", "2011-09-30": "57.90000", "2010-12-31": "-23.06600", "2010-09-30": "-132.31200", "2009-12-31": "-4.78100", "2009-09-30": "1103.35400", "2008-12-31": "-0.11100", "2007-12-31": "4.86300", "2006-12-31": "-0.09100", "2005-12-31": "-4.09500"}, "Income Taxes": {"2020-09-30": "70.90000", "2019-09-30": "-7.10000", "2018-09-30": "-462.70000", "2017-09-30": "-11.80000", "2016-09-30": "-58.40000", "2015-09-30": "39.60000", "2014-09-30": "89.60000", "2013-09-30": "187.30000", "2012-09-30": "-85.30000", "2011-09-30": "50.60000", "2010-12-31": "-0.75800", "2010-09-30": "63.19500", "2009-12-31": "8.56600", "2009-09-30": "73.80400", "2008-12-31": "-0.09800", "2007-12-31": "2.31300", "2006-12-31": "0.18300", "2005-12-31": "-0.98200"}, "Income After Taxes": {"2020-09-30": "84.50000", "2019-09-30": "-186.70000", "2018-09-30": "427.00000", "2017-09-30": "-16.10000", "2016-09-30": "67.60000", "2015-09-30": "-219.70000", "2014-09-30": "14.40000", "2013-09-30": "-69.00000", "2012-09-30": "110.70000", "2011-09-30": "7.30000", "2010-12-31": "-22.30800", "2010-09-30": "-195.50700", "2009-12-31": "-13.34700", "2009-09-30": "1029.55000", "2008-12-31": "-0.01300", "2007-12-31": "2.55000", "2006-12-31": "-0.27400", "2005-12-31": "-3.11300"}, "Other Income": {"2020-09-30": "", "2019-09-30": "", "2018-09-30": "", "2017-09-30": "", "2016-09-30": "", "2015-09-30": "", "2014-09-30": "", "2013-09-30": "", "2012-09-30": "", "2011-09-30": "", "2010-12-31": "", "2010-09-30": "", "2009-12-31": "", "2009-09-30": "", "2008-12-31": "", "2007-12-31": "", "2006-12-31": "", "2005-12-31": ""}, "Income From Continuous Operations": {"2020-09-30": "84.50000", "2019-09-30": "-186.70000", "2018-09-30": "427.00000", "2017-09-30": "-16.10000", "2016-09-30": "67.60000", "2015-09-30": "-219.70000", "2014-09-30": "14.40000", "2013-09-30": "-69.00000", "2012-09-30": "110.70000", "2011-09-30": "7.30000", "2010-12-31": "-22.30800", "2010-09-30": "-195.50700", "2009-12-31": "-13.34700", "2009-09-30": "1029.55000", "2008-12-31": "-0.01300", "2007-12-31": "2.55000", "2006-12-31": "-0.27300", "2005-12-31": "-3.11200"}, "Income From Discontinued Operations": {"2020-09-30": "14.00000", "2019-09-30": "682.50000", "2018-09-30": "445.00000", "2017-09-30": "289.30000", "2016-09-30": "-101.50000", "2015-09-30": "-292.70000", "2014-09-30": "87.30000", "2013-09-30": "", "2012-09-30": "", "2011-09-30": "", "2010-12-31": "", "2010-09-30": "-2.73500", "2009-12-31": "", "2009-09-30": "-86.39400", "2008-12-31": "", "2007-12-31": "", "2006-12-31": "-4.39000", "2005-12-31": "-6.06400"}, "Net Income": {"2020-09-30": "97.80000", "2019-09-30": "494.50000", "2018-09-30": "768.30000", "2017-09-30": "106.00000", "2016-09-30": "-198.80000", "2015-09-30": "-556.80000", "2014-09-30": "-83.90000", "2013-09-30": "-94.20000", "2012-09-30": "29.90000", "2011-09-30": "22.20000", "2010-12-31": "-22.30500", "2010-09-30": "-151.86900", "2009-12-31": "-13.34400", "2009-09-30": "943.15600", "2008-12-31": "-0.01200", "2007-12-31": "2.55100", "2006-12-31": "-4.66300", "2005-12-31": "-9.17600"}, "EBITDA": {"2020-09-30": "422.49990", "2019-09-30": "414.30040", "2018-09-30": "389.39970", "2017-09-30": "468.49980", "2016-09-30": "489.80010", "2015-09-30": "432.29960", "2014-09-30": "606.40040", "2013-09-30": "1133.90000", "2012-09-30": "778.80000", "2011-09-30": "339.39970", "2010-12-31": "-18.48800", "2010-09-30": "288.54710", "2009-12-31": "-6.28300", "2009-09-30": "272.33180", "2008-12-31": "-3.23700", "2007-12-31": "-3.38500", "2006-12-31": "-4.71200", "2005-12-31": "-5.48000"}, "EBIT": {"2020-09-30": "243.39990", "2019-09-30": "72.20040", "2018-09-30": "224.19970", "2017-09-30": "287.49980", "2016-09-30": "334.90010", "2015-09-30": "179.09960", "2014-09-30": "427.40040", "2013-09-30": "737.39990", "2012-09-30": "409.50000", "2011-09-30": "163.69970", "2010-12-31": "-18.84600", "2010-09-30": "160.45410", "2009-12-31": "-6.29000", "2009-09-30": "156.91280", "2008-12-31": "-3.23700", "2007-12-31": "-3.38800", "2006-12-31": "-4.73000", "2005-12-31": "-5.51700"}, "Basic Shares Outstanding": {"2020-09-30": "44.70000", "2019-09-30": "50.70000", "2018-09-30": "36.90000", "2017-09-30": "32.20000", "2016-09-30": "32.00000", "2015-09-30": "31.96030", "2014-09-30": "26.28240", "2013-09-30": "22.55880", "2012-09-30": "22.47810", "2011-09-30": "22.45830", "2010-12-31": "3.11080", "2010-09-30": "21.35600", "2009-12-31": "3.10990", "2009-09-30": "29.18010", "2008-12-31": "3.10920", "2007-12-31": "3.10290", "2006-12-31": "3.09360", "2005-12-31": "3.08660"}, "Shares Outstanding": {"2020-09-30": "44.90000", "2019-09-30": "50.70000", "2018-09-30": "37.00000", "2017-09-30": "32.20000", "2016-09-30": "32.00000", "2015-09-30": "31.96030", "2014-09-30": "26.28240", "2013-09-30": "22.55880", "2012-09-30": "22.55260", "2011-09-30": "25.54730", "2010-12-31": "3.11080", "2010-09-30": "21.35600", "2009-12-31": "3.10990", "2009-09-30": "29.18010", "2008-12-31": "3.10920", "2007-12-31": "3.13280", "2006-12-31": "3.09360", "2005-12-31": "3.08660"}, "Basic EPS": {"2020-09-30": "2.19000", "2019-09-30": "9.76000", "2018-09-30": "20.79000", "2017-09-30": "3.29000", "2016-09-30": "-6.21000", "2015-09-30": "-17.42100", "2014-09-30": "-3.16180", "2013-09-30": "-4.15380", "2012-09-30": "0.92990", "2011-09-30": "0.68200", "2010-12-31": "-7.19160", "2010-09-30": "-7.12960", "2009-12-31": "-4.27770", "2009-09-30": "32.32490", "2008-12-31": "0.00000", "2007-12-31": "0.80600", "2006-12-31": "-1.48790", "2005-12-31": "-2.97580"}, "EPS - Earnings Per Share": {"2020-09-30": "2.18000", "2019-09-30": "9.76000", "2018-09-30": "20.74000", "2017-09-30": "3.29000", "2016-09-30": "-6.21000", "2015-09-30": "-17.42100", "2014-09-30": "-3.16180", "2013-09-30": "-4.15380", "2012-09-30": "0.92990", "2011-09-30": "0.55800", "2010-12-31": "-7.19160", "2010-09-30": "-7.12960", "2009-12-31": "-4.27770", "2009-09-30": "32.32490", "2008-12-31": "0.00000", "2007-12-31": "0.80600", "2006-12-31": "-1.48790", "2005-12-31": "-2.97580"}}, "income statement, quarterly": {"Revenue": {"2020-09-30": "1170.60000", "2020-06-30": "984.30000", "2020-03-31": "937.80000", "2019-12-31": "871.50000", "2019-09-30": "992.90020", "2019-06-30": "1022.20000", "2019-03-31": "906.70000", "2018-12-31": "880.30000", "2018-09-30": "977.09990", "2018-06-30": "1029.40000", "2018-03-31": "882.60000", "2017-12-31": "919.60000", "2017-09-30": "1483.80000", "2017-06-30": "863.00000", "2017-03-31": "757.40000", "2016-12-31": "602.30000", "2016-09-30": "-801.20010", "2016-06-30": "1362.80000", "2016-03-31": "1267.30000", "2015-12-31": "1209.40000", "2015-09-30": "1241.00000", "2015-06-30": "1227.20000", "2015-03-31": "1143.80000", "2014-12-31": "1141.80000", "2014-09-30": "184.10030", "2014-06-30": "1599.40000", "2014-03-31": "1341.20000", "2013-12-31": "1510.00000", "2013-09-30": "1500.80000", "2013-06-30": "1409.20000", "2013-03-31": "1411.10000", "2012-12-31": "1222.30000", "2012-09-30": "1196.80000", "2012-06-30": "1012.20000", "2012-03-31": "1105.70000", "2011-12-31": "1166.00000", "2011-09-30": "888.45890", "2011-06-30": "1034.29000", "2011-03-31": "693.88500", "2010-12-31": "", "2010-09-30": "", "2010-06-30": "653.48600", "2010-03-31": "532.58600", "2009-12-31": "", "2009-09-30": "", "2009-06-30": "", "2009-03-31": "", "2008-12-31": "", "2008-09-30": "", "2008-06-30": "", "2008-03-31": "", "2007-12-31": "", "2007-09-30": "", "2007-06-30": "", "2007-03-31": "", "2006-12-31": "", "2006-09-30": "", "2006-06-30": "", "2006-03-31": "", "2005-12-31": "", "2005-09-30": "31.41800", "2005-06-30": "27.51000", "2005-03-31": "23.83100"}, "Cost Of Goods Sold": {"2020-09-30": "747.60000", "2020-06-30": "635.40000", "2020-03-31": "608.90000", "2019-12-31": "602.40000", "2019-09-30": "658.20000", "2019-06-30": "661.20000", "2019-03-31": "601.20000", "2018-12-31": "574.60000", "2018-09-30": "629.90010", "2018-06-30": "666.70000", "2018-03-31": "576.60000", "2017-12-31": "601.20000", "2017-09-30": "1019.70000", "2017-06-30": "542.70000", "2017-03-31": "445.60000", "2016-12-31": "362.10000", "2016-09-30": "-564.10000", "2016-06-30": "830.90000", "2016-03-31": "746.80000", "2015-12-31": "778.10000", "2015-09-30": "774.49980", "2015-06-30": "813.60000", "2015-03-31": "730.30000", "2014-12-31": "732.50000", "2014-09-30": "728.30000", "2014-06-30": "732.60000", "2014-03-31": "679.20000", "2013-12-31": "735.50000", "2013-09-30": "758.40000", "2013-06-30": "725.10000", "2013-03-31": "673.70000", "2012-12-31": "582.10000", "2012-09-30": "552.70010", "2012-06-30": "533.10000", "2012-03-31": "486.30000", "2011-12-31": "564.70000", "2011-09-30": "546.78490", "2011-06-30": "510.94100", "2011-03-31": "438.44600", "2010-12-31": "", "2010-09-30": "", "2010-06-30": "400.61700", "2010-03-31": "323.00600", "2009-12-31": "", "2009-09-30": "", "2009-06-30": "", "2009-03-31": "", "2008-12-31": "", "2008-09-30": "", "2008-06-30": "", "2008-03-31": "", "2007-12-31": "", "2007-09-30": "", "2007-06-30": "", "2007-03-31": "", "2006-12-31": "", "2006-09-30": "", "2006-06-30": "", "2006-03-31": "", "2005-12-31": "", "2005-09-30": "24.03200", "2005-06-30": "23.69300", "2005-03-31": "20.77500"}, "Gross Profit": {"2020-09-30": "422.99990", "2020-06-30": "348.90000", "2020-03-31": "328.90000", "2019-12-31": "269.10000", "2019-09-30": "334.70020", "2019-06-30": "361.00000", "2019-03-31": "305.50000", "2018-12-31": "305.70000", "2018-09-30": "347.19980", "2018-06-30": "362.70000", "2018-03-31": "305.99990", "2017-12-31": "318.40000", "2017-09-30": "464.09990", "2017-06-30": "320.30000", "2017-03-31": "311.80000", "2016-12-31": "240.20000", "2016-09-30": "-237.10000", "2016-06-30": "531.90000", "2016-03-31": "520.50010", "2015-12-31": "431.30000", "2015-09-30": "466.50000", "2015-06-30": "413.60000", "2015-03-31": "413.50010", "2014-12-31": "409.30000", "2014-09-30": "-544.19970", "2014-06-30": "866.80000", "2014-03-31": "662.00000", "2013-12-31": "774.50000", "2013-09-30": "742.40000", "2013-06-30": "684.10000", "2013-03-31": "737.40000", "2012-12-31": "640.20010", "2012-09-30": "644.10020", "2012-06-30": "479.10000", "2012-03-31": "619.40000", "2011-12-31": "601.30000", "2011-09-30": "341.67400", "2011-06-30": "523.34900", "2011-03-31": "255.43900", "2010-12-31": "", "2010-09-30": "", "2010-06-30": "252.86900", "2010-03-31": "209.58000", "2009-12-31": "", "2009-09-30": "", "2009-06-30": "", "2009-03-31": "", "2008-12-31": "", "2008-09-30": "", "2008-06-30": "", "2008-03-31": "", "2007-12-31": "", "2007-09-30": "", "2007-06-30": "", "2007-03-31": "", "2006-12-31": "", "2006-09-30": "", "2006-06-30": "", "2006-03-31": "", "2005-12-31": "", "2005-09-30": "7.38600", "2005-06-30": "3.81700", "2005-03-31": "3.05600"}, "Research And Development Expenses": {"2020-09-30": "12.10000", "2020-06-30": "9.70000", "2020-03-31": "10.10000", "2019-12-31": "9.90000", "2019-09-30": "10.70000", "2019-06-30": "10.50000", "2019-03-31": "11.20000", "2018-12-31": "11.10000", "2018-09-30": "10.80000", "2018-06-30": "10.80000", "2018-03-31": "11.50000", "2017-12-31": "11.50000", "2017-09-30": "37.40000", "2017-06-30": "7.20000", "2017-03-31": "", "2016-12-31": "", "2016-09-30": "", "2016-06-30": "", "2016-03-31": "", "2015-12-31": "", "2015-09-30": "", "2015-06-30": "", "2015-03-31": "", "2014-12-31": "", "2014-09-30": "", "2014-06-30": "", "2014-03-31": "", "2013-12-31": "", "2013-09-30": "", "2013-06-30": "", "2013-03-31": "", "2012-12-31": "", "2012-09-30": "", "2012-06-30": "", "2012-03-31": "", "2011-12-31": "", "2011-09-30": "", "2011-06-30": "", "2011-03-31": "", "2010-12-31": "", "2010-09-30": "", "2010-06-30": "", "2010-03-31": "", "2009-12-31": "", "2009-09-30": "", "2009-06-30": "", "2009-03-31": "", "2008-12-31": "", "2008-09-30": "", "2008-06-30": "", "2008-03-31": "", "2007-12-31": "", "2007-09-30": "", "2007-06-30": "", "2007-03-31": "", "2006-12-31": "", "2006-09-30": "", "2006-06-30": "", "2006-03-31": "", "2005-12-31": "", "2005-09-30": "", "2005-06-30": "", "2005-03-31": ""}, "SG&A Expenses": {"2020-09-30": "269.00000", "2020-06-30": "224.90000", "2020-03-31": "231.90000", "2019-12-31": "226.50000", "2019-09-30": "232.50000", "2019-06-30": "232.70000", "2019-03-31": "235.00000", "2018-12-31": "254.90000", "2018-09-30": "251.30000", "2018-06-30": "223.20000", "2018-03-31": "235.00000", "2017-12-31": "233.50000", "2017-09-30": "320.70000", "2017-06-30": "197.20000", "2017-03-31": "216.50000", "2016-12-31": "198.90000", "2016-09-30": "-186.60000", "2016-06-30": "343.80000", "2016-03-31": "335.50000", "2015-12-31": "330.70000", "2015-09-30": "493.80000", "2015-06-30": "369.60000", "2015-03-31": "324.20000", "2014-12-31": "336.20000", "2014-09-30": "200.80000", "2014-06-30": "332.20000", "2014-03-31": "330.90000", "2013-12-31": "317.10000", "2013-09-30": "339.20000", "2013-06-30": "309.30000", "2013-03-31": "313.50000", "2012-12-31": "254.60000", "2012-09-30": "496.20000", "2012-06-30": "213.60000", "2012-03-31": "222.90000", "2011-12-31": "", "2011-09-30": "271.30690", "2011-06-30": "222.93900", "2011-03-31": "233.01000", "2010-12-31": "", "2010-09-30": "", "2010-06-30": "193.78100", "2010-03-31": "163.80900", "2009-12-31": "", "2009-09-30": "", "2009-06-30": "1.17300", "2009-03-31": "1.20000", "2008-12-31": "", "2008-09-30": "", "2008-06-30": "0.68800", "2008-03-31": "0.86500", "2007-12-31": "", "2007-09-30": "", "2007-06-30": "0.71100", "2007-03-31": "0.95900", "2006-12-31": "", "2006-09-30": "", "2006-06-30": "2.00800", "2006-03-31": "1.51800", "2005-12-31": "", "2005-09-30": "", "2005-06-30": "4.38700", "2005-03-31": "4.44200"}, "Other Operating Income Or Expenses": {"2020-09-30": "-5.60000", "2020-06-30": "-7.20000", "2020-03-31": "-0.20000", "2019-12-31": "-36.90000", "2019-09-30": "-5.40000", "2019-06-30": "-4.80000", "2019-03-31": "-5.30000", "2018-12-31": "-6.30000", "2018-09-30": "-15.10000", "2018-06-30": "-5.50000", "2018-03-31": "-9.60000", "2017-12-31": "", "2017-09-30": "", "2017-06-30": "", "2017-03-31": "", "2016-12-31": "", "2016-09-30": "", "2016-06-30": "", "2016-03-31": "-42.50000", "2015-12-31": "-0.80000", "2015-09-30": "", "2015-06-30": "-96.20000", "2015-03-31": "-245.20000", "2014-12-31": "-267.60000", "2014-09-30": "708.00000", "2014-06-30": "-264.80000", "2014-03-31": "-277.50000", "2013-12-31": "-234.70000", "2013-09-30": "-158.30000", "2013-06-30": "-107.20000", "2013-03-31": "-240.90000", "2012-12-31": "-83.60000", "2012-09-30": "38.20000", "2012-06-30": "-141.00000", "2012-03-31": "-241.80000", "2011-12-31": "-432.80000", "2011-09-30": "-89.04600", "2011-06-30": "-158.55400", "2011-03-31": "", "2010-12-31": "", "2010-09-30": "", "2010-06-30": "", "2010-03-31": "", "2009-12-31": "", "2009-09-30": "", "2009-06-30": "", "2009-03-31": "", "2008-12-31": "", "2008-09-30": "", "2008-06-30": "", "2008-03-31": "", "2007-12-31": "", "2007-09-30": "", "2007-06-30": "", "2007-03-31": "", "2006-12-31": "", "2006-09-30": "", "2006-06-30": "", "2006-03-31": "", "2005-12-31": "", "2005-09-30": "-13.18300", "2005-06-30": "", "2005-03-31": ""}, "Operating Expenses": {"2020-09-30": "1043.60000", "2020-06-30": "889.70000", "2020-03-31": "870.10000", "2019-12-31": "917.40010", "2019-09-30": "1080.29900", "2019-06-30": "929.40000", "2019-03-31": "865.10000", "2018-12-31": "855.10000", "2018-09-30": "942.30010", "2018-06-30": "922.60000", "2018-03-31": "851.30000", "2017-12-31": "868.30000", "2017-09-30": "1433.60000", "2017-06-30": "762.30000", "2017-03-31": "662.10000", "2016-12-31": "561.00000", "2016-09-30": "-705.70020", "2016-06-30": "1174.70000", "2016-03-31": "1124.80000", "2015-12-31": "1109.60000", "2015-09-30": "595.30040", "2015-06-30": "1301.70000", "2015-03-31": "1320.90000", "2014-12-31": "1356.80000", "2014-09-30": "181.29980", "2014-06-30": "1370.30000", "2014-03-31": "1325.00000", "2013-12-31": "1330.70000", "2013-09-30": "1295.40000", "2013-06-30": "1226.60000", "2013-03-31": "1277.10000", "2012-12-31": "1006.90000", "2012-09-30": "1076.50000", "2012-06-30": "930.70000", "2012-03-31": "1009.80000", "2011-12-31": "1054.20000", "2011-09-30": "932.39830", "2011-06-30": "913.77400", "2011-03-31": "671.45600", "2010-12-31": "", "2010-09-30": "", "2010-06-30": "594.39800", "2010-03-31": "486.81500", "2009-12-31": "", "2009-09-30": "", "2009-06-30": "1.17300", "2009-03-31": "1.20000", "2008-12-31": "", "2008-09-30": "", "2008-06-30": "0.68800", "2008-03-31": "0.86500", "2007-12-31": "", "2007-09-30": "", "2007-06-30": "0.71100", "2007-03-31": "0.95900", "2006-12-31": "", "2006-09-30": "", "2006-06-30": "2.00800", "2006-03-31": "1.51800", "2005-12-31": "", "2005-09-30": "", "2005-06-30": "28.08000", "2005-03-31": "25.21700"}, "Operating Income": {"2020-09-30": "127.00000", "2020-06-30": "94.60000", "2020-03-31": "67.70000", "2019-12-31": "-45.90010", "2019-09-30": "-87.39910", "2019-06-30": "92.80000", "2019-03-31": "41.60000", "2018-12-31": "25.20000", "2018-09-30": "34.79970", "2018-06-30": "106.80000", "2018-03-31": "31.30000", "2017-12-31": "51.30000", "2017-09-30": "50.19980", "2017-06-30": "100.70000", "2017-03-31": "95.30010", "2016-12-31": "41.30000", "2016-09-30": "-95.49990", "2016-06-30": "188.10010", "2016-03-31": "142.50000", "2015-12-31": "99.79990", "2015-09-30": "645.69930", "2015-06-30": "-74.50000", "2015-03-31": "-177.09990", "2014-12-31": "-214.99990", "2014-09-30": "2.80050", "2014-06-30": "229.10000", "2014-03-31": "16.20000", "2013-12-31": "179.30000", "2013-09-30": "205.39970", "2013-06-30": "182.60010", "2013-03-31": "134.00000", "2012-12-31": "215.40010", "2012-09-30": "120.30000", "2012-06-30": "81.50010", "2012-03-31": "95.90000", "2011-12-31": "111.80000", "2011-09-30": "-43.93930", "2011-06-30": "120.51610", "2011-03-31": "22.42900", "2010-12-31": "", "2010-09-30": "-7.80300", "2010-06-30": "59.08800", "2010-03-31": "45.77100", "2009-12-31": "", "2009-09-30": "-1.40100", "2009-06-30": "-1.17300", "2009-03-31": "-1.20000", "2008-12-31": "", "2008-09-30": "-0.85600", "2008-06-30": "-0.68800", "2008-03-31": "-0.86500", "2007-12-31": "", "2007-09-30": "-0.86600", "2007-06-30": "-0.71100", "2007-03-31": "-0.95900", "2006-12-31": "", "2006-09-30": "-0.63300", "2006-06-30": "-2.00800", "2006-03-31": "-1.51800", "2005-12-31": "", "2005-09-30": "31.41800", "2005-06-30": "-0.57000", "2005-03-31": "-1.38600"}, "Total Non-Operating Income/Expense": {"2020-09-30": "-47.60000", "2020-06-30": "96.60000", "2020-03-31": "-145.90000", "2019-12-31": "8.90000", "2019-09-30": "-16.70000", "2019-06-30": "-73.30000", "2019-03-31": "-118.30000", "2018-12-31": "-57.70000", "2018-09-30": "-55.50000", "2018-06-30": "-62.10000", "2018-03-31": "-67.70000", "2017-12-31": "-74.60000", "2017-09-30": "-81.20000", "2017-06-30": "-77.40000", "2017-03-31": "-79.10000", "2016-12-31": "-77.70000", "2016-09-30": "-37.60000", "2016-06-30": "-97.80000", "2016-03-31": "-94.40000", "2015-12-31": "-95.90000", "2015-09-30": "-282.20000", "2015-06-30": "-107.60000", "2015-03-31": "-67.00000", "2014-12-31": "97.60000", "2014-09-30": "-61.60000", "2014-06-30": "-33.90000", "2014-03-31": "-85.30000", "2013-12-31": "-142.60000", "2013-09-30": "-390.60000", "2013-06-30": "-27.10000", "2013-03-31": "-118.50000", "2012-12-31": "-82.90000", "2012-09-30": "-80.70000", "2012-06-30": "-197.40000", "2012-03-31": "-79.20000", "2011-12-31": "-26.80000", "2011-09-30": "-78.54000", "2011-06-30": "113.52300", "2011-03-31": "-82.07400", "2010-12-31": "", "2010-09-30": "", "2010-06-30": "-133.55000", "2010-03-31": "-54.74800", "2009-12-31": "", "2009-09-30": "", "2009-06-30": "0.45700", "2009-03-31": "0.09900", "2008-12-31": "", "2008-09-30": "", "2008-06-30": "0.86800", "2008-03-31": "1.55000", "2007-12-31": "", "2007-09-30": "", "2007-06-30": "1.98800", "2007-03-31": "1.94600", "2006-12-31": "", "2006-09-30": "", "2006-06-30": "1.10700", "2006-03-31": "0.83900", "2005-12-31": "", "2005-09-30": "", "2005-06-30": "0.39300", "2005-03-31": "0.00800"}, "Pre-Tax Income": {"2020-09-30": "79.40000", "2020-06-30": "191.20000", "2020-03-31": "-78.20000", "2019-12-31": "-37.00000", "2019-09-30": "-104.10000", "2019-06-30": "19.50000", "2019-03-31": "-76.70000", "2018-12-31": "-32.50000", "2018-09-30": "-20.70000", "2018-06-30": "44.70000", "2018-03-31": "-36.40000", "2017-12-31": "-23.30000", "2017-09-30": "-31.00000", "2017-06-30": "23.30000", "2017-03-31": "16.20000", "2016-12-31": "-36.40000", "2016-09-30": "-133.10000", "2016-06-30": "90.30000", "2016-03-31": "48.10000", "2015-12-31": "3.90000", "2015-09-30": "363.50000", "2015-06-30": "-182.10000", "2015-03-31": "-244.10000", "2014-12-31": "-117.40000", "2014-09-30": "-58.80000", "2014-06-30": "195.20000", "2014-03-31": "-69.10000", "2013-12-31": "36.70000", "2013-09-30": "-185.20000", "2013-06-30": "155.50000", "2013-03-31": "15.50000", "2012-12-31": "132.50000", "2012-09-30": "39.60000", "2012-06-30": "-115.90000", "2012-03-31": "16.70000", "2011-12-31": "85.00000", "2011-09-30": "-122.47900", "2011-06-30": "234.03900", "2011-03-31": "-59.64500", "2010-12-31": "", "2010-09-30": "-7.73900", "2010-06-30": "-74.46200", "2010-03-31": "-8.97700", "2009-12-31": "", "2009-09-30": "-0.51500", "2009-06-30": "-0.71600", "2009-03-31": "-1.10100", "2008-12-31": "", "2008-09-30": "-0.36300", "2008-06-30": "0.18000", "2008-03-31": "0.68500", "2007-12-31": "", "2007-09-30": "1.15200", "2007-06-30": "1.27700", "2007-03-31": "0.98700", "2006-12-31": "", "2006-09-30": "0.40400", "2006-06-30": "-0.90100", "2006-03-31": "-0.67900", "2005-12-31": "", "2005-09-30": "-10.59700", "2005-06-30": "-0.17700", "2005-03-31": "-1.37800"}, "Income Taxes": {"2020-09-30": "35.60000", "2020-06-30": "53.60000", "2020-03-31": "-19.00000", "2019-12-31": "0.70000", "2019-09-30": "-25.20000", "2019-06-30": "44.20000", "2019-03-31": "-22.70000", "2018-12-31": "-3.40000", "2018-09-30": "13.70000", "2018-06-30": "-354.20000", "2018-03-31": "-1.70000", "2017-12-31": "-120.50000", "2017-09-30": "-60.90000", "2017-06-30": "19.50000", "2017-03-31": "24.00000", "2016-12-31": "5.60000", "2016-09-30": "-35.20000", "2016-06-30": "-2.20000", "2016-03-31": "-15.40000", "2015-12-31": "-5.60000", "2015-09-30": "72.20000", "2015-06-30": "-37.80000", "2015-03-31": "-0.80000", "2014-12-31": "6.00000", "2014-09-30": "10.90000", "2014-06-30": "53.70000", "2014-03-31": "-13.30000", "2013-12-31": "38.30000", "2013-09-30": "20.10000", "2013-06-30": "36.80000", "2013-03-31": "66.00000", "2012-12-31": "64.40000", "2012-09-30": "-135.90000", "2012-06-30": "-5.80000", "2012-03-31": "16.90000", "2011-12-31": "39.50000", "2011-09-30": "-13.30600", "2011-06-30": "3.72000", "2011-03-31": "25.14000", "2010-12-31": "", "2010-09-30": "0.00600", "2010-06-30": "12.46000", "2010-03-31": "10.05700", "2009-12-31": "", "2009-09-30": "7.98400", "2009-06-30": "-0.25300", "2009-03-31": "-0.37400", "2008-12-31": "", "2008-09-30": "-0.17500", "2008-06-30": "-0.13100", "2008-03-31": "0.36500", "2007-12-31": "", "2007-09-30": "0.66300", "2007-06-30": "0.59200", "2007-03-31": "0.52100", "2006-12-31": "", "2006-09-30": "0.12300", "2006-06-30": "-0.30700", "2006-03-31": "-0.22800", "2005-12-31": "", "2005-09-30": "-4.68400", "2005-06-30": "0.02800", "2005-03-31": "-0.43100"}, "Income After Taxes": {"2020-09-30": "43.80000", "2020-06-30": "137.60000", "2020-03-31": "-59.20000", "2019-12-31": "-37.70000", "2019-09-30": "-78.90000", "2019-06-30": "-24.70000", "2019-03-31": "-54.00000", "2018-12-31": "-29.10000", "2018-09-30": "-34.40000", "2018-06-30": "398.90000", "2018-03-31": "-34.70000", "2017-12-31": "97.20000", "2017-09-30": "29.90000", "2017-06-30": "3.80000", "2017-03-31": "-7.80000", "2016-12-31": "-42.00000", "2016-09-30": "-97.90000", "2016-06-30": "92.50000", "2016-03-31": "63.50000", "2015-12-31": "9.50000", "2015-09-30": "291.30000", "2015-06-30": "-144.30000", "2015-03-31": "-243.30000", "2014-12-31": "-123.40000", "2014-09-30": "-69.70000", "2014-06-30": "141.50000", "2014-03-31": "-55.80000", "2013-12-31": "-1.60000", "2013-09-30": "-205.30000", "2013-06-30": "118.70000", "2013-03-31": "-50.50000", "2012-12-31": "68.10000", "2012-09-30": "175.50000", "2012-06-30": "-110.10000", "2012-03-31": "-0.20000", "2011-12-31": "45.50000", "2011-09-30": "-109.17300", "2011-06-30": "230.31900", "2011-03-31": "-84.78500", "2010-12-31": "", "2010-09-30": "", "2010-06-30": "-86.92200", "2010-03-31": "-19.03400", "2009-12-31": "", "2009-09-30": "", "2009-06-30": "-0.46300", "2009-03-31": "-0.72700", "2008-12-31": "", "2008-09-30": "", "2008-06-30": "0.31100", "2008-03-31": "0.32000", "2007-12-31": "", "2007-09-30": "", "2007-06-30": "0.68500", "2007-03-31": "0.46600", "2006-12-31": "", "2006-09-30": "", "2006-06-30": "-0.59400", "2006-03-31": "-0.45100", "2005-12-31": "", "2005-09-30": "", "2005-06-30": "-0.20500", "2005-03-31": "-0.94700"}, "Other Income": {"2020-09-30": "", "2020-06-30": "", "2020-03-31": "", "2019-12-31": "", "2019-09-30": "", "2019-06-30": "", "2019-03-31": "", "2018-12-31": "", "2018-09-30": "", "2018-06-30": "", "2018-03-31": "", "2017-12-31": "", "2017-09-30": "", "2017-06-30": "", "2017-03-31": "", "2016-12-31": "", "2016-09-30": "", "2016-06-30": "", "2016-03-31": "", "2015-12-31": "", "2015-09-30": "", "2015-06-30": "", "2015-03-31": "", "2014-12-31": "", "2014-09-30": "", "2014-06-30": "", "2014-03-31": "", "2013-12-31": "", "2013-09-30": "", "2013-06-30": "", "2013-03-31": "", "2012-12-31": "", "2012-09-30": "", "2012-06-30": "", "2012-03-31": "", "2011-12-31": "", "2011-09-30": "", "2011-06-30": "", "2011-03-31": "", "2010-12-31": "", "2010-09-30": "", "2010-06-30": "", "2010-03-31": "", "2009-12-31": "", "2009-09-30": "", "2009-06-30": "", "2009-03-31": "", "2008-12-31": "", "2008-09-30": "", "2008-06-30": "", "2008-03-31": "", "2007-12-31": "", "2007-09-30": "", "2007-06-30": "", "2007-03-31": "", "2006-12-31": "", "2006-09-30": "", "2006-06-30": "", "2006-03-31": "", "2005-12-31": "", "2005-09-30": "", "2005-06-30": "", "2005-03-31": ""}, "Income From Continuous Operations": {"2020-09-30": "43.80000", "2020-06-30": "137.60000", "2020-03-31": "-59.20000", "2019-12-31": "-37.70000", "2019-09-30": "-78.90000", "2019-06-30": "-24.70000", "2019-03-31": "-54.00000", "2018-12-31": "-29.10000", "2018-09-30": "-34.40000", "2018-06-30": "398.90000", "2018-03-31": "-34.70000", "2017-12-31": "97.20000", "2017-09-30": "29.90000", "2017-06-30": "3.80000", "2017-03-31": "-7.80000", "2016-12-31": "-42.00000", "2016-09-30": "-97.90000", "2016-06-30": "92.50000", "2016-03-31": "63.50000", "2015-12-31": "9.50000", "2015-09-30": "291.30000", "2015-06-30": "-144.30000", "2015-03-31": "-243.30000", "2014-12-31": "-123.40000", "2014-09-30": "-69.70000", "2014-06-30": "141.50000", "2014-03-31": "-55.80000", "2013-12-31": "-1.60000", "2013-09-30": "-205.30000", "2013-06-30": "118.70000", "2013-03-31": "-50.50000", "2012-12-31": "68.10000", "2012-09-30": "175.50000", "2012-06-30": "-110.10000", "2012-03-31": "-0.20000", "2011-12-31": "45.50000", "2011-09-30": "-109.17300", "2011-06-30": "230.31900", "2011-03-31": "-84.78500", "2010-12-31": "", "2010-09-30": "", "2010-06-30": "-86.92200", "2010-03-31": "-19.03400", "2009-12-31": "", "2009-09-30": "", "2009-06-30": "-0.46300", "2009-03-31": "-0.72700", "2008-12-31": "", "2008-09-30": "", "2008-06-30": "0.31100", "2008-03-31": "0.32000", "2007-12-31": "", "2007-09-30": "", "2007-06-30": "0.68400", "2007-03-31": "0.46600", "2006-12-31": "", "2006-09-30": "0.28100", "2006-06-30": "-0.59300", "2006-03-31": "-0.45100", "2005-12-31": "", "2005-09-30": "-3.33000", "2005-06-30": "-0.48100", "2005-03-31": "-0.99000"}, "Income From Discontinued Operations": {"2020-09-30": "1.80000", "2020-06-30": "8.00000", "2020-03-31": "1.40000", "2019-12-31": "2.80000", "2019-09-30": "-16.70000", "2019-06-30": "-1.20000", "2019-03-31": "783.60000", "2018-12-31": "-83.20000", "2018-09-30": "-81.70000", "2018-06-30": "33.80000", "2018-03-31": "11.30000", "2017-12-31": "481.60000", "2017-09-30": "-5.90000", "2017-06-30": "36.00000", "2017-03-31": "-43.60000", "2016-12-31": "302.80000", "2016-09-30": "134.10000", "2016-06-30": "-185.50000", "2016-03-31": "-47.60000", "2015-12-31": "-2.50000", "2015-09-30": "-418.40000", "2015-06-30": "102.90000", "2015-03-31": "5.80000", "2014-12-31": "17.00000", "2014-09-30": "", "2014-06-30": "", "2014-03-31": "", "2013-12-31": "", "2013-09-30": "", "2013-06-30": "", "2013-03-31": "", "2012-12-31": "", "2012-09-30": "", "2012-06-30": "", "2012-03-31": "", "2011-12-31": "", "2011-09-30": "", "2011-06-30": "", "2011-03-31": "", "2010-12-31": "", "2010-09-30": "", "2010-06-30": "", "2010-03-31": "", "2009-12-31": "", "2009-09-30": "", "2009-06-30": "", "2009-03-31": "", "2008-12-31": "", "2008-09-30": "", "2008-06-30": "", "2008-03-31": "", "2007-12-31": "", "2007-09-30": "", "2007-06-30": "", "2007-03-31": "", "2006-12-31": "", "2006-09-30": "-6.12200", "2006-06-30": "0.23400", "2006-03-31": "0.93700", "2005-12-31": "", "2005-09-30": "-5.83100", "2005-06-30": "0.94500", "2005-03-31": "1.06800"}, "Net Income": {"2020-09-30": "45.50000", "2020-06-30": "145.10000", "2020-03-31": "-57.00000", "2019-12-31": "-35.80000", "2019-09-30": "-95.70000", "2019-06-30": "-25.90000", "2019-03-31": "728.60000", "2018-12-31": "-112.50000", "2018-09-30": "-115.80000", "2018-06-30": "405.60000", "2018-03-31": "-28.90000", "2017-12-31": "507.40000", "2017-09-30": "-26.20000", "2017-06-30": "2.10000", "2017-03-31": "-82.10000", "2016-12-31": "212.20000", "2016-09-30": "-7.30000", "2016-06-30": "-132.90000", "2016-03-31": "-24.70000", "2015-12-31": "-33.90000", "2015-09-30": "-143.10000", "2015-06-30": "-75.60000", "2015-03-31": "-228.30000", "2014-12-31": "-109.80000", "2014-09-30": "-6.30000", "2014-06-30": "49.00000", "2014-03-31": "-87.60000", "2013-12-31": "-39.00000", "2013-09-30": "-202.30000", "2013-06-30": "91.60000", "2013-03-31": "-45.50000", "2012-12-31": "62.00000", "2012-09-30": "159.10000", "2012-06-30": "-149.10000", "2012-03-31": "-3.90000", "2011-12-31": "23.80000", "2011-09-30": "-56.99500", "2011-06-30": "161.21500", "2011-03-31": "-61.95000", "2010-12-31": "", "2010-09-30": "-7.74400", "2010-06-30": "-51.61800", "2010-03-31": "-19.03400", "2009-12-31": "", "2009-09-30": "-8.49800", "2009-06-30": "-0.46200", "2009-03-31": "-0.72700", "2008-12-31": "", "2008-09-30": "-0.18800", "2008-06-30": "0.31200", "2008-03-31": "0.32000", "2007-12-31": "", "2007-09-30": "0.49000", "2007-06-30": "0.68600", "2007-03-31": "0.46600", "2006-12-31": "", "2006-09-30": "-5.84100", "2006-06-30": "-0.35900", "2006-03-31": "0.48600", "2005-12-31": "", "2005-09-30": "-9.16100", "2005-06-30": "0.46400", "2005-03-31": "0.07800"}, "EBITDA": {"2020-09-30": "189.30000", "2020-06-30": "130.20000", "2020-03-31": "105.59990", "2019-12-31": "-2.60010", "2019-09-30": "108.00090", "2019-06-30": "130.30000", "2019-03-31": "80.10000", "2018-12-31": "95.90000", "2018-09-30": "86.89970", "2018-06-30": "139.60000", "2018-03-31": "68.80000", "2017-12-31": "94.10000", "2017-09-30": "123.69980", "2017-06-30": "137.39990", "2017-03-31": "132.10010", "2016-12-31": "75.30000", "2016-09-30": "-102.79990", "2016-06-30": "251.10010", "2016-03-31": "191.20000", "2015-12-31": "150.29990", "2015-09-30": "662.89940", "2015-06-30": "-15.00000", "2015-03-31": "-118.89990", "2014-12-31": "-96.69990", "2014-09-30": "-19.09950", "2014-06-30": "296.00000", "2014-03-31": "85.70000", "2013-12-31": "243.80000", "2013-09-30": "280.49970", "2013-06-30": "305.80010", "2013-03-31": "218.00000", "2012-12-31": "329.60020", "2012-09-30": "226.40010", "2012-06-30": "157.70000", "2012-03-31": "189.00000", "2011-12-31": "205.70000", "2011-09-30": "-16.63930", "2011-06-30": "206.40300", "2011-03-31": "51.15600", "2010-12-31": "", "2010-09-30": "-95.22100", "2010-06-30": "94.14200", "2010-03-31": "45.77100", "2009-12-31": "", "2009-09-30": "", "2009-06-30": "-1.17300", "2009-03-31": "-1.20000", "2008-12-31": "", "2008-09-30": "", "2008-06-30": "-0.68800", "2008-03-31": "-0.86500", "2007-12-31": "", "2007-09-30": "", "2007-06-30": "-0.71100", "2007-03-31": "-0.95900", "2006-12-31": "", "2006-09-30": "0.00300", "2006-06-30": "-2.00400", "2006-03-31": "-1.51800", "2005-12-31": "", "2005-09-30": "34.63800", "2005-06-30": "2.77000", "2005-03-31": "-1.38600"}, "EBIT": {"2020-09-30": "127.00010", "2020-06-30": "94.60000", "2020-03-31": "67.70000", "2019-12-31": "-45.90010", "2019-09-30": "-87.39950", "2019-06-30": "92.80000", "2019-03-31": "41.60000", "2018-12-31": "25.20000", "2018-09-30": "34.79970", "2018-06-30": "106.80000", "2018-03-31": "31.30000", "2017-12-31": "51.30000", "2017-09-30": "50.19980", "2017-06-30": "100.70000", "2017-03-31": "95.30010", "2016-12-31": "41.30000", "2016-09-30": "-95.49990", "2016-06-30": "188.10010", "2016-03-31": "142.50000", "2015-12-31": "99.79990", "2015-09-30": "645.69930", "2015-06-30": "-74.50000", "2015-03-31": "-177.09990", "2014-12-31": "-214.99990", "2014-09-30": "2.80040", "2014-06-30": "229.10000", "2014-03-31": "16.20000", "2013-12-31": "179.30000", "2013-09-30": "205.39970", "2013-06-30": "182.60010", "2013-03-31": "134.00000", "2012-12-31": "215.40010", "2012-09-30": "120.29990", "2012-06-30": "81.50010", "2012-03-31": "95.90000", "2011-12-31": "111.80000", "2011-09-30": "-43.93930", "2011-06-30": "120.51610", "2011-03-31": "22.42900", "2010-12-31": "", "2010-09-30": "", "2010-06-30": "59.08800", "2010-03-31": "45.77100", "2009-12-31": "", "2009-09-30": "", "2009-06-30": "-1.17300", "2009-03-31": "-1.20000", "2008-12-31": "", "2008-09-30": "", "2008-06-30": "-0.68800", "2008-03-31": "-0.86500", "2007-12-31": "", "2007-09-30": "", "2007-06-30": "-0.71100", "2007-03-31": "-0.95900", "2006-12-31": "", "2006-09-30": "", "2006-06-30": "-2.00800", "2006-03-31": "-1.51800", "2005-12-31": "", "2005-09-30": "", "2005-06-30": "-0.57000", "2005-03-31": "-1.38600"}, "Basic Shares Outstanding": {"2020-09-30": "44.70000", "2020-06-30": "43.10000", "2020-03-31": "45.10000", "2019-12-31": "47.70000", "2019-09-30": "50.70000", "2019-06-30": "48.80000", "2019-03-31": "51.80000", "2018-12-31": "53.40000", "2018-09-30": "36.90000", "2018-06-30": "32.70000", "2018-03-31": "32.50000", "2017-12-31": "32.30000", "2017-09-30": "32.20000", "2017-06-30": "32.30000", "2017-03-31": "32.25690", "2016-12-31": "32.12850", "2016-09-30": "32.00000", "2016-06-30": "32.03240", "2016-03-31": "32.02140", "2015-12-31": "31.85790", "2015-09-30": "31.96030", "2015-06-30": "31.75640", "2015-03-31": "31.75350", "2014-12-31": "31.77560", "2014-09-30": "26.28240", "2014-06-30": "27.89960", "2014-03-31": "22.56410", "2013-12-31": "22.44860", "2013-09-30": "22.55880", "2013-06-30": "22.62910", "2013-03-31": "22.53750", "2012-12-31": "22.49860", "2012-09-30": "22.47810", "2012-06-30": "22.47700", "2012-03-31": "22.47650", "2011-12-31": "22.47650", "2011-09-30": "22.45830", "2011-06-30": "22.45650", "2011-03-31": "22.45330", "2010-12-31": "", "2010-09-30": "3.11080", "2010-06-30": "21.22770", "2010-03-31": "20.90450", "2009-12-31": "", "2009-09-30": "3.11000", "2009-06-30": "3.10920", "2009-03-31": "3.10920", "2008-12-31": "", "2008-09-30": "3.10920", "2008-06-30": "3.10920", "2008-03-31": "3.10920", "2007-12-31": "", "2007-09-30": "3.10920", "2007-06-30": "3.09840", "2007-03-31": "3.09440", "2006-12-31": "", "2006-09-30": "3.09410", "2006-06-30": "3.09410", "2006-03-31": "3.09230", "2005-12-31": "", "2005-09-30": "3.08660", "2005-06-30": "3.08650", "2005-03-31": "3.08620"}, "Shares Outstanding": {"2020-09-30": "44.90000", "2020-06-30": "43.20000", "2020-03-31": "45.10000", "2019-12-31": "47.70000", "2019-09-30": "50.70000", "2019-06-30": "48.80000", "2019-03-31": "51.80000", "2018-12-31": "53.40000", "2018-09-30": "37.00000", "2018-06-30": "32.80000", "2018-03-31": "32.50000", "2017-12-31": "32.60000", "2017-09-30": "32.20000", "2017-06-30": "32.30000", "2017-03-31": "32.25690", "2016-12-31": "32.12850", "2016-09-30": "32.00000", "2016-06-30": "32.52230", "2016-03-31": "32.43130", "2015-12-31": "31.85790", "2015-09-30": "31.96030", "2015-06-30": "31.75640", "2015-03-31": "31.75350", "2014-12-31": "31.77560", "2014-09-30": "26.28240", "2014-06-30": "28.71880", "2014-03-31": "22.56410", "2013-12-31": "22.44860", "2013-09-30": "22.55880", "2013-06-30": "33.10200", "2013-03-31": "22.53750", "2012-12-31": "32.93700", "2012-09-30": "22.55260", "2012-06-30": "22.47700", "2012-03-31": "22.47650", "2011-12-31": "32.36450", "2011-09-30": "25.54730", "2011-06-30": "22.46780", "2011-03-31": "22.45330", "2010-12-31": "", "2010-09-30": "3.11080", "2010-06-30": "21.22770", "2010-03-31": "20.90450", "2009-12-31": "", "2009-09-30": "3.11000", "2009-06-30": "3.10920", "2009-03-31": "3.10920", "2008-12-31": "", "2008-09-30": "3.10920", "2008-06-30": "3.12910", "2008-03-31": "3.13830", "2007-12-31": "", "2007-09-30": "3.12840", "2007-06-30": "3.11760", "2007-03-31": "3.13830", "2006-12-31": "", "2006-09-30": "3.13080", "2006-06-30": "3.09410", "2006-03-31": "3.09230", "2005-12-31": "", "2005-09-30": "3.08660", "2005-06-30": "3.12030", "2005-03-31": "3.13100"}, "Basic EPS": {"2020-09-30": "0.83000", "2020-06-30": "3.37000", "2020-03-31": "-1.26000", "2019-12-31": "-0.75000", "2019-09-30": "-1.67000", "2019-06-30": "-0.53000", "2019-03-31": "14.07000", "2018-12-31": "-2.11000", "2018-09-30": "-6.40000", "2018-06-30": "12.39000", "2018-03-31": "-0.89000", "2017-12-31": "15.69000", "2017-09-30": "-0.79980", "2017-06-30": "0.06000", "2017-03-31": "-2.54180", "2016-12-31": "6.57160", "2016-09-30": "-0.25840", "2016-06-30": "-4.15380", "2016-03-31": "-0.74400", "2015-12-31": "-1.05390", "2015-09-30": "-4.40170", "2015-06-30": "-2.35590", "2015-03-31": "-7.19160", "2014-12-31": "-3.47180", "2014-09-30": "0.74400", "2014-06-30": "1.73590", "2014-03-31": "-3.90580", "2013-12-31": "-1.73590", "2013-09-30": "-6.81960", "2013-06-30": "2.78980", "2013-03-31": "-2.04590", "2012-12-31": "1.92190", "2012-09-30": "7.00560", "2012-06-30": "-6.63360", "2012-03-31": "-0.18600", "2011-12-31": "0.74400", "2011-09-30": "-2.85180", "2011-06-30": "7.19160", "2011-03-31": "-2.78980", "2010-12-31": "", "2010-09-30": "-2.47990", "2010-06-30": "-2.41790", "2010-03-31": "-0.92990", "2009-12-31": "", "2009-09-30": "-2.72780", "2009-06-30": "-0.12400", "2009-03-31": "-0.24800", "2008-12-31": "", "2008-09-30": "-0.06200", "2008-06-30": "0.12400", "2008-03-31": "0.12400", "2007-12-31": "", "2007-09-30": "0.18600", "2007-06-30": "0.24800", "2007-03-31": "0.12400", "2006-12-31": "", "2006-09-30": "-1.85990", "2006-06-30": "-0.12400", "2006-03-31": "0.18600", "2005-12-31": "", "2005-09-30": "-2.97580", "2005-06-30": "0.12400", "2005-03-31": "0.00000"}, "EPS - Earnings Per Share": {"2020-09-30": "0.83000", "2020-06-30": "3.36000", "2020-03-31": "-1.26000", "2019-12-31": "-0.75000", "2019-09-30": "-1.67000", "2019-06-30": "-0.53000", "2019-03-31": "14.07000", "2018-12-31": "-2.11000", "2018-09-30": "-6.29000", "2018-06-30": "12.37000", "2018-03-31": "-0.89000", "2017-12-31": "15.55000", "2017-09-30": "-0.79980", "2017-06-30": "0.06000", "2017-03-31": "-2.54180", "2016-12-31": "6.57160", "2016-09-30": "-0.32040", "2016-06-30": "-4.09180", "2016-03-31": "-0.74400", "2015-12-31": "-1.05390", "2015-09-30": "-4.40170", "2015-06-30": "-2.35590", "2015-03-31": "-7.19160", "2014-12-31": "-3.47180", "2014-09-30": "0.74400", "2014-06-30": "1.73590", "2014-03-31": "-3.90580", "2013-12-31": "-1.73590", "2013-09-30": "-3.84380", "2013-06-30": "1.54990", "2013-03-31": "-2.04590", "2012-12-31": "0.18600", "2012-09-30": "7.37760", "2012-06-30": "-6.63360", "2012-03-31": "-0.18600", "2011-12-31": "0.37200", "2011-09-30": "-2.97580", "2011-06-30": "7.19160", "2011-03-31": "-2.78980", "2010-12-31": "0.00000", "2010-09-30": "-2.47990", "2010-06-30": "-2.41790", "2010-03-31": "-0.92990", "2009-12-31": "0.00000", "2009-09-30": "-2.72780", "2009-06-30": "-0.12400", "2009-03-31": "-0.24800", "2008-12-31": "0.00000", "2008-09-30": "-0.06200", "2008-06-30": "0.12400", "2008-03-31": "0.12400", "2007-12-31": "0.00000", "2007-09-30": "0.18600", "2007-06-30": "0.24800", "2007-03-31": "0.12400", "2006-12-31": "0.00000", "2006-09-30": "-1.85990", "2006-06-30": "-0.12400", "2006-03-31": "0.18600", "2005-12-31": "0.00000", "2005-09-30": "-2.97580", "2005-06-30": "0.12400", "2005-03-31": "0.00000"}}, "balance sheet": {"Cash On Hand": {"2020-09-30": "531.60000", "2019-09-30": "627.10000", "2018-09-30": "552.50000", "2017-09-30": "270.10000", "2016-09-30": "465.20000", "2015-09-30": "661.20000", "2014-09-30": "1319.20000", "2013-09-30": "1899.70000", "2012-09-30": "1470.70000", "2011-09-30": "671.99000", "2010-12-31": "110.99900", "2010-09-30": "310.79600", "2009-12-31": "143.88400", "2009-09-30": "", "2008-12-31": "154.65900", "2007-12-31": "154.27000", "2006-12-31": "152.08800", "2005-12-31": "77.01100"}, "Receivables": {"2020-09-30": "575.30000", "2019-09-30": "430.90000", "2018-09-30": "368.80000", "2017-09-30": "285.70000", "2016-09-30": "539.10000", "2015-09-30": "2324.00000", "2014-09-30": "585.10000", "2013-09-30": "611.30000", "2012-09-30": "414.40000", "2011-09-30": "394.28300", "2010-12-31": "", "2010-09-30": "406.44700", "2009-12-31": "", "2009-09-30": "", "2008-12-31": "0.13000", "2007-12-31": "1.02400", "2006-12-31": "0.27900", "2005-12-31": "0.12400"}, "Inventory": {"2020-09-30": "557.70000", "2019-09-30": "548.40000", "2018-09-30": "583.60000", "2017-09-30": "496.30000", "2016-09-30": "740.60000", "2015-09-30": "780.80000", "2014-09-30": "635.20000", "2013-09-30": "632.90000", "2012-09-30": "452.60000", "2011-09-30": "434.63000", "2010-12-31": "", "2010-09-30": "530.34200", "2009-12-31": "", "2009-09-30": "", "2008-12-31": "", "2007-12-31": "", "2006-12-31": "", "2005-12-31": ""}, "Pre-Paid Expenses": {"2020-09-30": "63.50000", "2019-09-30": "53.50000", "2018-09-30": "63.20000", "2017-09-30": "54.80000", "2016-09-30": "", "2015-09-30": "", "2014-09-30": "", "2013-09-30": "", "2012-09-30": "", "2011-09-30": "143.65400", "2010-12-31": "0.79900", "2010-09-30": "94.07800", "2009-12-31": "0.53000", "2009-09-30": "", "2008-12-31": "0.25600", "2007-12-31": "0.30200", "2006-12-31": "0.34600", "2005-12-31": "1.19300"}, "Other Current Assets": {"2020-09-30": "", "2019-09-30": "", "2018-09-30": "", "2017-09-30": "", "2016-09-30": "", "2015-09-30": "", "2014-09-30": "", "2013-09-30": "", "2012-09-30": "", "2011-09-30": "", "2010-12-31": "", "2010-09-30": "", "2009-12-31": "", "2009-09-30": "", "2008-12-31": "", "2007-12-31": "", "2006-12-31": "", "2005-12-31": ""}, "Total Current Assets": {"2020-09-30": "1728.10000", "2019-09-30": "1659.90000", "2018-09-30": "3970.70000", "2017-09-30": "30036.10000", "2016-09-30": "1744.90000", "2015-09-30": "4109.10000", "2014-09-30": "2539.50000", "2013-09-30": "3143.90000", "2012-09-30": "2337.70000", "2011-09-30": "1644.55700", "2010-12-31": "111.79800", "2010-09-30": "1341.66300", "2009-12-31": "144.41400", "2009-09-30": "", "2008-12-31": "155.04500", "2007-12-31": "155.59600", "2006-12-31": "152.71300", "2005-12-31": "176.71800"}, "Property, Plant, And Equipment": {"2020-09-30": "396.50000", "2019-09-30": "452.90000", "2018-09-30": "500.00000", "2017-09-30": "503.90000", "2016-09-30": "543.40000", "2015-09-30": "509.50000", "2014-09-30": "908.60000", "2013-09-30": "993.30000", "2012-09-30": "221.60000", "2011-09-30": "206.79900", "2010-12-31": "0.13700", "2010-09-30": "201.30900", "2009-12-31": "0.03500", "2009-09-30": "", "2008-12-31": "", "2007-12-31": "", "2006-12-31": "0.00300", "2005-12-31": "0.01900"}, "Long-Term Investments": {"2020-09-30": "66.90000", "2019-09-30": "230.80000", "2018-09-30": "", "2017-09-30": "", "2016-09-30": "", "2015-09-30": "", "2014-09-30": "19252.50000", "2013-09-30": "16465.90000", "2012-09-30": "16918.40000", "2011-09-30": "15751.13000", "2010-12-31": "", "2010-09-30": "", "2009-12-31": "8.03900", "2009-09-30": "", "2008-12-31": "", "2007-12-31": "", "2006-12-31": "", "2005-12-31": ""}, "Goodwill And Intangible Assets": {"2020-09-30": "2763.70000", "2019-09-30": "2835.20000", "2018-09-30": "3096.50000", "2017-09-30": "3889.10000", "2016-09-30": "4850.90000", "2015-09-30": "4967.70000", "2014-09-30": "4208.50000", "2013-09-30": "4205.80000", "2012-09-30": "2682.70000", "2011-09-30": "2751.41400", "2010-12-31": "", "2010-09-30": "2369.41500", "2009-12-31": "", "2009-09-30": "", "2008-12-31": "", "2007-12-31": "", "2006-12-31": "", "2005-12-31": ""}, "Other Long-Term Assets": {"2020-09-30": "", "2019-09-30": "", "2018-09-30": "", "2017-09-30": "", "2016-09-30": "138.30000", "2015-09-30": "412.00000", "2014-09-30": "606.80000", "2013-09-30": "442.80000", "2012-09-30": "364.20000", "2011-09-30": "1417.22200", "2010-12-31": "371.99900", "2010-09-30": "103.80800", "2009-12-31": "0.39500", "2009-09-30": "", "2008-12-31": "", "2007-12-31": "9.84800", "2006-12-31": "11.01500", "2005-12-31": "26.18200"}, "Total Long-Term Assets": {"2020-09-30": "3379.20000", "2019-09-30": "3586.10000", "2018-09-30": "3828.30000", "2017-09-30": "5813.60000", "2016-09-30": "31835.20000", "2015-09-30": "30922.40000", "2014-09-30": "27560.70000", "2013-09-30": "24764.90000", "2012-09-30": "22862.70000", "2011-09-30": "21946.33000", "2010-12-31": "372.13600", "2010-09-30": "2674.53200", "2009-12-31": "8.46900", "2009-09-30": "", "2008-12-31": "8.98700", "2007-12-31": "9.84800", "2006-12-31": "11.01800", "2005-12-31": "128.03800"}, "Total Assets": {"2020-09-30": "5107.30000", "2019-09-30": "5246.00000", "2018-09-30": "7799.00000", "2017-09-30": "35849.70000", "2016-09-30": "33580.10000", "2015-09-30": "35031.50000", "2014-09-30": "30100.20000", "2013-09-30": "27908.80000", "2012-09-30": "25200.40000", "2011-09-30": "23590.89000", "2010-12-31": "483.93400", "2010-09-30": "4016.19500", "2009-12-31": "152.88300", "2009-09-30": "0.00000", "2008-12-31": "164.03200", "2007-12-31": "165.44400", "2006-12-31": "163.73100", "2005-12-31": "304.75600"}, "Total Current Liabilities": {"2020-09-30": "944.90000", "2019-09-30": "1140.10000", "2018-09-30": "1428.70000", "2017-09-30": "27645.00000", "2016-09-30": "6509.00000", "2015-09-30": "9301.20000", "2014-09-30": "1033.00000", "2013-09-30": "1012.70000", "2012-09-30": "754.20000", "2011-09-30": "662.35400", "2010-12-31": "10.14200", "2010-09-30": "668.01000", "2009-12-31": "2.46700", "2009-09-30": "", "2008-12-31": "1.13700", "2007-12-31": "1.32100", "2006-12-31": "2.22300", "2005-12-31": "21.21400"}, "Long Term Debt": {"2020-09-30": "2461.00000", "2019-09-30": "2214.40000", "2018-09-30": "4624.30000", "2017-09-30": "5543.70000", "2016-09-30": "", "2015-09-30": "", "2014-09-30": "5157.80000", "2013-09-30": "4896.10000", "2012-09-30": "2167.00000", "2011-09-30": "2127.69000", "2010-12-31": "345.14600", "2010-09-30": "1723.05700", "2009-12-31": "", "2009-09-30": "", "2008-12-31": "", "2007-12-31": "", "2006-12-31": "", "2005-12-31": ""}, "Other Non-Current Liabilities": {"2020-09-30": "131.40000", "2019-09-30": "112.00000", "2018-09-30": "121.40000", "2017-09-30": "64.80000", "2016-09-30": "154.10000", "2015-09-30": "149.20000", "2014-09-30": "21119.10000", "2013-09-30": "19713.50000", "2012-09-30": "19746.70000", "2011-09-30": "18721.24000", "2010-12-31": "0.70900", "2010-09-30": "169.45800", "2009-12-31": "1.10000", "2009-09-30": "", "2008-12-31": "1.14400", "2007-12-31": "1.33000", "2006-12-31": "1.48900", "2005-12-31": "1.47800"}, "Total Long Term Liabilities": {"2020-09-30": "2746.60000", "2019-09-30": "2377.00000", "2018-09-30": "4780.70000", "2017-09-30": "6257.80000", "2016-09-30": "25253.90000", "2015-09-30": "24142.20000", "2014-09-30": "26810.20000", "2013-09-30": "25762.60000", "2012-09-30": "22847.30000", "2011-09-30": "21555.40000", "2010-12-31": "349.46600", "2010-09-30": "2170.35800", "2009-12-31": "4.61900", "2009-09-30": "", "2008-12-31": "4.04800", "2007-12-31": "2.02400", "2006-12-31": "2.24000", "2005-12-31": "111.85800"}, "Total Liabilities": {"2020-09-30": "3691.50000", "2019-09-30": "3517.10000", "2018-09-30": "6209.40000", "2017-09-30": "33902.80000", "2016-09-30": "31762.90000", "2015-09-30": "33443.40000", "2014-09-30": "27843.20000", "2013-09-30": "26775.30000", "2012-09-30": "23601.50000", "2011-09-30": "22217.75000", "2010-12-31": "359.60800", "2010-09-30": "2838.36800", "2009-12-31": "7.08600", "2009-09-30": "", "2008-12-31": "5.18500", "2007-12-31": "3.34500", "2006-12-31": "4.46300", "2005-12-31": "133.07200"}, "Common Stock Net": {"2020-09-30": "0.50000", "2019-09-30": "0.50000", "2018-09-30": "0.50000", "2017-09-30": "2.00000", "2016-09-30": "2.00000", "2015-09-30": "2.00000", "2014-09-30": "2.00000", "2013-09-30": "1.40000", "2012-09-30": "1.40000", "2011-09-30": "1.39300", "2010-12-31": "0.19300", "2010-09-30": "1.39200", "2009-12-31": "0.19300", "2009-09-30": "", "2008-12-31": "0.24700", "2007-12-31": "0.24700", "2006-12-31": "0.24600", "2005-12-31": "0.24600"}, "Retained Earnings (Accumulated Deficit)": {"2020-09-30": "243.90000", "2019-09-30": "223.80000", "2018-09-30": "-180.10000", "2017-09-30": "-925.90000", "2016-09-30": "-1031.90000", "2015-09-30": "-833.10000", "2014-09-30": "-276.30000", "2013-09-30": "-192.40000", "2012-09-30": "-98.20000", "2011-09-30": "-128.08300", "2010-12-31": "1.54300", "2010-09-30": "-150.30900", "2009-12-31": "23.84800", "2009-09-30": "", "2008-12-31": "37.19200", "2007-12-31": "37.20400", "2006-12-31": "34.65300", "2005-12-31": "45.12700"}, "Comprehensive Income": {"2020-09-30": "-284.70000", "2019-09-30": "-273.60000", "2018-09-30": "-235.80000", "2017-09-30": "309.00000", "2016-09-30": "220.90000", "2015-09-30": "-40.70000", "2014-09-30": "243.60000", "2013-09-30": "87.70000", "2012-09-30": "413.20000", "2011-09-30": "149.44800", "2010-12-31": "-10.21000", "2010-09-30": "-5.19500", "2009-12-31": "-10.91200", "2009-09-30": "", "2008-12-31": "-11.20700", "2007-12-31": "-7.93400", "2006-12-31": "-8.41700", "2005-12-31": "-4.75100"}, "Other Share Holders Equity": {"2020-09-30": "", "2019-09-30": "", "2018-09-30": "", "2017-09-30": "", "2016-09-30": "", "2015-09-30": "", "2014-09-30": "", "2013-09-30": "", "2012-09-30": "", "2011-09-30": "", "2010-12-31": "", "2010-09-30": "", "2009-12-31": "", "2009-09-30": "", "2008-12-31": "", "2007-12-31": "", "2006-12-31": "", "2005-12-31": ""}, "Share Holder Equity": {"2020-09-30": "1415.80000", "2019-09-30": "1728.90000", "2018-09-30": "1589.60000", "2017-09-30": "1946.90000", "2016-09-30": "1817.20000", "2015-09-30": "1588.10000", "2014-09-30": "2257.00000", "2013-09-30": "1133.50000", "2012-09-30": "1598.90000", "2011-09-30": "1373.13900", "2010-12-31": "124.32600", "2010-09-30": "1177.82700", "2009-12-31": "145.79700", "2009-09-30": "", "2008-12-31": "158.84700", "2007-12-31": "162.09900", "2006-12-31": "159.26800", "2005-12-31": "171.68400"}, "Total Liabilities And Share Holders Equity": {"2020-09-30": "5107.30000", "2019-09-30": "5246.00000", "2018-09-30": "7799.00000", "2017-09-30": "35849.70000", "2016-09-30": "33580.10000", "2015-09-30": "35031.50000", "2014-09-30": "30100.20000", "2013-09-30": "27908.80000", "2012-09-30": "25200.40000", "2011-09-30": "23590.89000", "2010-12-31": "483.93400", "2010-09-30": "4016.19500", "2009-12-31": "152.88300", "2009-09-30": "", "2008-12-31": "164.03200", "2007-12-31": "165.44400", "2006-12-31": "163.73100", "2005-12-31": "304.75600"}}, "balance sheet, quarterly": {"Cash On Hand": {"2020-09-30": "531.60000", "2020-06-30": "465.90000", "2020-03-31": "457.80000", "2019-12-31": "142.20000", "2019-09-30": "627.10000", "2019-06-30": "161.40000", "2019-03-31": "176.20000", "2018-12-31": "252.40000", "2018-09-30": "552.50000", "2018-06-30": "814.60000", "2018-03-31": "758.80000", "2017-12-31": "1647.60000", "2017-09-30": "270.10000", "2017-06-30": "266.20000", "2017-03-31": "320.30000", "2016-12-31": "348.80000", "2016-09-30": "465.20000", "2016-06-30": "538.20000", "2016-03-31": "604.90000", "2015-12-31": "732.00000", "2015-09-30": "661.20000", "2015-06-30": "1293.20000", "2015-03-31": "1279.60000", "2014-12-31": "1311.40000", "2014-09-30": "1319.20000", "2014-06-30": "1455.90000", "2014-03-31": "1319.80000", "2013-12-31": "1293.80000", "2013-09-30": "1899.70000", "2013-06-30": "1243.70000", "2013-03-31": "1475.00000", "2012-12-31": "1103.70000", "2012-09-30": "1470.70000", "2012-06-30": "466.50200", "2012-03-31": "522.17200", "2011-12-31": "654.19200", "2011-09-30": "671.99000", "2011-06-30": "589.23500", "2011-03-31": "537.25100", "2010-12-31": "", "2010-09-30": "", "2010-06-30": "140.77300", "2010-03-31": "140.65200", "2009-12-31": "", "2009-09-30": "145.17400", "2009-06-30": "149.24400", "2009-03-31": "153.94200", "2008-12-31": "", "2008-09-30": "154.66200", "2008-06-30": "154.32800", "2008-03-31": "154.87600", "2007-12-31": "", "2007-09-30": "146.12200", "2007-06-30": "152.54300", "2007-03-31": "151.31500", "2006-12-31": "", "2006-09-30": "90.07200", "2006-06-30": "88.32600", "2006-03-31": "100.36300", "2005-12-31": "", "2005-09-30": "38.19100", "2005-06-30": "47.66500", "2005-03-31": "65.40900"}, "Receivables": {"2020-09-30": "575.30000", "2020-06-30": "538.00000", "2020-03-31": "565.40000", "2019-12-31": "564.70000", "2019-09-30": "430.90000", "2019-06-30": "631.40000", "2019-03-31": "566.00000", "2018-12-31": "482.70000", "2018-09-30": "368.80000", "2018-06-30": "422.30000", "2018-03-31": "399.80000", "2017-12-31": "361.40000", "2017-09-30": "285.70000", "2017-06-30": "661.00000", "2017-03-31": "2218.50000", "2016-12-31": "2165.50000", "2016-09-30": "539.10000", "2016-06-30": "2319.30000", "2016-03-31": "2341.70000", "2015-12-31": "2300.90000", "2015-09-30": "2324.00000", "2015-06-30": "754.70000", "2015-03-31": "670.00000", "2014-12-31": "660.10000", "2014-09-30": "585.10000", "2014-06-30": "664.90000", "2014-03-31": "657.30000", "2013-12-31": "645.50000", "2013-09-30": "611.30000", "2013-06-30": "611.30000", "2013-03-31": "593.40000", "2012-12-31": "566.70000", "2012-09-30": "414.40000", "2012-06-30": "428.44000", "2012-03-31": "456.36700", "2011-12-31": "407.78700", "2011-09-30": "394.28300", "2011-06-30": "411.24800", "2011-03-31": "413.70200", "2010-12-31": "", "2010-09-30": "", "2010-06-30": "", "2010-03-31": "", "2009-12-31": "", "2009-09-30": "0.06700", "2009-06-30": "0.19800", "2009-03-31": "0.08400", "2008-12-31": "", "2008-09-30": "0.93100", "2008-06-30": "1.56100", "2008-03-31": "0.90900", "2007-12-31": "", "2007-09-30": "0.64800", "2007-06-30": "0.73900", "2007-03-31": "1.07300", "2006-12-31": "", "2006-09-30": "21.48400", "2006-06-30": "27.76300", "2006-03-31": "21.12300", "2005-12-31": "", "2005-09-30": "26.13900", "2005-06-30": "53.75900", "2005-03-31": "51.21600"}, "Inventory": {"2020-09-30": "557.70000", "2020-06-30": "568.10000", "2020-03-31": "607.90000", "2019-12-31": "627.80000", "2019-09-30": "548.40000", "2019-06-30": "718.60000", "2019-03-31": "776.20000", "2018-12-31": "723.20000", "2018-09-30": "583.60000", "2018-06-30": "546.70000", "2018-03-31": "610.50000", "2017-12-31": "580.70000", "2017-09-30": "496.30000", "2017-06-30": "843.70000", "2017-03-31": "836.30000", "2016-12-31": "779.70000", "2016-09-30": "740.60000", "2016-06-30": "842.30000", "2016-03-31": "924.40000", "2015-12-31": "867.70000", "2015-09-30": "780.80000", "2015-06-30": "903.70000", "2015-03-31": "819.00000", "2014-12-31": "710.20000", "2014-09-30": "635.20000", "2014-06-30": "746.70000", "2014-03-31": "725.90000", "2013-12-31": "683.30000", "2013-09-30": "632.90000", "2013-06-30": "707.30000", "2013-03-31": "705.40000", "2012-12-31": "679.20000", "2012-09-30": "452.60000", "2012-06-30": "552.51500", "2012-03-31": "551.03300", "2011-12-31": "482.29200", "2011-09-30": "434.63000", "2011-06-30": "548.37600", "2011-03-31": "561.04300", "2010-12-31": "", "2010-09-30": "", "2010-06-30": "", "2010-03-31": "", "2009-12-31": "", "2009-09-30": "", "2009-06-30": "", "2009-03-31": "", "2008-12-31": "", "2008-09-30": "", "2008-06-30": "", "2008-03-31": "", "2007-12-31": "", "2007-09-30": "", "2007-06-30": "", "2007-03-31": "", "2006-12-31": "", "2006-09-30": "59.73400", "2006-06-30": "58.92000", "2006-03-31": "49.06300", "2005-12-31": "", "2005-09-30": "50.28500", "2005-06-30": "82.45100", "2005-03-31": "69.33500"}, "Pre-Paid Expenses": {"2020-09-30": "63.50000", "2020-06-30": "58.60000", "2020-03-31": "60.10000", "2019-12-31": "62.00000", "2019-09-30": "53.50000", "2019-06-30": "60.40000", "2019-03-31": "66.30000", "2018-12-31": "62.60000", "2018-09-30": "63.20000", "2018-06-30": "69.10000", "2018-03-31": "60.20000", "2017-12-31": "56.60000", "2017-09-30": "54.80000", "2017-06-30": "", "2017-03-31": "", "2016-12-31": "", "2016-09-30": "", "2016-06-30": "", "2016-03-31": "", "2015-12-31": "", "2015-09-30": "", "2015-06-30": "", "2015-03-31": "", "2014-12-31": "", "2014-09-30": "", "2014-06-30": "", "2014-03-31": "", "2013-12-31": "", "2013-09-30": "", "2013-06-30": "", "2013-03-31": "", "2012-12-31": "", "2012-09-30": "", "2012-06-30": "85.46000", "2012-03-31": "101.90400", "2011-12-31": "84.57600", "2011-09-30": "143.65400", "2011-06-30": "95.75700", "2011-03-31": "86.54600", "2010-12-31": "", "2010-09-30": "", "2010-06-30": "1.20500", "2010-03-31": "0.56800", "2009-12-31": "", "2009-09-30": "0.44200", "2009-06-30": "0.13100", "2009-03-31": "0.19300", "2008-12-31": "", "2008-09-30": "0.10700", "2008-06-30": "0.17200", "2008-03-31": "0.23700", "2007-12-31": "", "2007-09-30": "0.12800", "2007-06-30": "0.20000", "2007-03-31": "0.27300", "2006-12-31": "", "2006-09-30": "3.55300", "2006-06-30": "4.71300", "2006-03-31": "3.46800", "2005-12-31": "", "2005-09-30": "3.82700", "2005-06-30": "8.56400", "2005-03-31": "6.61800"}, "Other Current Assets": {"2020-09-30": "", "2020-06-30": "", "2020-03-31": "", "2019-12-31": "", "2019-09-30": "", "2019-06-30": "", "2019-03-31": "", "2018-12-31": "", "2018-09-30": "", "2018-06-30": "", "2018-03-31": "", "2017-12-31": "", "2017-09-30": "", "2017-06-30": "", "2017-03-31": "", "2016-12-31": "", "2016-09-30": "", "2016-06-30": "", "2016-03-31": "", "2015-12-31": "", "2015-09-30": "", "2015-06-30": "", "2015-03-31": "", "2014-12-31": "", "2014-09-30": "", "2014-06-30": "", "2014-03-31": "", "2013-12-31": "", "2013-09-30": "", "2013-06-30": "", "2013-03-31": "", "2012-12-31": "", "2012-09-30": "", "2012-06-30": "", "2012-03-31": "", "2011-12-31": "", "2011-09-30": "", "2011-06-30": "", "2011-03-31": "", "2010-12-31": "", "2010-09-30": "", "2010-06-30": "", "2010-03-31": "", "2009-12-31": "", "2009-09-30": "", "2009-06-30": "", "2009-03-31": "", "2008-12-31": "", "2008-09-30": "", "2008-06-30": "", "2008-03-31": "", "2007-12-31": "", "2007-09-30": "", "2007-06-30": "", "2007-03-31": "", "2006-12-31": "", "2006-09-30": "", "2006-06-30": "", "2006-03-31": "", "2005-12-31": "", "2005-09-30": "", "2005-06-30": "2.17800", "2005-03-31": "4.70600"}, "Total Current Assets": {"2020-09-30": "1728.10000", "2020-06-30": "1630.60000", "2020-03-31": "1691.20000", "2019-12-31": "1425.70000", "2019-09-30": "1659.90000", "2019-06-30": "1571.80000", "2019-03-31": "1584.70000", "2018-12-31": "3804.30000", "2018-09-30": "3970.70000", "2018-06-30": "3765.80000", "2018-03-31": "3805.30000", "2017-12-31": "4636.90000", "2017-09-30": "30036.10000", "2017-06-30": "1770.90000", "2017-03-31": "3375.10000", "2016-12-31": "3294.00000", "2016-09-30": "1744.90000", "2016-06-30": "3699.80000", "2016-03-31": "3871.00000", "2015-12-31": "3900.60000", "2015-09-30": "4109.10000", "2015-06-30": "2951.60000", "2015-03-31": "2768.60000", "2014-12-31": "2681.70000", "2014-09-30": "2539.50000", "2014-06-30": "2867.50000", "2014-03-31": "2703.00000", "2013-12-31": "2622.60000", "2013-09-30": "3143.90000", "2013-06-30": "2562.30000", "2013-03-31": "2773.80000", "2012-12-31": "2349.60000", "2012-09-30": "2337.70000", "2012-06-30": "1532.91700", "2012-03-31": "1631.47600", "2011-12-31": "1628.84700", "2011-09-30": "1644.55700", "2011-06-30": "1644.61600", "2011-03-31": "1598.54200", "2010-12-31": "", "2010-09-30": "", "2010-06-30": "141.97800", "2010-03-31": "141.22000", "2009-12-31": "", "2009-09-30": "145.68300", "2009-06-30": "149.57300", "2009-03-31": "154.21900", "2008-12-31": "", "2008-09-30": "155.70000", "2008-06-30": "156.06100", "2008-03-31": "156.02200", "2007-12-31": "", "2007-09-30": "146.89800", "2007-06-30": "153.48200", "2007-03-31": "152.66100", "2006-12-31": "", "2006-09-30": "174.84300", "2006-06-30": "179.72200", "2006-03-31": "174.01700", "2005-12-31": "", "2005-09-30": "193.14800", "2005-06-30": "194.61700", "2005-03-31": "197.28400"}, "Property, Plant, And Equipment": {"2020-09-30": "396.50000", "2020-06-30": "394.60000", "2020-03-31": "396.20000", "2019-12-31": "403.40000", "2019-09-30": "452.90000", "2019-06-30": "464.90000", "2019-03-31": "469.80000", "2018-12-31": "477.70000", "2018-09-30": "500.00000", "2018-06-30": "494.80000", "2018-03-31": "504.50000", "2017-12-31": "506.70000", "2017-09-30": "503.90000", "2017-06-30": "675.90000", "2017-03-31": "661.70000", "2016-12-31": "569.10000", "2016-09-30": "543.40000", "2016-06-30": "639.10000", "2016-03-31": "664.70000", "2015-12-31": "664.30000", "2015-09-30": "509.50000", "2015-06-30": "855.80000", "2015-03-31": "943.90000", "2014-12-31": "1054.80000", "2014-09-30": "908.60000", "2014-06-30": "924.50000", "2014-03-31": "930.60000", "2013-12-31": "1009.70000", "2013-09-30": "993.30000", "2013-06-30": "999.40000", "2013-03-31": "965.60000", "2012-12-31": "328.00000", "2012-09-30": "221.60000", "2012-06-30": "208.88800", "2012-03-31": "208.20400", "2011-12-31": "204.45600", "2011-09-30": "206.79900", "2011-06-30": "216.69000", "2011-03-31": "202.04300", "2010-12-31": "", "2010-09-30": "", "2010-06-30": "0.10500", "2010-03-31": "0.03100", "2009-12-31": "", "2009-09-30": "0.03800", "2009-06-30": "0.04200", "2009-03-31": "", "2008-12-31": "", "2008-09-30": "", "2008-06-30": "", "2008-03-31": "", "2007-12-31": "", "2007-09-30": "", "2007-06-30": "", "2007-03-31": "0.00200", "2006-12-31": "", "2006-09-30": "89.99300", "2006-06-30": "101.43000", "2006-03-31": "97.29800", "2005-12-31": "", "2005-09-30": "92.82300", "2005-06-30": "139.38200", "2005-03-31": "137.22300"}, "Long-Term Investments": {"2020-09-30": "66.90000", "2020-06-30": "142.90000", "2020-03-31": "134.00000", "2019-12-31": "269.30000", "2019-09-30": "230.80000", "2019-06-30": "204.70000", "2019-03-31": "237.90000", "2018-12-31": "", "2018-09-30": "", "2018-06-30": "", "2018-03-31": "", "2017-12-31": "", "2017-09-30": "", "2017-06-30": "", "2017-03-31": "", "2016-12-31": "", "2016-09-30": "", "2016-06-30": "", "2016-03-31": "", "2015-12-31": "", "2015-09-30": "", "2015-06-30": "19497.90000", "2015-03-31": "19752.60000", "2014-12-31": "19740.30000", "2014-09-30": "19252.50000", "2014-06-30": "18751.10000", "2014-03-31": "18312.80000", "2013-12-31": "17668.30000", "2013-09-30": "16465.90000", "2013-06-30": "16600.50000", "2013-03-31": "17033.50000", "2012-12-31": "17216.50000", "2012-09-30": "16918.40000", "2012-06-30": "15565.21000", "2012-03-31": "14985.05000", "2011-12-31": "14569.05000", "2011-09-30": "15751.13000", "2011-06-30": "16270.61000", "2011-03-31": "", "2010-12-31": "", "2010-09-30": "", "2010-06-30": "4.02100", "2010-03-31": "8.04500", "2009-12-31": "", "2009-09-30": "8.02700", "2009-06-30": "3.97300", "2009-03-31": "", "2008-12-31": "", "2008-09-30": "", "2008-06-30": "", "2008-03-31": "", "2007-12-31": "", "2007-09-30": "7.49000", "2007-06-30": "", "2007-03-31": "", "2006-12-31": "", "2006-09-30": "", "2006-06-30": "", "2006-03-31": "", "2005-12-31": "", "2005-09-30": "", "2005-06-30": "", "2005-03-31": ""}, "Goodwill And Intangible Assets": {"2020-09-30": "2763.70000", "2020-06-30": "2768.10000", "2020-03-31": "2777.40000", "2019-12-31": "2794.10000", "2019-09-30": "2835.20000", "2019-06-30": "3018.50000", "2019-03-31": "3033.10000", "2018-12-31": "3050.50000", "2018-09-30": "3096.50000", "2018-06-30": "3834.20000", "2018-03-31": "3869.70000", "2017-12-31": "3875.00000", "2017-09-30": "3889.10000", "2017-06-30": "5074.70000", "2017-03-31": "4786.30000", "2016-12-31": "4792.40000", "2016-09-30": "4850.90000", "2016-06-30": "4879.30000", "2016-03-31": "4926.50000", "2015-12-31": "4923.40000", "2015-09-30": "4967.70000", "2015-06-30": "5884.70000", "2015-03-31": "4310.30000", "2014-12-31": "4204.20000", "2014-09-30": "4208.50000", "2014-06-30": "4203.90000", "2014-03-31": "4171.10000", "2013-12-31": "4225.90000", "2013-09-30": "4205.80000", "2013-06-30": "4120.10000", "2013-03-31": "3901.50000", "2012-12-31": "3897.00000", "2012-09-30": "2682.70000", "2012-06-30": "2815.90100", "2012-03-31": "2890.40900", "2011-12-31": "2910.03800", "2011-09-30": "2751.41400", "2011-06-30": "2875.53900", "2011-03-31": "2375.05400", "2010-12-31": "", "2010-09-30": "", "2010-06-30": "", "2010-03-31": "", "2009-12-31": "", "2009-09-30": "", "2009-06-30": "", "2009-03-31": "", "2008-12-31": "", "2008-09-30": "", "2008-06-30": "", "2008-03-31": "", "2007-12-31": "", "2007-09-30": "", "2007-06-30": "", "2007-03-31": "", "2006-12-31": "", "2006-09-30": "", "2006-06-30": "", "2006-03-31": "", "2005-12-31": "", "2005-09-30": "", "2005-06-30": "5.00700", "2005-03-31": "5.58400"}, "Other Long-Term Assets": {"2020-09-30": "", "2020-06-30": "", "2020-03-31": "", "2019-12-31": "", "2019-09-30": "", "2019-06-30": "", "2019-03-31": "", "2018-12-31": "", "2018-09-30": "", "2018-06-30": "", "2018-03-31": "", "2017-12-31": "", "2017-09-30": "", "2017-06-30": "144.00000", "2017-03-31": "163.60000", "2016-12-31": "157.20000", "2016-09-30": "138.30000", "2016-06-30": "148.40000", "2016-03-31": "149.10000", "2015-12-31": "143.60000", "2015-09-30": "412.00000", "2015-06-30": "1121.90000", "2015-03-31": "1103.30000", "2014-12-31": "930.20000", "2014-09-30": "606.80000", "2014-06-30": "598.60000", "2014-03-31": "590.50000", "2013-12-31": "558.40000", "2013-09-30": "442.80000", "2013-06-30": "431.80000", "2013-03-31": "544.20000", "2012-12-31": "500.20000", "2012-09-30": "364.20000", "2012-06-30": "2000.07600", "2012-03-31": "2376.73700", "2011-12-31": "2189.78200", "2011-09-30": "1417.22200", "2011-06-30": "1104.01100", "2011-03-31": "102.04400", "2010-12-31": "", "2010-09-30": "", "2010-06-30": "1.21100", "2010-03-31": "", "2009-12-31": "", "2009-09-30": "9.57100", "2009-06-30": "9.47400", "2009-03-31": "9.29000", "2008-12-31": "", "2008-09-30": "10.06900", "2008-06-30": "9.77700", "2008-03-31": "9.73300", "2007-12-31": "", "2007-09-30": "10.27100", "2007-06-30": "10.57100", "2007-03-31": "10.79400", "2006-12-31": "", "2006-09-30": "34.08800", "2006-06-30": "23.10100", "2006-03-31": "22.83800", "2005-12-31": "", "2005-09-30": "23.01900", "2005-06-30": "19.84200", "2005-03-31": "20.30200"}, "Total Long-Term Assets": {"2020-09-30": "3379.20000", "2020-06-30": "3472.00000", "2020-03-31": "3504.00000", "2019-12-31": "3617.40000", "2019-09-30": "3586.10000", "2019-06-30": "3716.60000", "2019-03-31": "3901.80000", "2018-12-31": "3747.20000", "2018-09-30": "3828.30000", "2018-06-30": "4747.00000", "2018-03-31": "4435.00000", "2017-12-31": "4443.10000", "2017-09-30": "5813.60000", "2017-06-30": "33724.60000", "2017-03-31": "33321.70000", "2016-12-31": "32368.70000", "2016-09-30": "31835.20000", "2016-06-30": "32111.00000", "2016-03-31": "31584.10000", "2015-12-31": "31132.20000", "2015-09-30": "30922.40000", "2015-06-30": "30018.40000", "2015-03-31": "28686.40000", "2014-12-31": "28525.00000", "2014-09-30": "27560.70000", "2014-06-30": "27017.70000", "2014-03-31": "26619.50000", "2013-12-31": "26141.40000", "2013-09-30": "24764.90000", "2013-06-30": "24802.70000", "2013-03-31": "24942.90000", "2012-12-31": "24509.20000", "2012-09-30": "22862.70000", "2012-06-30": "23048.43000", "2012-03-31": "22903.52000", "2011-12-31": "22382.23000", "2011-09-30": "21946.33000", "2011-06-30": "22275.21000", "2011-03-31": "2679.14100", "2010-12-31": "", "2010-09-30": "", "2010-06-30": "5.33700", "2010-03-31": "9.15600", "2009-12-31": "", "2009-09-30": "17.63600", "2009-06-30": "13.48900", "2009-03-31": "9.29000", "2008-12-31": "", "2008-09-30": "10.06900", "2008-06-30": "9.77700", "2008-03-31": "9.73300", "2007-12-31": "", "2007-09-30": "17.76100", "2007-06-30": "10.57100", "2007-03-31": "10.79600", "2006-12-31": "", "2006-09-30": "124.08100", "2006-06-30": "124.53100", "2006-03-31": "120.13600", "2005-12-31": "", "2005-09-30": "148.31200", "2005-06-30": "164.23100", "2005-03-31": "163.10900"}, "Total Assets": {"2020-09-30": "5107.30000", "2020-06-30": "5102.60000", "2020-03-31": "5195.20000", "2019-12-31": "5043.10000", "2019-09-30": "5246.00000", "2019-06-30": "5288.40000", "2019-03-31": "5486.50000", "2018-12-31": "7551.50000", "2018-09-30": "7799.00000", "2018-06-30": "8512.80000", "2018-03-31": "8240.30000", "2017-12-31": "9080.00000", "2017-09-30": "35849.70000", "2017-06-30": "35495.50000", "2017-03-31": "36696.80000", "2016-12-31": "35662.70000", "2016-09-30": "33580.10000", "2016-06-30": "35810.80000", "2016-03-31": "35455.10000", "2015-12-31": "35032.80000", "2015-09-30": "35031.50000", "2015-06-30": "32970.00000", "2015-03-31": "31455.00000", "2014-12-31": "31206.70000", "2014-09-30": "30100.20000", "2014-06-30": "29885.20000", "2014-03-31": "29322.50000", "2013-12-31": "28764.00000", "2013-09-30": "27908.80000", "2013-06-30": "27365.00000", "2013-03-31": "27716.70000", "2012-12-31": "26858.80000", "2012-09-30": "25200.40000", "2012-06-30": "24581.35000", "2012-03-31": "24534.99000", "2011-12-31": "24011.08000", "2011-09-30": "23590.89000", "2011-06-30": "23919.82000", "2011-03-31": "4277.68300", "2010-12-31": "0.00000", "2010-09-30": "0.00000", "2010-06-30": "147.31500", "2010-03-31": "150.37600", "2009-12-31": "0.00000", "2009-09-30": "163.31900", "2009-06-30": "163.06200", "2009-03-31": "163.50900", "2008-12-31": "0.00000", "2008-09-30": "165.76900", "2008-06-30": "165.83800", "2008-03-31": "165.75500", "2007-12-31": "0.00000", "2007-09-30": "164.65900", "2007-06-30": "164.05300", "2007-03-31": "163.45700", "2006-12-31": "0.00000", "2006-09-30": "298.92400", "2006-06-30": "304.25300", "2006-03-31": "294.15300", "2005-12-31": "0.00000", "2005-09-30": "341.46000", "2005-06-30": "358.84800", "2005-03-31": "360.39300"}, "Total Current Liabilities": {"2020-09-30": "944.90000", "2020-06-30": "782.30000", "2020-03-31": "706.90000", "2019-12-31": "1001.00000", "2019-09-30": "1140.10000", "2019-06-30": "1018.70000", "2019-03-31": "991.80000", "2018-12-31": "3401.40000", "2018-09-30": "1428.70000", "2018-06-30": "1200.30000", "2018-03-31": "1222.50000", "2017-12-31": "2120.60000", "2017-09-30": "27645.00000", "2017-06-30": "941.80000", "2017-03-31": "8201.10000", "2016-12-31": "8081.30000", "2016-09-30": "6509.00000", "2016-06-30": "8599.00000", "2016-03-31": "8904.30000", "2015-12-31": "8966.60000", "2015-09-30": "9301.20000", "2015-06-30": "927.20000", "2015-03-31": "871.30000", "2014-12-31": "899.60000", "2014-09-30": "1033.00000", "2014-06-30": "899.90000", "2014-03-31": "821.50000", "2013-12-31": "891.80000", "2013-09-30": "1012.70000", "2013-06-30": "843.40000", "2013-03-31": "795.50000", "2012-12-31": "736.20000", "2012-09-30": "754.20000", "2012-06-30": "532.00300", "2012-03-31": "580.20000", "2011-12-31": "587.02700", "2011-09-30": "662.35400", "2011-06-30": "609.16900", "2011-03-31": "578.35800", "2010-12-31": "", "2010-09-30": "", "2010-06-30": "2.35200", "2010-03-31": "2.47800", "2009-12-31": "", "2009-09-30": "1.56600", "2009-06-30": "1.11100", "2009-03-31": "1.19100", "2008-12-31": "", "2008-09-30": "1.12900", "2008-06-30": "1.12700", "2008-03-31": "1.19000", "2007-12-31": "", "2007-09-30": "1.34900", "2007-06-30": "1.39100", "2007-03-31": "1.35600", "2006-12-31": "", "2006-09-30": "33.06400", "2006-06-30": "30.37500", "2006-03-31": "20.06900", "2005-12-31": "", "2005-09-30": "54.35300", "2005-06-30": "55.12600", "2005-03-31": "52.43700"}, "Long Term Debt": {"2020-09-30": "2461.00000", "2020-06-30": "2677.20000", "2020-03-31": "2999.10000", "2019-12-31": "2324.30000", "2019-09-30": "2214.40000", "2019-06-30": "2275.20000", "2019-03-31": "2342.00000", "2018-12-31": "2589.30000", "2018-09-30": "4624.30000", "2018-06-30": "5189.40000", "2018-03-31": "5248.40000", "2017-12-31": "4888.40000", "2017-09-30": "5543.70000", "2017-06-30": "6032.50000", "2017-03-31": "", "2016-12-31": "", "2016-09-30": "", "2016-06-30": "", "2016-03-31": "", "2015-12-31": "", "2015-09-30": "", "2015-06-30": "6832.70000", "2015-03-31": "5623.70000", "2014-12-31": "5666.00000", "2014-09-30": "5157.80000", "2014-06-30": "5303.40000", "2014-03-31": "5396.30000", "2013-12-31": "5165.90000", "2013-09-30": "4896.10000", "2013-06-30": "4554.30000", "2013-03-31": "4596.70000", "2012-12-31": "3917.80000", "2012-09-30": "2167.00000", "2012-06-30": "2296.40400", "2012-03-31": "2345.61000", "2011-12-31": "2253.40800", "2011-09-30": "2127.69000", "2011-06-30": "2313.95800", "2011-03-31": "2138.60400", "2010-12-31": "", "2010-09-30": "", "2010-06-30": "", "2010-03-31": "", "2009-12-31": "", "2009-09-30": "", "2009-06-30": "", "2009-03-31": "", "2008-12-31": "", "2008-09-30": "", "2008-06-30": "", "2008-03-31": "", "2007-12-31": "", "2007-09-30": "", "2007-06-30": "", "2007-03-31": "", "2006-12-31": "", "2006-09-30": "25.82300", "2006-06-30": "26.45400", "2006-03-31": "27.05700", "2005-12-31": "", "2005-09-30": "14.68000", "2005-06-30": "17.57400", "2005-03-31": "21.96400"}, "Other Non-Current Liabilities": {"2020-09-30": "131.40000", "2020-06-30": "114.10000", "2020-03-31": "110.10000", "2019-12-31": "108.10000", "2019-09-30": "112.00000", "2019-06-30": "75.50000", "2019-03-31": "135.60000", "2018-12-31": "119.90000", "2018-09-30": "121.40000", "2018-06-30": "119.10000", "2018-03-31": "139.90000", "2017-12-31": "145.20000", "2017-09-30": "64.80000", "2017-06-30": "157.60000", "2017-03-31": "142.90000", "2016-12-31": "138.40000", "2016-09-30": "154.10000", "2016-06-30": "151.80000", "2016-03-31": "159.20000", "2015-12-31": "157.40000", "2015-09-30": "149.20000", "2015-06-30": "22726.60000", "2015-03-31": "22571.50000", "2014-12-31": "22041.10000", "2014-09-30": "21119.10000", "2014-06-30": "20809.00000", "2014-03-31": "20504.20000", "2013-12-31": "20221.30000", "2013-09-30": "19713.50000", "2013-06-30": "19578.90000", "2013-03-31": "19681.20000", "2012-12-31": "19558.00000", "2012-09-30": "19746.70000", "2012-06-30": "19586.52000", "2012-03-31": "19453.96000", "2011-12-31": "19081.72000", "2011-09-30": "18721.24000", "2011-06-30": "19012.53000", "2011-03-31": "162.32800", "2010-12-31": "", "2010-09-30": "", "2010-06-30": "1.05500", "2010-03-31": "1.06000", "2009-12-31": "", "2009-09-30": "1.08700", "2009-06-30": "1.09000", "2009-03-31": "1.14500", "2008-12-31": "", "2008-09-30": "1.19600", "2008-06-30": "1.14800", "2008-03-31": "1.33000", "2007-12-31": "", "2007-09-30": "1.47000", "2007-06-30": "1.44500", "2007-03-31": "1.48300", "2006-12-31": "", "2006-09-30": "0.39500", "2006-06-30": "1.88500", "2006-03-31": "1.50200", "2005-12-31": "", "2005-09-30": "6.74300", "2005-06-30": "11.53000", "2005-03-31": "10.23200"}, "Total Long Term Liabilities": {"2020-09-30": "2746.60000", "2020-06-30": "2934.80000", "2020-03-31": "3266.10000", "2019-12-31": "2568.80000", "2019-09-30": "2377.00000", "2019-06-30": "2385.70000", "2019-03-31": "2566.10000", "2018-12-31": "2744.20000", "2018-09-30": "4780.70000", "2018-06-30": "5622.70000", "2018-03-31": "5674.10000", "2017-12-31": "5331.80000", "2017-09-30": "6257.80000", "2017-06-30": "32657.00000", "2017-03-31": "26727.40000", "2016-12-31": "25912.00000", "2016-09-30": "25253.90000", "2016-06-30": "25523.20000", "2016-03-31": "25042.90000", "2015-12-31": "24693.20000", "2015-09-30": "24142.20000", "2015-06-30": "30171.00000", "2015-03-31": "28719.60000", "2014-12-31": "28225.10000", "2014-09-30": "26810.20000", "2014-06-30": "26634.60000", "2014-03-31": "27077.60000", "2013-12-31": "26590.50000", "2013-09-30": "25762.60000", "2013-06-30": "25114.30000", "2013-03-31": "25322.60000", "2012-12-31": "24454.20000", "2012-09-30": "22847.30000", "2012-06-30": "22765.18000", "2012-03-31": "22559.83000", "2011-12-31": "22046.45000", "2011-09-30": "21555.40000", "2011-06-30": "21905.23000", "2011-03-31": "2605.36200", "2010-12-31": "", "2010-09-30": "", "2010-06-30": "4.51000", "2010-03-31": "4.54700", "2009-12-31": "", "2009-09-30": "4.01300", "2009-06-30": "4.00900", "2009-03-31": "4.05600", "2008-12-31": "", "2008-09-30": "1.84400", "2008-06-30": "1.81100", "2008-03-31": "2.00900", "2007-12-31": "", "2007-09-30": "2.17700", "2007-06-30": "2.16700", "2007-03-31": "2.22000", "2006-12-31": "", "2006-09-30": "99.75700", "2006-06-30": "101.87300", "2006-03-31": "101.69800", "2005-12-31": "", "2005-09-30": "117.98700", "2005-06-30": "120.83200", "2005-03-31": "123.32400"}, "Total Liabilities": {"2020-09-30": "3691.50000", "2020-06-30": "3717.10000", "2020-03-31": "3973.00000", "2019-12-31": "3569.80000", "2019-09-30": "3517.10000", "2019-06-30": "3404.40000", "2019-03-31": "3557.90000", "2018-12-31": "6145.60000", "2018-09-30": "6209.40000", "2018-06-30": "6823.00000", "2018-03-31": "6896.60000", "2017-12-31": "7452.40000", "2017-09-30": "33902.80000", "2017-06-30": "33598.80000", "2017-03-31": "34928.50000", "2016-12-31": "33993.30000", "2016-09-30": "31762.90000", "2016-06-30": "34122.20000", "2016-03-31": "33947.20000", "2015-12-31": "33659.80000", "2015-09-30": "33443.40000", "2015-06-30": "31098.20000", "2015-03-31": "29590.90000", "2014-12-31": "29124.70000", "2014-09-30": "27843.20000", "2014-06-30": "27534.50000", "2014-03-31": "27899.10000", "2013-12-31": "27482.30000", "2013-09-30": "26775.30000", "2013-06-30": "25957.70000", "2013-03-31": "26118.10000", "2012-12-31": "25190.40000", "2012-09-30": "23601.50000", "2012-06-30": "23297.18000", "2012-03-31": "23140.03000", "2011-12-31": "22633.48000", "2011-09-30": "22217.75000", "2011-06-30": "22514.40000", "2011-03-31": "3183.72000", "2010-12-31": "", "2010-09-30": "", "2010-06-30": "6.86200", "2010-03-31": "7.02500", "2009-12-31": "", "2009-09-30": "5.57900", "2009-06-30": "5.12000", "2009-03-31": "5.24700", "2008-12-31": "", "2008-09-30": "2.97300", "2008-06-30": "2.93800", "2008-03-31": "3.19900", "2007-12-31": "", "2007-09-30": "3.52600", "2007-06-30": "3.55800", "2007-03-31": "3.57600", "2006-12-31": "", "2006-09-30": "132.82100", "2006-06-30": "132.24800", "2006-03-31": "121.76700", "2005-12-31": "", "2005-09-30": "172.34000", "2005-06-30": "175.95800", "2005-03-31": "175.76100"}, "Common Stock Net": {"2020-09-30": "0.50000", "2020-06-30": "0.50000", "2020-03-31": "0.50000", "2019-12-31": "0.50000", "2019-09-30": "0.50000", "2019-06-30": "0.50000", "2019-03-31": "0.50000", "2018-12-31": "0.50000", "2018-09-30": "0.50000", "2018-06-30": "2.10000", "2018-03-31": "2.10000", "2017-12-31": "2.00000", "2017-09-30": "2.00000", "2017-06-30": "2.00000", "2017-03-31": "2.00000", "2016-12-31": "2.00000", "2016-09-30": "2.00000", "2016-06-30": "2.00000", "2016-03-31": "2.00000", "2015-12-31": "2.00000", "2015-09-30": "2.00000", "2015-06-30": "2.00000", "2015-03-31": "2.00000", "2014-12-31": "2.00000", "2014-09-30": "2.00000", "2014-06-30": "2.10000", "2014-03-31": "1.50000", "2013-12-31": "1.50000", "2013-09-30": "1.40000", "2013-06-30": "1.40000", "2013-03-31": "1.40000", "2012-12-31": "1.40000", "2012-09-30": "1.40000", "2012-06-30": "1.40200", "2012-03-31": "1.40100", "2011-12-31": "1.39400", "2011-09-30": "1.39300", "2011-06-30": "1.39200", "2011-03-31": "1.39200", "2010-12-31": "", "2010-09-30": "", "2010-06-30": "0.19300", "2010-03-31": "0.19300", "2009-12-31": "", "2009-09-30": "0.24700", "2009-06-30": "0.24700", "2009-03-31": "0.24700", "2008-12-31": "", "2008-09-30": "0.24700", "2008-06-30": "0.24700", "2008-03-31": "0.24700", "2007-12-31": "", "2007-09-30": "0.24700", "2007-06-30": "0.24700", "2007-03-31": "0.24600", "2006-12-31": "", "2006-09-30": "0.24600", "2006-06-30": "0.24600", "2006-03-31": "0.24600", "2005-12-31": "", "2005-09-30": "0.24600", "2005-06-30": "0.24600", "2005-03-31": "0.24600"}, "Retained Earnings (Accumulated Deficit)": {"2020-09-30": "243.90000", "2020-06-30": "217.30000", "2020-03-31": "68.20000", "2019-12-31": "144.90000", "2019-09-30": "223.80000", "2019-06-30": "340.50000", "2019-03-31": "387.60000", "2018-12-31": "-349.10000", "2018-09-30": "-180.10000", "2018-06-30": "-78.30000", "2018-03-31": "-455.60000", "2017-12-31": "-418.50000", "2017-09-30": "-925.90000", "2017-06-30": "-899.70000", "2017-03-31": "-901.80000", "2016-12-31": "-819.70000", "2016-09-30": "-1031.90000", "2016-06-30": "-1024.60000", "2016-03-31": "-901.80000", "2015-12-31": "-867.00000", "2015-09-30": "-833.10000", "2015-06-30": "-690.00000", "2015-03-31": "-614.40000", "2014-12-31": "-386.10000", "2014-09-30": "-276.30000", "2014-06-30": "-270.00000", "2014-03-31": "-319.00000", "2013-12-31": "-231.60000", "2013-09-30": "-192.40000", "2013-06-30": "9.70000", "2013-03-31": "-81.90000", "2012-12-31": "-36.40000", "2012-09-30": "-98.20000", "2012-06-30": "-257.25900", "2012-03-31": "-108.17900", "2011-12-31": "-111.58800", "2011-09-30": "-128.08300", "2011-06-30": "-44.66100", "2011-03-31": "-232.32900", "2010-12-31": "", "2010-09-30": "", "2010-06-30": "17.98700", "2010-03-31": "21.14600", "2009-12-31": "", "2009-09-30": "35.65900", "2009-06-30": "36.00300", "2009-03-31": "36.46500", "2008-12-31": "", "2008-09-30": "37.64800", "2008-06-30": "37.83600", "2008-03-31": "37.52400", "2007-12-31": "", "2007-09-30": "36.29500", "2007-06-30": "35.80500", "2007-03-31": "35.11900", "2006-12-31": "", "2006-09-30": "37.37700", "2006-06-30": "45.25400", "2006-03-31": "45.61300", "2005-12-31": "", "2005-09-30": "42.23200", "2005-06-30": "55.38300", "2005-03-31": "54.91900"}, "Comprehensive Income": {"2020-09-30": "-284.70000", "2020-06-30": "-276.80000", "2020-03-31": "-282.00000", "2019-12-31": "-249.10000", "2019-09-30": "-273.60000", "2019-06-30": "-228.70000", "2019-03-31": "-222.30000", "2018-12-31": "-246.80000", "2018-09-30": "-235.80000", "2018-06-30": "-141.80000", "2018-03-31": "-125.30000", "2017-12-31": "-126.80000", "2017-09-30": "309.00000", "2017-06-30": "234.50000", "2017-03-31": "94.20000", "2016-12-31": "-22.20000", "2016-09-30": "220.90000", "2016-06-30": "130.90000", "2016-03-31": "-72.80000", "2015-12-31": "-174.30000", "2015-09-30": "-40.70000", "2015-06-30": "64.20000", "2015-03-31": "251.80000", "2014-12-31": "222.60000", "2014-09-30": "243.60000", "2014-06-30": "301.30000", "2014-03-31": "197.80000", "2013-12-31": "61.70000", "2013-09-30": "87.70000", "2013-06-30": "140.00000", "2013-03-31": "392.90000", "2012-12-31": "403.30000", "2012-09-30": "413.20000", "2012-06-30": "253.81200", "2012-03-31": "229.82800", "2011-12-31": "150.35200", "2011-09-30": "149.44800", "2011-06-30": "102.82800", "2011-03-31": "4.55000", "2010-12-31": "", "2010-09-30": "", "2010-06-30": "-10.45300", "2010-03-31": "-10.68200", "2009-12-31": "", "2009-09-30": "-10.77800", "2009-06-30": "-10.92100", "2009-03-31": "-11.06400", "2008-12-31": "", "2008-09-30": "-7.68100", "2008-06-30": "-7.76500", "2008-03-31": "-7.79700", "2007-12-31": "", "2007-09-30": "-7.98600", "2007-06-30": "-8.13000", "2007-03-31": "-8.27400", "2006-12-31": "", "2006-09-30": "-4.75400", "2006-06-30": "-4.75600", "2006-03-31": "-4.75300", "2005-12-31": "", "2005-09-30": "-2.04700", "2005-06-30": "-1.46600", "2005-03-31": "0.81800"}, "Other Share Holders Equity": {"2020-09-30": "", "2020-06-30": "", "2020-03-31": "", "2019-12-31": "", "2019-09-30": "", "2019-06-30": "", "2019-03-31": "", "2018-12-31": "", "2018-09-30": "", "2018-06-30": "", "2018-03-31": "", "2017-12-31": "", "2017-09-30": "", "2017-06-30": "", "2017-03-31": "", "2016-12-31": "", "2016-09-30": "", "2016-06-30": "", "2016-03-31": "", "2015-12-31": "", "2015-09-30": "", "2015-06-30": "", "2015-03-31": "", "2014-12-31": "", "2014-09-30": "", "2014-06-30": "", "2014-03-31": "", "2013-12-31": "", "2013-09-30": "", "2013-06-30": "", "2013-03-31": "", "2012-12-31": "", "2012-09-30": "", "2012-06-30": "", "2012-03-31": "", "2011-12-31": "", "2011-09-30": "", "2011-06-30": "", "2011-03-31": "", "2010-12-31": "", "2010-09-30": "", "2010-06-30": "", "2010-03-31": "", "2009-12-31": "", "2009-09-30": "", "2009-06-30": "", "2009-03-31": "", "2008-12-31": "", "2008-09-30": "", "2008-06-30": "", "2008-03-31": "", "2007-12-31": "", "2007-09-30": "", "2007-06-30": "", "2007-03-31": "", "2006-12-31": "", "2006-09-30": "", "2006-06-30": "", "2006-03-31": "", "2005-12-31": "", "2005-09-30": "", "2005-06-30": "", "2005-03-31": ""}, "Share Holder Equity": {"2020-09-30": "1415.80000", "2020-06-30": "1385.50000", "2020-03-31": "1222.20000", "2019-12-31": "1473.30000", "2019-09-30": "1728.90000", "2019-06-30": "1884.00000", "2019-03-31": "1928.60000", "2018-12-31": "1405.90000", "2018-09-30": "1589.60000", "2018-06-30": "1689.80000", "2018-03-31": "1343.70000", "2017-12-31": "1627.60000", "2017-09-30": "1946.90000", "2017-06-30": "1896.70000", "2017-03-31": "1768.30000", "2016-12-31": "1669.40000", "2016-09-30": "1817.20000", "2016-06-30": "1688.60000", "2016-03-31": "1507.90000", "2015-12-31": "1373.00000", "2015-09-30": "1588.10000", "2015-06-30": "1871.80000", "2015-03-31": "1864.10000", "2014-12-31": "2082.00000", "2014-09-30": "2257.00000", "2014-06-30": "2350.70000", "2014-03-31": "1423.40000", "2013-12-31": "1281.70000", "2013-09-30": "1133.50000", "2013-06-30": "1407.30000", "2013-03-31": "1598.60000", "2012-12-31": "1668.40000", "2012-09-30": "1598.90000", "2012-06-30": "1284.16500", "2012-03-31": "1394.96700", "2011-12-31": "1377.60000", "2011-09-30": "1373.13900", "2011-06-30": "1405.42300", "2011-03-31": "1093.96300", "2010-12-31": "", "2010-09-30": "", "2010-06-30": "140.45300", "2010-03-31": "143.35100", "2009-12-31": "", "2009-09-30": "157.74000", "2009-06-30": "157.94200", "2009-03-31": "158.26200", "2008-12-31": "", "2008-09-30": "162.79600", "2008-06-30": "162.90000", "2008-03-31": "162.55600", "2007-12-31": "", "2007-09-30": "161.13300", "2007-06-30": "160.49500", "2007-03-31": "159.88100", "2006-12-31": "", "2006-09-30": "166.10300", "2006-06-30": "172.00500", "2006-03-31": "172.38600", "2005-12-31": "", "2005-09-30": "169.12000", "2005-06-30": "182.89000", "2005-03-31": "184.63200"}, "Total Liabilities And Share Holders Equity": {"2020-09-30": "5107.30000", "2020-06-30": "5102.60000", "2020-03-31": "5195.20000", "2019-12-31": "5043.10000", "2019-09-30": "5246.00000", "2019-06-30": "5288.40000", "2019-03-31": "5486.50000", "2018-12-31": "7551.50000", "2018-09-30": "7799.00000", "2018-06-30": "8512.80000", "2018-03-31": "8240.30000", "2017-12-31": "9080.00000", "2017-09-30": "35849.70000", "2017-06-30": "35495.50000", "2017-03-31": "36696.80000", "2016-12-31": "35662.70000", "2016-09-30": "33580.10000", "2016-06-30": "35810.80000", "2016-03-31": "35455.10000", "2015-12-31": "35032.80000", "2015-09-30": "35031.50000", "2015-06-30": "32970.00000", "2015-03-31": "31455.00000", "2014-12-31": "31206.70000", "2014-09-30": "30100.20000", "2014-06-30": "29885.20000", "2014-03-31": "29322.50000", "2013-12-31": "28764.00000", "2013-09-30": "27908.80000", "2013-06-30": "27365.00000", "2013-03-31": "27716.70000", "2012-12-31": "26858.80000", "2012-09-30": "25200.40000", "2012-06-30": "24581.35000", "2012-03-31": "24534.99000", "2011-12-31": "24011.08000", "2011-09-30": "23590.89000", "2011-06-30": "23919.82000", "2011-03-31": "4277.68300", "2010-12-31": "", "2010-09-30": "", "2010-06-30": "147.31500", "2010-03-31": "150.37600", "2009-12-31": "", "2009-09-30": "163.31900", "2009-06-30": "163.06200", "2009-03-31": "163.50900", "2008-12-31": "", "2008-09-30": "165.76900", "2008-06-30": "165.83800", "2008-03-31": "165.75500", "2007-12-31": "", "2007-09-30": "164.65900", "2007-06-30": "164.05300", "2007-03-31": "163.45700", "2006-12-31": "", "2006-09-30": "298.92400", "2006-06-30": "304.25300", "2006-03-31": "294.15300", "2005-12-31": "", "2005-09-30": "341.46000", "2005-06-30": "358.84800", "2005-03-31": "360.39300"}}, "cash flow statement": {"Net Income/Loss": {"2020-09-30": "98.50000", "2019-09-30": "495.80000", "2018-09-30": "872.00000", "2017-09-30": "273.20000", "2016-09-30": "-33.90000", "2015-09-30": "-512.40000", "2014-09-30": "101.70000", "2013-09-30": "-69.00000", "2012-09-30": "110.70000", "2011-09-30": "7.30000", "2010-12-31": "-22.30800", "2010-09-30": "-198.24200", "2009-12-31": "-13.34700", "2009-09-30": "943.15600", "2008-12-31": "-0.01300", "2007-12-31": "2.55000", "2006-12-31": "-4.66300", "2005-12-31": "-9.17600"}, "Total Depreciation And Amortization - Cash Flow": {"2020-09-30": "179.10000", "2019-09-30": "342.10000", "2018-09-30": "165.20000", "2017-09-30": "181.00000", "2016-09-30": "154.90000", "2015-09-30": "253.20000", "2014-09-30": "179.00000", "2013-09-30": "396.50000", "2012-09-30": "369.30000", "2011-09-30": "175.70000", "2010-12-31": "0.35800", "2010-09-30": "128.09300", "2009-12-31": "0.00700", "2009-09-30": "115.41900", "2008-12-31": "", "2007-12-31": "0.00300", "2006-12-31": "0.01800", "2005-12-31": "0.03700"}, "Other Non-Cash Items": {"2020-09-30": "39.20000", "2019-09-30": "-671.80000", "2018-09-30": "-755.40000", "2017-09-30": "329.60000", "2016-09-30": "749.10000", "2015-09-30": "472.80000", "2014-09-30": "245.00000", "2013-09-30": "203.10000", "2012-09-30": "-59.70000", "2011-09-30": "-2.20000", "2010-12-31": "0.26200", "2010-09-30": "158.80100", "2009-12-31": "8.54400", "2009-09-30": "-966.71900", "2008-12-31": "-0.14800", "2007-12-31": "1.41400", "2006-12-31": "6.37600", "2005-12-31": "11.69200"}, "Total Non-Cash Items": {"2020-09-30": "218.30000", "2019-09-30": "-329.70000", "2018-09-30": "-590.20000", "2017-09-30": "510.60000", "2016-09-30": "904.00010", "2015-09-30": "726.00000", "2014-09-30": "424.00000", "2013-09-30": "599.60000", "2012-09-30": "309.60000", "2011-09-30": "173.50000", "2010-12-31": "0.62000", "2010-09-30": "286.89400", "2009-12-31": "8.55100", "2009-09-30": "-851.30000", "2008-12-31": "-0.14800", "2007-12-31": "1.41700", "2006-12-31": "6.39400", "2005-12-31": "11.72900"}, "Change In Accounts Receivable": {"2020-09-30": "-143.30000", "2019-09-30": "-70.60000", "2018-09-30": "21.40000", "2017-09-30": "-28.80000", "2016-09-30": "52.30000", "2015-09-30": "", "2014-09-30": "", "2013-09-30": "", "2012-09-30": "", "2011-09-30": "", "2010-12-31": "", "2010-09-30": "12.70200", "2009-12-31": "", "2009-09-30": "73.90200", "2008-12-31": "", "2007-12-31": "-0.74500", "2006-12-31": "-0.05000", "2005-12-31": "0.25100"}, "Change In Inventories": {"2020-09-30": "-5.90000", "2019-09-30": "26.70000", "2018-09-30": "-9.20000", "2017-09-30": "-24.50000", "2016-09-30": "20.90000", "2015-09-30": "", "2014-09-30": "", "2013-09-30": "", "2012-09-30": "", "2011-09-30": "", "2010-12-31": "", "2010-09-30": "-66.12700", "2009-12-31": "", "2009-09-30": "57.99900", "2008-12-31": "", "2007-12-31": "", "2006-12-31": "", "2005-12-31": ""}, "Change In Accounts Payable": {"2020-09-30": "125.00000", "2019-09-30": "-161.30000", "2018-09-30": "65.70000", "2017-09-30": "148.90000", "2016-09-30": "", "2015-09-30": "", "2014-09-30": "", "2013-09-30": "", "2012-09-30": "", "2011-09-30": "", "2010-12-31": "2.13500", "2010-09-30": "", "2009-12-31": "0.50100", "2009-09-30": "-58.02500", "2008-12-31": "-0.08800", "2007-12-31": "-0.23700", "2006-12-31": "0.17200", "2005-12-31": "0.10200"}, "Change In Assets/Liabilities": {"2020-09-30": "-2.30000", "2019-09-30": "40.20000", "2018-09-30": "-16.40000", "2017-09-30": "-39.20000", "2016-09-30": "30.60000", "2015-09-30": "103.20000", "2014-09-30": "178.40000", "2013-09-30": "-8.30000", "2012-09-30": "202.20000", "2011-09-30": "-25.30000", "2010-12-31": "0.04100", "2010-09-30": "-72.58400", "2009-12-31": "0.77200", "2009-09-30": "-89.17400", "2008-12-31": "0.73400", "2007-12-31": "-0.13800", "2006-12-31": "0.28600", "2005-12-31": "0.73100"}, "Total Change In Assets/Liabilities": {"2020-09-30": "-26.50000", "2019-09-30": "-165.00000", "2018-09-30": "61.50000", "2017-09-30": "56.40000", "2016-09-30": "43.20000", "2015-09-30": "103.20000", "2014-09-30": "178.40000", "2013-09-30": "-8.30000", "2012-09-30": "202.20000", "2011-09-30": "-25.30000", "2010-12-31": "7.71600", "2010-09-30": "-37.41500", "2009-12-31": "2.10200", "2009-09-30": "-15.29800", "2008-12-31": "0.55000", "2007-12-31": "-1.78500", "2006-12-31": "-0.02800", "2005-12-31": "-0.47400"}, "Cash Flow From Operating Activities": {"2020-09-30": "290.30000", "2019-09-30": "1.10000", "2018-09-30": "343.30000", "2017-09-30": "840.20000", "2016-09-30": "913.30000", "2015-09-30": "316.80000", "2014-09-30": "704.10000", "2013-09-30": "522.30000", "2012-09-30": "622.50000", "2011-09-30": "155.50000", "2010-12-31": "-13.97200", "2010-09-30": "51.23700", "2009-12-31": "-2.69400", "2009-09-30": "76.55800", "2008-12-31": "0.38900", "2007-12-31": "2.18200", "2006-12-31": "1.70300", "2005-12-31": "2.07900"}, "Net Change In Property, Plant, And Equipment": {"2020-09-30": "-27.80000", "2019-09-30": "-56.30000", "2018-09-30": "-71.70000", "2017-09-30": "-77.20000", "2016-09-30": "-41.40000", "2015-09-30": "-89.20000", "2014-09-30": "-66.30000", "2013-09-30": "-100.10000", "2012-09-30": "-53.50000", "2011-09-30": "-38.20000", "2010-12-31": "-0.14300", "2010-09-30": "-39.98600", "2009-12-31": "-0.04200", "2009-09-30": "-10.33400", "2008-12-31": "", "2007-12-31": "", "2006-12-31": "", "2005-12-31": ""}, "Net Change In Intangible Assets": {"2020-09-30": "", "2019-09-30": "", "2018-09-30": "", "2017-09-30": "", "2016-09-30": "", "2015-09-30": "", "2014-09-30": "", "2013-09-30": "", "2012-09-30": "", "2011-09-30": "", "2010-12-31": "", "2010-09-30": "", "2009-12-31": "", "2009-09-30": "", "2008-12-31": "", "2007-12-31": "", "2006-12-31": "", "2005-12-31": ""}, "Net Acquisitions/Divestitures": {"2020-09-30": "-13.30000", "2019-09-30": "2859.50000", "2018-09-30": "1546.80000", "2017-09-30": "-289.40000", "2016-09-30": "", "2015-09-30": "-1309.90000", "2014-09-30": "-27.30000", "2013-09-30": "-2014.80000", "2012-09-30": "-185.10000", "2011-09-30": "684.40000", "2010-12-31": "", "2010-09-30": "-2.57700", "2009-12-31": "", "2009-09-30": "-8.46000", "2008-12-31": "", "2007-12-31": "", "2006-12-31": "75.54100", "2005-12-31": "51.19700"}, "Net Change In Short-term Investments": {"2020-09-30": "", "2019-09-30": "", "2018-09-30": "", "2017-09-30": "", "2016-09-30": "", "2015-09-30": "", "2014-09-30": "", "2013-09-30": "", "2012-09-30": "", "2011-09-30": "", "2010-12-31": "", "2010-09-30": "", "2009-12-31": "", "2009-09-30": "", "2008-12-31": "", "2007-12-31": "", "2006-12-31": "", "2005-12-31": ""}, "Net Change In Long-Term Investments": {"2020-09-30": "147.10000", "2019-09-30": "", "2018-09-30": "", "2017-09-30": "", "2016-09-30": "35.10000", "2015-09-30": "70.80000", "2014-09-30": "-46.80000", "2013-09-30": "491.40040", "2012-09-30": "234.00000", "2011-09-30": "-109.10000", "2010-12-31": "-47.69700", "2010-09-30": "26.10500", "2009-12-31": "-12.02600", "2009-09-30": "", "2008-12-31": "3.05400", "2007-12-31": "0.18000", "2006-12-31": "-15.19900", "2005-12-31": ""}, "Net Change In Investments - Total": {"2020-09-30": "147.10000", "2019-09-30": "", "2018-09-30": "", "2017-09-30": "", "2016-09-30": "35.10000", "2015-09-30": "70.80000", "2014-09-30": "-46.80000", "2013-09-30": "491.40040", "2012-09-30": "234.00000", "2011-09-30": "-109.10000", "2010-12-31": "-47.69700", "2010-09-30": "26.10500", "2009-12-31": "-12.02600", "2009-09-30": "", "2008-12-31": "3.05400", "2007-12-31": "0.18000", "2006-12-31": "-15.19900", "2005-12-31": ""}, "Investing Activities - Other": {"2020-09-30": "2.30000", "2019-09-30": "-5.60000", "2018-09-30": "-202.40000", "2017-09-30": "-1220.60000", "2016-09-30": "-885.10000", "2015-09-30": "-813.00000", "2014-09-30": "-1801.50000", "2013-09-30": "-387.29980", "2012-09-30": "-181.00000", "2011-09-30": "-5.10000", "2010-12-31": "-0.13400", "2010-09-30": "65.78000", "2009-12-31": "", "2009-09-30": "-0.85500", "2008-12-31": "", "2007-12-31": "", "2006-12-31": "-16.53400", "2005-12-31": "-21.63200"}, "Cash Flow From Investing Activities": {"2020-09-30": "108.30000", "2019-09-30": "2797.60000", "2018-09-30": "1272.70000", "2017-09-30": "-1587.20000", "2016-09-30": "-891.40000", "2015-09-30": "-2141.30000", "2014-09-30": "-1941.90000", "2013-09-30": "-2010.80000", "2012-09-30": "-185.60000", "2011-09-30": "532.00000", "2010-12-31": "-47.97400", "2010-09-30": "49.32200", "2009-12-31": "-12.06800", "2009-09-30": "-19.64900", "2008-12-31": "3.05400", "2007-12-31": "0.18000", "2006-12-31": "43.80800", "2005-12-31": "29.56500"}, "Net Long-Term Debt": {"2020-09-30": "164.50000", "2019-09-30": "-2349.90000", "2018-09-30": "-1056.30000", "2017-09-30": "57.90000", "2016-09-30": "-602.70000", "2015-09-30": "3705.30000", "2014-09-30": "162.40000", "2013-09-30": "4144.10000", "2012-09-30": "-7.20000", "2011-09-30": "273.80000", "2010-12-31": "345.05500", "2010-09-30": "123.00210", "2009-12-31": "", "2009-09-30": "-46.96100", "2008-12-31": "", "2007-12-31": "", "2006-12-31": "", "2005-12-31": ""}, "Net Current Debt": {"2020-09-30": "", "2019-09-30": "", "2018-09-30": "", "2017-09-30": "", "2016-09-30": "", "2015-09-30": "-3050.50000", "2014-09-30": "", "2013-09-30": "-1608.50000", "2012-09-30": "", "2011-09-30": "", "2010-12-31": "", "2010-09-30": "", "2009-12-31": "", "2009-09-30": "", "2008-12-31": "", "2007-12-31": "", "2006-12-31": "", "2005-12-31": ""}, "Debt Issuance/Retirement Net - Total": {"2020-09-30": "164.50000", "2019-09-30": "-2349.90000", "2018-09-30": "-1056.30000", "2017-09-30": "57.90000", "2016-09-30": "-602.70000", "2015-09-30": "654.80000", "2014-09-30": "162.40000", "2013-09-30": "2535.60000", "2012-09-30": "-7.20000", "2011-09-30": "273.80000", "2010-12-31": "345.05500", "2010-09-30": "123.00210", "2009-12-31": "", "2009-09-30": "-46.96100", "2008-12-31": "", "2007-12-31": "", "2006-12-31": "", "2005-12-31": ""}, "Net Common Equity Issued/Repurchased": {"2020-09-30": "-364.80000", "2019-09-30": "-268.50000", "2018-09-30": "-288.00000", "2017-09-30": "-252.50000", "2016-09-30": "-52.00000", "2015-09-30": "209.20000", "2014-09-30": "-75.10000", "2013-09-30": "-89.40000", "2012-09-30": "-85.00000", "2011-09-30": "", "2010-12-31": "0.02100", "2010-09-30": "-2.20700", "2009-12-31": "", "2009-09-30": "", "2008-12-31": "", "2007-12-31": "", "2006-12-31": "0.19600", "2005-12-31": "0.09000"}, "Net Total Equity Issued/Repurchased": {"2020-09-30": "-364.80000", "2019-09-30": "-268.50000", "2018-09-30": "-288.00000", "2017-09-30": "-252.50000", "2016-09-30": "-52.00000", "2015-09-30": "209.20000", "2014-09-30": "-75.10000", "2013-09-30": "-89.40000", "2012-09-30": "-85.00000", "2011-09-30": "386.00000", "2010-12-31": "0.02100", "2010-09-30": "-2.20700", "2009-12-31": "", "2009-09-30": "", "2008-12-31": "", "2007-12-31": "", "2006-12-31": "0.19600", "2005-12-31": "0.09000"}, "Total Common And Preferred Stock Dividends Paid": {"2020-09-30": "-76.00000", "2019-09-30": "-86.60000", "2018-09-30": "-51.00000", "2017-09-30": "-39.90000", "2016-09-30": "-37.30000", "2015-09-30": "-31.00000", "2014-09-30": "-54.60000", "2013-09-30": "-50.80000", "2012-09-30": "-55.30000", "2011-09-30": "", "2010-12-31": "", "2010-09-30": "", "2009-12-31": "", "2009-09-30": "", "2008-12-31": "", "2007-12-31": "", "2006-12-31": "", "2005-12-31": ""}, "Financial Activities - Other": {"2020-09-30": "-220.80000", "2019-09-30": "-19.60000", "2018-09-30": "100.00000", "2017-09-30": "817.50000", "2016-09-30": "840.70000", "2015-09-30": "897.80000", "2014-09-30": "633.30000", "2013-09-30": "-473.40000", "2012-09-30": "44.80000", "2011-09-30": "-467.70000", "2010-12-31": "-371.75100", "2010-09-30": "-54.53300", "2009-12-31": "", "2009-09-30": "-17.54700", "2008-12-31": "", "2007-12-31": "", "2006-12-31": "-3.71400", "2005-12-31": "10.48100"}, "Cash Flow From Financial Activities": {"2020-09-30": "-497.10000", "2019-09-30": "-2724.60000", "2018-09-30": "-1295.30000", "2017-09-30": "583.00000", "2016-09-30": "148.70000", "2015-09-30": "1730.80000", "2014-09-30": "666.00000", "2013-09-30": "1922.00000", "2012-09-30": "-102.70000", "2011-09-30": "192.10000", "2010-12-31": "-26.67500", "2010-09-30": "66.26200", "2009-12-31": "", "2009-09-30": "-64.50800", "2008-12-31": "", "2007-12-31": "", "2006-12-31": "-3.51800", "2005-12-31": "10.57100"}, "Net Cash Flow": {"2020-09-30": "-93.40000", "2019-09-30": "65.70000", "2018-09-30": "276.00000", "2017-09-30": "-179.80000", "2016-09-30": "-178.00000", "2015-09-30": "-30.40000", "2014-09-30": "51.80000", "2013-09-30": "429.00000", "2012-09-30": "333.30000", "2011-09-30": "880.50000", "2010-12-31": "-88.62100", "2010-09-30": "159.03100", "2009-12-31": "-14.76200", "2009-09-30": "-6.97300", "2008-12-31": "3.44300", "2007-12-31": "2.36200", "2006-12-31": "59.87800", "2005-12-31": "46.51900"}, "Stock-Based Compensation": {"2020-09-30": "37.70000", "2019-09-30": "49.20000", "2018-09-30": "11.90000", "2017-09-30": "54.20000", "2016-09-30": "70.80000", "2015-09-30": "72.60000", "2014-09-30": "73.70000", "2013-09-30": "61.50000", "2012-09-30": "31.20000", "2011-09-30": "30.50000", "2010-12-31": "0.11400", "2010-09-30": "16.71000", "2009-12-31": "0.00200", "2009-09-30": "2.63600", "2008-12-31": "", "2007-12-31": "-0.20300", "2006-12-31": "0.14000", "2005-12-31": ""}, "Common Stock Dividends Paid": {"2020-09-30": "-76.00000", "2019-09-30": "-86.60000", "2018-09-30": "-51.00000", "2017-09-30": "-39.90000", "2016-09-30": "-37.30000", "2015-09-30": "-31.00000", "2014-09-30": "-26.00000", "2013-09-30": "-33.40000", "2012-09-30": "-23.60000", "2011-09-30": "", "2010-12-31": "", "2010-09-30": "", "2009-12-31": "", "2009-09-30": "", "2008-12-31": "", "2007-12-31": "", "2006-12-31": "", "2005-12-31": ""}}, "cash flow statement, quarterly": {"Net Income/Loss": {"2020-09-30": 45.5, "2020-06-30": 145.6, "2020-03-31": -57.7, "2019-12-31": "-34.90000", "2019-09-30": -95.7, "2019-06-30": -25.9, "2019-03-31": 729.7, "2018-12-31": "-112.30000", "2018-09-30": -116.1, "2018-06-30": 432.6, "2018-03-31": -23.3, "2017-12-31": "578.80000", "2017-09-30": 24, "2017-06-30": 39.8, "2017-03-31": -51.4, "2016-12-31": "260.80000", "2016-09-30": 36.2, "2016-06-30": -93, "2016-03-31": 15.9, "2015-12-31": "7.00000", "2015-09-30": -127.1, "2015-06-30": -41.4, "2015-03-31": -237.5, "2014-12-31": "-106.40000", "2014-09-30": 17.6, "2014-06-30": 141.5, "2014-03-31": -55.8, "2013-12-31": "-1.60000", "2013-09-30": -205.3, "2013-06-30": 118.7, "2013-03-31": -50.5, "2012-12-31": "68.10000", "2012-09-30": 175.5, "2012-06-30": -110.1, "2012-03-31": -0.2, "2011-12-31": "45.50000", "2011-09-30": -109.173, "2011-06-30": 230.319, "2011-03-31": -113.846, "2010-12-31": "0.00000", "2010-09-30": 152.597, "2010-06-30": -86.922, "2010-03-31": -79.283, "2009-12-31": "0.00000", "2009-09-30": -8.498, "2009-06-30": -0.463, "2009-03-31": -0.727, "2008-12-31": "0.00000", "2008-09-30": -0.188, "2008-06-30": 0.312, "2008-03-31": 0.32, "2007-12-31": "0.00000", "2007-09-30": 0.49, "2007-06-30": 0.686, "2007-03-31": 0.466, "2006-12-31": "0.00000", "2006-09-30": -5.843, "2006-06-30": -0.359, "2006-03-31": 0.486, "2005-12-31": "0.00000", "2005-09-30": -9.161, "2005-06-30": 0.464, "2005-03-31": 0.078}, "Total Depreciation And Amortization - Cash Flow": {"2020-09-30": 62.3, "2020-06-30": 35.6, "2020-03-31": 37.9, "2019-12-31": "43.30000", "2019-09-30": 195.4, "2019-06-30": 37.5, "2019-03-31": 38.5, "2018-12-31": "70.70000", "2018-09-30": 52.1, "2018-06-30": 32.8, "2018-03-31": 37.5, "2017-12-31": "42.80000", "2017-09-30": 73.5, "2017-06-30": 36.7, "2017-03-31": 36.8, "2016-12-31": "34.00000", "2016-09-30": -7.3, "2016-06-30": 63, "2016-03-31": 48.7, "2015-12-31": "50.50000", "2015-09-30": 17.2, "2015-06-30": 59.5, "2015-03-31": 58.2, "2014-12-31": "118.30000", "2014-09-30": -21.9, "2014-06-30": 66.9, "2014-03-31": 69.5, "2013-12-31": "64.50000", "2013-09-30": 75.1, "2013-06-30": 123.2, "2013-03-31": 84, "2012-12-31": "114.20000", "2012-09-30": 106.1, "2012-06-30": 76.2, "2012-03-31": 93.1, "2011-12-31": "93.90000", "2011-09-30": 27.3, "2011-06-30": 85.887, "2011-03-31": 62.513, "2010-12-31": "", "2010-09-30": -95.221, "2010-06-30": 35.054, "2010-03-31": 60.193, "2009-12-31": "", "2009-09-30": 0.004, "2009-06-30": 0, "2009-03-31": 0, "2008-12-31": "", "2008-09-30": 0, "2008-06-30": -0.233, "2008-03-31": 0.233, "2007-12-31": "", "2007-09-30": 0, "2007-06-30": 0.003, "2007-03-31": 0, "2006-12-31": "", "2006-09-30": 0.003, "2006-06-30": 0.004, "2006-03-31": 0.006, "2005-12-31": "", "2005-09-30": 3.22, "2005-06-30": 3.34, "2005-03-31": 3.341}, "Other Non-Cash Items": {"2020-09-30": 23.2, "2020-06-30": -147, "2020-03-31": 131.9, "2019-12-31": "31.10000", "2019-09-30": 192.3, "2019-06-30": 88.7, "2019-03-31": -987.2, "2018-12-31": "34.40000", "2018-09-30": 42.1001, "2018-06-30": -327.8001, "2018-03-31": 9.9, "2017-12-31": "-479.60000", "2017-09-30": 259.4, "2017-06-30": 36.6, "2017-03-31": 127.8, "2016-12-31": "-94.20000", "2016-09-30": 127.6001, "2016-06-30": 364.8999, "2016-03-31": 90.6, "2015-12-31": "166.00000", "2015-09-30": 63.6, "2015-06-30": 150.7, "2015-03-31": 152.5, "2014-12-31": "106.00000", "2014-09-30": -32.7, "2014-06-30": 30.1, "2014-03-31": 165.3, "2013-12-31": "82.30000", "2013-09-30": 251.4, "2013-06-30": -121.3, "2013-03-31": 102.6, "2012-12-31": "-29.60000", "2012-09-30": -154.5, "2012-06-30": 118.3999, "2012-03-31": 78.4001, "2011-12-31": "-102.00000", "2011-09-30": 17.486, "2011-06-30": -122.204, "2011-03-31": 102.518, "2010-12-31": "", "2010-09-30": -104.693, "2010-06-30": 68.393, "2010-03-31": 36.533, "2009-12-31": "", "2009-09-30": 7.979, "2009-06-30": -0.261, "2009-03-31": -0.382, "2008-12-31": "", "2008-09-30": -0.278, "2008-06-30": 0.2, "2008-03-31": 0, "2007-12-31": "", "2007-09-30": 0.433, "2007-06-30": 0.137, "2007-03-31": 0.354, "2006-12-31": "", "2006-09-30": 7.425, "2006-06-30": -1.081, "2006-03-31": 1.566, "2005-12-31": "", "2005-09-30": 11.791, "2005-06-30": 3.891, "2005-03-31": 1.627}, "Total Non-Cash Items": {"2020-09-30": 85.5, "2020-06-30": -111.4, "2020-03-31": 169.8, "2019-12-31": "74.40000", "2019-09-30": 387.7, "2019-06-30": 126.2, "2019-03-31": -948.7, "2018-12-31": "105.10000", "2018-09-30": 94.2, "2018-06-30": -295, "2018-03-31": 47.4, "2017-12-31": "-436.80000", "2017-09-30": 332.9, "2017-06-30": 73.3, "2017-03-31": 164.6, "2016-12-31": "-60.20000", "2016-09-30": 120.3001, "2016-06-30": 427.9, "2016-03-31": 139.3, "2015-12-31": "216.50000", "2015-09-30": 80.8, "2015-06-30": 210.2, "2015-03-31": 210.7, "2014-12-31": "224.30000", "2014-09-30": -54.6, "2014-06-30": 97, "2014-03-31": 234.8, "2013-12-31": "146.80000", "2013-09-30": 326.5, "2013-06-30": 1.9, "2013-03-31": 186.6, "2012-12-31": "84.60000", "2012-09-30": -48.3999, "2012-06-30": 194.5998, "2012-03-31": 171.5001, "2011-12-31": "-8.10000", "2011-09-30": 44.786, "2011-06-30": -36.317, "2011-03-31": 165.031, "2010-12-31": "", "2010-09-30": -199.914, "2010-06-30": 103.447, "2010-03-31": 96.726, "2009-12-31": "", "2009-09-30": 7.983, "2009-06-30": -0.261, "2009-03-31": -0.382, "2008-12-31": "", "2008-09-30": -0.278, "2008-06-30": -0.033, "2008-03-31": 0.233, "2007-12-31": "", "2007-09-30": 0.433, "2007-06-30": 0.14, "2007-03-31": 0.354, "2006-12-31": "", "2006-09-30": 7.428, "2006-06-30": -1.077, "2006-03-31": 1.572, "2005-12-31": "", "2005-09-30": 15.011, "2005-06-30": 7.231, "2005-03-31": 4.968}, "Change In Accounts Receivable": {"2020-09-30": -143.3, "2020-06-30": 0, "2020-03-31": 0, "2019-12-31": "", "2019-09-30": -70.6, "2019-06-30": 0, "2019-03-31": 0, "2018-12-31": "", "2018-09-30": 21.4, "2018-06-30": 0, "2018-03-31": 0, "2017-12-31": "", "2017-09-30": -28.8, "2017-06-30": 0, "2017-03-31": 0, "2016-12-31": "", "2016-09-30": 52.3, "2016-06-30": 0, "2016-03-31": 0, "2015-12-31": "", "2015-09-30": 0, "2015-06-30": 0, "2015-03-31": 0, "2014-12-31": "", "2014-09-30": 0, "2014-06-30": 0, "2014-03-31": 0, "2013-12-31": "", "2013-09-30": 0, "2013-06-30": 0, "2013-03-31": 0, "2012-12-31": "", "2012-09-30": 0, "2012-06-30": 0, "2012-03-31": 0, "2011-12-31": "", "2011-09-30": 0, "2011-06-30": 0, "2011-03-31": 0, "2010-12-31": "", "2010-09-30": 2.736, "2010-06-30": 0.68, "2010-03-31": -3.416, "2009-12-31": "", "2009-09-30": 0, "2009-06-30": 0, "2009-03-31": 0, "2008-12-31": "", "2008-09-30": 0.63, "2008-06-30": -0.652, "2008-03-31": 0.115, "2007-12-31": "", "2007-09-30": 0.091, "2007-06-30": 0.334, "2007-03-31": -0.794, "2006-12-31": "", "2006-09-30": 0.111, "2006-06-30": 0.551, "2006-03-31": -0.512, "2005-12-31": "", "2005-09-30": -12.557, "2005-06-30": -1.891, "2005-03-31": 2.654}, "Change In Inventories": {"2020-09-30": -5.9, "2020-06-30": 0, "2020-03-31": 0, "2019-12-31": "", "2019-09-30": 26.7, "2019-06-30": 0, "2019-03-31": 0, "2018-12-31": "", "2018-09-30": -9.2, "2018-06-30": 0, "2018-03-31": 0, "2017-12-31": "", "2017-09-30": -24.5, "2017-06-30": 0, "2017-03-31": 0, "2016-12-31": "", "2016-09-30": 20.9, "2016-06-30": 0, "2016-03-31": 0, "2015-12-31": "", "2015-09-30": 0, "2015-06-30": 0, "2015-03-31": 0, "2014-12-31": "", "2014-09-30": 0, "2014-06-30": 0, "2014-03-31": 0, "2013-12-31": "", "2013-09-30": 0, "2013-06-30": 0, "2013-03-31": 0, "2012-12-31": "", "2012-09-30": 0, "2012-06-30": 0, "2012-03-31": 0, "2011-12-31": "", "2011-09-30": 0, "2011-06-30": 0, "2011-03-31": 0, "2010-12-31": "", "2010-09-30": 50.2, "2010-06-30": -14.304, "2010-03-31": -35.896, "2009-12-31": "", "2009-09-30": 0, "2009-06-30": 0, "2009-03-31": 0, "2008-12-31": "", "2008-09-30": 0, "2008-06-30": 0, "2008-03-31": 0, "2007-12-31": "", "2007-09-30": 0, "2007-06-30": 0, "2007-03-31": 0, "2006-12-31": "", "2006-09-30": 0, "2006-06-30": 0, "2006-03-31": 0, "2005-12-31": "", "2005-09-30": 6.562, "2005-06-30": -12.107, "2005-03-31": -4.298}, "Change In Accounts Payable": {"2020-09-30": 125, "2020-06-30": 0, "2020-03-31": 0, "2019-12-31": "", "2019-09-30": -161.3, "2019-06-30": 0, "2019-03-31": 0, "2018-12-31": "", "2018-09-30": 65.7, "2018-06-30": 0, "2018-03-31": 0, "2017-12-31": "", "2017-09-30": 148.9, "2017-06-30": 0, "2017-03-31": 0, "2016-12-31": "", "2016-09-30": 0, "2016-06-30": 0, "2016-03-31": 0, "2015-12-31": "", "2015-09-30": 0, "2015-06-30": 0, "2015-03-31": 0, "2014-12-31": "", "2014-09-30": 0, "2014-06-30": 0, "2014-03-31": 0, "2013-12-31": "", "2013-09-30": 0, "2013-06-30": 0, "2013-03-31": 0, "2012-12-31": "", "2012-09-30": 0, "2012-06-30": 0, "2012-03-31": 0, "2011-12-31": "", "2011-09-30": 0, "2011-06-30": 0, "2011-03-31": 0, "2010-12-31": "", "2010-09-30": 0.859, "2010-06-30": 15.769, "2010-03-31": -15.769, "2009-12-31": "", "2009-09-30": 0.034, "2009-06-30": -0.087, "2009-03-31": 0.024, "2008-12-31": "", "2008-09-30": 0.018, "2008-06-30": -0.03, "2008-03-31": -0.066, "2007-12-31": "", "2007-09-30": 0.099, "2007-06-30": -0.011, "2007-03-31": -0.382, "2006-12-31": "", "2006-09-30": -0.08, "2006-06-30": -0.02, "2006-03-31": -0.052, "2005-12-31": "", "2005-09-30": 0.174, "2005-06-30": -1.193, "2005-03-31": 0.651}, "Change In Assets/Liabilities": {"2020-09-30": 148.1, "2020-06-30": 185.8, "2020-03-31": -100, "2019-12-31": "-236.20000", "2019-09-30": 350.8, "2019-06-30": -3.1, "2019-03-31": -2.8, "2018-12-31": "-304.70000", "2018-09-30": 343.7, "2018-06-30": -8.2, "2018-03-31": -149.1, "2017-12-31": "-202.80000", "2017-09-30": 157.5, "2017-06-30": 7.9, "2017-03-31": -84.7, "2016-12-31": "-119.90000", "2016-09-30": 357.4, "2016-06-30": 68.4, "2016-03-31": -82.8, "2015-12-31": "-312.40000", "2015-09-30": 526.2, "2015-06-30": -61.8, "2015-03-31": -68.6, "2014-12-31": "-292.60000", "2014-09-30": 576.7, "2014-06-30": 7.8, "2014-03-31": -171.5, "2013-12-31": "-234.60000", "2013-09-30": 307.1, "2013-06-30": 40.6, "2013-03-31": -48, "2012-12-31": "-308.00000", "2012-09-30": 290.7, "2012-06-30": 13.9, "2012-03-31": -60.5, "2011-12-31": "-41.90000", "2011-09-30": 263.602, "2011-06-30": -104.266, "2011-03-31": -184.636, "2010-12-31": "", "2010-09-30": -18.773, "2010-06-30": -10.841, "2010-03-31": 28.465, "2009-12-31": "", "2009-09-30": 0.044, "2009-06-30": 0.121, "2009-03-31": 0.338, "2008-12-31": "", "2008-09-30": 0.168, "2008-06-30": -0.112, "2008-03-31": 0.069, "2007-12-31": "", "2007-09-30": 0.097, "2007-06-30": 0.034, "2007-03-31": 0.067, "2006-12-31": "", "2006-09-30": -0.682, "2006-06-30": 0.939, "2006-03-31": 0.295, "2005-12-31": "", "2005-09-30": 0.666, "2005-06-30": -0.688, "2005-03-31": -0.01}, "Total Change In Assets/Liabilities": {"2020-09-30": 123.9, "2020-06-30": 185.8, "2020-03-31": -100, "2019-12-31": "-236.20000", "2019-09-30": 145.6, "2019-06-30": -3.1, "2019-03-31": -2.8, "2018-12-31": "-304.70000", "2018-09-30": 421.6, "2018-06-30": -8.2, "2018-03-31": -149.1, "2017-12-31": "-202.80000", "2017-09-30": 253.1, "2017-06-30": 7.9, "2017-03-31": -84.7, "2016-12-31": "-119.90000", "2016-09-30": 370, "2016-06-30": 68.4, "2016-03-31": -82.8, "2015-12-31": "-312.40000", "2015-09-30": 526.2, "2015-06-30": -61.8, "2015-03-31": -68.6, "2014-12-31": "-292.60000", "2014-09-30": 576.7, "2014-06-30": 7.8, "2014-03-31": -171.5, "2013-12-31": "-234.60000", "2013-09-30": 307.1, "2013-06-30": 40.6, "2013-03-31": -48, "2012-12-31": "-308.00000", "2012-09-30": 290.7, "2012-06-30": 13.9, "2012-03-31": -60.5, "2011-12-31": "-41.90000", "2011-09-30": 263.602, "2011-06-30": -104.266, "2011-03-31": -184.636, "2010-12-31": "", "2010-09-30": 90.185, "2010-06-30": 9.884, "2010-03-31": -98.447, "2009-12-31": "", "2009-09-30": 0.499, "2009-06-30": 0.041, "2009-03-31": 0.392, "2008-12-31": "", "2008-09-30": 0.8, "2008-06-30": -0.827, "2008-03-31": 0.053, "2007-12-31": "", "2007-09-30": 0.146, "2007-06-30": 0.402, "2007-03-31": -1.593, "2006-12-31": "", "2006-09-30": -0.464, "2006-06-30": 1.172, "2006-03-31": -0.22, "2005-12-31": "", "2005-09-30": -4.472, "2005-06-30": -10.642, "2005-03-31": -2.453}, "Cash Flow From Operating Activities": {"2020-09-30": 254.9, "2020-06-30": 220, "2020-03-31": 12.1, "2019-12-31": "-196.70000", "2019-09-30": 437.6, "2019-06-30": 97.2, "2019-03-31": -221.8, "2018-12-31": "-311.90000", "2018-09-30": 399.7, "2018-06-30": 129.4, "2018-03-31": -125, "2017-12-31": "-60.80000", "2017-09-30": 610, "2017-06-30": 121, "2017-03-31": 28.5, "2016-12-31": "80.70000", "2016-09-30": 526.5, "2016-06-30": 403.3, "2016-03-31": 72.4, "2015-12-31": "-88.90000", "2015-09-30": 479.9, "2015-06-30": 107, "2015-03-31": -95.4, "2014-12-31": "-174.70000", "2014-09-30": 539.7, "2014-06-30": 246.3, "2014-03-31": 7.5, "2013-12-31": "-89.40000", "2013-09-30": 428.3, "2013-06-30": 161.2, "2013-03-31": 88.1, "2012-12-31": "-155.30000", "2012-09-30": 417.8, "2012-06-30": 98.4, "2012-03-31": 110.8, "2011-12-31": "-4.50000", "2011-09-30": 199.215, "2011-06-30": 89.736, "2011-03-31": -133.451, "2010-12-31": "", "2010-09-30": 42.868, "2010-06-30": 26.409, "2010-03-31": -81.004, "2009-12-31": "", "2009-09-30": -0.016, "2009-06-30": -0.683, "2009-03-31": -0.717, "2008-12-31": "", "2008-09-30": 0.334, "2008-06-30": -0.548, "2008-03-31": 0.606, "2007-12-31": "", "2007-09-30": 1.069, "2007-06-30": 1.228, "2007-03-31": -0.773, "2006-12-31": "", "2006-09-30": 1.121, "2006-06-30": -0.264, "2006-03-31": 1.838, "2005-12-31": "", "2005-09-30": 1.378, "2005-06-30": -2.947, "2005-03-31": 2.593}, "Net Change In Property, Plant, And Equipment": {"2020-09-30": -14.1, "2020-06-30": 17.4, "2020-03-31": -12.4, "2019-12-31": "-18.70000", "2019-09-30": -16.1, "2019-06-30": -13.2, "2019-03-31": -13.6, "2018-12-31": "-13.40000", "2018-09-30": -1564.7, "2018-06-30": 10, "2018-03-31": 12.2, "2017-12-31": "1470.80000", "2017-09-30": -29.7, "2017-06-30": -10.6, "2017-03-31": -15.8, "2016-12-31": "-21.10000", "2016-09-30": 17.3, "2016-06-30": -20.8, "2016-03-31": -20.5, "2015-12-31": "-17.40000", "2015-09-30": -44.1, "2015-06-30": -4.2, "2015-03-31": -21.2, "2014-12-31": "-19.70000", "2014-09-30": -6.3, "2014-06-30": -11.3, "2014-03-31": -27.7, "2013-12-31": "-21.00000", "2013-09-30": -41.3, "2013-06-30": -33.6, "2013-03-31": -14.5, "2012-12-31": "-10.70000", "2012-09-30": -19.9, "2012-06-30": -15, "2012-03-31": -7.7, "2011-12-31": "-10.90000", "2011-09-30": -10.551, "2011-06-30": -16.049, "2011-03-31": -11.6, "2010-12-31": "", "2010-09-30": 16.998, "2010-06-30": -6.497, "2010-03-31": -10.635, "2009-12-31": "", "2009-09-30": 0, "2009-06-30": -0.042, "2009-03-31": 0, "2008-12-31": "", "2008-09-30": 0, "2008-06-30": 0, "2008-03-31": 0, "2007-12-31": "", "2007-09-30": 0, "2007-06-30": 0, "2007-03-31": 0, "2006-12-31": "", "2006-09-30": 0, "2006-06-30": 0, "2006-03-31": 0, "2005-12-31": "", "2005-09-30": -1.533, "2005-06-30": -5.206, "2005-03-31": -5.767}, "Net Change In Intangible Assets": {"2020-09-30": 0, "2020-06-30": 0, "2020-03-31": 0, "2019-12-31": "", "2019-09-30": 0, "2019-06-30": 0, "2019-03-31": 0, "2018-12-31": "", "2018-09-30": 0, "2018-06-30": 0, "2018-03-31": 0, "2017-12-31": "", "2017-09-30": 0, "2017-06-30": 0, "2017-03-31": 0, "2016-12-31": "", "2016-09-30": 0, "2016-06-30": 0, "2016-03-31": 0, "2015-12-31": "", "2015-09-30": 0, "2015-06-30": 0, "2015-03-31": 0, "2014-12-31": "", "2014-09-30": 0, "2014-06-30": 0, "2014-03-31": 0, "2013-12-31": "", "2013-09-30": 0, "2013-06-30": 0, "2013-03-31": 0, "2012-12-31": "", "2012-09-30": 0, "2012-06-30": 0, "2012-03-31": 0, "2011-12-31": "", "2011-09-30": 0, "2011-06-30": 0, "2011-03-31": 0, "2010-12-31": "", "2010-09-30": 0, "2010-06-30": 0, "2010-03-31": 0, "2009-12-31": "", "2009-09-30": 0, "2009-06-30": 0, "2009-03-31": 0, "2008-12-31": "", "2008-09-30": 0, "2008-06-30": 0, "2008-03-31": 0, "2007-12-31": "", "2007-09-30": 0, "2007-06-30": 0, "2007-03-31": 0, "2006-12-31": "", "2006-09-30": 0, "2006-06-30": 0, "2006-03-31": 0, "2005-12-31": "", "2005-09-30": 0, "2005-06-30": 0, "2005-03-31": 0}, "Net Acquisitions/Divestitures": {"2020-09-30": 0.1, "2020-06-30": 3.6, "2020-03-31": -17, "2019-12-31": "", "2019-09-30": 5.1, "2019-06-30": 0, "2019-03-31": 2854.4, "2018-12-31": "", "2018-09-30": 1546.8, "2018-06-30": 0, "2018-03-31": 0, "2017-12-31": "", "2017-09-30": 15.3, "2017-06-30": -304.7, "2017-03-31": 0, "2016-12-31": "", "2016-09-30": 0, "2016-06-30": 0, "2016-03-31": 0, "2015-12-31": "", "2015-09-30": 12.2, "2015-06-30": -900.6, "2015-03-31": -274.2, "2014-12-31": "-147.30000", "2014-09-30": -1.5, "2014-06-30": -1, "2014-03-31": -24.8, "2013-12-31": "", "2013-09-30": -1.1, "2013-06-30": -110.2, "2013-03-31": -607.6, "2012-12-31": "-1295.90000", "2012-09-30": 0, "2012-06-30": 0, "2012-03-31": -2, "2011-12-31": "-183.10000", "2011-09-30": -0.017, "2011-06-30": 694.695, "2011-03-31": -10.278, "2010-12-31": "", "2010-09-30": 2.577, "2010-06-30": -2.577, "2010-03-31": 0, "2009-12-31": "", "2009-09-30": 0, "2009-06-30": 0, "2009-03-31": 0, "2008-12-31": "", "2008-09-30": 0, "2008-06-30": 0, "2008-03-31": 0, "2007-12-31": "", "2007-09-30": 0, "2007-06-30": 0, "2007-03-31": 0, "2006-12-31": "", "2006-09-30": 0, "2006-06-30": 0, "2006-03-31": 0, "2005-12-31": "", "2005-09-30": 0, "2005-06-30": 0, "2005-03-31": 0}, "Net Change In Short-term Investments": {"2020-09-30": 0, "2020-06-30": 0, "2020-03-31": 0, "2019-12-31": "", "2019-09-30": 0, "2019-06-30": 0, "2019-03-31": 0, "2018-12-31": "", "2018-09-30": 0, "2018-06-30": 0, "2018-03-31": 0, "2017-12-31": "", "2017-09-30": 0, "2017-06-30": 0, "2017-03-31": 0, "2016-12-31": "", "2016-09-30": 0, "2016-06-30": 0, "2016-03-31": 0, "2015-12-31": "", "2015-09-30": 0, "2015-06-30": 0, "2015-03-31": 0, "2014-12-31": "", "2014-09-30": 0, "2014-06-30": 0, "2014-03-31": 0, "2013-12-31": "", "2013-09-30": 0, "2013-06-30": 0, "2013-03-31": 0, "2012-12-31": "", "2012-09-30": 0, "2012-06-30": 0, "2012-03-31": 624.5, "2011-12-31": "-624.50000", "2011-09-30": 0, "2011-06-30": 0, "2011-03-31": 0, "2010-12-31": "", "2010-09-30": 0, "2010-06-30": 0, "2010-03-31": 0, "2009-12-31": "", "2009-09-30": 0, "2009-06-30": 0, "2009-03-31": 0, "2008-12-31": "", "2008-09-30": 0, "2008-06-30": 0, "2008-03-31": 0, "2007-12-31": "", "2007-09-30": 0, "2007-06-30": 0, "2007-03-31": 0, "2006-12-31": "", "2006-09-30": 0, "2006-06-30": 0, "2006-03-31": 0, "2005-12-31": "", "2005-09-30": 0, "2005-06-30": 0, "2005-03-31": 0}, "Net Change In Long-Term Investments": {"2020-09-30": 79.1, "2020-06-30": 39.4, "2020-03-31": 28.6, "2019-12-31": "", "2019-09-30": 0, "2019-06-30": 0, "2019-03-31": 0, "2018-12-31": "", "2018-09-30": 0, "2018-06-30": 0, "2018-03-31": 0, "2017-12-31": "", "2017-09-30": 0, "2017-06-30": 0, "2017-03-31": 0, "2016-12-31": "", "2016-09-30": 0, "2016-06-30": -17.1, "2016-03-31": 0.4, "2015-12-31": "51.80000", "2015-09-30": -10.2, "2015-06-30": 22.1, "2015-03-31": 31, "2014-12-31": "27.90000", "2014-09-30": 1128.4, "2014-06-30": -5.9, "2014-03-31": -261.4001, "2013-12-31": "-907.89990", "2013-09-30": 366.5005, "2013-06-30": 24.8003, "2013-03-31": 485.7996, "2012-12-31": "-385.70000", "2012-09-30": -291.6997, "2012-06-30": -503.2003, "2012-03-31": -680.8, "2011-12-31": "1709.70000", "2011-09-30": 30.846, "2011-06-30": -125.983, "2011-03-31": -13.963, "2010-12-31": "", "2010-09-30": -29.976, "2010-06-30": 0, "2010-03-31": 0, "2009-12-31": "", "2009-09-30": -4.031, "2009-06-30": -4.004, "2009-03-31": -4.017, "2008-12-31": "", "2008-09-30": -1.141, "2008-06-30": 0.741, "2008-03-31": -139.222, "2007-12-31": "", "2007-09-30": -133.828, "2007-06-30": 131.939, "2007-03-31": -135.739, "2006-12-31": "", "2006-09-30": 0, "2006-06-30": 0, "2006-03-31": 0, "2005-12-31": "", "2005-09-30": 0, "2005-06-30": 0, "2005-03-31": 0}, "Net Change In Investments - Total": {"2020-09-30": 79.1, "2020-06-30": 39.4, "2020-03-31": 28.6, "2019-12-31": "", "2019-09-30": 0, "2019-06-30": 0, "2019-03-31": 0, "2018-12-31": "", "2018-09-30": 0, "2018-06-30": 0, "2018-03-31": 0, "2017-12-31": "", "2017-09-30": 0, "2017-06-30": 0, "2017-03-31": 0, "2016-12-31": "", "2016-09-30": 0, "2016-06-30": -17.1, "2016-03-31": 0.4, "2015-12-31": "51.80000", "2015-09-30": -10.2, "2015-06-30": 22.1, "2015-03-31": 31, "2014-12-31": "27.90000", "2014-09-30": 1128.4, "2014-06-30": -5.9, "2014-03-31": -261.4001, "2013-12-31": "-907.89990", "2013-09-30": 366.5005, "2013-06-30": 24.8003, "2013-03-31": 485.7996, "2012-12-31": "-385.70000", "2012-09-30": -291.6997, "2012-06-30": -503.2003, "2012-03-31": -56.3, "2011-12-31": "1085.20000", "2011-09-30": 30.846, "2011-06-30": -125.983, "2011-03-31": -13.963, "2010-12-31": "", "2010-09-30": -29.976, "2010-06-30": 0, "2010-03-31": 0, "2009-12-31": "", "2009-09-30": -4.031, "2009-06-30": -4.004, "2009-03-31": -4.017, "2008-12-31": "", "2008-09-30": -1.141, "2008-06-30": 0.741, "2008-03-31": -139.222, "2007-12-31": "", "2007-09-30": -133.828, "2007-06-30": 131.939, "2007-03-31": -135.739, "2006-12-31": "", "2006-09-30": 0, "2006-06-30": 0, "2006-03-31": 0, "2005-12-31": "", "2005-09-30": 0, "2005-06-30": 0, "2005-03-31": 0}, "Investing Activities - Other": {"2020-09-30": -0.2, "2020-06-30": 0, "2020-03-31": 2.5, "2019-12-31": "", "2019-09-30": 0, "2019-06-30": -0.3, "2019-03-31": -0.2, "2018-12-31": "-5.10000", "2018-09-30": -7.6, "2018-06-30": -9.7, "2018-03-31": -5.5, "2017-12-31": "-179.60000", "2017-09-30": -257.8, "2017-06-30": -195.6, "2017-03-31": -182.2, "2016-12-31": "-585.00000", "2016-09-30": -310.1, "2016-06-30": -231.9, "2016-03-31": -354.7, "2015-12-31": "11.60000", "2015-09-30": -153.9, "2015-06-30": -223.3, "2015-03-31": 102, "2014-12-31": "-537.80000", "2014-09-30": -1699.4004, "2014-06-30": 35.1006, "2014-03-31": -26.8003, "2013-12-31": "-110.39990", "2013-09-30": -134.8999, "2013-06-30": -89.3999, "2013-03-31": -36.8, "2012-12-31": "-126.20000", "2012-09-30": -106.8, "2012-06-30": -42.2, "2012-03-31": -31.9, "2011-12-31": "-0.10000", "2011-09-30": -9.916, "2011-06-30": 6.346, "2011-03-31": -1.53, "2010-12-31": "", "2010-09-30": -65.912, "2010-06-30": 65.78, "2010-03-31": 0, "2009-12-31": "", "2009-09-30": 0, "2009-06-30": 0, "2009-03-31": 0, "2008-12-31": "", "2008-09-30": 0, "2008-06-30": 0, "2008-03-31": 0, "2007-12-31": "", "2007-09-30": 0, "2007-06-30": 0, "2007-03-31": 0, "2006-12-31": "", "2006-09-30": -3.77, "2006-06-30": -6.933, "2006-03-31": -4.534, "2005-12-31": "", "2005-09-30": -1.409, "2005-06-30": -3.745, "2005-03-31": -0.638}, "Cash Flow From Investing Activities": {"2020-09-30": 64.9, "2020-06-30": 60.4, "2020-03-31": 1.7, "2019-12-31": "-18.70000", "2019-09-30": -11, "2019-06-30": -13.5, "2019-03-31": 2840.6, "2018-12-31": "-18.50000", "2018-09-30": -25.5, "2018-06-30": 0.3, "2018-03-31": 6.7, "2017-12-31": "1291.20000", "2017-09-30": -272.2, "2017-06-30": -510.9, "2017-03-31": -198, "2016-12-31": "-606.10000", "2016-09-30": -292.8, "2016-06-30": -269.8, "2016-03-31": -374.8, "2015-12-31": "46.00000", "2015-09-30": -196, "2015-06-30": -1106, "2015-03-31": -162.4, "2014-12-31": "-676.90000", "2014-09-30": -578.8, "2014-06-30": 16.9, "2014-03-31": -340.7, "2013-12-31": "-1039.30000", "2013-09-30": 189.2, "2013-06-30": -208.4, "2013-03-31": -173.1, "2012-12-31": "-1818.50000", "2012-09-30": -418.4, "2012-06-30": -560.4, "2012-03-31": -97.9, "2011-12-31": "891.10000", "2011-09-30": 10.362, "2011-06-30": 559.009, "2011-03-31": -37.371, "2010-12-31": "", "2010-09-30": -76.313, "2010-06-30": 56.706, "2010-03-31": -10.635, "2009-12-31": "", "2009-09-30": -4.031, "2009-06-30": -4.046, "2009-03-31": -4.017, "2008-12-31": "", "2008-09-30": -1.141, "2008-06-30": 0.741, "2008-03-31": -139.222, "2007-12-31": "", "2007-09-30": -133.828, "2007-06-30": 131.939, "2007-03-31": -135.739, "2006-12-31": "", "2006-09-30": -3.77, "2006-06-30": -6.933, "2006-03-31": -4.534, "2005-12-31": "", "2005-09-30": -2.942, "2005-06-30": -8.951, "2005-03-31": -6.405}, "Net Long-Term Debt": {"2020-09-30": -230.8, "2020-06-30": -254.7, "2020-03-31": 674.5, "2019-12-31": "-24.50000", "2019-09-30": 71.2, "2019-06-30": -77.5, "2019-03-31": -2422.3, "2018-12-31": "78.70000", "2018-09-30": -602.5, "2018-06-30": -37.1, "2018-03-31": -524.7, "2017-12-31": "108.00000", "2017-09-30": -295.1, "2017-06-30": 91.5, "2017-03-31": 234.7, "2016-12-31": "26.80000", "2016-09-30": -806.6, "2016-06-30": 155.3, "2016-03-31": -93.8, "2015-12-31": "142.40000", "2015-09-30": -50.3, "2015-06-30": 3266.4, "2015-03-31": 58.8, "2014-12-31": "430.40000", "2014-09-30": -103.9, "2014-06-30": -94.1, "2014-03-31": 239, "2013-12-31": "121.40000", "2013-09-30": 1802.4, "2013-06-30": -39, "2013-03-31": 680.8, "2012-12-31": "1699.90000", "2012-09-30": -532.9, "2012-06-30": 316.4, "2012-03-31": 76.7, "2011-12-31": "132.60000", "2011-09-30": -193.2031, "2011-06-30": 61.0191, "2011-03-31": 405.984, "2010-12-31": "", "2010-09-30": -1440.013, "2010-06-30": 1381.422, "2010-03-31": 58.591, "2009-12-31": "", "2009-09-30": 0, "2009-06-30": 0, "2009-03-31": 0, "2008-12-31": "", "2008-09-30": 0, "2008-06-30": 0, "2008-03-31": 0, "2007-12-31": "", "2007-09-30": 0, "2007-06-30": 0, "2007-03-31": 0, "2006-12-31": "", "2006-09-30": 0, "2006-06-30": 0, "2006-03-31": 0, "2005-12-31": "", "2005-09-30": 0, "2005-06-30": 0, "2005-03-31": 0}, "Net Current Debt": {"2020-09-30": 0, "2020-06-30": 0, "2020-03-31": 0, "2019-12-31": "", "2019-09-30": 0, "2019-06-30": 0, "2019-03-31": 0, "2018-12-31": "", "2018-09-30": 0, "2018-06-30": 0, "2018-03-31": 0, "2017-12-31": "", "2017-09-30": 0, "2017-06-30": 165.2, "2017-03-31": -165.2, "2016-12-31": "", "2016-09-30": 442.8, "2016-06-30": -442.8, "2016-03-31": 0, "2015-12-31": "", "2015-09-30": -408.9, "2015-06-30": -2622.8, "2015-03-31": -18.8, "2014-12-31": "", "2014-09-30": 0, "2014-06-30": 0, "2014-03-31": 0, "2013-12-31": "", "2013-09-30": -1608.5, "2013-06-30": 0, "2013-03-31": 0, "2012-12-31": "", "2012-09-30": 372.5, "2012-06-30": -372.5, "2012-03-31": 0, "2011-12-31": "", "2011-09-30": 0, "2011-06-30": 0, "2011-03-31": 0, "2010-12-31": "", "2010-09-30": 1278.76, "2010-06-30": -1278.76, "2010-03-31": 0, "2009-12-31": "", "2009-09-30": 0, "2009-06-30": 0, "2009-03-31": 0, "2008-12-31": "", "2008-09-30": 0, "2008-06-30": 0, "2008-03-31": 0, "2007-12-31": "", "2007-09-30": 0, "2007-06-30": 0, "2007-03-31": 0, "2006-12-31": "", "2006-09-30": 0, "2006-06-30": 0, "2006-03-31": 0, "2005-12-31": "", "2005-09-30": -0.39, "2005-06-30": -0.413, "2005-03-31": -0.408}, "Debt Issuance/Retirement Net - Total": {"2020-09-30": -230.8, "2020-06-30": -254.7, "2020-03-31": 674.5, "2019-12-31": "-24.50000", "2019-09-30": 71.2, "2019-06-30": -77.5, "2019-03-31": -2422.3, "2018-12-31": "78.70000", "2018-09-30": -602.5, "2018-06-30": -37.1, "2018-03-31": -524.7, "2017-12-31": "108.00000", "2017-09-30": -295.1, "2017-06-30": 256.7, "2017-03-31": 69.5, "2016-12-31": "26.80000", "2016-09-30": -363.8, "2016-06-30": -287.5, "2016-03-31": -93.8, "2015-12-31": "142.40000", "2015-09-30": -459.2, "2015-06-30": 643.6, "2015-03-31": 40, "2014-12-31": "430.40000", "2014-09-30": -103.9, "2014-06-30": -94.1, "2014-03-31": 239, "2013-12-31": "121.40000", "2013-09-30": 193.9, "2013-06-30": -39, "2013-03-31": 680.8, "2012-12-31": "1699.90000", "2012-09-30": -160.4, "2012-06-30": -56.1, "2012-03-31": 76.7, "2011-12-31": "132.60000", "2011-09-30": -193.2031, "2011-06-30": 61.0191, "2011-03-31": 405.984, "2010-12-31": "", "2010-09-30": -161.2531, "2010-06-30": 102.6621, "2010-03-31": 58.591, "2009-12-31": "", "2009-09-30": 0, "2009-06-30": 0, "2009-03-31": 0, "2008-12-31": "", "2008-09-30": 0, "2008-06-30": 0, "2008-03-31": 0, "2007-12-31": "", "2007-09-30": 0, "2007-06-30": 0, "2007-03-31": 0, "2006-12-31": "", "2006-09-30": 0, "2006-06-30": 0, "2006-03-31": 0, "2005-12-31": "", "2005-09-30": -0.39, "2005-06-30": -0.413, "2005-03-31": -0.408}, "Net Common Equity Issued/Repurchased": {"2020-09-30": -125, "2020-06-30": 125, "2020-03-31": -274.2, "2019-12-31": "-90.60000", "2019-09-30": 0, "2019-06-30": 0, "2019-03-31": -250, "2018-12-31": "-18.50000", "2018-09-30": 0, "2018-06-30": -30, "2018-03-31": -249.8, "2017-12-31": "-8.20000", "2017-09-30": -74, "2017-06-30": -75.4, "2017-03-31": -5.5, "2016-12-31": "-97.60000", "2016-09-30": -2.4, "2016-06-30": 0, "2016-03-31": 0, "2015-12-31": "-49.60000", "2015-09-30": -12.9, "2015-06-30": 275.9, "2015-03-31": -7, "2014-12-31": "-46.80000", "2014-09-30": -227.3, "2014-06-30": -15.2, "2014-03-31": -4, "2013-12-31": "171.40000", "2013-09-30": -15.5, "2013-06-30": -57.9, "2013-03-31": 0, "2012-12-31": "-16.00000", "2012-09-30": 0, "2012-06-30": -2.1, "2012-03-31": -70.1, "2011-12-31": "-12.80000", "2011-09-30": 0, "2011-06-30": 0, "2011-03-31": 0, "2010-12-31": "", "2010-09-30": 0.004, "2010-06-30": 0, "2010-03-31": 0, "2009-12-31": "", "2009-09-30": 0, "2009-06-30": 0, "2009-03-31": 0, "2008-12-31": "", "2008-09-30": 0, "2008-06-30": 0, "2008-03-31": 0, "2007-12-31": "", "2007-09-30": 0, "2007-06-30": 0, "2007-03-31": 0, "2006-12-31": "", "2006-09-30": 0, "2006-06-30": 0, "2006-03-31": 0.19, "2005-12-31": "", "2005-09-30": 0.217, "2005-06-30": 0.322, "2005-03-31": 0.217}, "Net Total Equity Issued/Repurchased": {"2020-09-30": -125, "2020-06-30": 125, "2020-03-31": -274.2, "2019-12-31": "-90.60000", "2019-09-30": 0, "2019-06-30": 0, "2019-03-31": -250, "2018-12-31": "-18.50000", "2018-09-30": 0, "2018-06-30": -30, "2018-03-31": -249.8, "2017-12-31": "-8.20000", "2017-09-30": -74, "2017-06-30": -75.4, "2017-03-31": -5.5, "2016-12-31": "-97.60000", "2016-09-30": -2.4, "2016-06-30": 0, "2016-03-31": 0, "2015-12-31": "-49.60000", "2015-09-30": -12.9, "2015-06-30": 275.9, "2015-03-31": -7, "2014-12-31": "-46.80000", "2014-09-30": -227.3, "2014-06-30": -15.2, "2014-03-31": -4, "2013-12-31": "171.40000", "2013-09-30": -15.5, "2013-06-30": -57.9, "2013-03-31": 0, "2012-12-31": "-16.00000", "2012-09-30": 0, "2012-06-30": -2.1, "2012-03-31": -70.1, "2011-12-31": "-12.80000", "2011-09-30": 117, "2011-06-30": 269, "2011-03-31": 0, "2010-12-31": "", "2010-09-30": 0.004, "2010-06-30": 0, "2010-03-31": 0, "2009-12-31": "", "2009-09-30": 0, "2009-06-30": 0, "2009-03-31": 0, "2008-12-31": "", "2008-09-30": 0, "2008-06-30": 0, "2008-03-31": 0, "2007-12-31": "", "2007-09-30": 0, "2007-06-30": 0, "2007-03-31": 0, "2006-12-31": "", "2006-09-30": 0, "2006-06-30": 0, "2006-03-31": 0.19, "2005-12-31": "", "2005-09-30": 0.217, "2005-06-30": 0.322, "2005-03-31": 0.217}, "Total Common And Preferred Stock Dividends Paid": {"2020-09-30": -18.8, "2020-06-30": -18.1, "2020-03-31": -19.2, "2019-12-31": "-19.90000", "2019-09-30": -21.5, "2019-06-30": -20.5, "2019-03-31": -22.2, "2018-12-31": "-22.40000", "2018-09-30": -22.6, "2018-06-30": -8.7, "2018-03-31": -9.9, "2017-12-31": "-9.80000", "2017-09-30": -9.6, "2017-06-30": -10.5, "2017-03-31": -10.2, "2016-12-31": "-9.60000", "2016-09-30": -9.4, "2016-06-30": -9.7, "2016-03-31": -9.5, "2015-12-31": "-8.70000", "2015-09-30": -8.5, "2015-06-30": -8.4, "2015-03-31": -7.5, "2014-12-31": "-6.60000", "2014-09-30": -13.5, "2014-06-30": -12.5, "2014-03-31": -14.9, "2013-12-31": "-13.70000", "2013-09-30": -13.7, "2013-06-30": -14.6, "2013-03-31": -13.2, "2012-12-31": "-9.30000", "2012-09-30": -31.9, "2012-06-30": -8.2, "2012-03-31": -8.1, "2011-12-31": "-7.10000", "2011-09-30": 0, "2011-06-30": 0, "2011-03-31": 0, "2010-12-31": "", "2010-09-30": 0, "2010-06-30": 0, "2010-03-31": 0, "2009-12-31": "", "2009-09-30": 0, "2009-06-30": 0, "2009-03-31": 0, "2008-12-31": "", "2008-09-30": 0, "2008-06-30": 0, "2008-03-31": 0, "2007-12-31": "", "2007-09-30": 0, "2007-06-30": 0, "2007-03-31": 0, "2006-12-31": "", "2006-09-30": 0, "2006-06-30": 0, "2006-03-31": 0, "2005-12-31": "", "2005-09-30": 0, "2005-06-30": 0, "2005-03-31": 0}, "Financial Activities - Other": {"2020-09-30": 114.6, "2020-06-30": -125, "2020-03-31": -72.4, "2019-12-31": "-138.00000", "2019-09-30": -5.1, "2019-06-30": -9.6, "2019-03-31": -0.4, "2018-12-31": "-4.50000", "2018-09-30": -13.7, "2018-06-30": 8.2, "2018-03-31": 9.9, "2017-12-31": "95.60000", "2017-09-30": 148.6, "2017-06-30": 96.8, "2017-03-31": 340.6, "2016-12-31": "231.50000", "2016-09-30": 301, "2016-06-30": 410, "2016-03-31": 221.1, "2015-12-31": "-91.40000", "2015-09-30": 116.4, "2015-06-30": 102.7, "2015-03-31": 202.5, "2014-12-31": "476.20000", "2014-09-30": 255.8, "2014-06-30": -6.5, "2014-03-31": 139.8, "2013-12-31": "244.20000", "2013-09-30": -126.7, "2013-06-30": -70.4, "2013-03-31": -209.2, "2012-12-31": "-67.10000", "2012-09-30": -169.7, "2012-06-30": 42.2, "2012-03-31": 105.8, "2011-12-31": "66.50000", "2011-09-30": -189.17, "2011-06-30": -256.756, "2011-03-31": -21.774, "2010-12-31": "", "2010-09-30": 57.138, "2010-06-30": -54.392, "2010-03-31": -2.746, "2009-12-31": "", "2009-09-30": 0, "2009-06-30": 0, "2009-03-31": 0, "2008-12-31": "", "2008-09-30": 0, "2008-06-30": 0, "2008-03-31": 0, "2007-12-31": "", "2007-09-30": 0, "2007-06-30": 0, "2007-03-31": 0, "2006-12-31": "", "2006-09-30": -0.019, "2006-06-30": -0.424, "2006-03-31": -0.501, "2005-12-31": "", "2005-09-30": -0.699, "2005-06-30": -4.35, "2005-03-31": 2.987}, "Cash Flow From Financial Activities": {"2020-09-30": -260, "2020-06-30": -272.8, "2020-03-31": 308.7, "2019-12-31": "-273.00000", "2019-09-30": 44.6, "2019-06-30": -107.6, "2019-03-31": -2694.9, "2018-12-31": "33.30000", "2018-09-30": -638.8, "2018-06-30": -67.6, "2018-03-31": -774.5, "2017-12-31": "185.60000", "2017-09-30": -230.1, "2017-06-30": 267.6, "2017-03-31": 394.4, "2016-12-31": "151.10000", "2016-09-30": -74.6, "2016-06-30": 112.8, "2016-03-31": 117.8, "2015-12-31": "-7.30000", "2015-09-30": -364.2, "2015-06-30": 1013.8, "2015-03-31": 228, "2014-12-31": "853.20000", "2014-09-30": -88.9, "2014-06-30": -128.3, "2014-03-31": 359.9, "2013-12-31": "523.30000", "2013-09-30": 38, "2013-06-30": -181.9, "2013-03-31": 458.4, "2012-12-31": "1607.50000", "2012-09-30": -362, "2012-06-30": -24.2, "2012-03-31": 104.3, "2011-12-31": "179.20000", "2011-09-30": -265.373, "2011-06-30": 73.263, "2011-03-31": 384.21, "2010-12-31": "", "2010-09-30": -104.111, "2010-06-30": 48.27, "2010-03-31": 55.845, "2009-12-31": "", "2009-09-30": 0, "2009-06-30": 0, "2009-03-31": 0, "2008-12-31": "", "2008-09-30": 0, "2008-06-30": 0, "2008-03-31": 0, "2007-12-31": "", "2007-09-30": 0, "2007-06-30": 0, "2007-03-31": 0, "2006-12-31": "", "2006-09-30": -0.019, "2006-06-30": -0.424, "2006-03-31": -0.311, "2005-12-31": "", "2005-09-30": -0.872, "2005-06-30": -4.441, "2005-03-31": 2.796}, "Net Cash Flow": {"2020-09-30": 64.9, "2020-06-30": 8.1, "2020-03-31": 318.5, "2019-12-31": "-484.90000", "2019-09-30": 465.7, "2019-06-30": -23.7, "2019-03-31": -76.3, "2018-12-31": "-300.00000", "2018-09-30": -268.5, "2018-06-30": 55.8, "2018-03-31": -888.8, "2017-12-31": "1377.50000", "2017-09-30": 19.2, "2017-06-30": -28.4, "2017-03-31": -18.8, "2016-12-31": "-151.80000", "2016-09-30": 17.3, "2016-06-30": 8.4, "2016-03-31": -109, "2015-12-31": "-94.70000", "2015-09-30": 72.9, "2015-06-30": 209.2, "2015-03-31": -325.6, "2014-12-31": "13.10000", "2014-09-30": 495.6, "2014-06-30": 136.1, "2014-03-31": 26, "2013-12-31": "-605.90000", "2013-09-30": 656, "2013-06-30": -231.3, "2013-03-31": 371.3, "2012-12-31": "-367.00000", "2012-09-30": -362.1, "2012-06-30": -486.9, "2012-03-31": 114.9, "2011-12-31": "1067.40000", "2011-09-30": -52.482, "2011-06-30": 720.49, "2011-03-31": 212.492, "2010-12-31": "", "2010-09-30": -124.83, "2010-06-30": 125.179, "2010-03-31": -42.314, "2009-12-31": "", "2009-09-30": -4.047, "2009-06-30": -4.729, "2009-03-31": -4.734, "2008-12-31": "", "2008-09-30": -0.807, "2008-06-30": 0.193, "2008-03-31": -138.616, "2007-12-31": "", "2007-09-30": -132.759, "2007-06-30": 133.167, "2007-03-31": -136.512, "2006-12-31": "", "2006-09-30": -0.111, "2006-06-30": 0.302, "2006-03-31": -0.673, "2005-12-31": "", "2005-09-30": -5.693, "2005-06-30": -13.218, "2005-03-31": -6.147}, "Stock-Based Compensation": {"2020-09-30": -1.1, "2020-06-30": 12.8, "2020-03-31": 13.1, "2019-12-31": "12.90000", "2019-09-30": 13.4, "2019-06-30": 14, "2019-03-31": 15.8, "2018-12-31": "6.00000", "2018-09-30": 4.9, "2018-06-30": 5.6, "2018-03-31": -3.1, "2017-12-31": "4.50000", "2017-09-30": 25.7, "2017-06-30": 5, "2017-03-31": 14, "2016-12-31": "9.50000", "2016-09-30": 12.4, "2016-06-30": 18.4, "2016-03-31": 25, "2015-12-31": "15.00000", "2015-09-30": 16, "2015-06-30": 22.6, "2015-03-31": 19.9, "2014-12-31": "14.10000", "2014-09-30": 6.6, "2014-06-30": 19.7, "2014-03-31": 24, "2013-12-31": "23.40000", "2013-09-30": 16.6, "2013-06-30": 22.7, "2013-03-31": 15.7, "2012-12-31": "6.50000", "2012-09-30": 14.1, "2012-06-30": 5.3, "2012-03-31": 7.3, "2011-12-31": "4.50000", "2011-09-30": 7.597, "2011-06-30": 8.557, "2011-03-31": 14.346, "2010-12-31": "", "2010-09-30": -12.195, "2010-06-30": 5.887, "2010-03-31": 6.393, "2009-12-31": "", "2009-09-30": 0, "2009-06-30": 0, "2009-03-31": 0, "2008-12-31": "", "2008-09-30": 0, "2008-06-30": 0, "2008-03-31": 0, "2007-12-31": "", "2007-09-30": 0.004, "2007-06-30": -0.215, "2007-03-31": 0.004, "2006-12-31": "", "2006-09-30": 0.037, "2006-06-30": 0.037, "2006-03-31": 0.039, "2005-12-31": "", "2005-09-30": 0, "2005-06-30": 0, "2005-03-31": 0}, "Common Stock Dividends Paid": {"2020-09-30": -18.8, "2020-06-30": -18.1, "2020-03-31": -19.2, "2019-12-31": "-19.90000", "2019-09-30": -21.5, "2019-06-30": -20.5, "2019-03-31": -22.2, "2018-12-31": "-22.40000", "2018-09-30": -22.6, "2018-06-30": -8.7, "2018-03-31": -9.9, "2017-12-31": "-9.80000", "2017-09-30": -9.6, "2017-06-30": -10.5, "2017-03-31": -10.2, "2016-12-31": "-9.60000", "2016-09-30": -9.4, "2016-06-30": -9.7, "2016-03-31": -9.5, "2015-12-31": "-8.70000", "2015-09-30": -8.5, "2015-06-30": -8.4, "2015-03-31": -7.5, "2014-12-31": "-6.60000", "2014-09-30": -5.3, "2014-06-30": -8.6, "2014-03-31": -6.6, "2013-12-31": "-5.50000", "2013-09-30": -21.3, "2013-06-30": -6.3, "2013-03-31": -4.8, "2012-12-31": "-1.00000", "2012-09-30": -23.6, "2012-06-30": 0, "2012-03-31": 0, "2011-12-31": "", "2011-09-30": 0, "2011-06-30": 0, "2011-03-31": 0, "2010-12-31": "", "2010-09-30": 0, "2010-06-30": 0, "2010-03-31": 0, "2009-12-31": "", "2009-09-30": 0, "2009-06-30": 0, "2009-03-31": 0, "2008-12-31": "", "2008-09-30": 0, "2008-06-30": 0, "2008-03-31": 0, "2007-12-31": "", "2007-09-30": 0, "2007-06-30": 0, "2007-03-31": 0, "2006-12-31": "", "2006-09-30": 0, "2006-06-30": 0, "2006-03-31": 0, "2005-12-31": "", "2005-09-30": 0, "2005-06-30": 0, "2005-03-31": 0}}, "financial ratios": {"Current Ratio": {"2020-09-30": "1.82890", "2019-09-30": "1.45590", "2018-09-30": "2.77920", "2017-09-30": "1.08650", "2016-09-30": "0.26810", "2015-09-30": "0.44180", "2014-09-30": "2.45840", "2013-09-30": "3.10450", "2012-09-30": "3.09960", "2011-09-30": "2.48290", "2010-12-31": "11.02330", "2010-09-30": "2.00840", "2009-12-31": "58.53830", "2009-09-30": "", "2008-12-31": "136.36320", "2007-12-31": "117.78650", "2006-12-31": "68.69680", "2005-12-31": "8.33030"}, "Long-term Debt / Capital": {"2020-09-30": "0.63480", "2019-09-30": "0.56160", "2018-09-30": "0.74420", "2017-09-30": "0.74010", "2016-09-30": "", "2015-09-30": "", "2014-09-30": "0.69560", "2013-09-30": "0.81200", "2012-09-30": "0.57540", "2011-09-30": "0.60780", "2010-12-31": "0.73520", "2010-09-30": "0.59400", "2009-12-31": "", "2009-09-30": "", "2008-12-31": "", "2007-12-31": "", "2006-12-31": "", "2005-12-31": ""}, "Debt/Equity Ratio": {"2020-09-30": "1.74900", "2019-09-30": "1.36000", "2018-09-30": "2.92600", "2017-09-30": "2.93040", "2016-09-30": "3.04080", "2015-09-30": "3.76840", "2014-09-30": "2.28520", "2013-09-30": "4.31950", "2012-09-30": "1.35530", "2011-09-30": "1.56120", "2010-12-31": "2.77610", "2010-09-30": "1.48050", "2009-12-31": "", "2009-09-30": "", "2008-12-31": "", "2007-12-31": "", "2006-12-31": "", "2005-12-31": ""}, "Gross Margin": {"2020-09-30": "34.55680", "2019-09-30": "34.37310", "2018-09-30": "35.03300", "2017-09-30": "36.05560", "2016-09-30": "41.02950", "2015-09-30": "35.82190", "2014-09-30": "37.95500", "2013-09-30": "50.58450", "2012-09-30": "52.31100", "2011-09-30": "40.82300", "2010-12-31": "", "2010-09-30": "35.89430", "2009-12-31": "", "2009-09-30": "36.59300", "2008-12-31": "", "2007-12-31": "", "2006-12-31": "", "2005-12-31": ""}, "Operating Margin": {"2020-09-30": "6.14000", "2019-09-30": "1.89900", "2018-09-30": "5.88650", "2017-09-30": "7.75660", "2016-09-30": "11.02260", "2015-09-30": "3.76750", "2014-09-30": "9.22170", "2013-09-30": "13.30230", "2012-09-30": "9.13920", "2011-09-30": "4.70710", "2010-12-31": "", "2010-09-30": "6.25060", "2009-12-31": "", "2009-09-30": "7.03480", "2008-12-31": "", "2007-12-31": "", "2006-12-31": "", "2005-12-31": ""}, "EBIT Margin": {"2020-09-30": "6.14000", "2019-09-30": "1.89900", "2018-09-30": "5.88650", "2017-09-30": "7.75660", "2016-09-30": "11.02260", "2015-09-30": "3.76750", "2014-09-30": "9.22170", "2013-09-30": "13.30230", "2012-09-30": "9.13920", "2011-09-30": "4.70710", "2010-12-31": "", "2010-09-30": "6.25060", "2009-12-31": "", "2009-09-30": "7.03480", "2008-12-31": "", "2007-12-31": "", "2006-12-31": "", "2005-12-31": ""}, "EBITDA Margin": {"2020-09-30": "10.65790", "2019-09-30": "10.89660", "2018-09-30": "10.22400", "2017-09-30": "12.64000", "2016-09-30": "16.12090", "2015-09-30": "9.09380", "2014-09-30": "13.08390", "2013-09-30": "20.45500", "2012-09-30": "17.38120", "2011-09-30": "9.75930", "2010-12-31": "", "2010-09-30": "11.24060", "2009-12-31": "", "2009-09-30": "12.20930", "2008-12-31": "", "2007-12-31": "", "2006-12-31": "", "2005-12-31": ""}, "Pre-Tax Profit Margin": {"2020-09-30": "3.92010", "2019-09-30": "-5.09720", "2018-09-30": "-0.93730", "2017-09-30": "-0.75270", "2016-09-30": "0.30280", "2015-09-30": "-3.78850", "2014-09-30": "2.24390", "2013-09-30": "2.13410", "2012-09-30": "0.56690", "2011-09-30": "1.66490", "2010-12-31": "", "2010-09-30": "-5.15430", "2009-12-31": "", "2009-09-30": "49.46590", "2008-12-31": "", "2007-12-31": "", "2006-12-31": "", "2005-12-31": ""}, "Net Profit Margin": {"2020-09-30": "2.46710", "2019-09-30": "13.00600", "2018-09-30": "20.17220", "2017-09-30": "2.85980", "2016-09-30": "-6.54310", "2015-09-30": "-11.71270", "2014-09-30": "-1.81030", "2013-09-30": "-1.69930", "2012-09-30": "0.66730", "2011-09-30": "0.63840", "2010-12-31": "", "2010-09-30": "-5.91620", "2009-12-31": "", "2009-09-30": "42.28380", "2008-12-31": "", "2007-12-31": "", "2006-12-31": "", "2005-12-31": ""}, "Asset Turnover": {"2020-09-30": "0.77620", "2019-09-30": "0.72480", "2018-09-30": "0.48840", "2017-09-30": "0.10340", "2016-09-30": "0.09050", "2015-09-30": "0.13570", "2014-09-30": "0.15400", "2013-09-30": "0.19860", "2012-09-30": "0.17780", "2011-09-30": "0.14740", "2010-12-31": "", "2010-09-30": "0.63920", "2009-12-31": "", "2009-09-30": "", "2008-12-31": "", "2007-12-31": "", "2006-12-31": "", "2005-12-31": ""}, "Inventory Turnover Ratio": {"2020-09-30": "4.65180", "2019-09-30": "4.55000", "2018-09-30": "4.23990", "2017-09-30": "4.77550", "2016-09-30": "2.41930", "2015-09-30": "3.90740", "2014-09-30": "4.52710", "2013-09-30": "4.32820", "2012-09-30": "4.72120", "2011-09-30": "4.73510", "2010-12-31": "", "2010-09-30": "3.10290", "2009-12-31": "", "2009-09-30": "", "2008-12-31": "", "2007-12-31": "", "2006-12-31": "", "2005-12-31": ""}, "Receiveable Turnover": {"2020-09-30": "6.89070", "2019-09-30": "8.82360", "2018-09-30": "10.32730", "2017-09-30": "12.97340", "2016-09-30": "5.63590", "2015-09-30": "2.04550", "2014-09-30": "7.92120", "2013-09-30": "9.06820", "2012-09-30": "10.81250", "2011-09-30": "8.82030", "2010-12-31": "", "2010-09-30": "6.31570", "2009-12-31": "", "2009-09-30": "", "2008-12-31": "", "2007-12-31": "", "2006-12-31": "", "2005-12-31": ""}, "Days Sales In Receivables": {"2020-09-30": "52.97020", "2019-09-30": "41.36620", "2018-09-30": "35.34330", "2017-09-30": "28.13450", "2016-09-30": "64.76370", "2015-09-30": "178.43830", "2014-09-30": "46.07880", "2013-09-30": "40.25050", "2012-09-30": "33.75720", "2011-09-30": "41.38170", "2010-12-31": "", "2010-09-30": "57.79220", "2009-12-31": "", "2009-09-30": "", "2008-12-31": "", "2007-12-31": "", "2006-12-31": "", "2005-12-31": ""}, "ROE - Return On Equity": {"2020-09-30": "5.96840", "2019-09-30": "-10.79880", "2018-09-30": "26.86210", "2017-09-30": "-0.82700", "2016-09-30": "3.72000", "2015-09-30": "-13.83410", "2014-09-30": "0.63800", "2013-09-30": "-6.08730", "2012-09-30": "6.92350", "2011-09-30": "0.53160", "2010-12-31": "-17.94320", "2010-09-30": "-16.59900", "2009-12-31": "-9.15450", "2009-09-30": "", "2008-12-31": "-0.00820", "2007-12-31": "1.57310", "2006-12-31": "-0.17140", "2005-12-31": "-1.81260"}, "Return On Tangible Equity": {"2020-09-30": "-6.26900", "2019-09-30": "16.87610", "2018-09-30": "-28.33630", "2017-09-30": "0.82900", "2016-09-30": "-2.22830", "2015-09-30": "6.50080", "2014-09-30": "-0.73790", "2013-09-30": "2.24590", "2012-09-30": "-10.21410", "2011-09-30": "-0.52960", "2010-12-31": "-17.94320", "2010-09-30": "16.40730", "2009-12-31": "-9.15450", "2009-09-30": "", "2008-12-31": "-0.00820", "2007-12-31": "1.57310", "2006-12-31": "-0.17140", "2005-12-31": "-1.81260"}, "ROA - Return On Assets": {"2020-09-30": "1.65450", "2019-09-30": "-3.55890", "2018-09-30": "5.47510", "2017-09-30": "-0.04490", "2016-09-30": "0.20130", "2015-09-30": "-0.62710", "2014-09-30": "0.04780", "2013-09-30": "-0.24720", "2012-09-30": "0.43930", "2011-09-30": "0.03090", "2010-12-31": "-4.60970", "2010-09-30": "-4.86800", "2009-12-31": "-8.73020", "2009-09-30": "", "2008-12-31": "-0.00790", "2007-12-31": "1.54130", "2006-12-31": "-0.16670", "2005-12-31": "-1.02110"}, "ROI - Return On Investment": {"2020-09-30": "2.17960", "2019-09-30": "-4.73460", "2018-09-30": "6.87170", "2017-09-30": "-0.21490", "2016-09-30": "3.72000", "2015-09-30": "-13.83410", "2014-09-30": "0.19420", "2013-09-30": "-1.14440", "2012-09-30": "2.93950", "2011-09-30": "0.20850", "2010-12-31": "-4.75170", "2010-09-30": "-6.73960", "2009-12-31": "-9.15450", "2009-09-30": "", "2008-12-31": "-0.00820", "2007-12-31": "1.57310", "2006-12-31": "-0.17140", "2005-12-31": "-1.81260"}, "Book Value Per Share": {"2020-09-30": "32.84920", "2019-09-30": "35.42830", "2018-09-30": "29.76780", "2017-09-30": "9.70540", "2016-09-30": "56.10850", "2015-09-30": "48.88980", "2014-09-30": "69.16870", "2013-09-30": "49.35550", "2012-09-30": "70.71120", "2011-09-30": "61.09220", "2010-12-31": "39.95310", "2010-09-30": "52.45870", "2009-12-31": "46.87000", "2009-09-30": "", "2008-12-31": "51.08900", "2007-12-31": "52.13500", "2006-12-31": "51.47010", "2005-12-31": "55.58100"}, "Operating Cash Flow Per Share": {"2020-09-30": 6.4438, "2019-09-30": -9.2567, "2018-09-30": -16.8148, "2017-09-30": -2.4474, "2016-09-30": 18.6283, "2015-09-30": -16.8775, "2014-09-30": 3.6369, "2013-09-30": -4.4492, "2012-09-30": 21.5154, "2011-09-30": 10.5781, "2010-12-31": "-4.49140", "2010-09-30": 3.2655, "2009-12-31": "-0.86630", "2009-09-30": 2.4985, "2008-12-31": "0.12510", "2007-12-31": "0.69650", "2006-12-31": "0.55050", "2005-12-31": "0.67350"}, "Free Cash Flow Per Share": {"2020-09-30": 6.9351, "2019-09-30": -8.4293, "2018-09-30": -16.3552, "2017-09-30": -3.5512, "2016-09-30": 20.1256, "2015-09-30": -17.1459, "2014-09-30": 5.5516, "2013-09-30": -6.5143, "2012-09-30": 20.6384, "2011-09-30": 9.1289, "2010-12-31": "-4.53740", "2010-09-30": 1.4066, "2009-12-31": "-0.87980", "2009-09-30": 2.1444, "2008-12-31": "0.12510", "2007-12-31": "0.69650", "2006-12-31": "0.55050", "2005-12-31": "0.67350"}}, "financial ratios, quarterly": {"Current Ratio": {"2020-09-30": "1.82890", "2020-06-30": "2.08440", "2020-03-31": "2.39240", "2019-12-31": "1.42430", "2019-09-30": "1.45590", "2019-06-30": "1.54290", "2019-03-31": "1.59780", "2018-12-31": "1.11850", "2018-09-30": "2.77920", "2018-06-30": "3.13740", "2018-03-31": "3.11270", "2017-12-31": "2.18660", "2017-09-30": "1.08650", "2017-06-30": "1.88030", "2017-03-31": "0.41150", "2016-12-31": "0.40760", "2016-09-30": "0.26810", "2016-06-30": "0.43030", "2016-03-31": "0.43470", "2015-12-31": "0.43500", "2015-09-30": "0.44180", "2015-06-30": "3.18330", "2015-03-31": "3.17760", "2014-12-31": "2.98100", "2014-09-30": "2.45840", "2014-06-30": "3.18650", "2014-03-31": "3.29030", "2013-12-31": "2.94080", "2013-09-30": "3.10450", "2013-06-30": "3.03810", "2013-03-31": "3.48690", "2012-12-31": "3.19150", "2012-09-30": "3.09960", "2012-06-30": "2.88140", "2012-03-31": "2.81190", "2011-12-31": "2.77470", "2011-09-30": "2.48290", "2011-06-30": "2.69980", "2011-03-31": "2.76390", "2010-12-31": "", "2010-09-30": "", "2010-06-30": "60.36480", "2010-03-31": "56.98950", "2009-12-31": "", "2009-09-30": "93.02870", "2009-06-30": "134.62920", "2009-03-31": "129.48700", "2008-12-31": "", "2008-09-30": "137.90970", "2008-06-30": "138.47470", "2008-03-31": "131.11090", "2007-12-31": "", "2007-09-30": "108.89400", "2007-06-30": "110.33930", "2007-03-31": "112.58190", "2006-12-31": "", "2006-09-30": "5.28800", "2006-06-30": "5.91680", "2006-03-31": "8.67090", "2005-12-31": "", "2005-09-30": "3.55360", "2005-06-30": "3.53040", "2005-03-31": "3.76230"}, "Long-term Debt / Capital": {"2020-09-30": "0.63480", "2020-06-30": "0.65900", "2020-03-31": "0.71050", "2019-12-31": "0.61200", "2019-09-30": "0.56160", "2019-06-30": "0.54700", "2019-03-31": "0.54840", "2018-12-31": "0.64810", "2018-09-30": "0.74420", "2018-06-30": "0.75440", "2018-03-31": "0.79620", "2017-12-31": "0.75020", "2017-09-30": "0.74010", "2017-06-30": "0.76080", "2017-03-31": "", "2016-12-31": "", "2016-09-30": "", "2016-06-30": "", "2016-03-31": "", "2015-12-31": "", "2015-09-30": "", "2015-06-30": "0.78500", "2015-03-31": "0.75100", "2014-12-31": "0.73130", "2014-09-30": "0.69560", "2014-06-30": "0.69290", "2014-03-31": "0.79130", "2013-12-31": "0.80120", "2013-09-30": "0.81200", "2013-06-30": "0.76390", "2013-03-31": "0.74200", "2012-12-31": "0.70130", "2012-09-30": "0.57540", "2012-06-30": "0.64140", "2012-03-31": "0.62710", "2011-12-31": "0.62060", "2011-09-30": "0.60780", "2011-06-30": "0.62210", "2011-03-31": "0.66160", "2010-12-31": "", "2010-09-30": "", "2010-06-30": "", "2010-03-31": "", "2009-12-31": "", "2009-09-30": "", "2009-06-30": "", "2009-03-31": "", "2008-12-31": "", "2008-09-30": "", "2008-06-30": "", "2008-03-31": "", "2007-12-31": "", "2007-09-30": "", "2007-06-30": "", "2007-03-31": "", "2006-12-31": "", "2006-09-30": "0.13450", "2006-06-30": "0.13330", "2006-03-31": "0.13570", "2005-12-31": "", "2005-09-30": "0.07990", "2005-06-30": "0.08770", "2005-03-31": "0.10630"}, "Debt/Equity Ratio": {"2020-09-30": "1.74900", "2020-06-30": "1.94230", "2020-03-31": "2.46470", "2019-12-31": "1.58700", "2019-09-30": "1.36000", "2019-06-30": "1.21500", "2019-03-31": "1.22270", "2018-12-31": "3.36260", "2018-09-30": "2.92600", "2018-06-30": "3.11290", "2018-03-31": "3.95830", "2017-12-31": "3.57760", "2017-09-30": "2.93040", "2017-06-30": "3.18050", "2017-03-31": "3.18040", "2016-12-31": "3.27000", "2016-09-30": "3.04080", "2016-06-30": "3.52040", "2016-03-31": "4.13290", "2015-12-31": "4.57790", "2015-09-30": "3.76840", "2015-06-30": "3.65030", "2015-03-31": "3.01680", "2014-12-31": "2.72140", "2014-09-30": "2.28520", "2014-06-30": "2.25610", "2014-03-31": "3.79110", "2013-12-31": "4.03050", "2013-09-30": "4.31950", "2013-06-30": "3.23620", "2013-03-31": "2.87550", "2012-12-31": "2.34820", "2012-09-30": "1.35530", "2012-06-30": "1.81020", "2012-03-31": "1.70580", "2011-12-31": "1.65270", "2011-09-30": "1.56120", "2011-06-30": "1.66540", "2011-03-31": "1.98400", "2010-12-31": "", "2010-09-30": "", "2010-06-30": "", "2010-03-31": "", "2009-12-31": "", "2009-09-30": "", "2009-06-30": "", "2009-03-31": "", "2008-12-31": "", "2008-09-30": "", "2008-06-30": "", "2008-03-31": "", "2007-12-31": "", "2007-09-30": "", "2007-06-30": "", "2007-03-31": "", "2006-12-31": "", "2006-09-30": "0.17010", "2006-06-30": "0.16770", "2006-03-31": "0.17130", "2005-12-31": "", "2005-09-30": "0.09690", "2005-06-30": "0.11750", "2005-03-31": "0.14300"}, "Gross Margin": {"2020-09-30": "36.13530", "2020-06-30": "35.44650", "2020-03-31": "35.07150", "2019-12-31": "30.87780", "2019-09-30": "33.70930", "2019-06-30": "35.31600", "2019-03-31": "33.69360", "2018-12-31": "34.72680", "2018-09-30": "35.53370", "2018-06-30": "35.23410", "2018-03-31": "34.67030", "2017-12-31": "34.62380", "2017-09-30": "31.27780", "2017-06-30": "37.11470", "2017-03-31": "41.16720", "2016-12-31": "39.88050", "2016-09-30": "29.59310", "2016-06-30": "39.02990", "2016-03-31": "41.07160", "2015-12-31": "35.66230", "2015-09-30": "37.59060", "2015-06-30": "33.70270", "2015-03-31": "36.15140", "2014-12-31": "35.84690", "2014-09-30": "-295.59960", "2014-06-30": "54.19530", "2014-03-31": "49.35880", "2013-12-31": "51.29140", "2013-09-30": "49.46700", "2013-06-30": "48.54530", "2013-03-31": "52.25710", "2012-12-31": "52.37670", "2012-09-30": "53.81850", "2012-06-30": "47.33260", "2012-03-31": "56.01880", "2011-12-31": "51.56950", "2011-09-30": "38.45690", "2011-06-30": "50.59980", "2011-03-31": "36.81290", "2010-12-31": "", "2010-09-30": "", "2010-06-30": "38.69540", "2010-03-31": "39.35140", "2009-12-31": "", "2009-09-30": "", "2009-06-30": "", "2009-03-31": "", "2008-12-31": "", "2008-09-30": "", "2008-06-30": "", "2008-03-31": "", "2007-12-31": "", "2007-09-30": "", "2007-06-30": "", "2007-03-31": "", "2006-12-31": "", "2006-09-30": "", "2006-06-30": "", "2006-03-31": "", "2005-12-31": "", "2005-09-30": "23.50880", "2005-06-30": "13.87500", "2005-03-31": "12.82360"}, "Operating Margin": {"2020-09-30": "10.84910", "2020-06-30": "9.61090", "2020-03-31": "7.21900", "2019-12-31": "-5.26680", "2019-09-30": "-8.80240", "2019-06-30": "9.07850", "2019-03-31": "4.58810", "2018-12-31": "2.86270", "2018-09-30": "3.56150", "2018-06-30": "10.37500", "2018-03-31": "3.54630", "2017-12-31": "5.57850", "2017-09-30": "3.38320", "2017-06-30": "11.66860", "2017-03-31": "12.58250", "2016-12-31": "6.85700", "2016-09-30": "11.91960", "2016-06-30": "13.80250", "2016-03-31": "11.24440", "2015-12-31": "8.25200", "2015-09-30": "52.03060", "2015-06-30": "-6.07070", "2015-03-31": "-15.48350", "2014-12-31": "-18.82990", "2014-09-30": "1.52120", "2014-06-30": "14.32410", "2014-03-31": "1.20790", "2013-12-31": "11.87420", "2013-09-30": "13.68600", "2013-06-30": "12.95770", "2013-03-31": "9.49610", "2012-12-31": "17.62250", "2012-09-30": "10.05180", "2012-06-30": "8.05180", "2012-03-31": "8.67320", "2011-12-31": "9.58830", "2011-09-30": "-4.94560", "2011-06-30": "11.65210", "2011-03-31": "3.23240", "2010-12-31": "", "2010-09-30": "", "2010-06-30": "9.04200", "2010-03-31": "8.59410", "2009-12-31": "", "2009-09-30": "", "2009-06-30": "", "2009-03-31": "", "2008-12-31": "", "2008-09-30": "", "2008-06-30": "", "2008-03-31": "", "2007-12-31": "", "2007-09-30": "", "2007-06-30": "", "2007-03-31": "", "2006-12-31": "", "2006-09-30": "", "2006-06-30": "", "2006-03-31": "", "2005-12-31": "", "2005-09-30": "100.00000", "2005-06-30": "-2.07200", "2005-03-31": "-5.81600"}, "EBIT Margin": {"2020-09-30": "10.84910", "2020-06-30": "9.61090", "2020-03-31": "7.21900", "2019-12-31": "-5.26680", "2019-09-30": "-8.80240", "2019-06-30": "9.07850", "2019-03-31": "4.58810", "2018-12-31": "2.86270", "2018-09-30": "3.56150", "2018-06-30": "10.37500", "2018-03-31": "3.54630", "2017-12-31": "5.57850", "2017-09-30": "3.38320", "2017-06-30": "11.66860", "2017-03-31": "12.58250", "2016-12-31": "6.85700", "2016-09-30": "11.91960", "2016-06-30": "13.80250", "2016-03-31": "11.24440", "2015-12-31": "8.25200", "2015-09-30": "52.03060", "2015-06-30": "-6.07070", "2015-03-31": "-15.48350", "2014-12-31": "-18.82990", "2014-09-30": "1.52110", "2014-06-30": "14.32410", "2014-03-31": "1.20790", "2013-12-31": "11.87420", "2013-09-30": "13.68600", "2013-06-30": "12.95770", "2013-03-31": "9.49610", "2012-12-31": "17.62250", "2012-09-30": "10.05180", "2012-06-30": "8.05180", "2012-03-31": "8.67320", "2011-12-31": "9.58830", "2011-09-30": "-4.94560", "2011-06-30": "11.65210", "2011-03-31": "3.23240", "2010-12-31": "", "2010-09-30": "", "2010-06-30": "9.04200", "2010-03-31": "8.59410", "2009-12-31": "", "2009-09-30": "", "2009-06-30": "", "2009-03-31": "", "2008-12-31": "", "2008-09-30": "", "2008-06-30": "", "2008-03-31": "", "2007-12-31": "", "2007-09-30": "", "2007-06-30": "", "2007-03-31": "", "2006-12-31": "", "2006-09-30": "", "2006-06-30": "", "2006-03-31": "", "2005-12-31": "", "2005-09-30": "", "2005-06-30": "-2.07200", "2005-03-31": "-5.81600"}, "EBITDA Margin": {"2020-09-30": "", "2020-06-30": "", "2020-03-31": "", "2019-12-31": "", "2019-09-30": "", "2019-06-30": "", "2019-03-31": "", "2018-12-31": "", "2018-09-30": "", "2018-06-30": "", "2018-03-31": "", "2017-12-31": "", "2017-09-30": "", "2017-06-30": "", "2017-03-31": "", "2016-12-31": "", "2016-09-30": "", "2016-06-30": "", "2016-03-31": "", "2015-12-31": "", "2015-09-30": "", "2015-06-30": "", "2015-03-31": "", "2014-12-31": "", "2014-09-30": "", "2014-06-30": "", "2014-03-31": "", "2013-12-31": "", "2013-09-30": "", "2013-06-30": "", "2013-03-31": "", "2012-12-31": "", "2012-09-30": "", "2012-06-30": "", "2012-03-31": "", "2011-12-31": "", "2011-09-30": "", "2011-06-30": "", "2011-03-31": "", "2010-12-31": "", "2010-09-30": "", "2010-06-30": "", "2010-03-31": "", "2009-12-31": "", "2009-09-30": "", "2009-06-30": "", "2009-03-31": "", "2008-12-31": "", "2008-09-30": "", "2008-06-30": "", "2008-03-31": "", "2007-12-31": "", "2007-09-30": "", "2007-06-30": "", "2007-03-31": "", "2006-12-31": "", "2006-09-30": "", "2006-06-30": "", "2006-03-31": "", "2005-12-31": "", "2005-09-30": "", "2005-06-30": "", "2005-03-31": ""}, "Pre-Tax Profit Margin": {"2020-09-30": "6.78280", "2020-06-30": "19.42500", "2020-03-31": "-8.33870", "2019-12-31": "-4.24560", "2019-09-30": "-10.48440", "2019-06-30": "1.90770", "2019-03-31": "-8.45920", "2018-12-31": "-3.69190", "2018-09-30": "-2.11850", "2018-06-30": "4.34230", "2018-03-31": "-4.12420", "2017-12-31": "-2.53370", "2017-09-30": "-2.08920", "2017-06-30": "2.69990", "2017-03-31": "2.13890", "2016-12-31": "-6.04350", "2016-09-30": "16.61260", "2016-06-30": "6.62610", "2016-03-31": "3.79550", "2015-12-31": "0.32250", "2015-09-30": "29.29090", "2015-06-30": "-14.83870", "2015-03-31": "-21.34110", "2014-12-31": "-10.28200", "2014-09-30": "-31.93910", "2014-06-30": "12.20460", "2014-03-31": "-5.15210", "2013-12-31": "2.43050", "2013-09-30": "-12.34010", "2013-06-30": "11.03460", "2013-03-31": "1.09840", "2012-12-31": "10.84020", "2012-09-30": "3.30880", "2012-06-30": "-11.45030", "2012-03-31": "1.51040", "2011-12-31": "7.28990", "2011-09-30": "-13.78560", "2011-06-30": "22.62800", "2011-03-31": "-8.59580", "2010-12-31": "", "2010-09-30": "", "2010-06-30": "-11.39460", "2010-03-31": "-1.68550", "2009-12-31": "", "2009-09-30": "", "2009-06-30": "", "2009-03-31": "", "2008-12-31": "", "2008-09-30": "", "2008-06-30": "", "2008-03-31": "", "2007-12-31": "", "2007-09-30": "", "2007-06-30": "", "2007-03-31": "", "2006-12-31": "", "2006-09-30": "", "2006-06-30": "", "2006-03-31": "", "2005-12-31": "", "2005-09-30": "-33.72910", "2005-06-30": "-0.64340", "2005-03-31": "-5.78240"}, "Net Profit Margin": {"2020-09-30": "3.88690", "2020-06-30": "14.74140", "2020-03-31": "-6.07810", "2019-12-31": "-4.10790", "2019-09-30": "-9.63840", "2019-06-30": "-2.53380", "2019-03-31": "80.35730", "2018-12-31": "-12.77970", "2018-09-30": "-11.85140", "2018-06-30": "39.40160", "2018-03-31": "-3.27440", "2017-12-31": "55.17620", "2017-09-30": "-1.76570", "2017-06-30": "0.24330", "2017-03-31": "-10.83970", "2016-12-31": "35.23160", "2016-09-30": "0.91110", "2016-06-30": "-9.75200", "2016-03-31": "-1.94900", "2015-12-31": "-2.80300", "2015-09-30": "-11.53100", "2015-06-30": "-6.16040", "2015-03-31": "-19.95980", "2014-12-31": "-9.61640", "2014-09-30": "-3.42200", "2014-06-30": "3.06360", "2014-03-31": "-6.53150", "2013-12-31": "-2.58280", "2013-09-30": "-13.47950", "2013-06-30": "6.50010", "2013-03-31": "-3.22440", "2012-12-31": "5.07240", "2012-09-30": "13.29380", "2012-06-30": "-14.73030", "2012-03-31": "-0.35270", "2011-12-31": "2.04120", "2011-09-30": "-6.41500", "2011-06-30": "15.58700", "2011-03-31": "-8.92800", "2010-12-31": "", "2010-09-30": "", "2010-06-30": "-7.89890", "2010-03-31": "-3.57390", "2009-12-31": "", "2009-09-30": "", "2009-06-30": "", "2009-03-31": "", "2008-12-31": "", "2008-09-30": "", "2008-06-30": "", "2008-03-31": "", "2007-12-31": "", "2007-09-30": "", "2007-06-30": "", "2007-03-31": "", "2006-12-31": "", "2006-09-30": "", "2006-06-30": "", "2006-03-31": "", "2005-12-31": "", "2005-09-30": "-29.15850", "2005-06-30": "1.68670", "2005-03-31": "0.32730"}, "Asset Turnover": {"2020-09-30": "0.22920", "2020-06-30": "0.19290", "2020-03-31": "0.18050", "2019-12-31": "0.17280", "2019-09-30": "0.18930", "2019-06-30": "0.19330", "2019-03-31": "0.16530", "2018-12-31": "0.11660", "2018-09-30": "0.12530", "2018-06-30": "0.12090", "2018-03-31": "0.10710", "2017-12-31": "0.10130", "2017-09-30": "0.04140", "2017-06-30": "0.02430", "2017-03-31": "0.02060", "2016-12-31": "0.01690", "2016-09-30": "-0.02390", "2016-06-30": "0.03810", "2016-03-31": "0.03570", "2015-12-31": "0.03450", "2015-09-30": "0.03540", "2015-06-30": "0.03720", "2015-03-31": "0.03640", "2014-12-31": "0.03660", "2014-09-30": "0.00610", "2014-06-30": "0.05350", "2014-03-31": "0.04570", "2013-12-31": "0.05250", "2013-09-30": "0.05380", "2013-06-30": "0.05150", "2013-03-31": "0.05090", "2012-12-31": "0.04550", "2012-09-30": "0.04750", "2012-06-30": "0.04120", "2012-03-31": "0.04510", "2011-12-31": "0.04860", "2011-09-30": "0.03770", "2011-06-30": "0.04320", "2011-03-31": "0.16220", "2010-12-31": "", "2010-09-30": "", "2010-06-30": "4.43600", "2010-03-31": "3.54170", "2009-12-31": "", "2009-09-30": "", "2009-06-30": "", "2009-03-31": "", "2008-12-31": "", "2008-09-30": "", "2008-06-30": "", "2008-03-31": "", "2007-12-31": "", "2007-09-30": "", "2007-06-30": "", "2007-03-31": "", "2006-12-31": "", "2006-09-30": "", "2006-06-30": "", "2006-03-31": "", "2005-12-31": "", "2005-09-30": "0.09200", "2005-06-30": "0.07670", "2005-03-31": "0.06610"}, "Inventory Turnover Ratio": {"2020-09-30": "1.34050", "2020-06-30": "1.11850", "2020-03-31": "1.00160", "2019-12-31": "0.95950", "2019-09-30": "1.20020", "2019-06-30": "0.92010", "2019-03-31": "0.77450", "2018-12-31": "0.79450", "2018-09-30": "1.07930", "2018-06-30": "1.21950", "2018-03-31": "0.94450", "2017-12-31": "1.03530", "2017-09-30": "2.05460", "2017-06-30": "0.64320", "2017-03-31": "0.53280", "2016-12-31": "0.46440", "2016-09-30": "-0.76170", "2016-06-30": "0.98650", "2016-03-31": "0.80790", "2015-12-31": "0.89670", "2015-09-30": "0.99190", "2015-06-30": "0.90030", "2015-03-31": "0.89170", "2014-12-31": "1.03140", "2014-09-30": "1.14660", "2014-06-30": "0.98110", "2014-03-31": "0.93570", "2013-12-31": "1.07640", "2013-09-30": "1.19830", "2013-06-30": "1.02520", "2013-03-31": "0.95510", "2012-12-31": "0.85700", "2012-09-30": "1.22120", "2012-06-30": "0.96490", "2012-03-31": "0.88250", "2011-12-31": "1.17090", "2011-09-30": "1.25800", "2011-06-30": "0.93170", "2011-03-31": "0.78150", "2010-12-31": "", "2010-09-30": "", "2010-06-30": "", "2010-03-31": "", "2009-12-31": "", "2009-09-30": "", "2009-06-30": "", "2009-03-31": "", "2008-12-31": "", "2008-09-30": "", "2008-06-30": "", "2008-03-31": "", "2007-12-31": "", "2007-09-30": "", "2007-06-30": "", "2007-03-31": "", "2006-12-31": "", "2006-09-30": "", "2006-06-30": "", "2006-03-31": "", "2005-12-31": "", "2005-09-30": "0.47790", "2005-06-30": "0.28740", "2005-03-31": "0.29960"}, "Receiveable Turnover": {"2020-09-30": "2.03480", "2020-06-30": "1.82960", "2020-03-31": "1.65860", "2019-12-31": "1.54330", "2019-09-30": "2.30420", "2019-06-30": "1.61890", "2019-03-31": "1.60190", "2018-12-31": "1.82370", "2018-09-30": "2.64940", "2018-06-30": "2.43760", "2018-03-31": "2.20760", "2017-12-31": "2.54450", "2017-09-30": "5.19360", "2017-06-30": "1.30560", "2017-03-31": "0.34140", "2016-12-31": "0.27810", "2016-09-30": "-1.48620", "2016-06-30": "0.58760", "2016-03-31": "0.54120", "2015-12-31": "0.52560", "2015-09-30": "0.53400", "2015-06-30": "1.62610", "2015-03-31": "1.70720", "2014-12-31": "1.72970", "2014-09-30": "0.31460", "2014-06-30": "2.40550", "2014-03-31": "2.04050", "2013-12-31": "2.33930", "2013-09-30": "2.45510", "2013-06-30": "2.30530", "2013-03-31": "2.37800", "2012-12-31": "2.15690", "2012-09-30": "2.88800", "2012-06-30": "2.36250", "2012-03-31": "2.42280", "2011-12-31": "2.85930", "2011-09-30": "2.25340", "2011-06-30": "2.51500", "2011-03-31": "1.67730", "2010-12-31": "", "2010-09-30": "", "2010-06-30": "", "2010-03-31": "", "2009-12-31": "", "2009-09-30": "", "2009-06-30": "", "2009-03-31": "", "2008-12-31": "", "2008-09-30": "", "2008-06-30": "", "2008-03-31": "", "2007-12-31": "", "2007-09-30": "", "2007-06-30": "", "2007-03-31": "", "2006-12-31": "", "2006-09-30": "", "2006-06-30": "", "2006-03-31": "", "2005-12-31": "", "2005-09-30": "1.20200", "2005-06-30": "0.51170", "2005-03-31": "0.46530"}, "Days Sales In Receivables": {"2020-09-30": "44.23120", "2020-06-30": "49.19230", "2020-03-31": "54.26100", "2019-12-31": "58.31670", "2019-09-30": "39.05830", "2019-06-30": "55.59190", "2019-03-31": "56.18180", "2018-12-31": "49.35020", "2018-09-30": "33.96990", "2018-06-30": "36.92150", "2018-03-31": "40.76820", "2017-12-31": "35.36970", "2017-09-30": "17.32920", "2017-06-30": "68.93400", "2017-03-31": "263.61900", "2016-12-31": "323.58460", "2016-09-30": "-60.55790", "2016-06-30": "153.16770", "2016-03-31": "166.30080", "2015-12-31": "171.22620", "2015-09-30": "168.54150", "2015-06-30": "55.34800", "2015-03-31": "52.71900", "2014-12-31": "52.03100", "2014-09-30": "286.03420", "2014-06-30": "37.41470", "2014-03-31": "44.10750", "2013-12-31": "38.47350", "2013-09-30": "36.65850", "2013-06-30": "39.04130", "2013-03-31": "37.84710", "2012-12-31": "41.72710", "2012-09-30": "31.16310", "2012-06-30": "38.09480", "2012-03-31": "37.14660", "2011-12-31": "31.47580", "2011-09-30": "39.94050", "2011-06-30": "35.78520", "2011-03-31": "53.65900", "2010-12-31": "", "2010-09-30": "", "2010-06-30": "", "2010-03-31": "", "2009-12-31": "", "2009-09-30": "", "2009-06-30": "", "2009-03-31": "", "2008-12-31": "", "2008-09-30": "", "2008-06-30": "", "2008-03-31": "", "2007-12-31": "", "2007-09-30": "", "2007-06-30": "", "2007-03-31": "", "2006-12-31": "", "2006-09-30": "", "2006-06-30": "", "2006-03-31": "", "2005-12-31": "", "2005-09-30": "74.87780", "2005-06-30": "175.87460", "2005-03-31": "193.42200"}, "ROE - Return On Equity": {"2020-09-30": "3.09370", "2020-06-30": "9.93140", "2020-03-31": "-4.84370", "2019-12-31": "-2.55890", "2019-09-30": "-4.56360", "2019-06-30": "-1.31100", "2019-03-31": "-2.80000", "2018-12-31": "-2.06980", "2018-09-30": "-2.16410", "2018-06-30": "23.60630", "2018-03-31": "-2.58240", "2017-12-31": "5.97200", "2017-09-30": "1.53580", "2017-06-30": "0.20030", "2017-03-31": "-0.44110", "2016-12-31": "-2.51590", "2016-09-30": "-5.38740", "2016-06-30": "5.47790", "2016-03-31": "4.21120", "2015-12-31": "0.69190", "2015-09-30": "18.34270", "2015-06-30": "-7.70920", "2015-03-31": "-13.05190", "2014-12-31": "-5.92700", "2014-09-30": "-3.08820", "2014-06-30": "6.01950", "2014-03-31": "-3.92020", "2013-12-31": "-0.12480", "2013-09-30": "-18.11200", "2013-06-30": "8.43460", "2013-03-31": "-3.15900", "2012-12-31": "4.08180", "2012-09-30": "10.97630", "2012-06-30": "-8.57370", "2012-03-31": "-0.01430", "2011-12-31": "3.30280", "2011-09-30": "-7.95060", "2011-06-30": "16.38790", "2011-03-31": "-7.75030", "2010-12-31": "", "2010-09-30": "", "2010-06-30": "-61.88690", "2010-03-31": "-13.27790", "2009-12-31": "", "2009-09-30": "", "2009-06-30": "-0.29310", "2009-03-31": "-0.45940", "2008-12-31": "", "2008-09-30": "", "2008-06-30": "0.19090", "2008-03-31": "0.19690", "2007-12-31": "", "2007-09-30": "", "2007-06-30": "0.42620", "2007-03-31": "0.29150", "2006-12-31": "", "2006-09-30": "0.16920", "2006-06-30": "-0.34480", "2006-03-31": "-0.26160", "2005-12-31": "", "2005-09-30": "-1.96900", "2005-06-30": "-0.26300", "2005-03-31": "-0.53620"}, "Return On Tangible Equity": {"2020-09-30": "-3.24950", "2020-06-30": "-9.95230", "2020-03-31": "3.80660", "2019-12-31": "2.85430", "2019-09-30": "7.13190", "2019-06-30": "2.17720", "2019-03-31": "4.88910", "2018-12-31": "1.76940", "2018-09-30": "2.28280", "2018-06-30": "-18.60190", "2018-03-31": "1.37370", "2017-12-31": "-4.32500", "2017-09-30": "-1.53950", "2017-06-30": "-0.11960", "2017-03-31": "0.25840", "2016-12-31": "1.34490", "2016-09-30": "3.22710", "2016-06-30": "-2.89910", "2016-03-31": "-1.85750", "2015-12-31": "-0.26760", "2015-09-30": "-8.61940", "2015-06-30": "3.59590", "2015-03-31": "9.94600", "2014-12-31": "5.81470", "2014-09-30": "3.57160", "2014-06-30": "-7.63540", "2014-03-31": "2.03080", "2013-12-31": "0.05430", "2013-09-30": "6.68230", "2013-06-30": "-4.37560", "2013-03-31": "2.19290", "2012-12-31": "-3.05570", "2012-09-30": "-16.19300", "2012-06-30": "7.18790", "2012-03-31": "0.01340", "2011-12-31": "-2.96910", "2011-09-30": "7.92100", "2011-06-30": "-15.66670", "2011-03-31": "6.61820", "2010-12-31": "", "2010-09-30": "", "2010-06-30": "-61.88690", "2010-03-31": "-13.27790", "2009-12-31": "", "2009-09-30": "", "2009-06-30": "-0.29310", "2009-03-31": "-0.45940", "2008-12-31": "", "2008-09-30": "", "2008-06-30": "0.19090", "2008-03-31": "0.19690", "2007-12-31": "", "2007-09-30": "", "2007-06-30": "0.42620", "2007-03-31": "0.29150", "2006-12-31": "", "2006-09-30": "0.16920", "2006-06-30": "-0.34480", "2006-03-31": "-0.26160", "2005-12-31": "", "2005-09-30": "-1.96900", "2005-06-30": "-0.27040", "2005-03-31": "-0.55290"}, "ROA - Return On Assets": {"2020-09-30": "0.85760", "2020-06-30": "2.69670", "2020-03-31": "-1.13950", "2019-12-31": "-0.74760", "2019-09-30": "-1.50400", "2019-06-30": "-0.46710", "2019-03-31": "-0.98420", "2018-12-31": "-0.38540", "2018-09-30": "-0.44110", "2018-06-30": "4.68590", "2018-03-31": "-0.42110", "2017-12-31": "1.07050", "2017-09-30": "0.08340", "2017-06-30": "0.01070", "2017-03-31": "-0.02130", "2016-12-31": "-0.11780", "2016-09-30": "-0.29150", "2016-06-30": "0.25830", "2016-03-31": "0.17910", "2015-12-31": "0.02710", "2015-09-30": "0.83150", "2015-06-30": "-0.43770", "2015-03-31": "-0.77350", "2014-12-31": "-0.39540", "2014-09-30": "-0.23160", "2014-06-30": "0.47350", "2014-03-31": "-0.19030", "2013-12-31": "-0.00560", "2013-09-30": "-0.73560", "2013-06-30": "0.43380", "2013-03-31": "-0.18220", "2012-12-31": "0.25350", "2012-09-30": "0.69640", "2012-06-30": "-0.44790", "2012-03-31": "-0.00080", "2011-12-31": "0.18950", "2011-09-30": "-0.46280", "2011-06-30": "0.96290", "2011-03-31": "-1.98200", "2010-12-31": "", "2010-09-30": "", "2010-06-30": "-59.00420", "2010-03-31": "-12.65760", "2009-12-31": "", "2009-09-30": "", "2009-06-30": "-0.28390", "2009-03-31": "-0.44460", "2008-12-31": "", "2008-09-30": "", "2008-06-30": "0.18750", "2008-03-31": "0.19310", "2007-12-31": "", "2007-09-30": "", "2007-06-30": "0.41690", "2007-03-31": "0.28510", "2006-12-31": "", "2006-09-30": "0.09400", "2006-06-30": "-0.19490", "2006-03-31": "-0.15330", "2005-12-31": "", "2005-09-30": "-0.97520", "2005-06-30": "-0.13400", "2005-03-31": "-0.27470"}, "ROI - Return On Investment": {"2020-09-30": "1.12980", "2020-06-30": "3.38690", "2020-03-31": "-1.40240", "2019-12-31": "-0.99270", "2019-09-30": "-2.00090", "2019-06-30": "-0.59390", "2019-03-31": "-1.26450", "2018-12-31": "-0.72840", "2018-09-30": "-0.55360", "2018-06-30": "5.79860", "2018-03-31": "-0.52640", "2017-12-31": "1.49170", "2017-09-30": "0.39920", "2017-06-30": "0.04790", "2017-03-31": "-0.44110", "2016-12-31": "-2.51590", "2016-09-30": "-5.38740", "2016-06-30": "5.47790", "2016-03-31": "4.21120", "2015-12-31": "0.69190", "2015-09-30": "18.34270", "2015-06-30": "-1.65780", "2015-03-31": "-3.24930", "2014-12-31": "-1.59270", "2014-09-30": "-0.94000", "2014-06-30": "1.84870", "2014-03-31": "-0.81820", "2013-12-31": "-0.02480", "2013-09-30": "-3.40490", "2013-06-30": "1.99110", "2013-03-31": "-0.81510", "2012-12-31": "1.21910", "2012-09-30": "4.66020", "2012-06-30": "-3.07490", "2012-03-31": "-0.00530", "2011-12-31": "1.25310", "2011-09-30": "-3.11850", "2011-06-30": "6.19240", "2011-03-31": "-2.62280", "2010-12-31": "", "2010-09-30": "", "2010-06-30": "-61.88690", "2010-03-31": "-13.27790", "2009-12-31": "", "2009-09-30": "", "2009-06-30": "-0.29310", "2009-03-31": "-0.45940", "2008-12-31": "", "2008-09-30": "", "2008-06-30": "0.19090", "2008-03-31": "0.19690", "2007-12-31": "", "2007-09-30": "", "2007-06-30": "0.42620", "2007-03-31": "0.29150", "2006-12-31": "", "2006-09-30": "0.14640", "2006-06-30": "-0.29880", "2006-03-31": "-0.22610", "2005-12-31": "", "2005-09-30": "-1.81180", "2005-06-30": "-0.23990", "2005-03-31": "-0.47920"}, "Book Value Per Share": {"2020-09-30": "32.84920", "2020-06-30": "32.14620", "2020-03-31": "28.35730", "2019-12-31": "31.95880", "2019-09-30": "35.42830", "2019-06-30": "38.60660", "2019-03-31": "39.52050", "2018-12-31": "26.32770", "2018-09-30": "29.76780", "2018-06-30": "31.63890", "2018-03-31": "41.01560", "2017-12-31": "49.99190", "2017-09-30": "9.70540", "2017-06-30": "58.63350", "2017-03-31": "54.66560", "2016-12-31": "51.68860", "2016-09-30": "56.10850", "2016-06-30": "52.13930", "2016-03-31": "46.58050", "2015-12-31": "42.43360", "2015-09-30": "48.88980", "2015-06-30": "57.63020", "2015-03-31": "57.45330", "2014-12-31": "64.05260", "2014-09-30": "69.16870", "2014-06-30": "70.54090", "2014-03-31": "59.43820", "2013-12-31": "54.69750", "2013-09-30": "49.35550", "2013-06-30": "60.57670", "2013-03-31": "68.81110", "2012-12-31": "72.25760", "2012-09-30": "70.71120", "2012-06-30": "56.79900", "2012-03-31": "61.72180", "2011-12-31": "61.26080", "2011-09-30": "61.09220", "2011-06-30": "62.55640", "2011-03-31": "48.72170", "2010-12-31": "", "2010-09-30": "", "2010-06-30": "45.14970", "2010-03-31": "46.08600", "2009-12-31": "", "2009-09-30": "50.70930", "2009-06-30": "50.79800", "2009-03-31": "50.90090", "2008-12-31": "", "2008-09-30": "52.35910", "2008-06-30": "52.39260", "2008-03-31": "52.28190", "2007-12-31": "", "2007-09-30": "51.82430", "2007-06-30": "51.61910", "2007-03-31": "51.66820", "2006-12-31": "", "2006-09-30": "53.68450", "2006-06-30": "55.59210", "2006-03-31": "55.71520", "2005-12-31": "", "2005-09-30": "54.78530", "2005-06-30": "59.24600", "2005-03-31": "59.82590"}, "Operating Cash Flow Per Share": {"2020-09-30": 5.6461, "2020-06-30": 4.9125, "2020-03-31": 0.0306, "2019-12-31": "-4.12370", "2019-09-30": 8.9664, "2019-06-30": 1.3584, "2019-03-31": -4.4623, "2018-12-31": "-5.84080", "2018-09-30": 10.9979, "2018-06-30": 3.9974, "2018-03-31": -3.8519, "2017-12-31": "-1.86500", "2017-09-30": 18.9663, "2017-06-30": 3.7416, "2017-03-31": 0.8735, "2016-12-31": "2.51180", "2016-09-30": 16.6472, "2016-06-30": 12.4022, "2016-03-31": 2.2817, "2015-12-31": "-2.79050", "2015-09-30": 15.0483, "2015-06-30": 3.3701, "2015-03-31": -3.0082, "2014-12-31": "-5.49790", "2014-09-30": 21.0653, "2014-06-30": 9.3542, "2014-03-31": 0.3527, "2013-12-31": "-3.98240", "2013-09-30": 20.3132, "2013-06-30": 5.8214, "2013-03-31": 1.7334, "2012-12-31": "-4.71510", "2012-09-30": 18.495, "2012-06-30": 4.3777, "2012-03-31": 4.8684, "2011-12-31": "-0.13900", "2011-09-30": 8.0324, "2011-06-30": 3.9978, "2011-03-31": -5.9435, "2010-12-31": "", "2010-09-30": -1.1978, "2010-06-30": 1.3031, "2010-03-31": -3.875, "2009-12-31": "", "2009-09-30": -0.005, "2009-06-30": -0.2197, "2009-03-31": -0.2306, "2008-12-31": "", "2008-09-30": 0.1076, "2008-06-30": -0.1746, "2008-03-31": 0.1931, "2007-12-31": "", "2007-09-30": 0.3412, "2007-06-30": 0.3922, "2007-03-31": -0.2463, "2006-12-31": "", "2006-09-30": 0.3521, "2006-06-30": -0.0857, "2006-03-31": 0.5944, "2005-12-31": "", "2005-09-30": 0.4452, "2005-06-30": -0.9416, "2005-03-31": 0.8282}, "Free Cash Flow Per Share": {"2020-09-30": 5.344, "2020-06-30": 5.285, "2020-03-31": -0.267, "2019-12-31": "-4.51570", "2019-09-30": 8.6796, "2019-06-30": 1.0559, "2019-03-31": -4.7325, "2018-12-31": "-6.09180", "2018-09-30": -36.4583, "2018-06-30": 3.8849, "2018-03-31": -3.3376, "2017-12-31": "43.25150", "2017-09-30": 18.0394, "2017-06-30": 3.4149, "2017-03-31": 0.3864, "2016-12-31": "1.85500", "2016-09-30": 17.1584, "2016-06-30": 11.7659, "2016-03-31": 1.6593, "2015-12-31": "-3.33670", "2015-09-30": 13.6775, "2015-06-30": 3.238, "2015-03-31": -3.6763, "2014-12-31": "-6.11790", "2014-09-30": 20.632, "2014-06-30": 9.4232, "2014-03-31": -0.8701, "2013-12-31": "-4.91790", "2013-09-30": 17.6522, "2013-06-30": 5.1632, "2013-03-31": 0.9401, "2012-12-31": "-5.03990", "2012-09-30": 17.6177, "2012-06-30": 3.7103, "2012-03-31": 4.3777, "2011-12-31": "-0.47580", "2011-09-30": 7.7678, "2011-06-30": 3.2838, "2011-03-31": -6.4601, "2010-12-31": "", "2010-09-30": -0.4339, "2010-06-30": 1.0048, "2010-03-31": -4.3837, "2009-12-31": "", "2009-09-30": -0.005, "2009-06-30": -0.2332, "2009-03-31": -0.2306, "2008-12-31": "", "2008-09-30": 0.1076, "2008-06-30": -0.1746, "2008-03-31": 0.1931, "2007-12-31": "", "2007-09-30": 0.3412, "2007-06-30": 0.3922, "2007-03-31": -0.2463, "2006-12-31": "", "2006-09-30": 0.3521, "2006-06-30": -0.0857, "2006-03-31": 0.5944, "2005-12-31": "", "2005-09-30": -0.0899, "2005-06-30": -2.6163, "2005-03-31": -1.0137}}, "revenue": {"Spectrum Brands Holdings Annual Revenue (Millions of US $)": {"2020": "$3,964", "2019": "$3,802", "2018": "$3,809", "2017": "$3,707", "2016": "$3,038", "2015": "$4,754", "2014": "$4,635", "2013": "$5,543", "2012": "$4,481", "2011": "$3,478", "2010": "$2,567", "2009": "$2,231", "2008": "$", "2007": "$", "2006": "$", "2005": "$"}, "Spectrum Brands Holdings Quarterly Revenue (Millions of US $)": {"2020-09-30": "$1,171", "2020-06-30": "$984", "2020-03-31": "$938", "2019-12-31": "$872", "2019-09-30": "$993", "2019-06-30": "$1,022", "2019-03-31": "$907", "2018-12-31": "$880", "2018-09-30": "$977", "2018-06-30": "$1,029", "2018-03-31": "$883", "2017-12-31": "$920", "2017-09-30": "$1,484", "2017-06-30": "$863", "2017-03-31": "$757", "2016-12-31": "$602", "2016-09-30": "$-801", "2016-06-30": "$1,363", "2016-03-31": "$1,267", "2015-12-31": "$1,209", "2015-09-30": "$1,241", "2015-06-30": "$1,227", "2015-03-31": "$1,144", "2014-12-31": "$1,142", "2014-09-30": "$184", "2014-06-30": "$1,599", "2014-03-31": "$1,341", "2013-12-31": "$1,510", "2013-09-30": "$1,501", "2013-06-30": "$1,409", "2013-03-31": "$1,411", "2012-12-31": "$1,222", "2012-09-30": "$1,197", "2012-06-30": "$1,012", "2012-03-31": "$1,106", "2011-12-31": "$1,166", "2011-09-30": "$888", "2011-06-30": "$1,034", "2011-03-31": "$694", "2010-12-31": "", "2010-09-30": "", "2010-06-30": "$653", "2010-03-31": "$533", "2009-12-31": "", "2009-09-30": "", "2009-06-30": "", "2009-03-31": "", "2008-12-31": "", "2008-09-30": "", "2008-06-30": "", "2008-03-31": "", "2007-12-31": "", "2007-09-30": "", "2007-06-30": "", "2007-03-31": "", "2006-12-31": "", "2006-09-30": "", "2006-06-30": "", "2006-03-31": "", "2005-12-31": "", "2005-09-30": "$31", "2005-06-30": "$28", "2005-03-31": "$24"}}, "gross-profit": {"Spectrum Brands Holdings Annual Gross Profit (Millions of US $)": {"2020": "$1,370", "2019": "$1,307", "2018": "$1,334", "2017": "$1,336", "2016": "$1,247", "2015": "$1,703", "2014": "$1,759", "2013": "$2,804", "2012": "$2,344", "2011": "$1,420", "2010": "$921", "2009": "$816", "2008": "$", "2007": "$", "2006": "$", "2005": "$"}, "Spectrum Brands Holdings Quarterly Gross Profit (Millions of US $)": {"2020-09-30": "$423", "2020-06-30": "$349", "2020-03-31": "$329", "2019-12-31": "$269", "2019-09-30": "$335", "2019-06-30": "$361", "2019-03-31": "$306", "2018-12-31": "$306", "2018-09-30": "$347", "2018-06-30": "$363", "2018-03-31": "$306", "2017-12-31": "$318", "2017-09-30": "$464", "2017-06-30": "$320", "2017-03-31": "$312", "2016-12-31": "$240", "2016-09-30": "$-237", "2016-06-30": "$532", "2016-03-31": "$521", "2015-12-31": "$431", "2015-09-30": "$467", "2015-06-30": "$414", "2015-03-31": "$414", "2014-12-31": "$409", "2014-09-30": "$-544", "2014-06-30": "$867", "2014-03-31": "$662", "2013-12-31": "$775", "2013-09-30": "$742", "2013-06-30": "$684", "2013-03-31": "$737", "2012-12-31": "$640", "2012-09-30": "$644", "2012-06-30": "$479", "2012-03-31": "$619", "2011-12-31": "$601", "2011-09-30": "$342", "2011-06-30": "$523", "2011-03-31": "$255", "2010-12-31": "", "2010-09-30": "", "2010-06-30": "$253", "2010-03-31": "$210", "2009-12-31": "", "2009-09-30": "", "2009-06-30": "", "2009-03-31": "", "2008-12-31": "", "2008-09-30": "", "2008-06-30": "", "2008-03-31": "", "2007-12-31": "", "2007-09-30": "", "2007-06-30": "", "2007-03-31": "", "2006-12-31": "", "2006-09-30": "", "2006-06-30": "", "2006-03-31": "", "2005-12-31": "", "2005-09-30": "$7", "2005-06-30": "$4", "2005-03-31": "$3"}}, "operating-income": {"Spectrum Brands Holdings Annual Operating Income (Millions of US $)": {"2020": "$243", "2019": "$72", "2018": "$224", "2017": "$288", "2016": "$335", "2015": "$179", "2014": "$427", "2013": "$737", "2012": "$410", "2011": "$164", "2010": "$160", "2009": "$157", "2008": "$-3", "2007": "$-3", "2006": "$-5", "2005": "$-6"}, "Spectrum Brands Holdings Quarterly Operating Income (Millions of US $)": {"2020-09-30": "$127", "2020-06-30": "$95", "2020-03-31": "$68", "2019-12-31": "$-46", "2019-09-30": "$-87", "2019-06-30": "$93", "2019-03-31": "$42", "2018-12-31": "$25", "2018-09-30": "$35", "2018-06-30": "$107", "2018-03-31": "$31", "2017-12-31": "$51", "2017-09-30": "$50", "2017-06-30": "$101", "2017-03-31": "$95", "2016-12-31": "$41", "2016-09-30": "$-96", "2016-06-30": "$188", "2016-03-31": "$143", "2015-12-31": "$100", "2015-09-30": "$646", "2015-06-30": "$-75", "2015-03-31": "$-177", "2014-12-31": "$-215", "2014-09-30": "$3", "2014-06-30": "$229", "2014-03-31": "$16", "2013-12-31": "$179", "2013-09-30": "$205", "2013-06-30": "$183", "2013-03-31": "$134", "2012-12-31": "$215", "2012-09-30": "$120", "2012-06-30": "$82", "2012-03-31": "$96", "2011-12-31": "$112", "2011-09-30": "$-44", "2011-06-30": "$121", "2011-03-31": "$22", "2010-12-31": "", "2010-09-30": "$-8", "2010-06-30": "$59", "2010-03-31": "$46", "2009-12-31": "", "2009-09-30": "$-1", "2009-06-30": "$-1", "2009-03-31": "$-1", "2008-12-31": "", "2008-09-30": "$-1", "2008-06-30": "$-1", "2008-03-31": "$-1", "2007-12-31": "", "2007-09-30": "$-1", "2007-06-30": "$-1", "2007-03-31": "$-1", "2006-12-31": "", "2006-09-30": "$-1", "2006-06-30": "$-2", "2006-03-31": "$-2", "2005-12-31": "", "2005-09-30": "$31", "2005-06-30": "$-1", "2005-03-31": "$-1"}}, "ebitda": {"Spectrum Brands Holdings Annual EBITDA (Millions of US $)": {"2020": "$423", "2019": "$414", "2018": "$389", "2017": "$469", "2016": "$490", "2015": "$432", "2014": "$606", "2013": "$1,134", "2012": "$779", "2011": "$339", "2010": "$289", "2009": "$272", "2008": "$-3", "2007": "$-3", "2006": "$-5", "2005": "$-5"}, "Spectrum Brands Holdings Quarterly EBITDA (Millions of US $)": {"2020-09-30": "$189", "2020-06-30": "$130", "2020-03-31": "$106", "2019-12-31": "$-3", "2019-09-30": "$108", "2019-06-30": "$130", "2019-03-31": "$80", "2018-12-31": "$96", "2018-09-30": "$87", "2018-06-30": "$140", "2018-03-31": "$69", "2017-12-31": "$94", "2017-09-30": "$124", "2017-06-30": "$137", "2017-03-31": "$132", "2016-12-31": "$75", "2016-09-30": "$-103", "2016-06-30": "$251", "2016-03-31": "$191", "2015-12-31": "$150", "2015-09-30": "$663", "2015-06-30": "$-15", "2015-03-31": "$-119", "2014-12-31": "$-97", "2014-09-30": "$-19", "2014-06-30": "$296", "2014-03-31": "$86", "2013-12-31": "$244", "2013-09-30": "$281", "2013-06-30": "$306", "2013-03-31": "$218", "2012-12-31": "$330", "2012-09-30": "$226", "2012-06-30": "$158", "2012-03-31": "$189", "2011-12-31": "$206", "2011-09-30": "$-17", "2011-06-30": "$206", "2011-03-31": "$51", "2010-12-31": "", "2010-09-30": "$-95", "2010-06-30": "$94", "2010-03-31": "$46", "2009-12-31": "", "2009-09-30": "", "2009-06-30": "$-1", "2009-03-31": "$-1", "2008-12-31": "", "2008-09-30": "", "2008-06-30": "$-1", "2008-03-31": "$-1", "2007-12-31": "", "2007-09-30": "", "2007-06-30": "$-1", "2007-03-31": "$-1", "2006-12-31": "", "2006-09-30": "$0", "2006-06-30": "$-2", "2006-03-31": "$-2", "2005-12-31": "", "2005-09-30": "$35", "2005-06-30": "$3", "2005-03-31": "$-1"}}, "net-income": {"Spectrum Brands Holdings Annual Net Income (Millions of US $)": {"2020": "$98", "2019": "$495", "2018": "$768", "2017": "$106", "2016": "$-199", "2015": "$-557", "2014": "$-84", "2013": "$-94", "2012": "$30", "2011": "$22", "2010": "$-152", "2009": "$943", "2008": "$-0", "2007": "$3", "2006": "$-5", "2005": "$-9"}, "Spectrum Brands Holdings Quarterly Net Income (Millions of US $)": {"2020-09-30": "$46", "2020-06-30": "$145", "2020-03-31": "$-57", "2019-12-31": "$-36", "2019-09-30": "$-96", "2019-06-30": "$-26", "2019-03-31": "$729", "2018-12-31": "$-113", "2018-09-30": "$-116", "2018-06-30": "$406", "2018-03-31": "$-29", "2017-12-31": "$507", "2017-09-30": "$-26", "2017-06-30": "$2", "2017-03-31": "$-82", "2016-12-31": "$212", "2016-09-30": "$-7", "2016-06-30": "$-133", "2016-03-31": "$-25", "2015-12-31": "$-34", "2015-09-30": "$-143", "2015-06-30": "$-76", "2015-03-31": "$-228", "2014-12-31": "$-110", "2014-09-30": "$-6", "2014-06-30": "$49", "2014-03-31": "$-88", "2013-12-31": "$-39", "2013-09-30": "$-202", "2013-06-30": "$92", "2013-03-31": "$-46", "2012-12-31": "$62", "2012-09-30": "$159", "2012-06-30": "$-149", "2012-03-31": "$-4", "2011-12-31": "$24", "2011-09-30": "$-57", "2011-06-30": "$161", "2011-03-31": "$-62", "2010-12-31": "", "2010-09-30": "$-8", "2010-06-30": "$-52", "2010-03-31": "$-19", "2009-12-31": "", "2009-09-30": "$-8", "2009-06-30": "$-0", "2009-03-31": "$-1", "2008-12-31": "", "2008-09-30": "$-0", "2008-06-30": "$0", "2008-03-31": "$0", "2007-12-31": "", "2007-09-30": "$0", "2007-06-30": "$1", "2007-03-31": "$0", "2006-12-31": "", "2006-09-30": "$-6", "2006-06-30": "$-0", "2006-03-31": "$0", "2005-12-31": "", "2005-09-30": "$-9", "2005-06-30": "$0", "2005-03-31": "$0"}}, "eps-earnings-per-share-diluted": {"Spectrum Brands Holdings Annual EPS": {"2020": "$2.18", "2019": "$9.76", "2018": "$20.74", "2017": "$3.29", "2016": "$-6.21", "2015": "$-17.42", "2014": "$-3.16", "2013": "$-4.15", "2012": "$0.93", "2011": "$0.56", "2010": "$-7.13", "2009": "$32.33", "2008": "$0.00", "2007": "$0.81", "2006": "$-1.49", "2005": "$-2.98"}, "Spectrum Brands Holdings Quarterly EPS": {"2020-09-30": "$0.83", "2020-06-30": "$3.36", "2020-03-31": "$-1.26", "2019-12-31": "$-0.75", "2019-09-30": "$-1.67", "2019-06-30": "$-0.53", "2019-03-31": "$14.07", "2018-12-31": "$-2.11", "2018-09-30": "$-6.29", "2018-06-30": "$12.37", "2018-03-31": "$-0.89", "2017-12-31": "$15.55", "2017-09-30": "$-0.80", "2017-06-30": "$0.06", "2017-03-31": "$-2.54", "2016-12-31": "$6.57", "2016-09-30": "$-0.32", "2016-06-30": "$-4.09", "2016-03-31": "$-0.74", "2015-12-31": "$-1.05", "2015-09-30": "$-4.40", "2015-06-30": "$-2.36", "2015-03-31": "$-7.19", "2014-12-31": "$-3.47", "2014-09-30": "$0.74", "2014-06-30": "$1.74", "2014-03-31": "$-3.91", "2013-12-31": "$-1.74", "2013-09-30": "$-3.84", "2013-06-30": "$1.55", "2013-03-31": "$-2.05", "2012-12-31": "$0.19", "2012-09-30": "$7.38", "2012-06-30": "$-6.63", "2012-03-31": "$-0.19", "2011-12-31": "$0.37", "2011-09-30": "$-2.98", "2011-06-30": "$7.19", "2011-03-31": "$-2.79", "2010-12-31": "$0.00", "2010-09-30": "$-2.48", "2010-06-30": "$-2.42", "2010-03-31": "$-0.93", "2009-12-31": "$0.00", "2009-09-30": "$-2.73", "2009-06-30": "$-0.12", "2009-03-31": "$-0.25", "2008-12-31": "$0.00", "2008-09-30": "$-0.06", "2008-06-30": "$0.12", "2008-03-31": "$0.12", "2007-12-31": "$0.00", "2007-09-30": "$0.19", "2007-06-30": "$0.25", "2007-03-31": "$0.12", "2006-12-31": "$0.00", "2006-09-30": "$-1.86", "2006-06-30": "$-0.12", "2006-03-31": "$0.19", "2005-12-31": "$0.00", "2005-09-30": "$-2.98", "2005-06-30": "$0.12", "2005-03-31": "$0.00"}}, "shares-outstanding": {"Spectrum Brands Holdings Annual Shares Outstanding (Millions of Shares)": {"2020": "45", "2019": "51", "2018": "37", "2017": "32", "2016": "32", "2015": "32", "2014": "26", "2013": "23", "2012": "23", "2011": "26", "2010": "21", "2009": "29", "2008": "3", "2007": "3", "2006": "3", "2005": "3"}, "Spectrum Brands Holdings Quarterly Shares Outstanding (Millions of Shares)": {"2020-09-30": "45", "2020-06-30": "43", "2020-03-31": "45", "2019-12-31": "48", "2019-09-30": "51", "2019-06-30": "49", "2019-03-31": "52", "2018-12-31": "53", "2018-09-30": "37", "2018-06-30": "33", "2018-03-31": "33", "2017-12-31": "33", "2017-09-30": "32", "2017-06-30": "32", "2017-03-31": "32", "2016-12-31": "32", "2016-09-30": "32", "2016-06-30": "33", "2016-03-31": "32", "2015-12-31": "32", "2015-09-30": "32", "2015-06-30": "32", "2015-03-31": "32", "2014-12-31": "32", "2014-09-30": "26", "2014-06-30": "29", "2014-03-31": "23", "2013-12-31": "22", "2013-09-30": "23", "2013-06-30": "33", "2013-03-31": "23", "2012-12-31": "33", "2012-09-30": "23", "2012-06-30": "22", "2012-03-31": "22", "2011-12-31": "32", "2011-09-30": "26", "2011-06-30": "22", "2011-03-31": "22", "2010-12-31": "", "2010-09-30": "3", "2010-06-30": "21", "2010-03-31": "21", "2009-12-31": "", "2009-09-30": "3", "2009-06-30": "3", "2009-03-31": "3", "2008-12-31": "", "2008-09-30": "3", "2008-06-30": "3", "2008-03-31": "3", "2007-12-31": "", "2007-09-30": "3", "2007-06-30": "3", "2007-03-31": "3", "2006-12-31": "", "2006-09-30": "3", "2006-06-30": "3", "2006-03-31": "3", "2005-12-31": "", "2005-09-30": "3", "2005-06-30": "3", "2005-03-31": "3"}}, "total-assets": {"Spectrum Brands Holdings Annual Total Assets (Millions of US $)": {"2020": "$5,107", "2019": "$5,246", "2018": "$7,799", "2017": "$35,850", "2016": "$33,580", "2015": "$35,032", "2014": "$30,100", "2013": "$27,909", "2012": "$25,200", "2011": "$23,591", "2010": "$4,016", "2009": "$0", "2008": "$164", "2007": "$165", "2006": "$164", "2005": "$305"}, "Spectrum Brands Holdings Quarterly Total Assets (Millions of US $)": {"2020-09-30": "$5,107", "2020-06-30": "$5,103", "2020-03-31": "$5,195", "2019-12-31": "$5,043", "2019-09-30": "$5,246", "2019-06-30": "$5,288", "2019-03-31": "$5,487", "2018-12-31": "$7,552", "2018-09-30": "$7,799", "2018-06-30": "$8,513", "2018-03-31": "$8,240", "2017-12-31": "$9,080", "2017-09-30": "$35,850", "2017-06-30": "$35,496", "2017-03-31": "$36,697", "2016-12-31": "$35,663", "2016-09-30": "$33,580", "2016-06-30": "$35,811", "2016-03-31": "$35,455", "2015-12-31": "$35,033", "2015-09-30": "$35,032", "2015-06-30": "$32,970", "2015-03-31": "$31,455", "2014-12-31": "$31,207", "2014-09-30": "$30,100", "2014-06-30": "$29,885", "2014-03-31": "$29,323", "2013-12-31": "$28,764", "2013-09-30": "$27,909", "2013-06-30": "$27,365", "2013-03-31": "$27,717", "2012-12-31": "$26,859", "2012-09-30": "$25,200", "2012-06-30": "$24,581", "2012-03-31": "$24,535", "2011-12-31": "$24,011", "2011-09-30": "$23,591", "2011-06-30": "$23,920", "2011-03-31": "$4,278", "2010-12-31": "$0", "2010-09-30": "$0", "2010-06-30": "$147", "2010-03-31": "$150", "2009-12-31": "$0", "2009-09-30": "$163", "2009-06-30": "$163", "2009-03-31": "$164", "2008-12-31": "$0", "2008-09-30": "$166", "2008-06-30": "$166", "2008-03-31": "$166", "2007-12-31": "$0", "2007-09-30": "$165", "2007-06-30": "$164", "2007-03-31": "$163", "2006-12-31": "$0", "2006-09-30": "$299", "2006-06-30": "$304", "2006-03-31": "$294", "2005-12-31": "$0", "2005-09-30": "$341", "2005-06-30": "$359", "2005-03-31": "$360"}}, "cash-on-hand": {"Spectrum Brands Holdings Annual Cash on Hand (Millions of US $)": {"2020": "$532", "2019": "$627", "2018": "$553", "2017": "$270", "2016": "$465", "2015": "$661", "2014": "$1,319", "2013": "$1,900", "2012": "$1,471", "2011": "$672", "2010": "$311", "2009": "$", "2008": "$155", "2007": "$154", "2006": "$152", "2005": "$77"}, "Spectrum Brands Holdings Quarterly Cash on Hand (Millions of US $)": {"2020-09-30": "$532", "2020-06-30": "$466", "2020-03-31": "$458", "2019-12-31": "$142", "2019-09-30": "$627", "2019-06-30": "$161", "2019-03-31": "$176", "2018-12-31": "$252", "2018-09-30": "$553", "2018-06-30": "$815", "2018-03-31": "$759", "2017-12-31": "$1,648", "2017-09-30": "$270", "2017-06-30": "$266", "2017-03-31": "$320", "2016-12-31": "$349", "2016-09-30": "$465", "2016-06-30": "$538", "2016-03-31": "$605", "2015-12-31": "$732", "2015-09-30": "$661", "2015-06-30": "$1,293", "2015-03-31": "$1,280", "2014-12-31": "$1,311", "2014-09-30": "$1,319", "2014-06-30": "$1,456", "2014-03-31": "$1,320", "2013-12-31": "$1,294", "2013-09-30": "$1,900", "2013-06-30": "$1,244", "2013-03-31": "$1,475", "2012-12-31": "$1,104", "2012-09-30": "$1,471", "2012-06-30": "$467", "2012-03-31": "$522", "2011-12-31": "$654", "2011-09-30": "$672", "2011-06-30": "$589", "2011-03-31": "$537", "2010-12-31": "", "2010-09-30": "", "2010-06-30": "$141", "2010-03-31": "$141", "2009-12-31": "", "2009-09-30": "$145", "2009-06-30": "$149", "2009-03-31": "$154", "2008-12-31": "", "2008-09-30": "$155", "2008-06-30": "$154", "2008-03-31": "$155", "2007-12-31": "", "2007-09-30": "$146", "2007-06-30": "$153", "2007-03-31": "$151", "2006-12-31": "", "2006-09-30": "$90", "2006-06-30": "$88", "2006-03-31": "$100", "2005-12-31": "", "2005-09-30": "$38", "2005-06-30": "$48", "2005-03-31": "$65"}}, "long-term-debt": {"Spectrum Brands Holdings Annual Long Term Debt (Millions of US $)": {"2020": "$2,461", "2019": "$2,214", "2018": "$4,624", "2017": "$5,544", "2016": "$", "2015": "$", "2014": "$5,158", "2013": "$4,896", "2012": "$2,167", "2011": "$2,128", "2010": "$1,723", "2009": "$", "2008": "$", "2007": "$", "2006": "$", "2005": "$"}, "Spectrum Brands Holdings Quarterly Long Term Debt (Millions of US $)": {"2020-09-30": "$2,461", "2020-06-30": "$2,677", "2020-03-31": "$2,999", "2019-12-31": "$2,324", "2019-09-30": "$2,214", "2019-06-30": "$2,275", "2019-03-31": "$2,342", "2018-12-31": "$2,589", "2018-09-30": "$4,624", "2018-06-30": "$5,189", "2018-03-31": "$5,248", "2017-12-31": "$4,888", "2017-09-30": "$5,544", "2017-06-30": "$6,033", "2017-03-31": "", "2016-12-31": "", "2016-09-30": "", "2016-06-30": "", "2016-03-31": "", "2015-12-31": "", "2015-09-30": "", "2015-06-30": "$6,833", "2015-03-31": "$5,624", "2014-12-31": "$5,666", "2014-09-30": "$5,158", "2014-06-30": "$5,303", "2014-03-31": "$5,396", "2013-12-31": "$5,166", "2013-09-30": "$4,896", "2013-06-30": "$4,554", "2013-03-31": "$4,597", "2012-12-31": "$3,918", "2012-09-30": "$2,167", "2012-06-30": "$2,296", "2012-03-31": "$2,346", "2011-12-31": "$2,253", "2011-09-30": "$2,128", "2011-06-30": "$2,314", "2011-03-31": "$2,139", "2010-12-31": "", "2010-09-30": "", "2010-06-30": "", "2010-03-31": "", "2009-12-31": "", "2009-09-30": "", "2009-06-30": "", "2009-03-31": "", "2008-12-31": "", "2008-09-30": "", "2008-06-30": "", "2008-03-31": "", "2007-12-31": "", "2007-09-30": "", "2007-06-30": "", "2007-03-31": "", "2006-12-31": "", "2006-09-30": "$26", "2006-06-30": "$26", "2006-03-31": "$27", "2005-12-31": "", "2005-09-30": "$15", "2005-06-30": "$18", "2005-03-31": "$22"}}, "total-liabilities": {"Spectrum Brands Holdings Annual Total Liabilities (Millions of US $)": {"2020": "$3,692", "2019": "$3,517", "2018": "$6,209", "2017": "$33,903", "2016": "$31,763", "2015": "$33,443", "2014": "$27,843", "2013": "$26,775", "2012": "$23,602", "2011": "$22,218", "2010": "$2,838", "2009": "$", "2008": "$5", "2007": "$3", "2006": "$4", "2005": "$133"}, "Spectrum Brands Holdings Quarterly Total Liabilities (Millions of US $)": {"2020-09-30": "$3,692", "2020-06-30": "$3,717", "2020-03-31": "$3,973", "2019-12-31": "$3,570", "2019-09-30": "$3,517", "2019-06-30": "$3,404", "2019-03-31": "$3,558", "2018-12-31": "$6,146", "2018-09-30": "$6,209", "2018-06-30": "$6,823", "2018-03-31": "$6,897", "2017-12-31": "$7,452", "2017-09-30": "$33,903", "2017-06-30": "$33,599", "2017-03-31": "$34,929", "2016-12-31": "$33,993", "2016-09-30": "$31,763", "2016-06-30": "$34,122", "2016-03-31": "$33,947", "2015-12-31": "$33,660", "2015-09-30": "$33,443", "2015-06-30": "$31,098", "2015-03-31": "$29,591", "2014-12-31": "$29,125", "2014-09-30": "$27,843", "2014-06-30": "$27,535", "2014-03-31": "$27,899", "2013-12-31": "$27,482", "2013-09-30": "$26,775", "2013-06-30": "$25,958", "2013-03-31": "$26,118", "2012-12-31": "$25,190", "2012-09-30": "$23,602", "2012-06-30": "$23,297", "2012-03-31": "$23,140", "2011-12-31": "$22,633", "2011-09-30": "$22,218", "2011-06-30": "$22,514", "2011-03-31": "$3,184", "2010-12-31": "", "2010-09-30": "", "2010-06-30": "$7", "2010-03-31": "$7", "2009-12-31": "", "2009-09-30": "$6", "2009-06-30": "$5", "2009-03-31": "$5", "2008-12-31": "", "2008-09-30": "$3", "2008-06-30": "$3", "2008-03-31": "$3", "2007-12-31": "", "2007-09-30": "$4", "2007-06-30": "$4", "2007-03-31": "$4", "2006-12-31": "", "2006-09-30": "$133", "2006-06-30": "$132", "2006-03-31": "$122", "2005-12-31": "", "2005-09-30": "$172", "2005-06-30": "$176", "2005-03-31": "$176"}}, "total-share-holder-equity": {"Spectrum Brands Holdings Annual Share Holder Equity (Millions of US $)": {"2020": "$1,416", "2019": "$1,729", "2018": "$1,590", "2017": "$1,947", "2016": "$1,817", "2015": "$1,588", "2014": "$2,257", "2013": "$1,134", "2012": "$1,599", "2011": "$1,373", "2010": "$1,178", "2009": "$", "2008": "$159", "2007": "$162", "2006": "$159", "2005": "$172"}, "Spectrum Brands Holdings Quarterly Share Holder Equity (Millions of US $)": {"2020-09-30": "$1,416", "2020-06-30": "$1,386", "2020-03-31": "$1,222", "2019-12-31": "$1,473", "2019-09-30": "$1,729", "2019-06-30": "$1,884", "2019-03-31": "$1,929", "2018-12-31": "$1,406", "2018-09-30": "$1,590", "2018-06-30": "$1,690", "2018-03-31": "$1,344", "2017-12-31": "$1,628", "2017-09-30": "$1,947", "2017-06-30": "$1,897", "2017-03-31": "$1,768", "2016-12-31": "$1,669", "2016-09-30": "$1,817", "2016-06-30": "$1,689", "2016-03-31": "$1,508", "2015-12-31": "$1,373", "2015-09-30": "$1,588", "2015-06-30": "$1,872", "2015-03-31": "$1,864", "2014-12-31": "$2,082", "2014-09-30": "$2,257", "2014-06-30": "$2,351", "2014-03-31": "$1,423", "2013-12-31": "$1,282", "2013-09-30": "$1,134", "2013-06-30": "$1,407", "2013-03-31": "$1,599", "2012-12-31": "$1,668", "2012-09-30": "$1,599", "2012-06-30": "$1,284", "2012-03-31": "$1,395", "2011-12-31": "$1,378", "2011-09-30": "$1,373", "2011-06-30": "$1,405", "2011-03-31": "$1,094", "2010-12-31": "", "2010-09-30": "", "2010-06-30": "$140", "2010-03-31": "$143", "2009-12-31": "", "2009-09-30": "$158", "2009-06-30": "$158", "2009-03-31": "$158", "2008-12-31": "", "2008-09-30": "$163", "2008-06-30": "$163", "2008-03-31": "$163", "2007-12-31": "", "2007-09-30": "$161", "2007-06-30": "$160", "2007-03-31": "$160", "2006-12-31": "", "2006-09-30": "$166", "2006-06-30": "$172", "2006-03-31": "$172", "2005-12-31": "", "2005-09-30": "$169", "2005-06-30": "$183", "2005-03-31": "$185"}}, "profit-margins": {"current": "2.46%"}, "gross margin": {"2020-09-30": "34.55%", "2020-06-30": "33.85%", "2020-03-31": "33.83%", "2019-12-31": "33.50%", "2019-09-30": "34.40%", "2019-06-30": "34.87%", "2019-03-31": "34.85%", "2018-12-31": "35.08%", "2018-09-30": "35.02%", "2018-06-30": "33.62%", "2018-03-31": "33.93%", "2017-12-31": "35.14%", "2017-09-30": "36.05%", "2017-06-30": "44.69%", "2017-03-31": "44.09%", "2016-12-31": "43.44%", "2016-09-30": "41.05%", "2016-06-30": "38.41%", "2016-03-31": "37.08%", "2015-12-31": "35.80%", "2015-09-30": "35.84%", "2015-06-30": "18.74%", "2015-03-31": "28.16%", "2014-12-31": "32.68%", "2014-09-30": "37.98%", "2014-06-30": "51.18%", "2014-03-31": "49.70%", "2013-12-31": "50.39%", "2013-09-30": "50.57%", "2013-06-30": "51.63%", "2013-03-31": "51.63%", "2012-12-31": "52.50%", "2012-09-30": "52.29%", "2012-06-30": "48.92%", "2012-03-31": "49.71%", "2011-12-31": "45.51%", "2011-03-31": "37.71%"}, "operating margin": {"2020-09-30": "6.15%", "2020-06-30": "0.79%", "2020-03-31": "0.73%", "2019-12-31": "0.05%", "2019-09-30": "1.92%", "2019-06-30": "5.15%", "2019-03-31": "5.51%", "2018-12-31": "5.25%", "2018-09-30": "5.88%", "2018-06-30": "5.54%", "2018-03-31": "5.61%", "2017-12-31": "7.38%", "2017-09-30": "7.74%", "2017-06-30": "9.99%", "2017-03-31": "11.92%", "2016-12-31": "11.39%", "2016-09-30": "11.06%", "2016-06-30": "21.20%", "2016-03-31": "16.46%", "2015-12-31": "10.25%", "2015-09-30": "3.77%", "2015-06-30": "-12.55%", "2015-03-31": "-3.93%", "2014-12-31": "0.77%", "2014-09-30": "9.21%", "2014-06-30": "10.57%", "2014-03-31": "10.12%", "2013-12-31": "12.02%", "2013-09-30": "13.30%", "2013-06-30": "12.45%", "2013-03-31": "11.38%", "2012-12-31": "11.31%", "2012-09-30": "9.15%", "2012-06-30": "5.90%", "2012-03-31": "6.80%", "2011-12-31": "5.58%", "2011-03-31": "5.42%"}, "ebitda margin": {"2020-09-30": "10.64%", "2020-06-30": "9.00%", "2020-03-31": "8.92%", "2019-12-31": "8.30%", "2019-09-30": "10.89%", "2019-06-30": "10.38%", "2019-03-31": "10.62%", "2018-12-31": "10.40%", "2018-09-30": "10.24%", "2018-06-30": "9.89%", "2018-03-31": "10.22%", "2017-12-31": "12.10%", "2017-09-30": "12.63%", "2017-06-30": "16.96%", "2017-03-31": "18.48%", "2016-12-31": "17.03%", "2016-09-30": "16.10%", "2016-06-30": "24.70%", "2016-03-31": "20.00%", "2015-12-31": "14.08%", "2015-09-30": "9.09%", "2015-06-30": "-6.76%", "2015-03-31": "1.50%", "2014-12-31": "6.24%", "2014-09-30": "13.10%", "2014-06-30": "15.22%", "2014-03-31": "15.90%", "2013-12-31": "17.97%", "2013-09-30": "20.46%", "2013-06-30": "20.61%", "2013-03-31": "19.25%", "2012-12-31": "19.90%", "2012-09-30": "17.38%", "2012-06-30": "12.85%", "2012-03-31": "13.92%", "2011-12-31": "11.79%", "2011-03-31": "3.71%"}, "pre tax profit margin": {"2020-09-30": "3.91%", "2020-06-30": "-0.74%", "2020-03-31": "-5.20%", "2019-12-31": "-5.22%", "2019-09-30": "-5.10%", "2019-06-30": "-2.93%", "2019-03-31": "-2.27%", "2018-12-31": "-1.19%", "2018-09-30": "-0.92%", "2018-06-30": "-1.04%", "2018-03-31": "-1.61%", "2017-12-31": "-0.37%", "2017-09-30": "-0.76%", "2017-06-30": "-9.15%", "2017-03-31": "-3.28%", "2016-12-31": "-1.28%", "2016-09-30": "0.30%", "2016-06-30": "9.96%", "2016-03-31": "4.73%", "2015-12-31": "-1.20%", "2015-09-30": "-3.77%", "2015-06-30": "-16.28%", "2015-03-31": "-5.53%", "2014-12-31": "-1.17%", "2014-09-30": "2.24%", "2014-06-30": "-0.37%", "2014-03-31": "-1.06%", "2013-12-31": "0.41%", "2013-09-30": "2.16%", "2013-06-30": "6.59%", "2013-03-31": "1.51%", "2012-12-31": "1.63%", "2012-09-30": "0.58%", "2012-06-30": "-3.26%", "2012-03-31": "5.10%", "2011-12-31": "3.62%", "2011-03-31": "-10.54%"}, "net profit margin": {"2020-09-30": "2.47%", "2020-06-30": "-1.16%", "2020-03-31": "-5.62%", "2019-12-31": "15.05%", "2019-09-30": "12.99%", "2019-06-30": "12.52%", "2019-03-31": "23.89%", "2018-12-31": "3.93%", "2018-09-30": "20.16%", "2018-06-30": "19.88%", "2018-03-31": "10.94%", "2017-12-31": "9.97%", "2017-09-30": "2.86%", "2017-06-30": "8.80%", "2017-03-31": "-0.52%", "2016-12-31": "1.93%", "2016-09-30": "-6.55%", "2016-06-30": "-6.59%", "2016-03-31": "-5.62%", "2015-12-31": "-9.98%", "2015-09-30": "-11.72%", "2015-06-30": "-11.36%", "2015-03-31": "-7.25%", "2014-12-31": "-3.63%", "2014-09-30": "-1.81%", "2014-06-30": "-4.71%", "2014-03-31": "-4.11%", "2013-12-31": "-3.34%", "2013-09-30": "-1.70%", "2013-06-30": "5.10%", "2013-03-31": "0.54%", "2012-12-31": "1.50%", "2012-09-30": "0.67%", "2012-06-30": "-4.46%", "2012-03-31": "2.96%", "2011-12-31": "1.75%", "2011-03-31": "-9.06%"}, "pe ratio": {"current": "13.52", "2021-02-05": "34.49", "2020-09-30": "23.66", "2020-06-30": "0.00", "2020-03-31": "0.00", "2019-12-31": "6.06", "2019-09-30": "5.69", "2019-06-30": "5.63", "2019-03-31": "2.45", "2018-12-31": "6.65", "2018-09-30": "2.95", "2018-06-30": "3.00", "2018-03-31": "6.93", "2017-12-31": "7.95", "2017-09-30": "27.36", "2017-06-30": "26.54", "2017-03-31": "0.00", "2016-12-31": "80.31", "2016-09-30": "0.00", "2016-06-30": "0.00", "2016-03-31": "0.00", "2015-12-31": "0.00", "2015-09-30": "0.00", "2015-06-30": "0.00", "2015-03-31": "0.00", "2014-12-31": "0.00", "2014-09-30": "0.00", "2014-06-30": "0.00", "2014-03-31": "0.00", "2013-12-31": "0.00", "2013-09-30": "0.00", "2013-06-30": "7.53", "2013-03-31": "0.00", "2012-12-31": "0.00", "2012-09-30": "0.00", "2012-06-30": "0.00", "2012-03-31": "16.04", "2011-12-31": "0.00", "2011-09-30": "0.00", "2011-06-30": "31.53", "2011-03-31": "0.00", "2010-12-31": "0.00", "2010-09-30": "0.00", "2010-06-30": "0.00", "2010-03-31": "0.00", "2009-12-31": "0.00", "2009-09-30": "0.00", "2009-06-30": "0.00", "2009-03-31": "0.00", "2008-12-31": "186.71", "2008-09-30": "209.93", "2008-06-30": "92.76", "2008-03-31": "71.84", "2007-12-31": "75.55", "2007-09-30": "74.31", "2007-06-30": "0.00", "2007-03-31": "0.00", "2006-12-31": "0.00"}, "price sales": {"2021-02-05": "0.94", "2020-09-30": "0.65", "2020-06-30": "0.56", "2020-03-31": "0.45", "2019-12-31": "0.82", "2019-09-30": "0.68", "2019-06-30": "0.63", "2019-03-31": "0.57", "2018-12-31": "0.39", "2018-09-30": "0.62", "2018-06-30": "0.57", "2018-03-31": "0.74", "2017-12-31": "0.78", "2017-09-30": "0.78", "2017-06-30": "2.32", "2017-03-31": "1.88", "2016-12-31": "1.20", "2016-09-30": "0.96", "2016-06-30": "0.50", "2016-03-31": "0.52", "2015-12-31": "0.52", "2015-09-30": "0.45", "2015-06-30": "0.64", "2015-03-31": "0.53", "2014-12-31": "0.52", "2014-09-30": "0.40", "2014-06-30": "0.29", "2014-03-31": "0.30", "2013-12-31": "0.29", "2013-09-30": "0.29", "2013-06-30": "0.22", "2013-03-31": "0.24", "2012-12-31": "0.24", "2012-09-30": "0.26", "2012-06-30": "0.27", "2012-03-31": "0.18", "2011-12-31": "0.16", "2011-09-30": "0.26", "2011-06-30": "0.46", "2011-03-31": "0.49", "2010-12-31": "0.63", "2010-09-30": "0.57", "2010-06-30": "0.64", "2010-03-31": "1.53", "2009-12-31": "0.00", "2009-09-30": "0.00", "2009-06-30": "0.00", "2009-03-31": "0.00", "2008-12-31": "0.00", "2008-09-30": "0.00", "2008-06-30": "0.00", "2008-03-31": "0.00", "2007-12-31": "0.00", "2007-09-30": "0.00", "2007-06-30": "0.00", "2007-03-31": "0.00", "2006-12-31": "0.00"}, "price book": {"current": "2.52", "2021-02-05": "2.52", "2020-09-30": "1.73", "2020-06-30": "1.41", "2020-03-31": "1.25", "2019-12-31": "1.95", "2019-09-30": "1.43", "2019-06-30": "1.33", "2019-03-31": "1.31", "2018-12-31": "1.51", "2018-09-30": "2.34", "2018-06-30": "2.38", "2018-03-31": "2.32", "2017-12-31": "1.95", "2017-09-30": "9.26", "2017-06-30": "1.74", "2017-03-31": "2.04", "2016-12-31": "1.73", "2016-09-30": "1.61", "2016-06-30": "1.52", "2016-03-31": "1.72", "2015-12-31": "1.84", "2015-09-30": "1.38", "2015-06-30": "1.30", "2015-03-31": "1.25", "2014-12-31": "1.27", "2014-09-30": "1.09", "2014-06-30": "1.04", "2014-03-31": "1.19", "2013-12-31": "1.25", "2013-09-30": "1.21", "2013-06-30": "0.72", "2013-03-31": "0.69", "2012-12-31": "0.61", "2012-09-30": "0.69", "2012-06-30": "0.79", "2012-03-31": "0.48", "2011-12-31": "0.38", "2011-09-30": "0.48", "2011-06-30": "0.56", "2011-03-31": "0.62", "2010-12-31": "0.00", "2010-09-30": "0.00", "2010-06-30": "0.80", "2010-03-31": "0.85", "2009-12-31": "0.00", "2009-09-30": "0.79", "2009-06-30": "0.77", "2009-03-31": "0.67", "2008-12-31": "0.00", "2008-09-30": "0.75", "2008-06-30": "0.77", "2008-03-31": "0.77", "2007-12-31": "0.00", "2007-09-30": "0.80", "2007-06-30": "0.75", "2007-03-31": "0.79", "2006-12-31": "0.00", "2006-09-30": "0.72", "2006-06-30": "0.72", "2006-03-31": "0.63"}, "price fcf": {"2021-02-05": "", "2020-09-30": "$5.85", "2020-06-30": "$9.18", "2020-03-31": "$4.95", "2019-12-31": "$0.49", "2019-09-30": "$-1.09", "2019-06-30": "$-46.23", "2019-03-31": "$-43.40", "2018-12-31": "$-42.00", "2018-09-30": "$7.34", "2018-06-30": "$61.84", "2018-03-31": "$61.37", "2017-12-31": "$65.09", "2017-09-30": "$23.70", "2017-06-30": "$22.81", "2017-03-31": "$31.17", "2016-12-31": "$32.44", "2016-09-30": "$27.25", "2016-06-30": "$23.77", "2016-03-31": "$15.24", "2015-12-31": "$9.90", "2015-09-30": "$7.12", "2015-06-30": "$14.08", "2015-03-31": "$20.26", "2014-12-31": "$23.07", "2014-09-30": "$24.27", "2014-06-30": "$21.29", "2014-03-31": "$17.03", "2013-12-31": "$18.84", "2013-09-30": "$18.72", "2013-06-30": "$18.68", "2013-03-31": "$17.23", "2012-12-31": "$20.67", "2012-09-30": "$25.23", "2012-06-30": "$15.38", "2012-03-31": "$14.95", "2011-12-31": "$4.12", "2011-09-30": "$4.59", "2011-06-30": "$-3.61", "2011-03-31": "$-5.89", "2010-12-31": "$-3.81", "2010-09-30": "$-3.81", "2010-06-30": "$-3.38", "2010-03-31": "$-4.62", "2009-12-31": "$-0.47", "2009-09-30": "$-0.47", "2009-06-30": "$-0.36", "2009-03-31": "$-0.30", "2008-12-31": "$0.13", "2008-09-30": "$0.13", "2008-06-30": "$0.36", "2008-03-31": "$0.93", "2007-12-31": "$0.49", "2007-09-30": "$0.49", "2007-06-30": "$0.50", "2007-03-31": "$0.02", "2006-12-31": "$0.86"}, "net worth": {"value": "$3.53B"}, "current ratio": {"2020-09-30": "1.83", "2020-06-30": "2.08", "2020-03-31": "2.39", "2019-12-31": "1.42", "2019-09-30": "1.46", "2019-06-30": "1.54", "2019-03-31": "1.60", "2018-12-31": "1.12", "2018-09-30": "2.78", "2018-06-30": "3.14", "2018-03-31": "3.11", "2017-12-31": "2.19", "2017-09-30": "1.09", "2017-06-30": "1.88", "2017-03-31": "0.41", "2016-12-31": "0.41", "2016-09-30": "0.27", "2016-06-30": "0.43", "2016-03-31": "0.44", "2015-12-31": "0.44", "2015-09-30": "0.44", "2015-06-30": "3.18", "2015-03-31": "3.18", "2014-12-31": "2.98", "2014-09-30": "2.46", "2014-06-30": "3.19", "2014-03-31": "3.29", "2013-12-31": "2.94", "2013-09-30": "3.10", "2013-06-30": "3.04", "2013-03-31": "3.49", "2012-12-31": "3.19", "2012-09-30": "3.10", "2012-06-30": "2.88", "2012-03-31": "2.81", "2011-12-31": "2.78", "2011-09-30": "2.48", "2011-06-30": "2.70", "2011-03-31": "2.76", "2010-12-31": "0.00", "2010-09-30": "0.00", "2010-06-30": "60.37", "2010-03-31": "56.99", "2009-12-31": "0.00", "2009-09-30": "93.03", "2009-06-30": "134.63", "2009-03-31": "129.49", "2008-12-31": "0.00", "2008-09-30": "137.91", "2008-06-30": "138.48", "2008-03-31": "131.11", "2007-12-31": "0.00", "2007-09-30": "108.89", "2007-06-30": "110.34", "2007-03-31": "112.58", "2006-12-31": "0.00", "2006-09-30": "5.29", "2006-06-30": "5.92", "2006-03-31": "8.67", "2005-12-31": "0.00", "2005-09-30": "3.55", "2005-06-30": "3.53", "2005-03-31": "3.76"}, "quick ratio": {"2020-09-30": "1.24", "2020-06-30": "1.36", "2020-03-31": "1.53", "2019-12-31": "0.80", "2019-09-30": "0.98", "2019-06-30": "0.84", "2019-03-31": "0.82", "2018-12-31": "0.91", "2018-09-30": "2.37", "2018-06-30": "2.68", "2018-03-31": "2.61", "2017-12-31": "1.91", "2017-09-30": "1.07", "2017-06-30": "0.98", "2017-03-31": "0.31", "2016-12-31": "0.31", "2016-09-30": "0.15", "2016-06-30": "0.33", "2016-03-31": "0.33", "2015-12-31": "0.34", "2015-09-30": "0.36", "2015-06-30": "2.21", "2015-03-31": "2.24", "2014-12-31": "2.19", "2014-09-30": "1.84", "2014-06-30": "2.36", "2014-03-31": "2.41", "2013-12-31": "2.18", "2013-09-30": "2.48", "2013-06-30": "2.20", "2013-03-31": "2.60", "2012-12-31": "2.27", "2012-09-30": "2.50", "2012-06-30": "1.84", "2012-03-31": "1.86", "2011-12-31": "1.95", "2011-09-30": "1.83", "2011-06-30": "1.80", "2011-03-31": "1.79", "2010-12-31": "0.00", "2010-09-30": "0.00", "2010-06-30": "0.00", "2010-03-31": "0.00", "2009-12-31": "0.00", "2009-09-30": "0.00", "2009-06-30": "0.00", "2009-03-31": "0.00", "2008-12-31": "0.00", "2008-09-30": "0.00", "2008-06-30": "0.00", "2008-03-31": "0.00", "2007-12-31": "0.00", "2007-09-30": "0.00", "2007-06-30": "0.00", "2007-03-31": "0.00", "2006-12-31": "0.00", "2006-09-30": "3.48", "2006-06-30": "3.98", "2006-03-31": "6.23", "2005-12-31": "0.00", "2005-09-30": "2.63", "2005-06-30": "2.04", "2005-03-31": "2.44"}, "debt equity ratio": {"current": "1.74", "2020-09-30": "2.61", "2020-06-30": "2.68", "2020-03-31": "3.25", "2019-12-31": "2.42", "2019-09-30": "2.03", "2019-06-30": "1.81", "2019-03-31": "1.85", "2018-12-31": "4.37", "2018-09-30": "3.91", "2018-06-30": "4.04", "2018-03-31": "5.13", "2017-12-31": "4.58", "2017-09-30": "17.41", "2017-06-30": "17.71", "2017-03-31": "19.75", "2016-12-31": "20.36", "2016-09-30": "17.48", "2016-06-30": "20.21", "2016-03-31": "22.51", "2015-12-31": "24.52", "2015-09-30": "21.06", "2015-06-30": "16.61", "2015-03-31": "15.87", "2014-12-31": "13.99", "2014-09-30": "12.34", "2014-06-30": "11.71", "2014-03-31": "19.60", "2013-12-31": "21.44", "2013-09-30": "23.62", "2013-06-30": "18.45", "2013-03-31": "16.34", "2012-12-31": "15.10", "2012-09-30": "14.76", "2012-06-30": "18.14", "2012-03-31": "16.59", "2011-12-31": "16.43", "2011-09-30": "16.18", "2011-06-30": "16.02", "2011-03-31": "2.91", "2010-12-31": "0.00", "2010-09-30": "0.00", "2010-06-30": "0.05", "2010-03-31": "0.05", "2009-12-31": "0.00", "2009-09-30": "0.04", "2009-06-30": "0.03", "2009-03-31": "0.03", "2008-12-31": "0.00", "2008-09-30": "0.02", "2008-06-30": "0.02", "2008-03-31": "0.02", "2007-12-31": "0.00", "2007-09-30": "0.02", "2007-06-30": "0.02", "2007-03-31": "0.02", "2006-12-31": "0.00", "2006-09-30": "0.80", "2006-06-30": "0.77", "2006-03-31": "0.71", "2005-12-31": "0.00", "2005-09-30": "1.02", "2005-06-30": "0.96", "2005-03-31": "0.95"}, "return on equity": {"2020-09-30": "7.13%", "2020-06-30": "-3.03%", "2020-03-31": "-13.63%", "2019-12-31": "32.56%", "2019-09-30": "28.44%", "2019-06-30": "27.85%", "2019-03-31": "54.78%", "2018-12-31": "9.82%", "2018-09-30": "49.14%", "2018-06-30": "51.93%", "2018-03-31": "26.64%", "2017-12-31": "22.15%", "2017-09-30": "5.82%", "2017-06-30": "6.99%", "2017-03-31": "-0.58%", "2016-12-31": "2.81%", "2016-09-30": "-12.46%", "2016-06-30": "-21.76%", "2016-03-31": "-17.54%", "2015-12-31": "-28.73%", "2015-09-30": "-30.08%", "2015-06-30": "-20.80%", "2015-03-31": "-13.79%", "2014-12-31": "-7.64%", "2014-09-30": "-4.59%", "2014-06-30": "-18.09%", "2014-03-31": "-18.07%", "2013-12-31": "-14.39%", "2013-09-30": "-6.47%", "2013-06-30": "17.03%", "2013-03-31": "1.69%", "2012-12-31": "4.57%", "2012-09-30": "2.12%", "2012-06-30": "-13.70%", "2012-03-31": "8.94%", "2011-12-31": "5.03%", "2011-06-30": "14.57%", "2011-03-31": "-39.55%", "2010-06-30": "-71.66%", "2010-03-31": "-23.53%", "2009-06-30": "-0.84%", "2009-03-31": "-0.83%", "2008-06-30": "0.00%", "2008-03-31": "0.83%", "2007-06-30": "-4.12%", "2007-03-31": "-4.82%", "2006-06-30": "-7.02%", "2006-03-31": "-6.87%"}, "return on assets": {"2020-09-30": "1.92%", "2020-06-30": "-0.85%", "2020-03-31": "-4.14%", "2019-12-31": "10.84%", "2019-09-30": "8.38%", "2019-06-30": "7.26%", "2019-03-31": "12.35%", "2018-12-31": "1.84%", "2018-09-30": "9.13%", "2018-06-30": "5.56%", "2018-03-31": "2.05%", "2017-12-31": "1.37%", "2017-09-30": "0.30%", "2017-06-30": "0.35%", "2017-03-31": "-0.03%", "2016-12-31": "0.13%", "2016-09-30": "-0.57%", "2016-06-30": "-0.95%", "2016-03-31": "-0.80%", "2015-12-31": "-1.43%", "2015-09-30": "-1.71%", "2015-06-30": "-1.34%", "2015-03-31": "-0.96%", "2014-12-31": "-0.51%", "2014-09-30": "-0.28%", "2014-06-30": "-0.97%", "2014-03-31": "-0.84%", "2013-12-31": "-0.70%", "2013-09-30": "-0.34%", "2013-06-30": "1.00%", "2013-03-31": "0.10%", "2012-12-31": "0.27%", "2012-09-30": "0.12%", "2012-06-30": "-0.77%", "2012-03-31": "0.52%", "2011-12-31": "0.35%", "2011-06-30": "1.29%", "2011-03-31": "-11.03%", "2010-06-30": "-68.70%", "2010-03-31": "-22.69%", "2009-06-30": "-0.81%", "2009-03-31": "-0.81%", "2008-06-30": "0.00%", "2008-03-31": "0.81%", "2007-06-30": "-3.19%", "2007-03-31": "-3.13%", "2006-06-30": "-3.83%", "2006-03-31": "-3.62%"}, "return on investments": {"2020-09-30": "6.12%", "2020-06-30": "0.75%", "2020-03-31": "0.69%", "2019-12-31": "0.05%", "2019-09-30": "1.78%", "2019-06-30": "4.18%", "2019-03-31": "3.91%", "2018-12-31": "3.34%", "2018-09-30": "3.42%", "2018-06-30": "3.48%", "2018-03-31": "3.27%", "2017-12-31": "5.42%", "2017-09-30": "7.44%", "2017-06-30": "7.16%", "2017-03-31": "inf%", "2016-12-31": "inf%", "2016-09-30": "inf%", "2016-06-30": "inf%", "2016-03-31": "37.40%", "2015-12-31": "12.20%", "2015-09-30": "2.99%", "2015-06-30": "-5.92%", "2015-03-31": "-2.11%", "2014-12-31": "0.45%", "2014-09-30": "6.03%", "2014-06-30": "9.34%", "2014-03-31": "9.23%", "2013-12-31": "11.38%", "2013-09-30": "12.40%", "2013-06-30": "12.13%", "2013-03-31": "11.52%", "2012-12-31": "12.31%", "2012-09-30": "11.14%", "2012-06-30": "6.81%", "2012-03-31": "7.81%", "2011-12-31": "5.99%", "2011-06-30": "7.77%", "2011-03-31": "9.03%", "2010-06-30": "inf%", "2010-03-31": "inf%", "2009-06-30": "inf%", "2009-03-31": "inf%", "2008-06-30": "inf%", "2008-03-31": "inf%", "2007-06-30": "-6.25%", "2007-03-31": "-4.10%", "2006-06-30": "18.59%", "2006-03-31": "19.21%"}, "return on tangible equity": {"2020-09-30": "-6.99%", "2020-06-30": "3.28%", "2020-03-31": "16.81%", "2019-12-31": "-48.94%", "2019-09-30": "-39.59%", "2019-06-30": "-35.16%", "2019-03-31": "-56.62%", "2018-12-31": "-7.57%", "2018-09-30": "-36.47%", "2018-06-30": "-38.74%", "2018-03-31": "-18.36%", "2017-12-31": "-15.45%", "2017-09-30": "-3.77%", "2017-06-30": "-4.05%", "2017-03-31": "0.32%", "2016-12-31": "-1.47%", "2016-09-30": "6.03%", "2016-06-30": "9.90%", "2016-03-31": "7.74%", "2015-12-31": "14.37%", "2015-09-30": "18.63%", "2015-06-30": "15.95%", "2015-03-31": "14.09%", "2014-12-31": "7.15%", "2014-09-30": "3.54%", "2014-06-30": "10.55%", "2014-03-31": "8.26%", "2013-12-31": "7.07%", "2013-09-30": "3.64%", "2013-06-30": "-12.82%", "2013-03-31": "-1.45%", "2012-12-31": "-4.29%", "2012-09-30": "-2.13%", "2012-06-30": "12.53%", "2012-03-31": "-8.44%", "2011-12-31": "-4.66%", "2011-06-30": "-13.23%", "2011-03-31": "42.77%", "2010-06-30": "-71.66%", "2010-03-31": "-23.53%", "2009-06-30": "-0.84%", "2009-03-31": "-0.83%", "2008-06-30": "0.00%", "2008-03-31": "0.83%", "2007-06-30": "-4.12%", "2007-03-31": "-4.82%", "2006-06-30": "-7.02%", "2006-03-31": "-6.94%"}, "dividend yield history": {"last payout": "$1.68", "last yield": "2.03%"}}