{"ticker": "SPG", "price": {"title": "Simon Property Historical Annual Stock Price Data", "value": 109.27, "historical": {"2021": {"Average Stock Price": "93.4750", "Year Open": "82.8100", "Year High": "109.2700", "Year Low": "82.8100", "Year Close": "109.2700", "Annual % Change": "28.13%"}, "2020": {"Average Stock Price": "80.7982", "Year Open": "145.0900", "Year High": "149.1100", "Year Low": "44.0100", "Year Close": "85.2800", "Annual % Change": "-42.75%"}, "2019": {"Average Stock Price": "163.6547", "Year Open": "165.0100", "Year High": "185.8500", "Year Low": "144.0100", "Year Close": "148.9600", "Annual % Change": "-11.33%"}, "2018": {"Average Stock Price": "168.4991", "Year Open": "172.4200", "Year High": "190.5900", "Year Low": "146.7400", "Year Close": "167.9900", "Annual % Change": "-2.18%"}, "2017": {"Average Stock Price": "165.8396", "Year Open": "182.6200", "Year High": "186.8300", "Year Low": "152.2600", "Year Close": "171.7400", "Annual % Change": "-3.34%"}, "2016": {"Average Stock Price": "199.8102", "Year Open": "192.3400", "Year High": "227.6000", "Year Low": "174.2000", "Year Close": "177.6700", "Annual % Change": "-8.62%"}, "2015": {"Average Stock Price": "188.6094", "Year Open": "185.3400", "Year High": "206.1900", "Year Low": "171.0000", "Year Close": "194.4400", "Annual % Change": "6.77%"}, "2014": {"Average Stock Price": "168.5721", "Year Open": "152.0900", "Year High": "187.4600", "Year Low": "150.6200", "Year Close": "182.1100", "Annual % Change": "19.68%"}, "2013": {"Average Stock Price": "159.5404", "Year Open": "159.8000", "Year High": "180.3400", "Year Low": "142.5400", "Year Close": "152.1600", "Annual % Change": "-3.75%"}, "2012": {"Average Stock Price": "149.4420", "Year Open": "129.3800", "Year High": "163.5300", "Year Low": "126.7200", "Year Close": "158.0900", "Annual % Change": "22.61%"}, "2011": {"Average Stock Price": "113.7204", "Year Open": "100.9300", "Year High": "131.0000", "Year Low": "95.3500", "Year Close": "128.9400", "Annual % Change": "29.60%"}, "2010": {"Average Stock Price": "88.2135", "Year Open": "78.9200", "Year High": "106.2500", "Year Low": "69.4500", "Year Close": "99.4900", "Annual % Change": "24.67%"}, "2009": {"Average Stock Price": "54.8168", "Year Open": "50.2988", "Year High": "83.0400", "Year Low": "25.5841", "Year Close": "79.8000", "Annual % Change": "53.75%"}, "2008": {"Average Stock Price": "82.2517", "Year Open": "83.8932", "Year High": "102.4829", "Year Low": "37.1209", "Year Close": "51.9008", "Annual % Change": "-38.83%"}, "2007": {"Average Stock Price": "99.7360", "Year Open": "99.3472", "Year High": "120.9164", "Year Low": "82.9359", "Year Close": "84.8505", "Annual % Change": "-14.25%"}, "2006": {"Average Stock Price": "84.7094", "Year Open": "76.6155", "Year High": "101.1935", "Year Low": "75.1698", "Year Close": "98.9467", "Annual % Change": "32.18%"}, "2005": {"Average Stock Price": "68.1743", "Year Open": "62.4705", "Year High": "78.6670", "Year Low": "57.6644", "Year Close": "74.8572", "Annual % Change": "18.49%"}, "2004": {"Average Stock Price": "53.0717", "Year Open": "45.1312", "Year High": "63.8381", "Year Low": "44.0664", "Year Close": "63.1739", "Annual % Change": "39.56%"}, "2003": {"Average Stock Price": "39.2972", "Year Open": "33.8191", "Year High": "46.8211", "Year Low": "31.0545", "Year Close": "45.2679", "Annual % Change": "36.01%"}, "2002": {"Average Stock Price": "32.6151", "Year Open": "28.7003", "Year High": "35.9877", "Year Low": "28.6319", "Year Close": "33.2818", "Annual % Change": "16.16%"}, "2001": {"Average Stock Price": "26.7876", "Year Open": "23.7476", "Year High": "30.1851", "Year Low": "23.7476", "Year Close": "28.6515", "Annual % Change": "22.21%"}, "2000": {"Average Stock Price": "23.4034", "Year Open": "22.0967", "Year High": "26.2581", "Year Low": "21.1882", "Year Close": "23.4448", "Annual % Change": "4.62%"}, "1999": {"Average Stock Price": "25.1946", "Year Open": "27.7234", "Year High": "29.4329", "Year Low": "20.4556", "Year Close": "22.4093", "Annual % Change": "-19.51%"}, "1998": {"Average Stock Price": "30.4765", "Year Open": "31.8751", "Year High": "33.7018", "Year Low": "25.5841", "Year Close": "27.8407", "Annual % Change": "-12.82%"}, "1997": {"Average Stock Price": "30.3817", "Year Open": "29.6772", "Year High": "33.4576", "Year Low": "27.4792", "Year Close": "31.9337", "Annual % Change": "5.45%"}, "1996": {"Average Stock Price": "24.2098", "Year Open": "23.8160", "Year High": "30.2828", "Year Low": "21.2468", "Year Close": "30.2828", "Annual % Change": "27.15%"}, "1995": {"Average Stock Price": "23.8456", "Year Open": "24.3044", "Year High": "25.2813", "Year Low": "22.2237", "Year Close": "23.8160", "Annual % Change": "0.00%"}, "1994": {"Average Stock Price": "25.0136", "Year Open": "21.9795", "Year High": "27.3522", "Year Low": "21.9795", "Year Close": "23.8160", "Annual % Change": "7.73%"}}}, "market cap": {"value": "$31.38B"}, "income statement": {"Revenue": {"2019-12-31": "5755.18900", "2018-12-31": "5645.28800", "2017-12-31": "5527.33600", "2016-12-31": "5435.22900", "2015-12-31": "5266.10300", "2014-12-31": "4870.81800", "2013-12-31": "4543.84900", "2012-12-31": "4256.15700", "2011-12-31": "4306.43200", "2010-12-31": "3957.63000", "2009-12-31": "3775.21600", "2008-12-31": "3783.15500", "2007-12-31": "3650.79900", "2006-12-31": "3332.15400", "2005-12-31": "3166.85300"}, "Cost Of Goods Sold": {"2019-12-31": "1021.64400", "2018-12-31": "1007.96400", "2017-12-31": "980.08000", "2016-12-31": "971.14700", "2015-12-31": "960.19200", "2014-12-31": "882.80300", "2013-12-31": "837.94600", "2012-12-31": "800.38000", "2011-12-31": "919.82200", "2010-12-31": "862.64900", "2009-12-31": "851.39600", "2008-12-31": "898.41000", "2007-12-31": "888.04500", "2006-12-31": "847.36000", "2005-12-31": "818.17800"}, "Gross Profit": {"2019-12-31": "4733.54500", "2018-12-31": "4637.32400", "2017-12-31": "4547.25600", "2016-12-31": "4464.08200", "2015-12-31": "4305.91100", "2014-12-31": "3988.01500", "2013-12-31": "3705.90300", "2012-12-31": "3455.77700", "2011-12-31": "3386.61000", "2010-12-31": "3094.98100", "2009-12-31": "2923.82000", "2008-12-31": "2884.74500", "2007-12-31": "2762.75400", "2006-12-31": "2484.79400", "2005-12-31": "2348.67500"}, "Research And Development Expenses": {"2019-12-31": "", "2018-12-31": "", "2017-12-31": "", "2016-12-31": "", "2015-12-31": "", "2014-12-31": "", "2013-12-31": "", "2012-12-31": "", "2011-12-31": "", "2010-12-31": "", "2009-12-31": "", "2008-12-31": "", "2007-12-31": "", "2006-12-31": "", "2005-12-31": ""}, "SG&A Expenses": {"2019-12-31": "185.20400", "2018-12-31": "197.78400", "2017-12-31": "202.83700", "2016-12-31": "207.88300", "2015-12-31": "195.18300", "2014-12-31": "196.61400", "2013-12-31": "177.69700", "2012-12-31": "166.95300", "2011-12-31": "153.32100", "2010-12-31": "118.46100", "2009-12-31": "111.68900", "2008-12-31": "117.77000", "2007-12-31": "113.92700", "2006-12-31": "105.13200", "2005-12-31": "110.07800"}, "Other Operating Income Or Expenses": {"2019-12-31": "-300.00700", "2018-12-31": "-230.78700", "2017-12-31": "-266.62700", "2016-12-31": "-282.69800", "2015-12-31": "-264.28700", "2014-12-31": "-262.23200", "2013-12-31": "-231.83700", "2012-12-31": "-214.21300", "2011-12-31": "-224.18900", "2010-12-31": "-246.86400", "2009-12-31": "-407.84100", "2008-12-31": "-254.45000", "2007-12-31": "-209.15900", "2006-12-31": "-203.23100", "2005-12-31": "-183.26300"}, "Operating Expenses": {"2019-12-31": "2847.35800", "2018-12-31": "2718.98900", "2017-12-31": "2724.99600", "2016-12-31": "2714.40100", "2015-12-31": "2597.23000", "2014-12-31": "2485.47600", "2013-12-31": "2355.18000", "2012-12-31": "2249.92800", "2011-12-31": "2363.27800", "2010-12-31": "2210.79400", "2009-12-31": "2368.52400", "2008-12-31": "2240.10700", "2007-12-31": "2116.76700", "2006-12-31": "2011.92500", "2005-12-31": "1961.43000"}, "Operating Income": {"2019-12-31": "2907.83100", "2018-12-31": "2926.29900", "2017-12-31": "2802.34000", "2016-12-31": "2720.82800", "2015-12-31": "2668.87300", "2014-12-31": "2385.34200", "2013-12-31": "2188.66900", "2012-12-31": "2006.22900", "2011-12-31": "1943.15400", "2010-12-31": "1746.83600", "2009-12-31": "1406.69200", "2008-12-31": "1543.04800", "2007-12-31": "1534.03200", "2006-12-31": "1320.22900", "2005-12-31": "1205.42300"}, "Total Non-Operating Income/Expense": {"2019-12-31": "-913.82100", "2018-12-31": "-831.13490", "2017-12-31": "-938.01100", "2016-12-31": "-994.33100", "2015-12-31": "-1044.65000", "2014-12-31": "-1120.17400", "2013-12-31": "-1082.08100", "2012-12-31": "-1068.18100", "2011-12-31": "-983.52600", "2010-12-31": "-1377.77900", "2009-12-31": "-1034.76200", "2008-12-31": "-972.15300", "2007-12-31": "-1000.91300", "2006-12-31": "-821.85800", "2005-12-31": "-799.09200"}, "Pre-Tax Income": {"2019-12-31": "1994.01000", "2018-12-31": "2095.16400", "2017-12-31": "1864.32900", "2016-12-31": "1726.49700", "2015-12-31": "1624.22300", "2014-12-31": "1265.16800", "2013-12-31": "1106.58800", "2012-12-31": "938.04820", "2011-12-31": "959.62810", "2010-12-31": "369.05700", "2009-12-31": "371.93020", "2008-12-31": "570.89510", "2007-12-31": "533.11900", "2006-12-31": "498.37120", "2005-12-31": "406.33110"}, "Income Taxes": {"2019-12-31": "30.05400", "2018-12-31": "36.89800", "2017-12-31": "23.34300", "2016-12-31": "29.67800", "2015-12-31": "20.17000", "2014-12-31": "28.08500", "2013-12-31": "39.53800", "2012-12-31": "15.71500", "2011-12-31": "11.59500", "2010-12-31": "4.33100", "2009-12-31": "-5.22000", "2008-12-31": "3.58100", "2007-12-31": "-11.32200", "2006-12-31": "11.37000", "2005-12-31": "16.22900"}, "Income After Taxes": {"2019-12-31": "1963.95600", "2018-12-31": "2058.26600", "2017-12-31": "1840.98600", "2016-12-31": "1696.81900", "2015-12-31": "1604.05300", "2014-12-31": "1237.08300", "2013-12-31": "1067.05000", "2012-12-31": "922.33320", "2011-12-31": "948.03310", "2010-12-31": "364.72600", "2009-12-31": "377.15020", "2008-12-31": "567.31410", "2007-12-31": "544.44100", "2006-12-31": "487.00120", "2005-12-31": "390.10210"}, "Other Income": {"2019-12-31": "", "2018-12-31": "", "2017-12-31": "", "2016-12-31": "", "2015-12-31": "", "2014-12-31": "", "2013-12-31": "", "2012-12-31": "", "2011-12-31": "", "2010-12-31": "", "2009-12-31": "", "2008-12-31": "", "2007-12-31": "", "2006-12-31": "132.78700", "2005-12-31": "-0.83800"}, "Income From Continuous Operations": {"2019-12-31": "2423.18800", "2018-12-31": "2822.34300", "2017-12-31": "2244.90300", "2016-12-31": "2134.70600", "2015-12-31": "2139.37500", "2014-12-31": "1622.16500", "2013-12-31": "1366.79300", "2012-12-31": "1563.24200", "2011-12-31": "1245.90000", "2010-12-31": "753.51400", "2009-12-31": "387.26220", "2008-12-31": "599.56000", "2007-12-31": "674.60500", "2006-12-31": "719.08000", "2005-12-31": "457.32800"}, "Income From Discontinued Operations": {"2019-12-31": "", "2018-12-31": "", "2017-12-31": "", "2016-12-31": "", "2015-12-31": "", "2014-12-31": "29.36100", "2013-12-31": "184.79700", "2012-12-31": "156.39000", "2011-12-31": "", "2010-12-31": "", "2009-12-31": "", "2008-12-31": "-0.02500", "2007-12-31": "-35.36900", "2006-12-31": "0.39700", "2005-12-31": "122.34200"}, "Net Income": {"2019-12-31": "2098.24700", "2018-12-31": "2436.72100", "2017-12-31": "1944.62500", "2016-12-31": "1835.55900", "2015-12-31": "1824.38300", "2014-12-31": "1405.25100", "2013-12-31": "1316.30400", "2012-12-31": "1431.15900", "2011-12-31": "1021.46200", "2010-12-31": "610.42400", "2009-12-31": "283.09800", "2008-12-31": "422.51700", "2007-12-31": "436.16400", "2006-12-31": "486.14500", "2005-12-31": "401.89500"}, "EBITDA": {"2019-12-31": "4302.00300", "2018-12-31": "4276.07500", "2017-12-31": "4159.69100", "2016-12-31": "4048.77400", "2015-12-31": "3908.08700", "2014-12-31": "3671.12600", "2013-12-31": "3521.61900", "2012-12-31": "3307.53300", "2011-12-31": "3055.59200", "2010-12-31": "2762.86300", "2009-12-31": "2416.18200", "2008-12-31": "2499.87500", "2007-12-31": "2409.31600", "2006-12-31": "2132.94700", "2005-12-31": "2023.89100"}, "EBIT": {"2019-12-31": "2907.83100", "2018-12-31": "2926.29900", "2017-12-31": "2802.34000", "2016-12-31": "2720.82800", "2015-12-31": "2668.87300", "2014-12-31": "2385.34200", "2013-12-31": "2188.66900", "2012-12-31": "2006.22900", "2011-12-31": "1943.15400", "2010-12-31": "1746.83600", "2009-12-31": "1406.69200", "2008-12-31": "1543.04800", "2007-12-31": "1534.03200", "2006-12-31": "1320.22900", "2005-12-31": "1205.42300"}, "Basic Shares Outstanding": {"2019-12-31": "307.95000", "2018-12-31": "309.62700", "2017-12-31": "311.51700", "2016-12-31": "312.69100", "2015-12-31": "310.10300", "2014-12-31": "310.73100", "2013-12-31": "310.25500", "2012-12-31": "303.13740", "2011-12-31": "293.50400", "2010-12-31": "291.07600", "2009-12-31": "267.05500", "2008-12-31": "225.33300", "2007-12-31": "222.99800", "2006-12-31": "221.02400", "2005-12-31": "220.25900"}, "Shares Outstanding": {"2019-12-31": "307.95000", "2018-12-31": "309.62700", "2017-12-31": "311.51700", "2016-12-31": "312.69100", "2015-12-31": "310.10300", "2014-12-31": "310.73100", "2013-12-31": "310.25500", "2012-12-31": "303.13840", "2011-12-31": "293.57300", "2010-12-31": "291.35000", "2009-12-31": "268.47200", "2008-12-31": "225.88400", "2007-12-31": "223.77700", "2006-12-31": "221.92700", "2005-12-31": "221.13000"}, "Basic EPS": {"2019-12-31": "6.81000", "2018-12-31": "7.87000", "2017-12-31": "6.24000", "2016-12-31": "5.87000", "2015-12-31": "5.88000", "2014-12-31": "4.52000", "2013-12-31": "4.24000", "2012-12-31": "4.72000", "2011-12-31": "3.48000", "2010-12-31": "2.10000", "2009-12-31": "1.06000", "2008-12-31": "1.88000", "2007-12-31": "1.96000", "2006-12-31": "2.20000", "2005-12-31": "1.82000"}, "EPS - Earnings Per Share": {"2019-12-31": "6.81000", "2018-12-31": "7.87000", "2017-12-31": "6.24000", "2016-12-31": "5.87000", "2015-12-31": "5.88000", "2014-12-31": "4.52000", "2013-12-31": "4.24000", "2012-12-31": "4.72000", "2011-12-31": "3.48000", "2010-12-31": "2.10000", "2009-12-31": "1.05000", "2008-12-31": "1.87000", "2007-12-31": "1.95000", "2006-12-31": "2.19000", "2005-12-31": "1.82000"}}, "income statement, quarterly": {"Revenue": {"2020-09-30": "1060.67400", "2020-06-30": "1062.04100", "2020-03-31": "1353.36000", "2019-12-31": "1488.61500", "2019-09-30": "1416.55400", "2019-06-30": "1397.18600", "2019-03-31": "1452.83400", "2018-12-31": "1462.02600", "2018-09-30": "1404.02100", "2018-06-30": "1385.05900", "2018-03-31": "1394.18200", "2017-12-31": "1416.38700", "2017-09-30": "1403.63800", "2017-06-30": "1361.54800", "2017-03-31": "1345.76300", "2016-12-31": "1425.96600", "2016-09-30": "1357.16800", "2016-06-30": "1315.38000", "2016-03-31": "1336.71500", "2015-12-31": "1380.62100", "2015-09-30": "1320.13700", "2015-06-30": "1349.11000", "2015-03-31": "1216.23500", "2014-12-31": "1297.12000", "2014-09-30": "1234.69400", "2014-06-30": "1181.98200", "2014-03-31": "1157.02200", "2013-12-31": "1096.92100", "2013-09-30": "1146.87700", "2013-06-30": "1084.99300", "2013-03-31": "1215.05800", "2012-12-31": "720.50520", "2012-09-30": "1228.61700", "2012-06-30": "1188.06600", "2012-03-31": "1118.96900", "2011-12-31": "1171.33700", "2011-09-30": "1074.36000", "2011-06-30": "1040.86100", "2011-03-31": "1019.87400", "2010-12-31": "1119.71800", "2010-09-30": "979.27500", "2010-06-30": "933.56600", "2010-03-31": "925.07100", "2009-12-31": "1028.18000", "2009-09-30": "924.93200", "2009-06-30": "903.61200", "2009-03-31": "918.49200", "2008-12-31": "1029.31600", "2008-09-30": "935.59400", "2008-06-30": "922.94700", "2008-03-31": "895.29800", "2007-12-31": "1035.58100", "2007-09-30": "907.14500", "2007-06-30": "855.93200", "2007-03-31": "852.14100", "2006-12-31": "927.03090", "2006-09-30": "818.73600", "2006-06-30": "798.73800", "2006-03-31": "787.64900", "2005-12-31": "889.79000", "2005-09-30": "783.00900", "2005-06-30": "752.08400", "2005-03-31": "741.97000"}, "Cost Of Goods Sold": {"2020-09-30": "222.51800", "2020-06-30": "201.92100", "2020-03-31": "247.59800", "2019-12-31": "259.08600", "2019-09-30": "263.74500", "2019-06-30": "243.88300", "2019-03-31": "254.93000", "2018-12-31": "254.08600", "2018-09-30": "261.96800", "2018-06-30": "236.59100", "2018-03-31": "255.31900", "2017-12-31": "245.17400", "2017-09-30": "256.11200", "2017-06-30": "242.48600", "2017-03-31": "236.30800", "2016-12-31": "242.49200", "2016-09-30": "255.00400", "2016-06-30": "235.10300", "2016-03-31": "238.54800", "2015-12-31": "243.65500", "2015-09-30": "251.15400", "2015-06-30": "229.00400", "2015-03-31": "236.37900", "2014-12-31": "224.58600", "2014-09-30": "225.51700", "2014-06-30": "213.68200", "2014-03-31": "219.01800", "2013-12-31": "169.22400", "2013-09-30": "214.74000", "2013-06-30": "204.64200", "2013-03-31": "249.34000", "2012-12-31": "57.20900", "2012-09-30": "264.62800", "2012-06-30": "249.46000", "2012-03-31": "229.08300", "2011-12-31": "234.90100", "2011-09-30": "234.17500", "2011-06-30": "227.10600", "2011-03-31": "223.64000", "2010-12-31": "227.38310", "2010-09-30": "222.52700", "2010-06-30": "200.49700", "2010-03-31": "212.24200", "2009-12-31": "211.50000", "2009-09-30": "212.82000", "2009-06-30": "210.09800", "2009-03-31": "216.97800", "2008-12-31": "216.89400", "2008-09-30": "232.00800", "2008-06-30": "223.20600", "2008-03-31": "226.30200", "2007-12-31": "224.74100", "2007-09-30": "225.95900", "2007-06-30": "219.92900", "2007-03-31": "217.41600", "2006-12-31": "215.63100", "2006-09-30": "215.52200", "2006-06-30": "202.50000", "2006-03-31": "213.70700", "2005-12-31": "209.92600", "2005-09-30": "212.93700", "2005-06-30": "195.46200", "2005-03-31": "199.85300"}, "Gross Profit": {"2020-09-30": "838.15590", "2020-06-30": "860.12000", "2020-03-31": "1105.76200", "2019-12-31": "1229.52900", "2019-09-30": "1152.80900", "2019-06-30": "1153.30300", "2019-03-31": "1197.90400", "2018-12-31": "1207.94000", "2018-09-30": "1142.05300", "2018-06-30": "1148.46800", "2018-03-31": "1138.86300", "2017-12-31": "1171.21300", "2017-09-30": "1147.52600", "2017-06-30": "1119.06200", "2017-03-31": "1109.45500", "2016-12-31": "1183.47400", "2016-09-30": "1102.16400", "2016-06-30": "1080.27700", "2016-03-31": "1098.16700", "2015-12-31": "1136.96600", "2015-09-30": "1068.98300", "2015-06-30": "1120.10600", "2015-03-31": "979.85600", "2014-12-31": "1072.53400", "2014-09-30": "1009.17700", "2014-06-30": "968.30000", "2014-03-31": "938.00400", "2013-12-31": "927.69700", "2013-09-30": "932.13700", "2013-06-30": "880.35110", "2013-03-31": "965.71800", "2012-12-31": "663.29630", "2012-09-30": "963.98900", "2012-06-30": "938.60610", "2012-03-31": "889.88600", "2011-12-31": "936.43640", "2011-09-30": "840.18500", "2011-06-30": "813.75490", "2011-03-31": "796.23400", "2010-12-31": "892.33500", "2010-09-30": "756.74800", "2010-06-30": "733.06900", "2010-03-31": "712.82900", "2009-12-31": "816.68020", "2009-09-30": "712.11200", "2009-06-30": "693.51400", "2009-03-31": "701.51400", "2008-12-31": "812.42200", "2008-09-30": "703.58600", "2008-06-30": "699.74100", "2008-03-31": "668.99600", "2007-12-31": "810.84010", "2007-09-30": "681.18600", "2007-06-30": "636.00300", "2007-03-31": "634.72500", "2006-12-31": "711.40000", "2006-09-30": "603.21400", "2006-06-30": "596.23800", "2006-03-31": "573.94200", "2005-12-31": "679.86400", "2005-09-30": "570.07200", "2005-06-30": "556.62190", "2005-03-31": "542.11690"}, "Research And Development Expenses": {"2020-09-30": "", "2020-06-30": "", "2020-03-31": "", "2019-12-31": "", "2019-09-30": "", "2019-06-30": "", "2019-03-31": "", "2018-12-31": "", "2018-09-30": "", "2018-06-30": "", "2018-03-31": "", "2017-12-31": "", "2017-09-30": "", "2017-06-30": "", "2017-03-31": "", "2016-12-31": "", "2016-09-30": "", "2016-06-30": "", "2016-03-31": "", "2015-12-31": "", "2015-09-30": "", "2015-06-30": "", "2015-03-31": "", "2014-12-31": "", "2014-09-30": "", "2014-06-30": "", "2014-03-31": "", "2013-12-31": "", "2013-09-30": "", "2013-06-30": "", "2013-03-31": "", "2012-12-31": "", "2012-09-30": "", "2012-06-30": "", "2012-03-31": "", "2011-12-31": "", "2011-09-30": "", "2011-06-30": "", "2011-03-31": "", "2010-12-31": "", "2010-09-30": "", "2010-06-30": "", "2010-03-31": "", "2009-12-31": "", "2009-09-30": "", "2009-06-30": "", "2009-03-31": "", "2008-12-31": "", "2008-09-30": "", "2008-06-30": "", "2008-03-31": "", "2007-12-31": "", "2007-09-30": "", "2007-06-30": "", "2007-03-31": "", "2006-12-31": "", "2006-09-30": "", "2006-06-30": "", "2006-03-31": "", "2005-12-31": "", "2005-09-30": "", "2005-06-30": "", "2005-03-31": ""}, "SG&A Expenses": {"2020-09-30": "17.76700", "2020-06-30": "19.98500", "2020-03-31": "40.42100", "2019-12-31": "48.54900", "2019-09-30": "44.61500", "2019-06-30": "45.77900", "2019-03-31": "46.26100", "2018-12-31": "54.09200", "2018-09-30": "48.86000", "2018-06-30": "47.40400", "2018-03-31": "47.42800", "2017-12-31": "54.29800", "2017-09-30": "49.02000", "2017-06-30": "49.57000", "2017-03-31": "49.94900", "2016-12-31": "58.83500", "2016-09-30": "50.84900", "2016-06-30": "48.29700", "2016-03-31": "49.90200", "2015-12-31": "51.27400", "2015-09-30": "53.59400", "2015-06-30": "56.56000", "2015-03-31": "33.75500", "2014-12-31": "52.64500", "2014-09-30": "52.74700", "2014-06-30": "53.74800", "2014-03-31": "37.47400", "2013-12-31": "55.95500", "2013-09-30": "43.00100", "2013-06-30": "42.97300", "2013-03-31": "35.76800", "2012-12-31": "46.40500", "2012-09-30": "42.27900", "2012-06-30": "43.28200", "2012-03-31": "34.98700", "2011-12-31": "49.08700", "2011-09-30": "40.74700", "2011-06-30": "33.93200", "2011-03-31": "29.55500", "2010-12-31": "39.99900", "2010-09-30": "26.60500", "2010-06-30": "27.90900", "2010-03-31": "23.94800", "2009-12-31": "36.26700", "2009-09-30": "27.73500", "2009-06-30": "25.13300", "2009-03-31": "22.55400", "2008-12-31": "38.28400", "2008-09-30": "27.97700", "2008-06-30": "26.83400", "2008-03-31": "24.67500", "2007-12-31": "37.53600", "2007-09-30": "27.07900", "2007-06-30": "26.52900", "2007-03-31": "22.78300", "2006-12-31": "35.55100", "2006-09-30": "22.14000", "2006-06-30": "25.54600", "2006-03-31": "21.89500", "2005-12-31": "39.10800", "2005-09-30": "25.96700", "2005-06-30": "23.09500", "2005-03-31": "21.90800"}, "Other Operating Income Or Expenses": {"2020-09-30": "-82.61000", "2020-06-30": "-65.12700", "2020-03-31": "-82.21000", "2019-12-31": "-79.79300", "2019-09-30": "-67.94800", "2019-06-30": "-74.28700", "2019-03-31": "-77.97900", "2018-12-31": "-51.16300", "2018-09-30": "-54.17500", "2018-06-30": "-52.88300", "2018-03-31": "-72.56600", "2017-12-31": "-42.27600", "2017-09-30": "-91.40100", "2017-06-30": "-60.94700", "2017-03-31": "-72.00300", "2016-12-31": "-87.42200", "2016-09-30": "-63.36700", "2016-06-30": "-69.15900", "2016-03-31": "-62.75000", "2015-12-31": "-71.63800", "2015-09-30": "-68.44200", "2015-06-30": "-65.38300", "2015-03-31": "-58.82400", "2014-12-31": "-70.14100", "2014-09-30": "-67.21200", "2014-06-30": "-65.80700", "2014-03-31": "-59.07200", "2013-12-31": "-60.95100", "2013-09-30": "-61.35600", "2013-06-30": "-53.90200", "2013-03-31": "-55.62800", "2012-12-31": "-55.49700", "2012-09-30": "-46.51300", "2012-06-30": "-59.13400", "2012-03-31": "-53.06900", "2011-12-31": "-68.71900", "2011-09-30": "-55.03800", "2011-06-30": "-50.95300", "2011-03-31": "-49.47900", "2010-12-31": "-69.25900", "2010-09-30": "-89.04600", "2010-06-30": "-55.50300", "2010-03-31": "-33.05600", "2009-12-31": "-255.86500", "2009-09-30": "-42.04900", "2009-06-30": "-51.52000", "2009-03-31": "-58.40700", "2008-12-31": "-76.35300", "2008-09-30": "-56.34200", "2008-06-30": "-57.25200", "2008-03-31": "-64.50300", "2007-12-31": "-65.39600", "2007-09-30": "-50.74600", "2007-06-30": "-45.31200", "2007-03-31": "-47.70500", "2006-12-31": "-62.19500", "2006-09-30": "-48.36000", "2006-06-30": "-49.28000", "2006-03-31": "-43.39600", "2005-12-31": "-60.49200", "2005-09-30": "-42.24500", "2005-06-30": "-40.21000", "2005-03-31": "-40.31600"}, "Operating Expenses": {"2020-09-30": "656.65000", "2020-06-30": "611.17300", "2020-03-31": "698.49100", "2019-12-31": "711.73830", "2019-09-30": "711.25200", "2019-06-30": "716.55500", "2019-03-31": "707.81300", "2018-12-31": "688.48610", "2018-09-30": "681.17800", "2018-06-30": "657.07600", "2018-03-31": "692.24900", "2017-12-31": "666.93490", "2017-09-30": "713.57000", "2017-06-30": "675.39900", "2017-03-31": "669.09200", "2016-12-31": "725.46580", "2016-09-30": "680.97700", "2016-06-30": "656.14400", "2016-03-31": "651.81400", "2015-12-31": "670.89100", "2015-09-30": "662.55000", "2015-06-30": "646.72500", "2015-03-31": "617.06400", "2014-12-31": "641.83120", "2014-09-30": "627.13700", "2014-06-30": "620.45100", "2014-03-31": "596.05700", "2013-12-31": "524.35800", "2013-09-30": "598.39900", "2013-06-30": "575.05400", "2013-03-31": "657.36900", "2012-12-31": "320.27700", "2012-09-30": "663.66390", "2012-06-30": "663.73900", "2012-03-31": "602.24800", "2011-12-31": "630.24300", "2011-09-30": "590.76200", "2011-06-30": "573.28900", "2011-03-31": "568.98400", "2010-12-31": "613.05900", "2010-09-30": "581.48100", "2010-06-30": "518.09900", "2010-03-31": "498.15500", "2009-12-31": "743.05700", "2009-09-30": "532.75500", "2009-06-30": "538.43600", "2009-03-31": "554.27600", "2008-12-31": "600.43300", "2008-09-30": "552.24190", "2008-06-30": "543.90900", "2008-03-31": "543.52300", "2007-12-31": "562.76510", "2007-09-30": "528.44600", "2007-06-30": "522.38100", "2007-03-31": "503.17500", "2006-12-31": "537.37900", "2006-09-30": "497.41200", "2006-06-30": "488.68900", "2006-03-31": "488.44500", "2005-12-31": "541.62290", "2005-09-30": "484.17100", "2005-06-30": "463.26100", "2005-03-31": "472.37500"}, "Operating Income": {"2020-09-30": "404.02390", "2020-06-30": "450.86800", "2020-03-31": "654.86900", "2019-12-31": "776.87650", "2019-09-30": "705.30200", "2019-06-30": "680.63100", "2019-03-31": "745.02100", "2018-12-31": "773.53990", "2018-09-30": "722.84300", "2018-06-30": "727.98300", "2018-03-31": "701.93300", "2017-12-31": "749.45260", "2017-09-30": "690.06790", "2017-06-30": "686.14900", "2017-03-31": "676.67100", "2016-12-31": "700.50040", "2016-09-30": "676.19100", "2016-06-30": "659.23600", "2016-03-31": "684.90100", "2015-12-31": "709.73000", "2015-09-30": "657.58700", "2015-06-30": "702.38500", "2015-03-31": "599.17100", "2014-12-31": "655.28890", "2014-09-30": "607.55700", "2014-06-30": "561.53110", "2014-03-31": "560.96500", "2013-12-31": "572.56300", "2013-09-30": "548.47800", "2013-06-30": "509.93910", "2013-03-31": "557.68900", "2012-12-31": "400.22820", "2012-09-30": "564.95300", "2012-06-30": "524.32710", "2012-03-31": "516.72090", "2011-12-31": "541.09440", "2011-09-30": "483.59800", "2011-06-30": "467.57200", "2011-03-31": "450.89000", "2010-12-31": "506.65910", "2010-09-30": "397.79400", "2010-06-30": "415.46700", "2010-03-31": "426.91600", "2009-12-31": "285.12320", "2009-09-30": "392.17700", "2009-06-30": "365.17600", "2009-03-31": "364.21600", "2008-12-31": "428.88300", "2008-09-30": "383.35210", "2008-06-30": "379.03800", "2008-03-31": "351.77500", "2007-12-31": "472.81600", "2007-09-30": "378.69900", "2007-06-30": "333.55100", "2007-03-31": "348.96600", "2006-12-31": "389.65190", "2006-09-30": "321.32400", "2006-06-30": "310.04900", "2006-03-31": "299.20400", "2005-12-31": "348.16710", "2005-09-30": "298.83800", "2005-06-30": "288.82300", "2005-03-31": "269.59500"}, "Total Non-Operating Income/Expense": {"2020-09-30": "-203.13700", "2020-06-30": "-196.85900", "2020-03-31": "-206.67500", "2019-12-31": "-309.43500", "2019-09-30": "-200.22800", "2019-06-30": "-210.74200", "2019-03-31": "-193.41600", "2018-12-31": "-359.06700", "2018-09-30": "-204.92100", "2018-06-30": "-196.93200", "2018-03-31": "-70.21500", "2017-12-31": "-209.97400", "2017-09-30": "-199.03200", "2017-06-30": "-330.80300", "2017-03-31": "-198.20200", "2016-12-31": "-346.28500", "2016-09-30": "-214.86100", "2016-06-30": "-213.99500", "2016-03-31": "-219.19000", "2015-12-31": "-351.84900", "2015-09-30": "-229.65400", "2015-06-30": "-230.97400", "2015-03-31": "-232.17300", "2014-12-31": "-233.65710", "2014-09-30": "-377.35300", "2014-06-30": "-254.93000", "2014-03-31": "-254.23400", "2013-12-31": "-260.12600", "2013-09-30": "-270.70000", "2013-06-30": "-266.22900", "2013-03-31": "-285.02600", "2012-12-31": "-232.64600", "2012-09-30": "-288.89600", "2012-06-30": "-288.56000", "2012-03-31": "-258.07900", "2011-12-31": "-246.50600", "2011-09-30": "-244.38400", "2011-06-30": "-244.51700", "2011-03-31": "-248.11900", "2010-12-31": "-252.40490", "2010-09-30": "-434.32700", "2010-06-30": "-261.46300", "2010-03-31": "-429.58400", "2009-12-31": "-165.92400", "2009-09-30": "-257.88100", "2009-06-30": "-384.92100", "2009-03-31": "-226.03600", "2008-12-31": "-249.61600", "2008-09-30": "-239.95500", "2008-06-30": "-252.66500", "2008-03-31": "-229.91700", "2007-12-31": "-296.62590", "2007-09-30": "-238.15500", "2007-06-30": "-243.65400", "2007-03-31": "-222.47800", "2006-12-31": "-210.84800", "2006-09-30": "-206.19500", "2006-06-30": "-200.74300", "2006-03-31": "-204.07200", "2005-12-31": "-204.95600", "2005-09-30": "-201.15000", "2005-06-30": "-197.78200", "2005-03-31": "-195.20400"}, "Pre-Tax Income": {"2020-09-30": "200.88690", "2020-06-30": "254.00900", "2020-03-31": "448.19400", "2019-12-31": "467.44180", "2019-09-30": "505.07400", "2019-06-30": "469.88900", "2019-03-31": "551.60500", "2018-12-31": "414.47310", "2018-09-30": "517.92200", "2018-06-30": "531.05100", "2018-03-31": "631.71800", "2017-12-31": "539.47830", "2017-09-30": "491.03590", "2017-06-30": "355.34600", "2017-03-31": "478.46900", "2016-12-31": "354.21510", "2016-09-30": "461.33000", "2016-06-30": "445.24100", "2016-03-31": "465.71100", "2015-12-31": "357.88100", "2015-09-30": "427.93300", "2015-06-30": "471.41100", "2015-03-31": "366.99800", "2014-12-31": "421.63170", "2014-09-30": "230.20400", "2014-06-30": "306.60110", "2014-03-31": "306.73100", "2013-12-31": "312.43710", "2013-09-30": "277.77800", "2013-06-30": "243.71010", "2013-03-31": "272.66300", "2012-12-31": "167.58220", "2012-09-30": "276.05700", "2012-06-30": "235.76710", "2012-03-31": "258.64190", "2011-12-31": "294.58810", "2011-09-30": "239.21400", "2011-06-30": "223.05500", "2011-03-31": "202.77100", "2010-12-31": "254.25410", "2010-09-30": "-36.53300", "2010-06-30": "154.00400", "2010-03-31": "-2.66800", "2009-12-31": "119.19910", "2009-09-30": "134.29600", "2009-06-30": "-19.74500", "2009-03-31": "138.18000", "2008-12-31": "179.26710", "2008-09-30": "143.39700", "2008-06-30": "126.37300", "2008-03-31": "121.85800", "2007-12-31": "176.19000", "2007-09-30": "140.54400", "2007-06-30": "89.89700", "2007-03-31": "126.48800", "2006-12-31": "178.80420", "2006-09-30": "115.12900", "2006-06-30": "109.30600", "2006-03-31": "95.13200", "2005-12-31": "143.21120", "2005-09-30": "97.68800", "2005-06-30": "91.04100", "2005-03-31": "74.39100"}, "Income Taxes": {"2020-09-30": "2.77900", "2020-06-30": "-0.06200", "2020-03-31": "-5.78300", "2019-12-31": "6.74500", "2019-09-30": "6.19700", "2019-06-30": "7.01000", "2019-03-31": "10.10200", "2018-12-31": "10.42300", "2018-09-30": "10.11800", "2018-06-30": "10.13700", "2018-03-31": "6.22000", "2017-12-31": "6.36300", "2017-09-30": "14.51100", "2017-06-30": "5.99000", "2017-03-31": "-3.52100", "2016-12-31": "1.05200", "2016-09-30": "6.32500", "2016-06-30": "7.11500", "2016-03-31": "15.18600", "2015-12-31": "6.73000", "2015-09-30": "3.65800", "2015-06-30": "3.42000", "2015-03-31": "6.36200", "2014-12-31": "8.00700", "2014-09-30": "6.58900", "2014-06-30": "6.62600", "2014-03-31": "6.86300", "2013-12-31": "9.68600", "2013-09-30": "7.70000", "2013-06-30": "8.95900", "2013-03-31": "13.19300", "2012-12-31": "5.84500", "2012-09-30": "3.90400", "2012-06-30": "3.96300", "2012-03-31": "2.00300", "2011-12-31": "8.89000", "2011-09-30": "0.86000", "2011-06-30": "0.70300", "2011-03-31": "1.14200", "2010-12-31": "4.88800", "2010-09-30": "-0.24900", "2010-06-30": "-0.51000", "2010-03-31": "0.20200", "2009-12-31": "-2.31600", "2009-09-30": "-0.23800", "2009-06-30": "-0.14300", "2009-03-31": "-2.52300", "2008-12-31": "2.00500", "2008-09-30": "0.97200", "2008-06-30": "0.62700", "2008-03-31": "-0.02300", "2007-12-31": "-12.72700", "2007-09-30": "0.64800", "2007-06-30": "-0.52800", "2007-03-31": "1.28500", "2006-12-31": "3.97500", "2006-09-30": "2.53600", "2006-06-30": "3.22000", "2006-03-31": "1.63900", "2005-12-31": "5.01300", "2005-09-30": "3.79600", "2005-06-30": "2.73400", "2005-03-31": "4.68600"}, "Income After Taxes": {"2020-09-30": "198.10790", "2020-06-30": "254.07100", "2020-03-31": "453.97700", "2019-12-31": "460.69680", "2019-09-30": "498.87700", "2019-06-30": "462.87900", "2019-03-31": "541.50300", "2018-12-31": "404.05020", "2018-09-30": "507.80400", "2018-06-30": "520.91390", "2018-03-31": "625.49800", "2017-12-31": "533.11520", "2017-09-30": "476.52500", "2017-06-30": "349.35600", "2017-03-31": "481.99000", "2016-12-31": "353.16310", "2016-09-30": "455.00500", "2016-06-30": "438.12600", "2016-03-31": "450.52500", "2015-12-31": "351.15100", "2015-09-30": "424.27500", "2015-06-30": "467.99100", "2015-03-31": "360.63600", "2014-12-31": "413.62470", "2014-09-30": "223.61500", "2014-06-30": "299.97510", "2014-03-31": "299.86800", "2013-12-31": "302.75120", "2013-09-30": "270.07790", "2013-06-30": "234.75110", "2013-03-31": "259.47000", "2012-12-31": "161.73720", "2012-09-30": "272.15300", "2012-06-30": "231.80410", "2012-03-31": "256.63890", "2011-12-31": "285.69820", "2011-09-30": "238.35400", "2011-06-30": "222.35200", "2011-03-31": "201.62900", "2010-12-31": "249.36610", "2010-09-30": "-36.28400", "2010-06-30": "154.51400", "2010-03-31": "-2.87000", "2009-12-31": "121.51510", "2009-09-30": "134.53400", "2009-06-30": "-19.60200", "2009-03-31": "140.70300", "2008-12-31": "177.26210", "2008-09-30": "142.42500", "2008-06-30": "125.74600", "2008-03-31": "121.88100", "2007-12-31": "188.91700", "2007-09-30": "139.89600", "2007-06-30": "90.42500", "2007-03-31": "125.20300", "2006-12-31": "174.82910", "2006-09-30": "112.59300", "2006-06-30": "106.08600", "2006-03-31": "93.49300", "2005-12-31": "138.19810", "2005-09-30": "93.89200", "2005-06-30": "88.30700", "2005-03-31": "69.70500"}, "Other Income": {"2020-09-30": "", "2020-06-30": "", "2020-03-31": "", "2019-12-31": "", "2019-09-30": "", "2019-06-30": "", "2019-03-31": "", "2018-12-31": "", "2018-09-30": "", "2018-06-30": "", "2018-03-31": "", "2017-12-31": "", "2017-09-30": "", "2017-06-30": "", "2017-03-31": "", "2016-12-31": "", "2016-09-30": "", "2016-06-30": "", "2016-03-31": "", "2015-12-31": "", "2015-09-30": "", "2015-06-30": "", "2015-03-31": "206.92700", "2014-12-31": "", "2014-09-30": "", "2014-06-30": "", "2014-03-31": "2.65500", "2013-12-31": "", "2013-09-30": "", "2013-06-30": "", "2013-03-31": "20.76700", "2012-12-31": "", "2012-09-30": "", "2012-06-30": "", "2012-03-31": "494.83700", "2011-12-31": "", "2011-09-30": "", "2011-06-30": "", "2011-03-31": "-0.58400", "2010-12-31": "", "2010-09-30": "", "2010-06-30": "", "2010-03-31": "6.04200", "2009-12-31": "", "2009-09-30": "", "2009-06-30": "", "2009-03-31": "", "2008-12-31": "", "2008-09-30": "", "2008-06-30": "", "2008-03-31": "", "2007-12-31": "", "2007-09-30": "", "2007-06-30": "", "2007-03-31": "", "2006-12-31": "115.73100", "2006-09-30": "9.45700", "2006-06-30": "7.59900", "2006-03-31": "", "2005-12-31": "-0.78300", "2005-09-30": "-0.05500", "2005-06-30": "", "2005-03-31": ""}, "Income From Continuous Operations": {"2020-09-30": "168.64590", "2020-06-30": "290.54800", "2020-03-31": "505.40400", "2019-12-31": "590.41470", "2019-09-30": "628.72400", "2019-06-30": "572.10210", "2019-03-31": "631.94700", "2018-12-31": "833.19340", "2018-09-30": "642.21200", "2018-06-30": "631.41390", "2018-03-31": "715.52400", "2017-12-31": "659.82010", "2017-09-30": "592.63490", "2017-06-30": "441.37300", "2017-03-31": "551.07500", "2016-12-31": "455.60210", "2016-09-30": "587.93990", "2016-06-30": "527.32500", "2016-03-31": "563.83900", "2015-12-31": "459.91800", "2015-09-30": "492.49600", "2015-06-30": "554.52600", "2015-03-31": "632.43510", "2014-12-31": "475.99200", "2014-09-30": "296.96300", "2014-06-30": "489.60900", "2014-03-31": "359.60100", "2013-12-31": "344.48390", "2013-09-30": "328.71200", "2013-06-30": "359.12900", "2013-03-31": "334.46800", "2012-12-31": "214.10580", "2012-09-30": "306.37100", "2012-06-30": "260.93610", "2012-03-31": "781.82900", "2011-12-31": "441.93120", "2011-09-30": "333.78090", "2011-06-30": "250.52200", "2011-03-31": "219.66600", "2010-12-31": "267.07610", "2010-09-30": "280.53200", "2010-06-30": "185.15200", "2010-03-31": "20.75400", "2009-12-31": "115.93320", "2009-09-30": "139.18900", "2009-06-30": "-14.10800", "2009-03-31": "146.24800", "2008-12-31": "196.44790", "2008-09-30": "159.73700", "2008-06-30": "114.35300", "2008-03-31": "129.02200", "2007-12-31": "198.82100", "2007-09-30": "236.47000", "2007-06-30": "95.24800", "2007-03-31": "144.06600", "2006-12-31": "287.31100", "2006-09-30": "144.79400", "2006-06-30": "130.13400", "2006-03-31": "156.84100", "2005-12-31": "150.56100", "2005-09-30": "109.32500", "2005-06-30": "102.64400", "2005-03-31": "94.79800"}, "Income From Discontinued Operations": {"2020-09-30": "", "2020-06-30": "", "2020-03-31": "", "2019-12-31": "", "2019-09-30": "", "2019-06-30": "", "2019-03-31": "", "2018-12-31": "", "2018-09-30": "", "2018-06-30": "", "2018-03-31": "", "2017-12-31": "", "2017-09-30": "", "2017-06-30": "", "2017-03-31": "", "2016-12-31": "", "2016-09-30": "", "2016-06-30": "", "2016-03-31": "", "2015-12-31": "", "2015-09-30": "", "2015-06-30": "", "2015-03-31": "", "2014-12-31": "0.00000", "2014-09-30": "", "2014-06-30": "-12.14100", "2014-03-31": "41.50200", "2013-12-31": "104.82000", "2013-09-30": "38.58100", "2013-06-30": "41.39600", "2013-03-31": "", "2012-12-31": "", "2012-09-30": "", "2012-06-30": "", "2012-03-31": "", "2011-12-31": "", "2011-09-30": "", "2011-06-30": "", "2011-03-31": "", "2010-12-31": "", "2010-09-30": "", "2010-06-30": "", "2010-03-31": "", "2009-12-31": "", "2009-09-30": "", "2009-06-30": "", "2009-03-31": "", "2008-12-31": "", "2008-09-30": "", "2008-06-30": "", "2008-03-31": "", "2007-12-31": "-28.10600", "2007-09-30": "-7.11800", "2007-06-30": "0.01700", "2007-03-31": "-0.16200", "2006-12-31": "0.20800", "2006-09-30": "0.04500", "2006-06-30": "-0.01900", "2006-03-31": "0.16300", "2005-12-31": "-11.15300", "2005-09-30": "10.30000", "2005-06-30": "119.94200", "2005-03-31": "3.25300"}, "Net Income": {"2020-09-30": "145.92600", "2020-06-30": "254.21300", "2020-03-31": "437.60500", "2019-12-31": "510.19410", "2019-09-30": "544.25400", "2019-06-30": "495.32400", "2019-03-31": "548.47500", "2018-12-31": "712.79580", "2018-09-30": "556.26700", "2018-06-30": "547.00400", "2018-03-31": "620.65400", "2017-12-31": "571.11610", "2017-09-30": "513.78300", "2017-06-30": "381.99000", "2017-03-31": "477.73600", "2016-12-31": "394.43090", "2016-09-30": "504.74400", "2016-06-30": "455.38900", "2016-03-31": "480.99500", "2015-12-31": "392.29610", "2015-09-30": "420.00900", "2015-06-30": "472.94400", "2015-03-31": "539.13400", "2014-12-31": "405.04790", "2014-09-30": "251.96800", "2014-06-30": "406.58700", "2014-03-31": "341.64800", "2013-12-31": "381.55500", "2013-09-30": "311.67500", "2013-06-30": "339.93600", "2013-03-31": "283.13800", "2012-12-31": "315.38310", "2012-09-30": "254.92100", "2012-06-30": "215.44500", "2012-03-31": "645.41000", "2011-12-31": "362.92900", "2011-09-30": "274.00000", "2011-06-30": "205.12100", "2011-03-31": "179.41200", "2010-12-31": "217.92300", "2010-09-30": "230.62400", "2010-06-30": "152.50400", "2010-03-31": "9.37300", "2009-12-31": "91.54300", "2009-09-30": "105.54700", "2009-06-30": "-20.76000", "2009-03-31": "106.76800", "2008-12-31": "145.20300", "2008-09-30": "112.80900", "2008-06-30": "76.57200", "2008-03-31": "87.93300", "2007-12-31": "112.92900", "2007-09-30": "164.93700", "2007-06-30": "59.91700", "2007-03-31": "98.38100", "2006-12-31": "204.66800", "2006-09-30": "94.59200", "2006-06-30": "82.86800", "2006-03-31": "104.01700", "2005-12-31": "115.65900", "2005-09-30": "74.35800", "2005-06-30": "154.81100", "2005-03-31": "57.06700"}, "EBITDA": {"2020-09-30": "743.86490", "2020-06-30": "788.27900", "2020-03-31": "995.13400", "2019-12-31": "1115.94100", "2019-09-30": "1048.66100", "2019-06-30": "1052.46100", "2019-03-31": "1084.93900", "2018-12-31": "1113.64500", "2018-09-30": "1058.44700", "2018-06-30": "1067.37800", "2018-03-31": "1036.60500", "2017-12-31": "1094.46900", "2017-09-30": "1026.79500", "2017-06-30": "1026.00800", "2017-03-31": "1012.42000", "2016-12-31": "1056.40000", "2016-09-30": "1005.59100", "2016-06-30": "984.08300", "2016-03-31": "1002.70000", "2015-12-31": "1028.25500", "2015-09-30": "963.02700", "2015-06-30": "1014.96700", "2015-03-31": "901.83800", "2014-12-31": "967.43900", "2014-09-30": "910.47700", "2014-06-30": "901.68300", "2014-03-31": "891.52700", "2013-12-31": "913.79790", "2013-09-30": "886.83900", "2013-06-30": "841.31910", "2013-03-31": "879.66300", "2012-12-31": "761.22220", "2012-09-30": "885.07400", "2012-06-30": "846.01410", "2012-03-31": "815.22300", "2011-12-31": "834.47940", "2011-09-30": "758.23600", "2011-06-30": "737.70790", "2011-03-31": "725.16900", "2010-12-31": "791.29300", "2010-09-30": "655.10800", "2010-06-30": "655.69000", "2010-03-31": "660.77200", "2009-12-31": "529.28810", "2009-09-30": "645.67000", "2009-06-30": "619.40300", "2009-03-31": "621.82100", "2008-12-31": "698.85800", "2008-09-30": "619.68900", "2008-06-30": "604.54300", "2008-03-31": "576.78500", "2007-12-31": "701.07900", "2007-09-30": "596.19800", "2007-06-30": "555.49300", "2007-03-31": "556.54600", "2006-12-31": "602.38490", "2006-09-30": "520.11600", "2006-06-30": "511.49500", "2006-03-31": "498.95100", "2005-12-31": "564.42610", "2005-09-30": "495.63600", "2005-06-30": "488.16200", "2005-03-31": "475.66700"}, "EBIT": {"2020-09-30": "404.02390", "2020-06-30": "450.86800", "2020-03-31": "654.86900", "2019-12-31": "776.87670", "2019-09-30": "705.30200", "2019-06-30": "680.63100", "2019-03-31": "745.02100", "2018-12-31": "773.54010", "2018-09-30": "722.84300", "2018-06-30": "727.98300", "2018-03-31": "701.93300", "2017-12-31": "749.45230", "2017-09-30": "690.06790", "2017-06-30": "686.14900", "2017-03-31": "676.67100", "2016-12-31": "700.50010", "2016-09-30": "676.19100", "2016-06-30": "659.23600", "2016-03-31": "684.90100", "2015-12-31": "709.73010", "2015-09-30": "657.58700", "2015-06-30": "702.38500", "2015-03-31": "599.17100", "2014-12-31": "655.28870", "2014-09-30": "607.55700", "2014-06-30": "561.53110", "2014-03-31": "560.96500", "2013-12-31": "572.56310", "2013-09-30": "548.47800", "2013-06-30": "509.93910", "2013-03-31": "557.68900", "2012-12-31": "400.22820", "2012-09-30": "564.95300", "2012-06-30": "524.32710", "2012-03-31": "516.72090", "2011-12-31": "541.09420", "2011-09-30": "483.59800", "2011-06-30": "467.57200", "2011-03-31": "450.89000", "2010-12-31": "506.65900", "2010-09-30": "397.79400", "2010-06-30": "415.46700", "2010-03-31": "426.91600", "2009-12-31": "285.12310", "2009-09-30": "392.17700", "2009-06-30": "365.17600", "2009-03-31": "364.21600", "2008-12-31": "428.88310", "2008-09-30": "383.35210", "2008-06-30": "379.03800", "2008-03-31": "351.77500", "2007-12-31": "472.81600", "2007-09-30": "378.69900", "2007-06-30": "333.55100", "2007-03-31": "348.96600", "2006-12-31": "389.65210", "2006-09-30": "321.32400", "2006-06-30": "310.04900", "2006-03-31": "299.20400", "2005-12-31": "348.16710", "2005-09-30": "298.83800", "2005-06-30": "288.82300", "2005-03-31": "269.59500"}, "Basic Shares Outstanding": {"2020-09-30": "305.91300", "2020-06-30": "305.88200", "2020-03-31": "306.50400", "2019-12-31": "307.95000", "2019-09-30": "307.27500", "2019-06-30": "308.70900", "2019-03-31": "308.97800", "2018-12-31": "309.62700", "2018-09-30": "309.29400", "2018-06-30": "309.35500", "2018-03-31": "310.58400", "2017-12-31": "311.51700", "2017-09-30": "310.85300", "2017-06-30": "311.57900", "2017-03-31": "312.81000", "2016-12-31": "312.69100", "2016-09-30": "314.23400", "2016-06-30": "313.39900", "2016-03-31": "309.41600", "2015-12-31": "310.10300", "2015-09-30": "309.41700", "2015-06-30": "310.49900", "2015-03-31": "311.10100", "2014-12-31": "310.73100", "2014-09-30": "310.77200", "2014-06-30": "310.74300", "2014-03-31": "310.62300", "2013-12-31": "310.25500", "2013-09-30": "310.33300", "2013-06-30": "310.26130", "2013-03-31": "309.98700", "2012-12-31": "303.13740", "2012-09-30": "304.10750", "2012-06-30": "303.25200", "2012-03-31": "295.69400", "2011-12-31": "293.50400", "2011-09-30": "293.73600", "2011-06-30": "293.36780", "2011-03-31": "293.08000", "2010-12-31": "291.07600", "2010-09-30": "292.83000", "2010-06-30": "292.32400", "2010-03-31": "286.12500", "2009-12-31": "267.05500", "2009-09-30": "281.43000", "2009-06-30": "268.29000", "2009-03-31": "235.90900", "2008-12-31": "225.33300", "2008-09-30": "225.35600", "2008-06-30": "224.98200", "2008-03-31": "223.45500", "2007-12-31": "222.99800", "2007-09-30": "223.10300", "2007-06-30": "223.39900", "2007-03-31": "222.44300", "2006-12-31": "221.02400", "2006-09-30": "221.19800", "2006-06-30": "220.99000", "2006-03-31": "220.58000", "2005-12-31": "220.25900", "2005-09-30": "220.55900", "2005-06-30": "220.22700", "2005-03-31": "220.38600"}, "Shares Outstanding": {"2020-09-30": "305.91300", "2020-06-30": "305.88200", "2020-03-31": "306.50400", "2019-12-31": "307.95000", "2019-09-30": "307.27500", "2019-06-30": "308.70900", "2019-03-31": "308.97800", "2018-12-31": "309.62700", "2018-09-30": "309.29400", "2018-06-30": "309.35500", "2018-03-31": "310.58400", "2017-12-31": "311.51700", "2017-09-30": "310.85300", "2017-06-30": "311.57900", "2017-03-31": "312.81000", "2016-12-31": "312.69100", "2016-09-30": "314.23400", "2016-06-30": "361.76200", "2016-03-31": "309.41600", "2015-12-31": "310.10300", "2015-09-30": "309.41700", "2015-06-30": "310.49900", "2015-03-31": "311.10100", "2014-12-31": "310.73100", "2014-09-30": "310.77200", "2014-06-30": "310.74300", "2014-03-31": "310.62300", "2013-12-31": "310.25500", "2013-09-30": "310.33300", "2013-06-30": "310.26130", "2013-03-31": "309.98700", "2012-12-31": "303.13840", "2012-09-30": "304.10860", "2012-06-30": "303.25300", "2012-03-31": "295.69500", "2011-12-31": "293.57300", "2011-09-30": "293.75800", "2011-06-30": "293.40230", "2011-03-31": "293.29000", "2010-12-31": "291.35000", "2010-09-30": "293.08900", "2010-06-30": "292.61400", "2010-03-31": "286.43800", "2009-12-31": "268.47200", "2009-09-30": "282.47400", "2009-06-30": "268.29000", "2009-03-31": "236.12800", "2008-12-31": "225.88400", "2008-09-30": "225.92500", "2008-06-30": "225.57100", "2008-03-31": "224.07200", "2007-12-31": "223.77700", "2007-09-30": "223.84900", "2007-06-30": "224.23600", "2007-03-31": "223.30100", "2006-12-31": "221.92700", "2006-09-30": "222.07000", "2006-06-30": "221.87600", "2006-03-31": "221.55400", "2005-12-31": "221.13000", "2005-09-30": "221.49100", "2005-06-30": "221.11100", "2005-03-31": "221.28100"}, "Basic EPS": {"2020-09-30": "0.48000", "2020-06-30": "0.83000", "2020-03-31": "1.43000", "2019-12-31": "1.66000", "2019-09-30": "1.77000", "2019-06-30": "1.60000", "2019-03-31": "1.78000", "2018-12-31": "2.30000", "2018-09-30": "1.80000", "2018-06-30": "1.77000", "2018-03-31": "2.00000", "2017-12-31": "1.83000", "2017-09-30": "1.65000", "2017-06-30": "1.23000", "2017-03-31": "1.53000", "2016-12-31": "1.26000", "2016-09-30": "1.61000", "2016-06-30": "1.45000", "2016-03-31": "1.55000", "2015-12-31": "1.27000", "2015-09-30": "1.36000", "2015-06-30": "1.52000", "2015-03-31": "1.73000", "2014-12-31": "1.30000", "2014-09-30": "0.81000", "2014-06-30": "1.31000", "2014-03-31": "1.10000", "2013-12-31": "1.23000", "2013-09-30": "1.00000", "2013-06-30": "1.10000", "2013-03-31": "0.91000", "2012-12-31": "0.99000", "2012-09-30": "0.84000", "2012-06-30": "0.71000", "2012-03-31": "2.18000", "2011-12-31": "1.24000", "2011-09-30": "0.93000", "2011-06-30": "0.70000", "2011-03-31": "0.61000", "2010-12-31": "0.76000", "2010-09-30": "0.79000", "2010-06-30": "0.52000", "2010-03-31": "0.03000", "2009-12-31": "0.31000", "2009-09-30": "0.38000", "2009-06-30": "-0.08000", "2009-03-31": "0.45000", "2008-12-31": "0.65000", "2008-09-30": "0.50000", "2008-06-30": "0.34000", "2008-03-31": "0.39000", "2007-12-31": "0.51000", "2007-09-30": "0.74000", "2007-06-30": "0.27000", "2007-03-31": "0.44000", "2006-12-31": "0.93000", "2006-09-30": "0.43000", "2006-06-30": "0.37000", "2006-03-31": "0.47000", "2005-12-31": "0.52000", "2005-09-30": "0.34000", "2005-06-30": "0.70000", "2005-03-31": "0.26000"}, "EPS - Earnings Per Share": {"2020-09-30": "0.48000", "2020-06-30": "0.83000", "2020-03-31": "1.43000", "2019-12-31": "1.66000", "2019-09-30": "1.77000", "2019-06-30": "1.60000", "2019-03-31": "1.78000", "2018-12-31": "2.30000", "2018-09-30": "1.80000", "2018-06-30": "1.77000", "2018-03-31": "2.00000", "2017-12-31": "1.83000", "2017-09-30": "1.65000", "2017-06-30": "1.23000", "2017-03-31": "1.53000", "2016-12-31": "1.26000", "2016-09-30": "1.61000", "2016-06-30": "1.45000", "2016-03-31": "1.55000", "2015-12-31": "1.27000", "2015-09-30": "1.36000", "2015-06-30": "1.52000", "2015-03-31": "1.73000", "2014-12-31": "1.30000", "2014-09-30": "0.81000", "2014-06-30": "1.31000", "2014-03-31": "1.10000", "2013-12-31": "1.23000", "2013-09-30": "1.00000", "2013-06-30": "1.10000", "2013-03-31": "0.91000", "2012-12-31": "0.99000", "2012-09-30": "0.84000", "2012-06-30": "0.71000", "2012-03-31": "2.18000", "2011-12-31": "1.24000", "2011-09-30": "0.93000", "2011-06-30": "0.70000", "2011-03-31": "0.61000", "2010-12-31": "0.76000", "2010-09-30": "0.79000", "2010-06-30": "0.52000", "2010-03-31": "0.03000", "2009-12-31": "0.30000", "2009-09-30": "0.38000", "2009-06-30": "-0.08000", "2009-03-31": "0.45000", "2008-12-31": "0.64000", "2008-09-30": "0.50000", "2008-06-30": "0.34000", "2008-03-31": "0.39000", "2007-12-31": "0.50000", "2007-09-30": "0.74000", "2007-06-30": "0.27000", "2007-03-31": "0.44000", "2006-12-31": "0.92000", "2006-09-30": "0.43000", "2006-06-30": "0.37000", "2006-03-31": "0.47000", "2005-12-31": "0.52000", "2005-09-30": "0.34000", "2005-06-30": "0.70000", "2005-03-31": "0.26000"}}, "balance sheet": {"Cash On Hand": {"2019-12-31": "669.37300", "2018-12-31": "514.33500", "2017-12-31": "1482.30900", "2016-12-31": "560.05900", "2015-12-31": "701.13400", "2014-12-31": "612.28200", "2013-12-31": "1691.00600", "2012-12-31": "1184.51800", "2011-12-31": "798.65000", "2010-12-31": "796.71800", "2009-12-31": "3957.71800", "2008-12-31": "773.54400", "2007-12-31": "501.98200", "2006-12-31": "929.36000", "2005-12-31": "337.04800"}, "Receivables": {"2019-12-31": "832.15100", "2018-12-31": "763.81500", "2017-12-31": "742.67200", "2016-12-31": "664.61900", "2015-12-31": "624.60500", "2014-12-31": "580.19700", "2013-12-31": "520.36100", "2012-12-31": "521.30100", "2011-12-31": "486.73100", "2010-12-31": "426.73600", "2009-12-31": "402.72900", "2008-12-31": "414.85600", "2007-12-31": "447.22400", "2006-12-31": "380.12800", "2005-12-31": "357.07900"}, "Inventory": {"2019-12-31": "", "2018-12-31": "", "2017-12-31": "", "2016-12-31": "", "2015-12-31": "", "2014-12-31": "", "2013-12-31": "", "2012-12-31": "", "2011-12-31": "", "2010-12-31": "", "2009-12-31": "", "2008-12-31": "", "2007-12-31": "", "2006-12-31": "", "2005-12-31": ""}, "Pre-Paid Expenses": {"2019-12-31": "", "2018-12-31": "", "2017-12-31": "", "2016-12-31": "", "2015-12-31": "", "2014-12-31": "", "2013-12-31": "", "2012-12-31": "", "2011-12-31": "", "2010-12-31": "", "2009-12-31": "", "2008-12-31": "", "2007-12-31": "", "2006-12-31": "", "2005-12-31": ""}, "Other Current Assets": {"2019-12-31": "", "2018-12-31": "", "2017-12-31": "", "2016-12-31": "", "2015-12-31": "", "2014-12-31": "", "2013-12-31": "", "2012-12-31": "", "2011-12-31": "", "2010-12-31": "", "2009-12-31": "", "2008-12-31": "", "2007-12-31": "", "2006-12-31": "", "2005-12-31": ""}, "Total Current Assets": {"2019-12-31": "1501.52400", "2018-12-31": "1278.15000", "2017-12-31": "2224.98100", "2016-12-31": "1224.67800", "2015-12-31": "1325.73900", "2014-12-31": "1192.47900", "2013-12-31": "2211.36700", "2012-12-31": "1705.81900", "2011-12-31": "1936.38100", "2010-12-31": "1874.45400", "2009-12-31": "4992.44700", "2008-12-31": "1709.10000", "2007-12-31": "1497.20600", "2006-12-31": "1309.48800", "2005-12-31": "694.12700"}, "Property, Plant, And Equipment": {"2019-12-31": "23898.72000", "2018-12-31": "24208.13000", "2017-12-31": "24457.52000", "2016-12-31": "24360.34000", "2015-12-31": "23547.74000", "2014-12-31": "22367.79000", "2013-12-31": "22243.85000", "2012-12-31": "25184.13000", "2011-12-31": "21268.92000", "2010-12-31": "19797.43000", "2009-12-31": "18331.65000", "2008-12-31": "19021.43000", "2007-12-31": "19102.93000", "2006-12-31": "18257.83000", "2005-12-31": "17936.02000"}, "Long-Term Investments": {"2019-12-31": "", "2018-12-31": "", "2017-12-31": "", "2016-12-31": "", "2015-12-31": "", "2014-12-31": "", "2013-12-31": "", "2012-12-31": "", "2011-12-31": "", "2010-12-31": "", "2009-12-31": "", "2008-12-31": "", "2007-12-31": "", "2006-12-31": "", "2005-12-31": ""}, "Goodwill And Intangible Assets": {"2019-12-31": "", "2018-12-31": "", "2017-12-31": "", "2016-12-31": "", "2015-12-31": "", "2014-12-31": "", "2013-12-31": "", "2012-12-31": "", "2011-12-31": "", "2010-12-31": "", "2009-12-31": "", "2008-12-31": "", "2007-12-31": "", "2006-12-31": "", "2005-12-31": ""}, "Other Long-Term Assets": {"2019-12-31": "4102.70200", "2018-12-31": "3989.90200", "2017-12-31": "4201.15900", "2016-12-31": "4164.97700", "2015-12-31": "4424.93700", "2014-12-31": "4165.27700", "2013-12-31": "4444.26000", "2012-12-31": "4125.92000", "2011-12-31": "1378.08400", "2010-12-31": "1390.10500", "2009-12-31": "1468.57700", "2008-12-31": "1663.88600", "2007-12-31": "1886.89100", "2006-12-31": "1526.23500", "2005-12-31": "1562.59500"}, "Total Long-Term Assets": {"2019-12-31": "29215.45000", "2018-12-31": "29408.07000", "2017-12-31": "30032.66000", "2016-12-31": "29878.90000", "2015-12-31": "29239.44000", "2014-12-31": "28339.85000", "2013-12-31": "31113.21000", "2012-12-31": "30880.79000", "2011-12-31": "24280.54000", "2010-12-31": "22982.98000", "2009-12-31": "20955.82000", "2008-12-31": "21713.65000", "2007-12-31": "22108.46000", "2006-12-31": "20774.96000", "2005-12-31": "20436.91000"}, "Total Assets": {"2019-12-31": "31231.63000", "2018-12-31": "30686.22000", "2017-12-31": "32257.64000", "2016-12-31": "31103.58000", "2015-12-31": "30565.18000", "2014-12-31": "29532.33000", "2013-12-31": "33324.57000", "2012-12-31": "32586.61000", "2011-12-31": "26216.93000", "2010-12-31": "24857.43000", "2009-12-31": "25948.27000", "2008-12-31": "23422.75000", "2007-12-31": "23605.66000", "2006-12-31": "22084.46000", "2005-12-31": "21131.04000"}, "Total Current Liabilities": {"2019-12-31": "1390.68200", "2018-12-31": "1316.86100", "2017-12-31": "1269.19000", "2016-12-31": "1214.02200", "2015-12-31": "1323.80100", "2014-12-31": "1259.68100", "2013-12-31": "1223.10200", "2012-12-31": "1374.17200", "2011-12-31": "1091.71200", "2010-12-31": "993.73800", "2009-12-31": "987.53000", "2008-12-31": "1086.24800", "2007-12-31": "1251.04400", "2006-12-31": "1109.19000", "2005-12-31": "1092.33400"}, "Long Term Debt": {"2019-12-31": "24163.23000", "2018-12-31": "23305.54000", "2017-12-31": "24632.46000", "2016-12-31": "22977.10000", "2015-12-31": "22416.68000", "2014-12-31": "20852.99000", "2013-12-31": "22669.92000", "2012-12-31": "23113.01000", "2011-12-31": "18446.44000", "2010-12-31": "17473.76000", "2009-12-31": "18630.30000", "2008-12-31": "18042.53000", "2007-12-31": "17218.67000", "2006-12-31": "15394.49000", "2005-12-31": "14106.12000"}, "Other Non-Current Liabilities": {"2019-12-31": "2030.59800", "2018-12-31": "2036.70800", "2017-12-31": "1926.74100", "2016-12-31": "1814.77800", "2015-12-31": "1582.79300", "2014-12-31": "1442.61400", "2013-12-31": "1300.64900", "2012-12-31": "1028.33200", "2011-12-31": "866.54000", "2010-12-31": "670.71000", "2009-12-31": "617.09900", "2008-12-31": "535.88100", "2007-12-31": "533.44200", "2006-12-31": "405.83800", "2005-12-31": "358.00000"}, "Total Long Term Liabilities": {"2019-12-31": "26412.89000", "2018-12-31": "25572.41000", "2017-12-31": "26749.68000", "2016-12-31": "24929.64000", "2015-12-31": "24025.01000", "2014-12-31": "22321.14000", "2013-12-31": "25278.84000", "2012-12-31": "24319.35000", "2011-12-31": "19580.92000", "2010-12-31": "18229.94000", "2009-12-31": "19777.78000", "2008-12-31": "19234.53000", "2007-12-31": "18791.23000", "2006-12-31": "16995.62000", "2005-12-31": "15731.41000"}, "Total Liabilities": {"2019-12-31": "28320.38000", "2018-12-31": "26889.26000", "2017-12-31": "28018.87000", "2016-12-31": "26143.67000", "2015-12-31": "25348.81000", "2014-12-31": "23580.82000", "2013-12-31": "26501.94000", "2012-12-31": "25693.52000", "2011-12-31": "20672.64000", "2010-12-31": "19223.68000", "2009-12-31": "20765.30000", "2008-12-31": "20320.78000", "2007-12-31": "20042.28000", "2006-12-31": "18104.81000", "2005-12-31": "16823.74000"}, "Common Stock Net": {"2019-12-31": "0.03200", "2018-12-31": "0.03200", "2017-12-31": "0.03200", "2016-12-31": "0.03200", "2015-12-31": "0.03100", "2014-12-31": "0.03100", "2013-12-31": "0.03100", "2012-12-31": "0.03100", "2011-12-31": "0.03000", "2010-12-31": "0.03000", "2009-12-31": "0.02900", "2008-12-31": "0.02400", "2007-12-31": "0.02300", "2006-12-31": "0.02300", "2005-12-31": "0.02300"}, "Retained Earnings (Accumulated Deficit)": {"2019-12-31": "-5379.95200", "2018-12-31": "-4893.06900", "2017-12-31": "-4782.17300", "2016-12-31": "-4459.38700", "2015-12-31": "-4266.93000", "2014-12-31": "-4208.18300", "2013-12-31": "-3218.68600", "2012-12-31": "-3083.19000", "2011-12-31": "-3251.74000", "2010-12-31": "-3114.57100", "2009-12-31": "-2955.67100", "2008-12-31": "-2491.92900", "2007-12-31": "-2055.44700", "2006-12-31": "-1740.89700", "2005-12-31": "-1551.17900"}, "Comprehensive Income": {"2019-12-31": "-118.60400", "2018-12-31": "-126.01700", "2017-12-31": "-110.45300", "2016-12-31": "-114.12600", "2015-12-31": "-252.68600", "2014-12-31": "-61.04100", "2013-12-31": "-75.79500", "2012-12-31": "-90.90000", "2011-12-31": "-94.26300", "2010-12-31": "6.53000", "2009-12-31": "-3.08800", "2008-12-31": "-165.06600", "2007-12-31": "18.08700", "2006-12-31": "19.23900", "2005-12-31": "9.79300"}, "Other Share Holders Equity": {"2019-12-31": "", "2018-12-31": "", "2017-12-31": "", "2016-12-31": "", "2015-12-31": "", "2014-12-31": "", "2013-12-31": "", "2012-12-31": "", "2011-12-31": "", "2010-12-31": "", "2009-12-31": "", "2008-12-31": "", "2007-12-31": "", "2006-12-31": "", "2005-12-31": ""}, "Share Holder Equity": {"2019-12-31": "2911.25000", "2018-12-31": "3796.95600", "2017-12-31": "4238.76400", "2016-12-31": "4959.91200", "2015-12-31": "5216.36900", "2014-12-31": "5951.50500", "2013-12-31": "6822.63200", "2012-12-31": "6893.08900", "2011-12-31": "5544.28800", "2010-12-31": "5633.75200", "2009-12-31": "5182.96200", "2008-12-31": "3101.96700", "2007-12-31": "3563.38300", "2006-12-31": "3979.64200", "2005-12-31": "4307.29600"}, "Total Liabilities And Share Holders Equity": {"2019-12-31": "31231.63000", "2018-12-31": "30686.22000", "2017-12-31": "32257.64000", "2016-12-31": "31103.58000", "2015-12-31": "30565.18000", "2014-12-31": "29532.33000", "2013-12-31": "33324.57000", "2012-12-31": "32586.61000", "2011-12-31": "26216.93000", "2010-12-31": "24857.43000", "2009-12-31": "25948.27000", "2008-12-31": "23422.75000", "2007-12-31": "23605.66000", "2006-12-31": "22084.46000", "2005-12-31": "21131.04000"}}, "balance sheet, quarterly": {"Cash On Hand": {"2020-09-30": "1082.31300", "2020-06-30": "3306.10000", "2020-03-31": "3724.85300", "2019-12-31": "669.37300", "2019-09-30": "3647.23000", "2019-06-30": "479.77600", "2019-03-31": "436.80200", "2018-12-31": "514.33500", "2018-09-30": "695.71800", "2018-06-30": "714.24700", "2018-03-31": "367.20700", "2017-12-31": "1482.30900", "2017-09-30": "508.40500", "2017-06-30": "488.61400", "2017-03-31": "513.40000", "2016-12-31": "560.05900", "2016-09-30": "814.74700", "2016-06-30": "884.28100", "2016-03-31": "805.07600", "2015-12-31": "701.13400", "2015-09-30": "856.86100", "2015-06-30": "565.65700", "2015-03-31": "833.73200", "2014-12-31": "612.28200", "2014-09-30": "817.99800", "2014-06-30": "1665.81700", "2014-03-31": "1013.36800", "2013-12-31": "1691.00600", "2013-09-30": "1099.32100", "2013-06-30": "1095.82900", "2013-03-31": "829.96600", "2012-12-31": "1184.51800", "2012-09-30": "452.71200", "2012-06-30": "638.49900", "2012-03-31": "880.54900", "2011-12-31": "798.65000", "2011-09-30": "575.81700", "2011-06-30": "789.71300", "2011-03-31": "636.05000", "2010-12-31": "796.71800", "2010-09-30": "1011.57400", "2010-06-30": "2293.24200", "2010-03-31": "3326.64200", "2009-12-31": "3957.71800", "2009-09-30": "3745.69300", "2009-06-30": "2628.43100", "2009-03-31": "898.32800", "2008-12-31": "773.54400", "2008-09-30": "646.11600", "2008-06-30": "503.87900", "2008-03-31": "428.65900", "2007-12-31": "501.98200", "2007-09-30": "389.96800", "2007-06-30": "381.17500", "2007-03-31": "339.95300", "2006-12-31": "929.36000", "2006-09-30": "322.95200", "2006-06-30": "330.28500", "2006-03-31": "299.03700", "2005-12-31": "337.04800", "2005-09-30": "422.79100", "2005-06-30": "375.57500", "2005-03-31": "283.52900"}, "Receivables": {"2020-09-30": "1452.29500", "2020-06-30": "1457.69500", "2020-03-31": "793.49000", "2019-12-31": "832.15100", "2019-09-30": "775.61700", "2019-06-30": "736.36200", "2019-03-31": "733.15900", "2018-12-31": "763.81500", "2018-09-30": "722.73000", "2018-06-30": "681.55100", "2018-03-31": "686.15800", "2017-12-31": "742.67200", "2017-09-30": "686.61700", "2017-06-30": "640.08000", "2017-03-31": "621.60000", "2016-12-31": "664.61900", "2016-09-30": "626.42300", "2016-06-30": "600.81700", "2016-03-31": "573.25500", "2015-12-31": "624.60500", "2015-09-30": "564.34400", "2015-06-30": "537.17200", "2015-03-31": "523.73400", "2014-12-31": "580.19700", "2014-09-30": "516.85700", "2014-06-30": "487.83900", "2014-03-31": "530.47900", "2013-12-31": "520.36100", "2013-09-30": "529.89300", "2013-06-30": "491.38800", "2013-03-31": "454.11000", "2012-12-31": "521.30100", "2012-09-30": "456.39700", "2012-06-30": "423.91700", "2012-03-31": "417.08500", "2011-12-31": "486.73100", "2011-09-30": "413.92200", "2011-06-30": "381.89500", "2011-03-31": "372.65000", "2010-12-31": "426.73600", "2010-09-30": "383.16800", "2010-06-30": "343.58800", "2010-03-31": "355.46900", "2009-12-31": "402.72900", "2009-09-30": "352.63800", "2009-06-30": "343.36500", "2009-03-31": "364.09500", "2008-12-31": "414.85600", "2008-09-30": "368.72700", "2008-06-30": "357.11800", "2008-03-31": "374.38700", "2007-12-31": "447.22400", "2007-09-30": "370.44300", "2007-06-30": "324.77600", "2007-03-31": "339.34100", "2006-12-31": "380.12800", "2006-09-30": "312.94800", "2006-06-30": "307.96900", "2006-03-31": "323.10700", "2005-12-31": "357.07900", "2005-09-30": "306.89700", "2005-06-30": "310.60600", "2005-03-31": "319.92500"}, "Inventory": {"2020-09-30": "", "2020-06-30": "", "2020-03-31": "", "2019-12-31": "", "2019-09-30": "", "2019-06-30": "", "2019-03-31": "", "2018-12-31": "", "2018-09-30": "", "2018-06-30": "", "2018-03-31": "", "2017-12-31": "", "2017-09-30": "", "2017-06-30": "", "2017-03-31": "", "2016-12-31": "", "2016-09-30": "", "2016-06-30": "", "2016-03-31": "", "2015-12-31": "", "2015-09-30": "", "2015-06-30": "", "2015-03-31": "", "2014-12-31": "", "2014-09-30": "", "2014-06-30": "", "2014-03-31": "", "2013-12-31": "", "2013-09-30": "", "2013-06-30": "", "2013-03-31": "", "2012-12-31": "", "2012-09-30": "", "2012-06-30": "", "2012-03-31": "", "2011-12-31": "", "2011-09-30": "", "2011-06-30": "", "2011-03-31": "", "2010-12-31": "", "2010-09-30": "", "2010-06-30": "", "2010-03-31": "", "2009-12-31": "", "2009-09-30": "", "2009-06-30": "", "2009-03-31": "", "2008-12-31": "", "2008-09-30": "", "2008-06-30": "", "2008-03-31": "", "2007-12-31": "", "2007-09-30": "", "2007-06-30": "", "2007-03-31": "", "2006-12-31": "", "2006-09-30": "", "2006-06-30": "", "2006-03-31": "", "2005-12-31": "", "2005-09-30": "", "2005-06-30": "", "2005-03-31": ""}, "Pre-Paid Expenses": {"2020-09-30": "", "2020-06-30": "", "2020-03-31": "", "2019-12-31": "", "2019-09-30": "", "2019-06-30": "", "2019-03-31": "", "2018-12-31": "", "2018-09-30": "", "2018-06-30": "", "2018-03-31": "", "2017-12-31": "", "2017-09-30": "", "2017-06-30": "", "2017-03-31": "", "2016-12-31": "", "2016-09-30": "", "2016-06-30": "", "2016-03-31": "", "2015-12-31": "", "2015-09-30": "", "2015-06-30": "", "2015-03-31": "", "2014-12-31": "", "2014-09-30": "", "2014-06-30": "", "2014-03-31": "", "2013-12-31": "", "2013-09-30": "", "2013-06-30": "", "2013-03-31": "", "2012-12-31": "", "2012-09-30": "", "2012-06-30": "", "2012-03-31": "", "2011-12-31": "", "2011-09-30": "", "2011-06-30": "", "2011-03-31": "", "2010-12-31": "", "2010-09-30": "", "2010-06-30": "", "2010-03-31": "", "2009-12-31": "", "2009-09-30": "", "2009-06-30": "", "2009-03-31": "", "2008-12-31": "", "2008-09-30": "", "2008-06-30": "", "2008-03-31": "", "2007-12-31": "", "2007-09-30": "", "2007-06-30": "", "2007-03-31": "", "2006-12-31": "", "2006-09-30": "", "2006-06-30": "", "2006-03-31": "", "2005-12-31": "", "2005-09-30": "", "2005-06-30": "", "2005-03-31": ""}, "Other Current Assets": {"2020-09-30": "", "2020-06-30": "", "2020-03-31": "", "2019-12-31": "", "2019-09-30": "", "2019-06-30": "", "2019-03-31": "", "2018-12-31": "", "2018-09-30": "", "2018-06-30": "", "2018-03-31": "", "2017-12-31": "", "2017-09-30": "", "2017-06-30": "", "2017-03-31": "", "2016-12-31": "", "2016-09-30": "", "2016-06-30": "", "2016-03-31": "", "2015-12-31": "", "2015-09-30": "", "2015-06-30": "", "2015-03-31": "", "2014-12-31": "", "2014-09-30": "", "2014-06-30": "", "2014-03-31": "", "2013-12-31": "", "2013-09-30": "", "2013-06-30": "", "2013-03-31": "", "2012-12-31": "", "2012-09-30": "", "2012-06-30": "", "2012-03-31": "", "2011-12-31": "", "2011-09-30": "", "2011-06-30": "", "2011-03-31": "", "2010-12-31": "", "2010-09-30": "", "2010-06-30": "", "2010-03-31": "", "2009-12-31": "", "2009-09-30": "", "2009-06-30": "", "2009-03-31": "", "2008-12-31": "", "2008-09-30": "", "2008-06-30": "", "2008-03-31": "", "2007-12-31": "", "2007-09-30": "", "2007-06-30": "", "2007-03-31": "", "2006-12-31": "", "2006-09-30": "", "2006-06-30": "", "2006-03-31": "", "2005-12-31": "", "2005-09-30": "", "2005-06-30": "", "2005-03-31": ""}, "Total Current Assets": {"2020-09-30": "2534.60800", "2020-06-30": "4763.79500", "2020-03-31": "4518.34300", "2019-12-31": "1501.52400", "2019-09-30": "4422.84700", "2019-06-30": "1216.13800", "2019-03-31": "1169.96100", "2018-12-31": "1278.15000", "2018-09-30": "1418.44800", "2018-06-30": "1395.79800", "2018-03-31": "1053.36500", "2017-12-31": "2224.98100", "2017-09-30": "1195.02200", "2017-06-30": "1128.69400", "2017-03-31": "1135.00000", "2016-12-31": "1224.67800", "2016-09-30": "1441.17000", "2016-06-30": "1485.09800", "2016-03-31": "1378.33100", "2015-12-31": "1325.73900", "2015-09-30": "1421.20500", "2015-06-30": "1102.82900", "2015-03-31": "1357.46600", "2014-12-31": "1192.47900", "2014-09-30": "1334.85500", "2014-06-30": "2153.65600", "2014-03-31": "1543.84700", "2013-12-31": "2211.36700", "2013-09-30": "1629.21400", "2013-06-30": "1587.21700", "2013-03-31": "1284.07600", "2012-12-31": "1705.81900", "2012-09-30": "909.10900", "2012-06-30": "1062.41600", "2012-03-31": "1297.63400", "2011-12-31": "1936.38100", "2011-09-30": "1640.73900", "2011-06-30": "1822.60800", "2011-03-31": "1659.70000", "2010-12-31": "1874.45400", "2010-09-30": "2045.74200", "2010-06-30": "3298.33000", "2010-03-31": "4314.11100", "2009-12-31": "4992.44700", "2009-09-30": "4734.33200", "2009-06-30": "3557.79600", "2009-03-31": "1798.42300", "2008-12-31": "1709.10000", "2008-09-30": "1545.54300", "2008-06-30": "1394.99700", "2008-03-31": "1343.04600", "2007-12-31": "1497.20600", "2007-09-30": "1529.99100", "2007-06-30": "1238.53100", "2007-03-31": "2152.83400", "2006-12-31": "1309.48800", "2006-09-30": "635.90000", "2006-06-30": "638.25400", "2006-03-31": "622.14400", "2005-12-31": "694.12700", "2005-09-30": "729.68800", "2005-06-30": "686.18100", "2005-03-31": "603.45400"}, "Property, Plant, And Equipment": {"2020-09-30": "23381.91000", "2020-06-30": "23582.28000", "2020-03-31": "23812.66000", "2019-12-31": "23898.72000", "2019-09-30": "23882.23000", "2019-06-30": "24014.63000", "2019-03-31": "24073.90000", "2018-12-31": "24208.13000", "2018-09-30": "24304.89000", "2018-06-30": "24074.64000", "2018-03-31": "24308.98000", "2017-12-31": "24457.52000", "2017-09-30": "24259.38000", "2017-06-30": "24317.05000", "2017-03-31": "24229.74000", "2016-12-31": "24360.34000", "2016-09-30": "24531.36000", "2016-06-30": "23988.13000", "2016-03-31": "24083.17000", "2015-12-31": "23547.74000", "2015-09-30": "23543.73000", "2015-06-30": "23489.67000", "2015-03-31": "23391.31000", "2014-12-31": "22367.79000", "2014-09-30": "22293.80000", "2014-06-30": "22382.86000", "2014-03-31": "25288.47000", "2013-12-31": "22243.85000", "2013-09-30": "24960.60000", "2013-06-30": "25091.16000", "2013-03-31": "25088.92000", "2012-12-31": "25184.13000", "2012-09-30": "25265.66000", "2012-06-30": "25236.01000", "2012-03-31": "25335.73000", "2011-12-31": "21268.92000", "2011-09-30": "20521.60000", "2011-06-30": "19398.44000", "2011-03-31": "19651.37000", "2010-12-31": "19797.43000", "2010-09-30": "19964.25000", "2010-06-30": "18053.56000", "2010-03-31": "18085.14000", "2009-12-31": "18331.65000", "2009-09-30": "18568.00000", "2009-06-30": "18723.22000", "2009-03-31": "18876.31000", "2008-12-31": "19021.43000", "2008-09-30": "19059.18000", "2008-06-30": "19091.39000", "2008-03-31": "19093.56000", "2007-12-31": "19102.93000", "2007-09-30": "18998.66000", "2007-06-30": "18660.42000", "2007-03-31": "18600.50000", "2006-12-31": "18257.83000", "2006-09-30": "17879.22000", "2006-06-30": "17831.73000", "2006-03-31": "17849.14000", "2005-12-31": "17936.02000", "2005-09-30": "17962.29000", "2005-06-30": "17721.10000", "2005-03-31": "17918.02000"}, "Long-Term Investments": {"2020-09-30": "", "2020-06-30": "", "2020-03-31": "", "2019-12-31": "", "2019-09-30": "", "2019-06-30": "", "2019-03-31": "", "2018-12-31": "", "2018-09-30": "", "2018-06-30": "", "2018-03-31": "", "2017-12-31": "", "2017-09-30": "", "2017-06-30": "", "2017-03-31": "", "2016-12-31": "", "2016-09-30": "", "2016-06-30": "", "2016-03-31": "", "2015-12-31": "", "2015-09-30": "", "2015-06-30": "", "2015-03-31": "", "2014-12-31": "", "2014-09-30": "", "2014-06-30": "", "2014-03-31": "", "2013-12-31": "", "2013-09-30": "", "2013-06-30": "", "2013-03-31": "", "2012-12-31": "", "2012-09-30": "", "2012-06-30": "", "2012-03-31": "", "2011-12-31": "", "2011-09-30": "", "2011-06-30": "", "2011-03-31": "", "2010-12-31": "", "2010-09-30": "", "2010-06-30": "", "2010-03-31": "", "2009-12-31": "", "2009-09-30": "", "2009-06-30": "", "2009-03-31": "", "2008-12-31": "", "2008-09-30": "", "2008-06-30": "", "2008-03-31": "", "2007-12-31": "", "2007-09-30": "", "2007-06-30": "", "2007-03-31": "", "2006-12-31": "", "2006-09-30": "", "2006-06-30": "", "2006-03-31": "", "2005-12-31": "", "2005-09-30": "", "2005-06-30": "", "2005-03-31": ""}, "Goodwill And Intangible Assets": {"2020-09-30": "", "2020-06-30": "", "2020-03-31": "", "2019-12-31": "", "2019-09-30": "", "2019-06-30": "", "2019-03-31": "", "2018-12-31": "", "2018-09-30": "", "2018-06-30": "", "2018-03-31": "", "2017-12-31": "", "2017-09-30": "", "2017-06-30": "", "2017-03-31": "", "2016-12-31": "", "2016-09-30": "", "2016-06-30": "", "2016-03-31": "", "2015-12-31": "", "2015-09-30": "", "2015-06-30": "", "2015-03-31": "", "2014-12-31": "", "2014-09-30": "", "2014-06-30": "", "2014-03-31": "", "2013-12-31": "", "2013-09-30": "", "2013-06-30": "", "2013-03-31": "", "2012-12-31": "", "2012-09-30": "", "2012-06-30": "", "2012-03-31": "", "2011-12-31": "", "2011-09-30": "", "2011-06-30": "", "2011-03-31": "", "2010-12-31": "", "2010-09-30": "", "2010-06-30": "", "2010-03-31": "", "2009-12-31": "", "2009-09-30": "", "2009-06-30": "", "2009-03-31": "", "2008-12-31": "", "2008-09-30": "", "2008-06-30": "", "2008-03-31": "", "2007-12-31": "", "2007-09-30": "", "2007-06-30": "", "2007-03-31": "", "2006-12-31": "", "2006-09-30": "", "2006-06-30": "", "2006-03-31": "", "2005-12-31": "", "2005-09-30": "", "2005-06-30": "", "2005-03-31": ""}, "Other Long-Term Assets": {"2020-09-30": "4091.01500", "2020-06-30": "4029.96600", "2020-03-31": "4042.98500", "2019-12-31": "4102.70200", "2019-09-30": "3735.66700", "2019-06-30": "3860.14700", "2019-03-31": "3873.94400", "2018-12-31": "3989.90200", "2018-09-30": "4058.34300", "2018-06-30": "4074.98800", "2018-03-31": "4280.87500", "2017-12-31": "4201.15900", "2017-09-30": "4239.17000", "2017-06-30": "4151.59500", "2017-03-31": "4196.68700", "2016-12-31": "4164.97700", "2016-09-30": "4336.64900", "2016-06-30": "4569.57200", "2016-03-31": "4469.38400", "2015-12-31": "4424.93700", "2015-09-30": "4489.11700", "2015-06-30": "4364.01200", "2015-03-31": "3881.88100", "2014-12-31": "4165.27700", "2014-09-30": "4327.16500", "2014-06-30": "4526.01800", "2014-03-31": "4358.29400", "2013-12-31": "4444.26000", "2013-09-30": "3963.13000", "2013-06-30": "3862.34200", "2013-03-31": "3993.03900", "2012-12-31": "4125.92000", "2012-09-30": "3958.77900", "2012-06-30": "3942.66200", "2012-03-31": "3985.30000", "2011-12-31": "1378.08400", "2011-09-30": "1461.69400", "2011-06-30": "1345.91200", "2011-03-31": "1379.11200", "2010-12-31": "1390.10500", "2010-09-30": "1412.20700", "2010-06-30": "1404.36700", "2010-03-31": "1418.98700", "2009-12-31": "1468.57700", "2009-09-30": "1507.48300", "2009-06-30": "1552.30300", "2009-03-31": "1573.35000", "2008-12-31": "1663.88600", "2008-09-30": "1696.72600", "2008-06-30": "1848.73000", "2008-03-31": "1868.11500", "2007-12-31": "1886.89100", "2007-09-30": "1996.54000", "2007-06-30": "1852.81900", "2007-03-31": "1874.25500", "2006-12-31": "1526.23500", "2006-09-30": "1492.52200", "2006-06-30": "1523.52900", "2006-03-31": "1567.23000", "2005-12-31": "1562.59500", "2005-09-30": "1598.39100", "2005-06-30": "1709.89900", "2005-03-31": "1828.92500"}, "Total Long-Term Assets": {"2020-09-30": "28611.96000", "2020-06-30": "28745.31000", "2020-03-31": "29083.60000", "2019-12-31": "29215.45000", "2019-09-30": "29421.38000", "2019-06-30": "29516.78000", "2019-03-31": "29671.81000", "2018-12-31": "29408.07000", "2018-09-30": "29661.25000", "2018-06-30": "29447.34000", "2018-03-31": "29964.50000", "2017-12-31": "30032.66000", "2017-09-30": "29837.39000", "2017-06-30": "29837.27000", "2017-03-31": "29811.09000", "2016-12-31": "29878.90000", "2016-09-30": "30227.68000", "2016-06-30": "29894.69000", "2016-03-31": "30020.17000", "2015-12-31": "29239.44000", "2015-09-30": "29427.03000", "2015-06-30": "29187.63000", "2015-03-31": "29124.99000", "2014-12-31": "28339.85000", "2014-09-30": "28337.31000", "2014-06-30": "28432.76000", "2014-03-31": "31211.75000", "2013-12-31": "31113.21000", "2013-09-30": "30482.20000", "2013-06-30": "30427.92000", "2013-03-31": "30602.05000", "2012-12-31": "30880.79000", "2012-09-30": "31068.87000", "2012-06-30": "30924.17000", "2012-03-31": "31119.83000", "2011-12-31": "24280.54000", "2011-09-30": "23934.47000", "2011-06-30": "22711.41000", "2011-03-31": "22909.57000", "2010-12-31": "22982.98000", "2010-09-30": "22742.55000", "2010-06-30": "20626.29000", "2010-03-31": "20663.16000", "2009-12-31": "20955.82000", "2009-09-30": "21242.27000", "2009-06-30": "21452.52000", "2009-03-31": "21489.06000", "2008-12-31": "21713.65000", "2008-09-30": "22218.73000", "2008-06-30": "22274.76000", "2008-03-31": "22160.08000", "2007-12-31": "22108.46000", "2007-09-30": "22128.38000", "2007-06-30": "21645.73000", "2007-03-31": "21590.76000", "2006-12-31": "20774.96000", "2006-09-30": "20367.72000", "2006-06-30": "20277.61000", "2006-03-31": "20394.82000", "2005-12-31": "20436.91000", "2005-09-30": "20610.20000", "2005-06-30": "20631.88000", "2005-03-31": "20913.22000"}, "Total Assets": {"2020-09-30": "31661.57000", "2020-06-30": "34026.17000", "2020-03-31": "34121.11000", "2019-12-31": "31231.63000", "2019-09-30": "33844.23000", "2019-06-30": "30732.91000", "2019-03-31": "30841.78000", "2018-12-31": "30686.22000", "2018-09-30": "31079.69000", "2018-06-30": "30843.14000", "2018-03-31": "31017.86000", "2017-12-31": "32257.64000", "2017-09-30": "31032.41000", "2017-06-30": "30965.97000", "2017-03-31": "30946.09000", "2016-12-31": "31103.58000", "2016-09-30": "31668.85000", "2016-06-30": "31379.78000", "2016-03-31": "31398.50000", "2015-12-31": "30565.18000", "2015-09-30": "30848.23000", "2015-06-30": "30290.46000", "2015-03-31": "30482.45000", "2014-12-31": "29532.33000", "2014-09-30": "29672.16000", "2014-06-30": "30586.41000", "2014-03-31": "32755.60000", "2013-12-31": "33324.57000", "2013-09-30": "32111.41000", "2013-06-30": "32015.14000", "2013-03-31": "31886.12000", "2012-12-31": "32586.61000", "2012-09-30": "31977.98000", "2012-06-30": "31986.58000", "2012-03-31": "32417.46000", "2011-12-31": "26216.93000", "2011-09-30": "25575.21000", "2011-06-30": "24534.02000", "2011-03-31": "24569.27000", "2010-12-31": "24857.43000", "2010-09-30": "24788.29000", "2010-06-30": "23924.62000", "2010-03-31": "24977.28000", "2009-12-31": "25948.27000", "2009-09-30": "25976.60000", "2009-06-30": "25010.32000", "2009-03-31": "23287.49000", "2008-12-31": "23422.75000", "2008-09-30": "23764.28000", "2008-06-30": "23669.76000", "2008-03-31": "23503.13000", "2007-12-31": "23605.66000", "2007-09-30": "23658.37000", "2007-06-30": "22884.26000", "2007-03-31": "23743.59000", "2006-12-31": "22084.46000", "2006-09-30": "21003.62000", "2006-06-30": "20915.87000", "2006-03-31": "21016.97000", "2005-12-31": "21131.04000", "2005-09-30": "21339.88000", "2005-06-30": "21318.07000", "2005-03-31": "21516.68000"}, "Total Current Liabilities": {"2020-09-30": "1299.06200", "2020-06-30": "1216.83100", "2020-03-31": "1253.75700", "2019-12-31": "1390.68200", "2019-09-30": "1324.11000", "2019-06-30": "1227.79900", "2019-03-31": "1157.47700", "2018-12-31": "1316.86100", "2018-09-30": "1268.09900", "2018-06-30": "1230.77500", "2018-03-31": "1180.85100", "2017-12-31": "1269.19000", "2017-09-30": "1290.38200", "2017-06-30": "1205.26700", "2017-03-31": "1081.18500", "2016-12-31": "1214.02200", "2016-09-30": "1240.71300", "2016-06-30": "1209.51800", "2016-03-31": "1167.10100", "2015-12-31": "1323.80100", "2015-09-30": "1307.70700", "2015-06-30": "1215.44400", "2015-03-31": "1122.44400", "2014-12-31": "1259.68100", "2014-09-30": "1150.90000", "2014-06-30": "1147.42500", "2014-03-31": "1259.45200", "2013-12-31": "1223.10200", "2013-09-30": "1328.08900", "2013-06-30": "1273.21100", "2013-03-31": "1231.29800", "2012-12-31": "1374.17200", "2012-09-30": "1204.43800", "2012-06-30": "1168.63600", "2012-03-31": "1127.79400", "2011-12-31": "1091.71200", "2011-09-30": "1151.19000", "2011-06-30": "1049.31300", "2011-03-31": "1014.41300", "2010-12-31": "993.73800", "2010-09-30": "984.24000", "2010-06-30": "920.77800", "2010-03-31": "952.52600", "2009-12-31": "987.53000", "2009-09-30": "1050.26900", "2009-06-30": "984.85100", "2009-03-31": "981.90500", "2008-12-31": "1086.24800", "2008-09-30": "1151.17600", "2008-06-30": "1127.78000", "2008-03-31": "1066.47100", "2007-12-31": "1251.04400", "2007-09-30": "1131.25700", "2007-06-30": "1113.21300", "2007-03-31": "1082.80900", "2006-12-31": "1109.19000", "2006-09-30": "1036.21900", "2006-06-30": "976.82300", "2006-03-31": "1013.28300", "2005-12-31": "1092.33400", "2005-09-30": "1098.77300", "2005-06-30": "1016.17900", "2005-03-31": "1001.38200"}, "Long Term Debt": {"2020-09-30": "25139.68000", "2020-06-30": "27268.88000", "2020-03-31": "27553.41000", "2019-12-31": "24163.23000", "2019-09-30": "26643.88000", "2019-06-30": "23324.68000", "2019-03-31": "23185.96000", "2018-12-31": "23305.54000", "2018-09-30": "23678.26000", "2018-06-30": "23505.00000", "2018-03-31": "23647.62000", "2017-12-31": "24632.46000", "2017-09-30": "23410.36000", "2017-06-30": "23422.69000", "2017-03-31": "23149.05000", "2016-12-31": "22977.10000", "2016-09-30": "23078.52000", "2016-06-30": "22923.94000", "2016-03-31": "22975.82000", "2015-12-31": "22416.68000", "2015-09-30": "22629.05000", "2015-06-30": "22070.78000", "2015-03-31": "21694.05000", "2014-12-31": "20852.99000", "2014-09-30": "21202.36000", "2014-06-30": "21901.06000", "2014-03-31": "23186.61000", "2013-12-31": "22669.92000", "2013-09-30": "22729.65000", "2013-06-30": "22687.62000", "2013-03-31": "22572.62000", "2012-12-31": "23113.01000", "2012-09-30": "22569.63000", "2012-06-30": "22466.56000", "2012-03-31": "22800.56000", "2011-12-31": "18446.44000", "2011-09-30": "17902.96000", "2011-06-30": "17013.89000", "2011-03-31": "17171.72000", "2010-12-31": "17473.76000", "2010-09-30": "17485.47000", "2010-06-30": "17071.02000", "2010-03-31": "17883.19000", "2009-12-31": "18630.30000", "2009-09-30": "18669.12000", "2009-06-30": "17936.40000", "2009-03-31": "17385.05000", "2008-12-31": "18042.53000", "2008-09-30": "17879.27000", "2008-06-30": "17693.77000", "2008-03-31": "17445.75000", "2007-12-31": "17218.67000", "2007-09-30": "17266.45000", "2007-06-30": "16438.85000", "2007-03-31": "17152.42000", "2006-12-31": "15394.49000", "2006-09-30": "14241.94000", "2006-06-30": "14133.59000", "2006-03-31": "14139.26000", "2005-12-31": "14106.12000", "2005-09-30": "14330.20000", "2005-06-30": "14247.22000", "2005-03-31": "14528.80000"}, "Other Non-Current Liabilities": {"2020-09-30": "2501.96800", "2020-06-30": "2498.20900", "2020-03-31": "2069.41900", "2019-12-31": "2030.59800", "2019-09-30": "2569.19800", "2019-06-30": "2585.44000", "2019-03-31": "2572.51000", "2018-12-31": "2036.70800", "2018-09-30": "2037.89200", "2018-06-30": "2030.73400", "2018-03-31": "1954.37000", "2017-12-31": "1926.74100", "2017-09-30": "1902.33300", "2017-06-30": "1862.47600", "2017-03-31": "1820.00300", "2016-12-31": "1814.77800", "2016-09-30": "1863.45700", "2016-06-30": "1771.51100", "2016-03-31": "1737.50500", "2015-12-31": "1582.79300", "2015-09-30": "1558.62600", "2015-06-30": "1592.62400", "2015-03-31": "1668.42800", "2014-12-31": "1442.61400", "2014-09-30": "1426.71100", "2014-06-30": "1396.78400", "2014-03-31": "1337.64400", "2013-12-31": "1300.64900", "2013-09-30": "1069.38100", "2013-06-30": "1068.03900", "2013-03-31": "1071.52000", "2012-12-31": "1028.33200", "2012-09-30": "1028.85800", "2012-06-30": "957.31100", "2012-03-31": "933.18800", "2011-12-31": "866.54000", "2011-09-30": "837.68900", "2011-06-30": "811.55400", "2011-03-31": "732.85400", "2010-12-31": "670.71000", "2010-09-30": "625.03200", "2010-06-30": "524.31800", "2010-03-31": "651.94100", "2009-12-31": "617.09900", "2009-09-30": "625.80300", "2009-06-30": "592.08900", "2009-03-31": "589.87500", "2008-12-31": "535.88100", "2008-09-30": "540.83810", "2008-06-30": "558.94190", "2008-03-31": "566.99300", "2007-12-31": "533.44200", "2007-09-30": "413.99100", "2007-06-30": "421.12900", "2007-03-31": "435.80900", "2006-12-31": "405.83800", "2006-09-30": "413.63310", "2006-06-30": "401.26200", "2006-03-31": "363.90900", "2005-12-31": "358.00000", "2005-09-30": "294.58000", "2005-06-30": "275.44890", "2005-03-31": "204.93900"}, "Total Long Term Liabilities": {"2020-09-30": "27828.84000", "2020-06-30": "29954.48000", "2020-03-31": "29835.02000", "2019-12-31": "26412.89000", "2019-09-30": "29439.96000", "2019-06-30": "26141.44000", "2019-03-31": "25984.36000", "2018-12-31": "25572.41000", "2018-09-30": "25914.09000", "2018-06-30": "25733.74000", "2018-03-31": "25803.67000", "2017-12-31": "26749.68000", "2017-09-30": "25499.42000", "2017-06-30": "25469.54000", "2017-03-31": "25135.90000", "2016-12-31": "24929.64000", "2016-09-30": "25101.32000", "2016-06-30": "24852.89000", "2016-03-31": "24868.86000", "2015-12-31": "24025.01000", "2015-09-30": "24213.22000", "2015-06-30": "23688.94000", "2015-03-31": "23388.02000", "2014-12-31": "22321.14000", "2014-09-30": "22654.61000", "2014-06-30": "23323.38000", "2014-03-31": "24631.87000", "2013-12-31": "25278.84000", "2013-09-30": "23978.83000", "2013-06-30": "23935.68000", "2013-03-31": "23831.54000", "2012-12-31": "24319.35000", "2012-09-30": "23952.50000", "2012-06-30": "23687.35000", "2012-03-31": "23996.14000", "2011-12-31": "19580.92000", "2011-09-30": "18912.01000", "2011-06-30": "17915.61000", "2011-03-31": "17994.79000", "2010-12-31": "18229.94000", "2010-09-30": "18196.19000", "2010-06-30": "17678.34000", "2010-03-31": "18883.22000", "2009-12-31": "19777.78000", "2009-09-30": "19825.36000", "2009-06-30": "19099.50000", "2009-03-31": "18631.04000", "2008-12-31": "19234.53000", "2008-09-30": "19300.01000", "2008-06-30": "19159.64000", "2008-03-31": "18957.94000", "2007-12-31": "18791.23000", "2007-09-30": "18750.07000", "2007-06-30": "17944.18000", "2007-03-31": "18709.46000", "2006-12-31": "16995.62000", "2006-09-30": "15863.41000", "2006-06-30": "15768.73000", "2006-03-31": "15758.54000", "2005-12-31": "15731.41000", "2005-09-30": "15912.25000", "2005-06-30": "15849.61000", "2005-03-31": "16077.10000"}, "Total Liabilities": {"2020-09-30": "29645.36000", "2020-06-30": "31690.73000", "2020-03-31": "31610.16000", "2019-12-31": "28320.38000", "2019-09-30": "30764.07000", "2019-06-30": "27369.24000", "2019-03-31": "27141.83000", "2018-12-31": "26889.26000", "2018-09-30": "27182.20000", "2018-06-30": "26964.51000", "2018-03-31": "26984.52000", "2017-12-31": "28018.87000", "2017-09-30": "26789.80000", "2017-06-30": "26674.81000", "2017-03-31": "26217.09000", "2016-12-31": "26143.67000", "2016-09-30": "26342.04000", "2016-06-30": "26062.41000", "2016-03-31": "26035.96000", "2015-12-31": "25348.81000", "2015-09-30": "25520.92000", "2015-06-30": "24904.38000", "2015-03-31": "24510.46000", "2014-12-31": "23580.82000", "2014-09-30": "23805.51000", "2014-06-30": "24470.80000", "2014-03-31": "25891.32000", "2013-12-31": "26501.94000", "2013-09-30": "25306.92000", "2013-06-30": "25208.89000", "2013-03-31": "25062.84000", "2012-12-31": "25693.52000", "2012-09-30": "25156.94000", "2012-06-30": "24855.98000", "2012-03-31": "25123.93000", "2011-12-31": "20672.64000", "2011-09-30": "20063.20000", "2011-06-30": "18964.92000", "2011-03-31": "19009.21000", "2010-12-31": "19223.68000", "2010-09-30": "19180.43000", "2010-06-30": "18599.12000", "2010-03-31": "19835.75000", "2009-12-31": "20765.30000", "2009-09-30": "20875.63000", "2009-06-30": "20084.35000", "2009-03-31": "19612.95000", "2008-12-31": "20320.78000", "2008-09-30": "20451.18000", "2008-06-30": "20287.42000", "2008-03-31": "20024.41000", "2007-12-31": "20042.28000", "2007-09-30": "19881.33000", "2007-06-30": "19057.39000", "2007-03-31": "19792.27000", "2006-12-31": "18104.81000", "2006-09-30": "16899.63000", "2006-06-30": "16745.56000", "2006-03-31": "16771.82000", "2005-12-31": "16823.74000", "2005-09-30": "17011.03000", "2005-06-30": "16865.79000", "2005-03-31": "17078.48000"}, "Common Stock Net": {"2020-09-30": "0.03200", "2020-06-30": "0.03200", "2020-03-31": "0.03200", "2019-12-31": "0.03200", "2019-09-30": "0.03200", "2019-06-30": "0.03200", "2019-03-31": "0.03200", "2018-12-31": "0.03200", "2018-09-30": "0.03200", "2018-06-30": "0.03200", "2018-03-31": "0.03200", "2017-12-31": "0.03200", "2017-09-30": "0.03200", "2017-06-30": "0.03200", "2017-03-31": "0.03200", "2016-12-31": "0.03200", "2016-09-30": "0.03200", "2016-06-30": "0.03200", "2016-03-31": "0.03100", "2015-12-31": "0.03100", "2015-09-30": "0.03100", "2015-06-30": "0.03100", "2015-03-31": "0.03100", "2014-12-31": "0.03100", "2014-09-30": "0.03100", "2014-06-30": "0.03100", "2014-03-31": "0.03100", "2013-12-31": "0.03100", "2013-09-30": "0.03100", "2013-06-30": "0.03100", "2013-03-31": "0.03100", "2012-12-31": "0.03100", "2012-09-30": "0.03100", "2012-06-30": "0.03100", "2012-03-31": "0.03100", "2011-12-31": "0.03000", "2011-09-30": "0.03000", "2011-06-30": "0.03000", "2011-03-31": "0.03000", "2010-12-31": "0.03000", "2010-09-30": "0.03000", "2010-06-30": "0.03000", "2010-03-31": "0.02900", "2009-12-31": "0.02900", "2009-09-30": "0.02900", "2009-06-30": "0.02900", "2009-03-31": "0.04600", "2008-12-31": "0.02400", "2008-09-30": "0.02400", "2008-06-30": "0.02400", "2008-03-31": "0.02400", "2007-12-31": "0.02300", "2007-09-30": "0.02300", "2007-06-30": "0.02300", "2007-03-31": "0.02300", "2006-12-31": "0.02300", "2006-09-30": "0.02300", "2006-06-30": "0.02300", "2006-03-31": "0.02300", "2005-12-31": "0.02300", "2005-09-30": "0.02300", "2005-06-30": "0.02300", "2005-03-31": "0.02300"}, "Retained Earnings (Accumulated Deficit)": {"2020-09-30": "-5953.16600", "2020-06-30": "-5703.18300", "2020-03-31": "-5583.48500", "2019-12-31": "-5379.95200", "2019-09-30": "-5223.09300", "2019-06-30": "-5122.28100", "2019-03-31": "-4979.48900", "2018-12-31": "-4893.06900", "2018-09-30": "-4896.75400", "2018-06-30": "-4833.82600", "2018-03-31": "-4774.44200", "2017-12-31": "-4782.17300", "2017-09-30": "-4776.51200", "2017-06-30": "-4731.40200", "2017-03-31": "-4559.03700", "2016-12-31": "-4459.38700", "2016-09-30": "-4349.70500", "2016-06-30": "-4341.31600", "2016-03-31": "-4288.65000", "2015-12-31": "-4266.93000", "2015-09-30": "-4159.15600", "2015-06-30": "-4097.32900", "2015-03-31": "-4112.13900", "2014-12-31": "-4208.18300", "2014-09-30": "-4200.22600", "2014-06-30": "-4049.07900", "2014-03-31": "-3273.09200", "2013-12-31": "-3218.68600", "2013-09-30": "-3218.89000", "2013-06-30": "-3174.26600", "2013-03-31": "-3164.87600", "2012-12-31": "-3083.19000", "2012-09-30": "-3057.32800", "2012-06-30": "-2974.23100", "2012-03-31": "-2885.66600", "2011-12-31": "-3251.74000", "2011-09-30": "-3220.05200", "2011-06-30": "-3202.85200", "2011-03-31": "-3173.87300", "2010-12-31": "-3114.57100", "2010-09-30": "-3099.68900", "2010-06-30": "-3154.72300", "2010-03-31": "-3119.32000", "2009-12-31": "-2955.67100", "2009-09-30": "-2872.68500", "2009-06-30": "-2793.21700", "2009-03-31": "-2602.75200", "2008-12-31": "-2491.92900", "2008-09-30": "-2384.36300", "2008-06-30": "-2294.23000", "2008-03-31": "-2168.25500", "2007-12-31": "-2055.44700", "2007-09-30": "-1979.51700", "2007-06-30": "-1957.26200", "2007-03-31": "-1829.52000", "2006-12-31": "-1740.89700", "2006-09-30": "-1777.37300", "2006-06-30": "-1699.81300", "2006-03-31": "-1614.66400", "2005-12-31": "-1551.17900", "2005-09-30": "-1512.94400", "2005-06-30": "-1432.86400", "2005-03-31": "-1432.81900"}, "Comprehensive Income": {"2020-09-30": "-180.46800", "2020-06-30": "-155.12600", "2020-03-31": "-119.30100", "2019-12-31": "-118.60400", "2019-09-30": "-121.59600", "2019-06-30": "-128.74300", "2019-03-31": "-120.96200", "2018-12-31": "-126.01700", "2018-09-30": "-118.59300", "2018-06-30": "-115.28500", "2018-03-31": "-102.74700", "2017-12-31": "-110.45300", "2017-09-30": "-111.03900", "2017-06-30": "-103.87200", "2017-03-31": "-100.84300", "2016-12-31": "-114.12600", "2016-09-30": "-115.83200", "2016-06-30": "-119.91500", "2016-03-31": "-117.71700", "2015-12-31": "-252.68600", "2015-09-30": "-248.36900", "2015-06-30": "-246.57500", "2015-03-31": "-151.83100", "2014-12-31": "-61.04100", "2014-09-30": "-125.41400", "2014-06-30": "-61.73600", "2014-03-31": "-67.57900", "2013-12-31": "-75.79500", "2013-09-30": "-76.70200", "2013-06-30": "-102.32700", "2013-03-31": "-82.73400", "2012-12-31": "-90.90000", "2012-09-30": "-64.77600", "2012-06-30": "-81.65600", "2012-03-31": "-23.72000", "2011-12-31": "-94.26300", "2011-09-30": "-102.00400", "2011-06-30": "45.85300", "2011-03-31": "20.47800", "2010-12-31": "6.53000", "2010-09-30": "-25.85100", "2010-06-30": "-69.13400", "2010-03-31": "-27.51700", "2009-12-31": "-3.08800", "2009-09-30": "-15.15800", "2009-06-30": "-52.11600", "2009-03-31": "-218.47900", "2008-12-31": "-165.06600", "2008-09-30": "9.57100", "2008-06-30": "5.07100", "2008-03-31": "-17.60400", "2007-12-31": "18.08700", "2007-09-30": "21.27500", "2007-06-30": "22.90600", "2007-03-31": "18.79000", "2006-12-31": "19.23900", "2006-09-30": "17.37700", "2006-06-30": "18.45300", "2006-03-31": "10.83500", "2005-12-31": "9.79300", "2005-09-30": "4.21700", "2005-06-30": "7.05300", "2005-03-31": "14.60900"}, "Other Share Holders Equity": {"2020-09-30": "", "2020-06-30": "", "2020-03-31": "", "2019-12-31": "", "2019-09-30": "", "2019-06-30": "", "2019-03-31": "", "2018-12-31": "", "2018-09-30": "", "2018-06-30": "", "2018-03-31": "", "2017-12-31": "", "2017-09-30": "", "2017-06-30": "", "2017-03-31": "", "2016-12-31": "", "2016-09-30": "", "2016-06-30": "", "2016-03-31": "", "2015-12-31": "", "2015-09-30": "", "2015-06-30": "", "2015-03-31": "", "2014-12-31": "", "2014-09-30": "", "2014-06-30": "", "2014-03-31": "", "2013-12-31": "", "2013-09-30": "", "2013-06-30": "", "2013-03-31": "", "2012-12-31": "", "2012-09-30": "", "2012-06-30": "", "2012-03-31": "", "2011-12-31": "", "2011-09-30": "", "2011-06-30": "", "2011-03-31": "", "2010-12-31": "", "2010-09-30": "", "2010-06-30": "", "2010-03-31": "", "2009-12-31": "", "2009-09-30": "", "2009-06-30": "", "2009-03-31": "", "2008-12-31": "", "2008-09-30": "", "2008-06-30": "", "2008-03-31": "", "2007-12-31": "", "2007-09-30": "", "2007-06-30": "", "2007-03-31": "", "2006-12-31": "", "2006-09-30": "", "2006-06-30": "", "2006-03-31": "", "2005-12-31": "", "2005-09-30": "", "2005-06-30": "", "2005-03-31": ""}, "Share Holder Equity": {"2020-09-30": "2016.21600", "2020-06-30": "2335.43900", "2020-03-31": "2510.95300", "2019-12-31": "2911.25000", "2019-09-30": "3080.15200", "2019-06-30": "3363.67200", "2019-03-31": "3699.94200", "2018-12-31": "3796.95600", "2018-09-30": "3897.50100", "2018-06-30": "3878.62800", "2018-03-31": "4033.33600", "2017-12-31": "4238.76400", "2017-09-30": "4242.60600", "2017-06-30": "4291.15900", "2017-03-31": "4729.00500", "2016-12-31": "4959.91200", "2016-09-30": "5326.81300", "2016-06-30": "5317.37700", "2016-03-31": "5362.54100", "2015-12-31": "5216.36900", "2015-09-30": "5327.30600", "2015-06-30": "5386.07600", "2015-03-31": "5971.99000", "2014-12-31": "5951.50500", "2014-09-30": "5866.65700", "2014-06-30": "6115.60800", "2014-03-31": "6864.28100", "2013-12-31": "6822.63200", "2013-09-30": "6804.49300", "2013-06-30": "6806.24700", "2013-03-31": "6823.27900", "2012-12-31": "6893.08900", "2012-09-30": "6821.04100", "2012-06-30": "7130.59900", "2012-03-31": "7293.53400", "2011-12-31": "5544.28800", "2011-09-30": "5512.01000", "2011-06-30": "5569.10100", "2011-03-31": "5560.06700", "2010-12-31": "5633.75200", "2010-09-30": "5607.86200", "2010-06-30": "5325.50100", "2010-03-31": "5141.52700", "2009-12-31": "5182.96200", "2009-09-30": "5100.97300", "2009-06-30": "4925.97100", "2009-03-31": "3674.54000", "2008-12-31": "3101.96700", "2008-09-30": "3313.09100", "2008-06-30": "3382.34400", "2008-03-31": "3478.71500", "2007-12-31": "3563.38300", "2007-09-30": "3777.03600", "2007-06-30": "3826.87200", "2007-03-31": "3951.31700", "2006-12-31": "3979.64200", "2006-09-30": "4103.99200", "2006-06-30": "4170.31100", "2006-03-31": "4245.14700", "2005-12-31": "4307.29600", "2005-09-30": "4328.85900", "2005-06-30": "4452.28000", "2005-03-31": "4438.20000"}, "Total Liabilities And Share Holders Equity": {"2020-09-30": "31661.57000", "2020-06-30": "34026.17000", "2020-03-31": "34121.11000", "2019-12-31": "31231.63000", "2019-09-30": "33844.23000", "2019-06-30": "30732.91000", "2019-03-31": "30841.78000", "2018-12-31": "30686.22000", "2018-09-30": "31079.69000", "2018-06-30": "30843.14000", "2018-03-31": "31017.86000", "2017-12-31": "32257.64000", "2017-09-30": "31032.41000", "2017-06-30": "30965.97000", "2017-03-31": "30946.09000", "2016-12-31": "31103.58000", "2016-09-30": "31668.85000", "2016-06-30": "31379.78000", "2016-03-31": "31398.50000", "2015-12-31": "30565.18000", "2015-09-30": "30848.23000", "2015-06-30": "30290.46000", "2015-03-31": "30482.45000", "2014-12-31": "29532.33000", "2014-09-30": "29672.16000", "2014-06-30": "30586.41000", "2014-03-31": "32755.60000", "2013-12-31": "33324.57000", "2013-09-30": "32111.41000", "2013-06-30": "32015.14000", "2013-03-31": "31886.12000", "2012-12-31": "32586.61000", "2012-09-30": "31977.98000", "2012-06-30": "31986.58000", "2012-03-31": "32417.46000", "2011-12-31": "26216.93000", "2011-09-30": "25575.21000", "2011-06-30": "24534.02000", "2011-03-31": "24569.27000", "2010-12-31": "24857.43000", "2010-09-30": "24788.29000", "2010-06-30": "23924.62000", "2010-03-31": "24977.28000", "2009-12-31": "25948.27000", "2009-09-30": "25976.60000", "2009-06-30": "25010.32000", "2009-03-31": "23287.49000", "2008-12-31": "23422.75000", "2008-09-30": "23764.28000", "2008-06-30": "23669.76000", "2008-03-31": "23503.13000", "2007-12-31": "23605.66000", "2007-09-30": "23658.37000", "2007-06-30": "22884.26000", "2007-03-31": "23743.59000", "2006-12-31": "22084.46000", "2006-09-30": "21003.62000", "2006-06-30": "20915.87000", "2006-03-31": "21016.97000", "2005-12-31": "21131.04000", "2005-09-30": "21339.88000", "2005-06-30": "21318.07000", "2005-03-31": "21516.68000"}}, "cash flow statement": {"Net Income/Loss": {"2019-12-31": "2423.18800", "2018-12-31": "2822.34300", "2017-12-31": "2244.90300", "2016-12-31": "2134.70600", "2015-12-31": "2139.37500", "2014-12-31": "1651.52600", "2013-12-31": "1551.59000", "2012-12-31": "1719.63200", "2011-12-31": "1245.90000", "2010-12-31": "753.51400", "2009-12-31": "387.26200", "2008-12-31": "599.53500", "2007-12-31": "639.23600", "2006-12-31": "563.84000", "2005-12-31": "475.74900"}, "Total Depreciation And Amortization - Cash Flow": {"2019-12-31": "1394.17200", "2018-12-31": "1349.77600", "2017-12-31": "1357.35100", "2016-12-31": "1327.94600", "2015-12-31": "1239.21400", "2014-12-31": "1285.78400", "2013-12-31": "1332.95000", "2012-12-31": "1301.30400", "2011-12-31": "1112.43800", "2010-12-31": "1016.02700", "2009-12-31": "1009.49000", "2008-12-31": "956.82700", "2007-12-31": "875.28400", "2006-12-31": "812.71800", "2005-12-31": "818.46800"}, "Other Non-Cash Items": {"2019-12-31": "26.86600", "2018-12-31": "-412.67400", "2017-12-31": "50.71800", "2016-12-31": "15.35100", "2015-12-31": "-276.68700", "2014-12-31": "-105.01400", "2013-12-31": "-181.98400", "2012-12-31": "-534.96300", "2011-12-31": "-215.19800", "2010-12-31": "46.46300", "2009-12-31": "310.60300", "2008-12-31": "73.91900", "2007-12-31": "41.24000", "2006-12-31": "-36.03600", "2005-12-31": "-16.90300"}, "Total Non-Cash Items": {"2019-12-31": "1421.03800", "2018-12-31": "937.10210", "2017-12-31": "1408.06900", "2016-12-31": "1343.29700", "2015-12-31": "962.52700", "2014-12-31": "1180.77000", "2013-12-31": "1150.96600", "2012-12-31": "766.34090", "2011-12-31": "897.24000", "2010-12-31": "1062.49000", "2009-12-31": "1320.09300", "2008-12-31": "1030.74600", "2007-12-31": "916.52400", "2006-12-31": "776.68200", "2005-12-31": "801.56510"}, "Change In Accounts Receivable": {"2019-12-31": "-0.15700", "2018-12-31": "-17.51800", "2017-12-31": "-26.17000", "2016-12-31": "16.27700", "2015-12-31": "9.91800", "2014-12-31": "-6.73000", "2013-12-31": "-13.93800", "2012-12-31": "-4.81500", "2011-12-31": "-19.37000", "2010-12-31": "2.14400", "2009-12-31": "37.46500", "2008-12-31": "-14.31200", "2007-12-31": "-40.97600", "2006-12-31": "-3.79900", "2005-12-31": "22.80300"}, "Change In Inventories": {"2019-12-31": "", "2018-12-31": "", "2017-12-31": "", "2016-12-31": "", "2015-12-31": "", "2014-12-31": "", "2013-12-31": "", "2012-12-31": "", "2011-12-31": "", "2010-12-31": "", "2009-12-31": "", "2008-12-31": "", "2007-12-31": "", "2006-12-31": "", "2005-12-31": ""}, "Change In Accounts Payable": {"2019-12-31": "", "2018-12-31": "", "2017-12-31": "", "2016-12-31": "", "2015-12-31": "", "2014-12-31": "", "2013-12-31": "", "2012-12-31": "", "2011-12-31": "", "2010-12-31": "", "2009-12-31": "", "2008-12-31": "", "2007-12-31": "", "2006-12-31": "", "2005-12-31": ""}, "Change In Assets/Liabilities": {"2019-12-31": "-49.33800", "2018-12-31": "-75.43800", "2017-12-31": "-132.94500", "2016-12-31": "-43.79700", "2015-12-31": "-122.67700", "2014-12-31": "-65.56900", "2013-12-31": "-30.01300", "2012-12-31": "-133.76500", "2011-12-31": "-58.92400", "2010-12-31": "-40.38800", "2009-12-31": "-28.08900", "2008-12-31": "-21.29500", "2007-12-31": "-70.13800", "2006-12-31": "-126.98900", "2005-12-31": "-38.41700"}, "Total Change In Assets/Liabilities": {"2019-12-31": "-36.39500", "2018-12-31": "-8.64900", "2017-12-31": "-59.18400", "2016-12-31": "-105.30900", "2015-12-31": "-77.21700", "2014-12-31": "-101.87600", "2013-12-31": "-1.56000", "2012-12-31": "27.09900", "2011-12-31": "-137.25300", "2010-12-31": "-60.79400", "2009-12-31": "13.16500", "2008-12-31": "5.60600", "2007-12-31": "3.67200", "2006-12-31": "-61.57400", "2005-12-31": "-106.94300"}, "Cash Flow From Operating Activities": {"2019-12-31": "3807.83100", "2018-12-31": "3750.79600", "2017-12-31": "3593.78800", "2016-12-31": "3372.69400", "2015-12-31": "3024.68500", "2014-12-31": "2730.42000", "2013-12-31": "2700.99600", "2012-12-31": "2513.07200", "2011-12-31": "2005.88700", "2010-12-31": "1755.21000", "2009-12-31": "1720.52000", "2008-12-31": "1635.88700", "2007-12-31": "1559.43200", "2006-12-31": "1278.94800", "2005-12-31": "1170.37100"}, "Net Change In Property, Plant, And Equipment": {"2019-12-31": "-869.23500", "2018-12-31": "-598.66800", "2017-12-31": "-712.15600", "2016-12-31": "-761.90700", "2015-12-31": "-987.90900", "2014-12-31": "-796.73600", "2013-12-31": "-841.20900", "2012-12-31": "-802.42700", "2011-12-31": "-445.49500", "2010-12-31": "-256.31200", "2009-12-31": "-376.27500", "2008-12-31": "-874.28600", "2007-12-31": "-1017.47200", "2006-12-31": "-767.71000", "2005-12-31": "-726.38600"}, "Net Change In Intangible Assets": {"2019-12-31": "", "2018-12-31": "", "2017-12-31": "", "2016-12-31": "", "2015-12-31": "", "2014-12-31": "", "2013-12-31": "", "2012-12-31": "", "2011-12-31": "", "2010-12-31": "", "2009-12-31": "", "2008-12-31": "", "2007-12-31": "", "2006-12-31": "", "2005-12-31": ""}, "Net Acquisitions/Divestitures": {"2019-12-31": "-11.75500", "2018-12-31": "-39.78400", "2017-12-31": "-256.95200", "2016-12-31": "-439.98200", "2015-12-31": "-1410.88100", "2014-12-31": "-80.05700", "2013-12-31": "-866.54100", "2012-12-31": "-3644.55500", "2011-12-31": "-1240.32100", "2010-12-31": "-949.26100", "2009-12-31": "", "2008-12-31": "", "2007-12-31": "-256.98100", "2006-12-31": "-149.63200", "2005-12-31": "-46.98400"}, "Net Change In Short-term Investments": {"2019-12-31": "-374.23100", "2018-12-31": "3.43700", "2017-12-31": "31.26800", "2016-12-31": "3.79100", "2015-12-31": "444.48900", "2014-12-31": "-391.18800", "2013-12-31": "3.37800", "2012-12-31": "231.04400", "2011-12-31": "-35.14900", "2010-12-31": "10.01800", "2009-12-31": "-58.86800", "2008-12-31": "-346.99700", "2007-12-31": "-12.65500", "2006-12-31": "-5.58100", "2005-12-31": ""}, "Net Change In Long-Term Investments": {"2019-12-31": "-63.78900", "2018-12-31": "-63.39700", "2017-12-31": "-157.17300", "2016-12-31": "-312.16000", "2015-12-31": "-329.92800", "2014-12-31": "-239.82600", "2013-12-31": "-143.14900", "2012-12-31": "-37.42200", "2011-12-31": "214.31700", "2010-12-31": "-589.38400", "2009-12-31": "-107.20400", "2008-12-31": "-137.50900", "2007-12-31": "-687.32700", "2006-12-31": "-157.30900", "2005-12-31": "-76.71000"}, "Net Change In Investments - Total": {"2019-12-31": "-438.02000", "2018-12-31": "-59.96000", "2017-12-31": "-125.90500", "2016-12-31": "-308.36900", "2015-12-31": "114.56100", "2014-12-31": "-631.01400", "2013-12-31": "-139.77100", "2012-12-31": "193.62200", "2011-12-31": "179.16800", "2010-12-31": "-579.36600", "2009-12-31": "-166.07200", "2008-12-31": "-484.50600", "2007-12-31": "-699.98210", "2006-12-31": "-162.89000", "2005-12-31": "-76.71000"}, "Investing Activities - Other": {"2019-12-31": "242.30300", "2018-12-31": "461.90600", "2017-12-31": "333.54600", "2016-12-31": "541.23200", "2015-12-31": "821.50900", "2014-12-31": "610.54100", "2013-12-31": "899.43300", "2012-12-31": "672.68900", "2011-12-31": "512.60600", "2010-12-31": "538.24400", "2009-12-31": "123.35600", "2008-12-31": "336.51700", "2007-12-31": "-75.14100", "2006-12-31": "472.80000", "2005-12-31": "797.64600"}, "Cash Flow From Investing Activities": {"2019-12-31": "-1076.70700", "2018-12-31": "-236.50600", "2017-12-31": "-761.46700", "2016-12-31": "-969.02600", "2015-12-31": "-1462.72000", "2014-12-31": "-897.26600", "2013-12-31": "-948.08800", "2012-12-31": "-3580.67100", "2011-12-31": "-994.04200", "2010-12-31": "-1246.69500", "2009-12-31": "-418.99100", "2008-12-31": "-1022.27500", "2007-12-31": "-2049.57600", "2006-12-31": "-607.43200", "2005-12-31": "-52.43400"}, "Net Long-Term Debt": {"2019-12-31": "-12427.70000", "2018-12-31": "-9118.68500", "2017-12-31": "-10456.67000", "2016-12-31": "-14650.17000", "2015-12-31": "-9112.02000", "2014-12-31": "-4320.05100", "2013-12-31": "-2446.19100", "2012-12-31": "-4560.56200", "2011-12-31": "256.50600", "2010-12-31": "-2368.99900", "2009-12-31": "542.06710", "2008-12-31": "764.83910", "2007-12-31": "1399.32000", "2006-12-31": "1065.40300", "2005-12-31": "-235.01680"}, "Net Current Debt": {"2019-12-31": "13312.30000", "2018-12-31": "7973.71900", "2017-12-31": "11668.03000", "2016-12-31": "14866.21000", "2015-12-31": "10468.67000", "2014-12-31": "3627.15400", "2013-12-31": "2919.36400", "2012-12-31": "6772.44300", "2011-12-31": "", "2010-12-31": "", "2009-12-31": "", "2008-12-31": "", "2007-12-31": "", "2006-12-31": "", "2005-12-31": ""}, "Debt Issuance/Retirement Net - Total": {"2019-12-31": "884.60160", "2018-12-31": "-1144.96500", "2017-12-31": "1211.35500", "2016-12-31": "216.03710", "2015-12-31": "1356.64700", "2014-12-31": "-692.89670", "2013-12-31": "473.17310", "2012-12-31": "2211.88100", "2011-12-31": "256.50600", "2010-12-31": "-2368.99900", "2009-12-31": "542.06710", "2008-12-31": "764.83910", "2007-12-31": "1399.32000", "2006-12-31": "1065.40300", "2005-12-31": "-235.01680"}, "Net Common Equity Issued/Repurchased": {"2019-12-31": "-369.90200", "2018-12-31": "-438.85400", "2017-12-31": "-410.11900", "2016-12-31": "-255.59500", "2015-12-31": "-505.97600", "2014-12-31": "-14.15800", "2013-12-31": "0.09900", "2012-12-31": "965.84000", "2011-12-31": "5.31300", "2010-12-31": "4.16600", "2009-12-31": "1642.22800", "2008-12-31": "-4.90300", "2007-12-31": "72.71700", "2006-12-31": "201.08700", "2005-12-31": "-180.02600"}, "Net Total Equity Issued/Repurchased": {"2019-12-31": "-369.90200", "2018-12-31": "-438.85400", "2017-12-31": "-410.11900", "2016-12-31": "-255.59500", "2015-12-31": "-505.97600", "2014-12-31": "-14.15800", "2013-12-31": "0.09900", "2012-12-31": "965.84000", "2011-12-31": "5.31300", "2010-12-31": "-6.82800", "2009-12-31": "1554.53900", "2008-12-31": "-6.74800", "2007-12-31": "-227.75100", "2006-12-31": "-192.47100", "2005-12-31": "-180.60500"}, "Total Common And Preferred Stock Dividends Paid": {"2019-12-31": "-2947.48600", "2018-12-31": "-2819.72700", "2017-12-31": "-2569.86100", "2016-12-31": "-2353.97000", "2015-12-31": "-2194.12600", "2014-12-31": "-1875.24300", "2013-12-31": "-1688.63800", "2012-12-31": "-1483.32500", "2011-12-31": "-1242.24100", "2010-12-31": "-917.12800", "2009-12-31": "-174.16500", "2008-12-31": "-1058.29600", "2007-12-31": "-999.09400", "2006-12-31": "-927.18010", "2005-12-31": "-857.27100"}, "Financial Activities - Other": {"2019-12-31": "-143.30000", "2018-12-31": "-78.71700", "2017-12-31": "-141.44600", "2016-12-31": "-151.21500", "2015-12-31": "-129.65800", "2014-12-31": "-355.43700", "2013-12-31": "-5.19700", "2012-12-31": "-240.92900", "2011-12-31": "-29.49100", "2010-12-31": "-376.56000", "2009-12-31": "-39.79600", "2008-12-31": "-41.84500", "2007-12-31": "-109.70900", "2006-12-31": "-24.95600", "2005-12-31": "-28.08000"}, "Cash Flow From Financial Activities": {"2019-12-31": "-2576.08600", "2018-12-31": "-4482.26400", "2017-12-31": "-1910.07100", "2016-12-31": "-2544.74300", "2015-12-31": "-1473.11300", "2014-12-31": "-2937.73500", "2013-12-31": "-1220.56300", "2012-12-31": "1453.46700", "2011-12-31": "-1009.91300", "2010-12-31": "-3669.51500", "2009-12-31": "1882.64500", "2008-12-31": "-342.05000", "2007-12-31": "62.76600", "2006-12-31": "-79.20400", "2005-12-31": "-1300.97300"}, "Net Cash Flow": {"2019-12-31": "155.03800", "2018-12-31": "-967.97400", "2017-12-31": "922.25000", "2016-12-31": "-141.07500", "2015-12-31": "88.85200", "2014-12-31": "-1104.58100", "2013-12-31": "532.34500", "2012-12-31": "385.86800", "2011-12-31": "1.93200", "2010-12-31": "-3161.00000", "2009-12-31": "3184.17400", "2008-12-31": "271.56200", "2007-12-31": "-427.37800", "2006-12-31": "592.31200", "2005-12-31": "-183.03600"}, "Stock-Based Compensation": {"2019-12-31": "", "2018-12-31": "", "2017-12-31": "", "2016-12-31": "", "2015-12-31": "", "2014-12-31": "", "2013-12-31": "", "2012-12-31": "", "2011-12-31": "", "2010-12-31": "", "2009-12-31": "", "2008-12-31": "", "2007-12-31": "", "2006-12-31": "", "2005-12-31": ""}, "Common Stock Dividends Paid": {"2019-12-31": "-388.54200", "2018-12-31": "-370.65600", "2017-12-31": "-338.60200", "2016-12-31": "-316.42800", "2015-12-31": "-314.94400", "2014-12-31": "-271.64000", "2013-12-31": "-242.59600", "2012-12-31": "-238.77200", "2011-12-31": "-211.49700", "2010-12-31": "-153.24700", "2009-12-31": "-25.65800", "2008-12-31": "-205.85000", "2007-12-31": "-194.82300", "2006-12-31": "-177.67300", "2005-12-31": "-166.61700"}}, "cash flow statement, quarterly": {"Net Income/Loss": {"2020-09-30": 168.646, "2020-06-30": 290.548, "2020-03-31": "505.40400", "2019-12-31": 590.416, "2019-09-30": 628.724, "2019-06-30": 572.101, "2019-03-31": "631.94700", "2018-12-31": 833.193, "2018-09-30": 642.212, "2018-06-30": 631.414, "2018-03-31": "715.52400", "2017-12-31": 659.821, "2017-09-30": 592.634, "2017-06-30": 441.373, "2017-03-31": "551.07500", "2016-12-31": 455.603, "2016-09-30": 587.939, "2016-06-30": 527.325, "2016-03-31": "563.83900", "2015-12-31": 459.918, "2015-09-30": 492.495, "2015-06-30": 554.527, "2015-03-31": "632.43500", "2014-12-31": 475.992, "2014-09-30": 296.963, "2014-06-30": 477.468, "2014-03-31": "401.10300", "2013-12-31": 449.303, "2013-09-30": 367.294, "2013-06-30": 400.525, "2013-03-31": "334.46800", "2012-12-31": 370.496, "2012-09-30": 306.371, "2012-06-30": 260.936, "2012-03-31": "781.82900", "2011-12-31": 441.931, "2011-09-30": 333.781, "2011-06-30": 250.522, "2011-03-31": "219.66600", "2010-12-31": 267.076, "2010-09-30": 280.532, "2010-06-30": 185.152, "2010-03-31": "20.75400", "2009-12-31": 115.933, "2009-09-30": 139.189, "2009-06-30": -14.108, "2009-03-31": "146.24800", "2008-12-31": 196.423, "2008-09-30": 159.737, "2008-06-30": 114.353, "2008-03-31": "129.02200", "2007-12-31": 273.002, "2007-09-30": 179.227, "2007-06-30": 74.22, "2007-03-31": "112.78700", "2006-12-31": 226.992, "2006-09-30": 112.995, "2006-06-30": 101.263, "2006-03-31": "122.59000", "2005-12-31": 134.184, "2005-09-30": 92.883, "2005-06-30": 173.218, "2005-03-31": "75.46400"}, "Total Depreciation And Amortization - Cash Flow": {"2020-09-30": 339.841, "2020-06-30": 337.411, "2020-03-31": "340.26500", "2019-12-31": 339.065, "2019-09-30": 343.359, "2019-06-30": 371.83, "2019-03-31": "339.91800", "2018-12-31": 340.105, "2018-09-30": 335.604, "2018-06-30": 339.395, "2018-03-31": "334.67200", "2017-12-31": 345.016, "2017-09-30": 336.727, "2017-06-30": 339.859, "2017-03-31": "335.74900", "2016-12-31": 355.9, "2016-09-30": 329.4, "2016-06-30": 324.847, "2016-03-31": "317.79900", "2015-12-31": 318.525, "2015-09-30": 305.44, "2015-06-30": 312.582, "2015-03-31": "302.66700", "2014-12-31": 312.15, "2014-09-30": 302.92, "2014-06-30": 340.152, "2014-03-31": "330.56200", "2013-12-31": 341.235, "2013-09-30": 338.361, "2013-06-30": 331.38, "2013-03-31": "321.97400", "2012-12-31": 360.994, "2012-09-30": 320.121, "2012-06-30": 321.687, "2012-03-31": "298.50200", "2011-12-31": 293.385, "2011-09-30": 274.638, "2011-06-30": 270.136, "2011-03-31": "274.27900", "2010-12-31": 284.634, "2010-09-30": 257.314, "2010-06-30": 240.223, "2010-03-31": "233.85600", "2009-12-31": 244.165, "2009-09-30": 253.493, "2009-06-30": 254.227, "2009-03-31": "257.60500", "2008-12-31": 269.975, "2008-09-30": 236.337, "2008-06-30": 225.505, "2008-03-31": "225.01000", "2007-12-31": 228.263, "2007-09-30": 217.499, "2007-06-30": 221.942, "2007-03-31": "207.58000", "2006-12-31": 212.733, "2006-09-30": 198.792, "2006-06-30": 201.446, "2006-03-31": "199.74700", "2005-12-31": 216.259, "2005-09-30": 196.798, "2005-06-30": 199.339, "2005-03-31": "206.07200"}, "Other Non-Cash Items": {"2020-09-30": 72.874, "2020-06-30": 20.644, "2020-03-31": "27.41600", "2019-12-31": 66.588, "2019-09-30": -37.261, "2019-06-30": 22.363, "2019-03-31": "-24.82400", "2018-12-31": -180.117, "2018-09-30": -36.554, "2018-06-30": -45.323, "2018-03-31": "-150.68000", "2017-12-31": -23.663, "2017-09-30": -38.01, "2017-06-30": 118.591, "2017-03-31": "-6.20000", "2016-12-31": 148.172, "2016-09-30": -68.121, "2016-06-30": -0.28, "2016-03-31": "-64.42000", "2015-12-31": 77.796, "2015-09-30": -9.674, "2015-06-30": -115.436, "2015-03-31": "-229.37300", "2014-12-31": -20.528, "2014-09-30": 83.853, "2014-06-30": -147.876, "2014-03-31": "-20.46300", "2013-12-31": -33.711, "2013-09-30": -31.595, "2013-06-30": -74.331, "2013-03-31": "-42.34700", "2012-12-31": -33.485, "2012-09-30": 4.747, "2012-06-30": -1.495, "2012-03-31": "-504.73000", "2011-12-31": -122.167, "2011-09-30": -86.556, "2011-06-30": -4.985, "2011-03-31": "-1.49000", "2010-12-31": 8.509, "2010-09-30": -111.448, "2010-06-30": -16.753, "2010-03-31": "166.15500", "2009-12-31": 130.312, "2009-09-30": 11.412, "2009-06-30": 154.173, "2009-03-31": "14.70600", "2008-12-31": 28.733, "2008-09-30": 9.268, "2008-06-30": 25.604, "2008-03-31": "10.31400", "2007-12-31": 84.673, "2007-09-30": -38.936, "2007-06-30": -18.195, "2007-03-31": "13.69800", "2006-12-31": -35.299, "2006-09-30": -0.139, "2006-06-30": 18.428, "2006-03-31": "-19.02600", "2005-12-31": 33.733, "2005-09-30": 17.807, "2005-06-30": -77.005, "2005-03-31": "8.56200"}, "Total Non-Cash Items": {"2020-09-30": 412.715, "2020-06-30": 358.055, "2020-03-31": "367.68100", "2019-12-31": 405.653, "2019-09-30": 306.0981, "2019-06-30": 394.1929, "2019-03-31": "315.09400", "2018-12-31": 159.9881, "2018-09-30": 299.05, "2018-06-30": 294.072, "2018-03-31": "183.99200", "2017-12-31": 321.353, "2017-09-30": 298.7171, "2017-06-30": 458.4499, "2017-03-31": "329.54900", "2016-12-31": 504.072, "2016-09-30": 261.279, "2016-06-30": 324.567, "2016-03-31": "253.37900", "2015-12-31": 396.3209, "2015-09-30": 295.7661, "2015-06-30": 197.146, "2015-03-31": "73.29400", "2014-12-31": 291.6221, "2014-09-30": 386.7729, "2014-06-30": 192.276, "2014-03-31": "310.09900", "2013-12-31": 307.524, "2013-09-30": 306.766, "2013-06-30": 257.049, "2013-03-31": "279.62700", "2012-12-31": 327.5089, "2012-09-30": 324.868, "2012-06-30": 320.192, "2012-03-31": "-206.22800", "2011-12-31": 171.218, "2011-09-30": 188.0821, "2011-06-30": 265.1509, "2011-03-31": "272.78900", "2010-12-31": 293.143, "2010-09-30": 145.866, "2010-06-30": 223.47, "2010-03-31": "400.01100", "2009-12-31": 374.477, "2009-09-30": 264.905, "2009-06-30": 408.4, "2009-03-31": "272.31100", "2008-12-31": 298.708, "2008-09-30": 245.605, "2008-06-30": 251.109, "2008-03-31": "235.32400", "2007-12-31": 312.936, "2007-09-30": 178.563, "2007-06-30": 203.747, "2007-03-31": "221.27800", "2006-12-31": 177.4341, "2006-09-30": 198.6529, "2006-06-30": 219.874, "2006-03-31": "180.72100", "2005-12-31": 249.9921, "2005-09-30": 214.605, "2005-06-30": 122.334, "2005-03-31": "214.63400"}, "Change In Accounts Receivable": {"2020-09-30": -1.346, "2020-06-30": -668.522, "2020-03-31": "44.76100", "2019-12-31": -25.877, "2019-09-30": -22.247, "2019-06-30": 11.125, "2019-03-31": "36.84200", "2018-12-31": -45.186, "2018-09-30": -32.069, "2018-06-30": -12.121, "2018-03-31": "71.85800", "2017-12-31": -46.095, "2017-09-30": -26.823, "2017-06-30": -7.288, "2017-03-31": "54.03600", "2016-12-31": -39.712, "2016-09-30": -3.003, "2016-06-30": -14.331, "2016-03-31": "73.32300", "2015-12-31": -45.758, "2015-09-30": -14.75, "2015-06-30": 0.94, "2015-03-31": "69.48600", "2014-12-31": -52.092, "2014-09-30": -18.285, "2014-06-30": 0.589, "2014-03-31": "63.05800", "2013-12-31": -36.466, "2013-09-30": -27.721, "2013-06-30": -27.674, "2013-03-31": "77.92300", "2012-12-31": -62.294, "2012-09-30": -23.087, "2012-06-30": 2.953, "2012-03-31": "77.61300", "2011-12-31": -52.668, "2011-09-30": -23.376, "2011-06-30": -3.271, "2011-03-31": "59.94500", "2010-12-31": -37.548, "2010-09-30": -28.421, "2010-06-30": 18.357, "2010-03-31": "49.75600", "2009-12-31": -46.053, "2009-09-30": -3.401, "2009-06-30": 27.5, "2009-03-31": "59.41900", "2008-12-31": -38.507, "2008-09-30": -3.562, "2008-06-30": 29.006, "2008-03-31": "-1.24900", "2007-12-31": -69.961, "2007-09-30": -38.226, "2007-06-30": 17.913, "2007-03-31": "49.29800", "2006-12-31": -59.863, "2006-09-30": 1.907, "2006-06-30": 16.416, "2006-03-31": "37.74100", "2005-12-31": -45.426, "2005-09-30": 8.279, "2005-06-30": 16.01, "2005-03-31": "43.94000"}, "Change In Inventories": {"2020-09-30": 0, "2020-06-30": 0, "2020-03-31": "", "2019-12-31": 0, "2019-09-30": 0, "2019-06-30": 0, "2019-03-31": "", "2018-12-31": 0, "2018-09-30": 0, "2018-06-30": 0, "2018-03-31": "", "2017-12-31": 0, "2017-09-30": 0, "2017-06-30": 0, "2017-03-31": "", "2016-12-31": 0, "2016-09-30": 0, "2016-06-30": 0, "2016-03-31": "", "2015-12-31": 0, "2015-09-30": 0, "2015-06-30": 0, "2015-03-31": "", "2014-12-31": 0, "2014-09-30": 0, "2014-06-30": 0, "2014-03-31": "", "2013-12-31": 0, "2013-09-30": 0, "2013-06-30": 0, "2013-03-31": "", "2012-12-31": 0, "2012-09-30": 0, "2012-06-30": 0, "2012-03-31": "", "2011-12-31": 0, "2011-09-30": 0, "2011-06-30": 0, "2011-03-31": "", "2010-12-31": 0, "2010-09-30": 0, "2010-06-30": 0, "2010-03-31": "", "2009-12-31": 0, "2009-09-30": 0, "2009-06-30": 0, "2009-03-31": "", "2008-12-31": 0, "2008-09-30": 0, "2008-06-30": 0, "2008-03-31": "", "2007-12-31": 0, "2007-09-30": 0, "2007-06-30": 0, "2007-03-31": "", "2006-12-31": 0, "2006-09-30": 0, "2006-06-30": 0, "2006-03-31": "", "2005-12-31": 0, "2005-09-30": 0, "2005-06-30": 0, "2005-03-31": ""}, "Change In Accounts Payable": {"2020-09-30": 0, "2020-06-30": 0, "2020-03-31": "", "2019-12-31": 0, "2019-09-30": 0, "2019-06-30": 0, "2019-03-31": "", "2018-12-31": 0, "2018-09-30": 0, "2018-06-30": 0, "2018-03-31": "", "2017-12-31": 0, "2017-09-30": 0, "2017-06-30": 0, "2017-03-31": "", "2016-12-31": 0, "2016-09-30": 0, "2016-06-30": 0, "2016-03-31": "", "2015-12-31": 0, "2015-09-30": 0, "2015-06-30": 0, "2015-03-31": "", "2014-12-31": 0, "2014-09-30": 0, "2014-06-30": 0, "2014-03-31": "", "2013-12-31": 0, "2013-09-30": 0, "2013-06-30": 0, "2013-03-31": "", "2012-12-31": 0, "2012-09-30": 0, "2012-06-30": 0, "2012-03-31": "", "2011-12-31": 0, "2011-09-30": 0, "2011-06-30": 0, "2011-03-31": "", "2010-12-31": 0, "2010-09-30": 0, "2010-06-30": 0, "2010-03-31": "", "2009-12-31": 0, "2009-09-30": 0, "2009-06-30": 0, "2009-03-31": "", "2008-12-31": 0, "2008-09-30": 0, "2008-06-30": 0, "2008-03-31": "", "2007-12-31": 0, "2007-09-30": 0, "2007-06-30": 0, "2007-03-31": "", "2006-12-31": 0, "2006-09-30": 0, "2006-06-30": 0, "2006-03-31": "", "2005-12-31": 0, "2005-09-30": 0, "2005-06-30": 0, "2005-03-31": ""}, "Change In Assets/Liabilities": {"2020-09-30": -87.621, "2020-06-30": 31.082, "2020-03-31": "-30.48800", "2019-12-31": -15.998, "2019-09-30": -67.145, "2019-06-30": 53.818, "2019-03-31": "-20.01300", "2018-12-31": -0.516, "2018-09-30": -46.915, "2018-06-30": 34.832, "2018-03-31": "-62.83900", "2017-12-31": -57.257, "2017-09-30": -46.399, "2017-06-30": 12.81, "2017-03-31": "-42.09900", "2016-12-31": -52.013, "2016-09-30": 25.062, "2016-06-30": 56.47, "2016-03-31": "-73.31600", "2015-12-31": -35.274, "2015-09-30": -46.562, "2015-06-30": -2.185, "2015-03-31": "-38.65600", "2014-12-31": -10.947, "2014-09-30": -8.861, "2014-06-30": -33.756, "2014-03-31": "-12.00500", "2013-12-31": 16.524, "2013-09-30": -35.001, "2013-06-30": 10.676, "2013-03-31": "-22.21200", "2012-12-31": -64.212, "2012-09-30": -20.422, "2012-06-30": 22.817, "2012-03-31": "-71.94800", "2011-12-31": 25.153, "2011-09-30": 55.755, "2011-06-30": -92.319, "2011-03-31": "-47.51300", "2010-12-31": -34.852, "2010-09-30": 90.486, "2010-06-30": -69.353, "2010-03-31": "-26.66900", "2009-12-31": 10.326, "2009-09-30": -11.559, "2009-06-30": 13.735, "2009-03-31": "-40.59100", "2008-12-31": 5.606, "2008-09-30": 10.565, "2008-06-30": 77.694, "2008-03-31": "-115.16000", "2007-12-31": -17.061, "2007-09-30": -14.123, "2007-06-30": 7.997, "2007-03-31": "-46.95100", "2006-12-31": -7.046, "2006-09-30": -73.244, "2006-06-30": -1.591, "2006-03-31": "-45.10800", "2005-12-31": 94.059, "2005-09-30": -58.957, "2005-06-30": -61.626, "2005-03-31": "-11.89300"}, "Total Change In Assets/Liabilities": {"2020-09-30": 35.948, "2020-06-30": -575.598, "2020-03-31": "-131.77800", "2019-12-31": -36.434, "2019-09-30": 25.807, "2019-06-30": 83.926, "2019-03-31": "-109.69400", "2018-12-31": 6.449, "2018-09-30": -26.878, "2018-06-30": 67.819, "2018-03-31": "-56.03900", "2017-12-31": -106.839, "2017-09-30": 18.519, "2017-06-30": 124.067, "2017-03-31": "-94.93100", "2016-12-31": -119.755, "2016-09-30": -10.395, "2016-06-30": 121.601, "2016-03-31": "-96.76000", "2015-12-31": -50.382, "2015-09-30": -52.739, "2015-06-30": 56.836, "2015-03-31": "-30.93200", "2014-12-31": 30.584, "2014-09-30": -22.651, "2014-06-30": -60.058, "2014-03-31": "-49.75100", "2013-12-31": 15.276, "2013-09-30": 21.884, "2013-06-30": 24.862, "2013-03-31": "-63.58200", "2012-12-31": -12.078, "2012-09-30": -3.284, "2012-06-30": 45.108, "2012-03-31": "-2.64700", "2011-12-31": -106.403, "2011-09-30": 79.23, "2011-06-30": -69.93, "2011-03-31": "-40.15000", "2010-12-31": -90.481, "2010-09-30": 81.913, "2010-06-30": -79.85, "2010-03-31": "27.62400", "2009-12-31": -111.174, "2009-09-30": 49.563, "2009-06-30": 58.517, "2009-03-31": "16.25900", "2008-12-31": -74.608, "2008-09-30": 47.098, "2008-06-30": 168.73, "2008-03-31": "-135.61400", "2007-12-31": 13.856, "2007-09-30": -20.28, "2007-06-30": 34.141, "2007-03-31": "-24.04500", "2006-12-31": -21.577, "2006-09-30": -0.255, "2006-06-30": 9.751, "2006-03-31": "-49.49300", "2005-12-31": 59.028, "2005-09-30": 22.69, "2005-06-30": -7.081, "2005-03-31": "-181.58000"}, "Cash Flow From Operating Activities": {"2020-09-30": 617.309, "2020-06-30": 73.005, "2020-03-31": "741.30700", "2019-12-31": 959.635, "2019-09-30": 960.629, "2019-06-30": 1050.22, "2019-03-31": "837.34700", "2018-12-31": 999.63, "2018-09-30": 914.384, "2018-06-30": 993.305, "2018-03-31": "843.47700", "2017-12-31": 874.335, "2017-09-30": 909.87, "2017-06-30": 1023.89, "2017-03-31": "785.69300", "2016-12-31": 839.92, "2016-09-30": 838.823, "2016-06-30": 973.493, "2016-03-31": "720.45800", "2015-12-31": 805.857, "2015-09-30": 735.522, "2015-06-30": 808.509, "2015-03-31": "674.79700", "2014-12-31": 798.198, "2014-09-30": 661.085, "2014-06-30": 609.686, "2014-03-31": "661.45100", "2013-12-31": 772.103, "2013-09-30": 695.944, "2013-06-30": 682.436, "2013-03-31": "550.51300", "2012-12-31": 685.927, "2012-09-30": 627.955, "2012-06-30": 626.236, "2012-03-31": "572.95400", "2011-12-31": 506.746, "2011-09-30": 601.093, "2011-06-30": 445.743, "2011-03-31": "452.30500", "2010-12-31": 469.738, "2010-09-30": 508.311, "2010-06-30": 328.772, "2010-03-31": "448.38900", "2009-12-31": 379.236, "2009-09-30": 453.657, "2009-06-30": 452.809, "2009-03-31": "434.81800", "2008-12-31": 420.523, "2008-09-30": 452.44, "2008-06-30": 534.192, "2008-03-31": "228.73200", "2007-12-31": 599.794, "2007-09-30": 337.51, "2007-06-30": 312.108, "2007-03-31": "310.02000", "2006-12-31": 382.849, "2006-09-30": 311.393, "2006-06-30": 330.888, "2006-03-31": "253.81800", "2005-12-31": 443.204, "2005-09-30": 330.178, "2005-06-30": 288.471, "2005-03-31": "108.51800"}, "Net Change In Property, Plant, And Equipment": {"2020-09-30": -58.537, "2020-06-30": -124.253, "2020-03-31": "-213.21400", "2019-12-31": -253.324, "2019-09-30": -212.565, "2019-06-30": -186.565, "2019-03-31": "-216.78100", "2018-12-31": -12.711, "2018-09-30": -251.283, "2018-06-30": -161.918, "2018-03-31": "-172.75600", "2017-12-31": -224.835, "2017-09-30": -168.373, "2017-06-30": -170.353, "2017-03-31": "-148.59500", "2016-12-31": -221.268, "2016-09-30": -193.612, "2016-06-30": -185.388, "2016-03-31": "-161.63900", "2015-12-31": -215.059, "2015-09-30": -283.9, "2015-06-30": -259.722, "2015-03-31": "-229.22800", "2014-12-31": -329.652, "2014-09-30": -101.05, "2014-06-30": -158.379, "2014-03-31": "-207.65500", "2013-12-31": -212.632, "2013-09-30": -234.287, "2013-06-30": -194.384, "2013-03-31": "-199.90600", "2012-12-31": -212.756, "2012-09-30": -245.841, "2012-06-30": -219.582, "2012-03-31": "-124.24800", "2011-12-31": -146.126, "2011-09-30": -135.906, "2011-06-30": -103.752, "2011-03-31": "-59.71100", "2010-12-31": -62.419, "2010-09-30": -65.215, "2010-06-30": -65.898, "2010-03-31": "-62.78000", "2009-12-31": -63.151, "2009-09-30": -73.413, "2009-06-30": -102.617, "2009-03-31": "-137.09400", "2008-12-31": -206.047, "2008-09-30": -206.676, "2008-06-30": -231.372, "2008-03-31": "-230.19100", "2007-12-31": -328.632, "2007-09-30": -276.225, "2007-06-30": -206.937, "2007-03-31": "-205.67800", "2006-12-31": -234.014, "2006-09-30": -257.284, "2006-06-30": -140.119, "2006-03-31": "-136.29300", "2005-12-31": -305.986, "2005-09-30": -132.436, "2005-06-30": -116.691, "2005-03-31": "-171.27300"}, "Net Change In Intangible Assets": {"2020-09-30": 0, "2020-06-30": 0, "2020-03-31": "", "2019-12-31": 0, "2019-09-30": 0, "2019-06-30": 0, "2019-03-31": "", "2018-12-31": 0, "2018-09-30": 0, "2018-06-30": 0, "2018-03-31": "", "2017-12-31": 0, "2017-09-30": 0, "2017-06-30": 0, "2017-03-31": "", "2016-12-31": 0, "2016-09-30": 0, "2016-06-30": 0, "2016-03-31": "", "2015-12-31": 0, "2015-09-30": 0, "2015-06-30": 0, "2015-03-31": "", "2014-12-31": 0, "2014-09-30": 0, "2014-06-30": 0, "2014-03-31": "", "2013-12-31": 0, "2013-09-30": 0, "2013-06-30": 0, "2013-03-31": "", "2012-12-31": 0, "2012-09-30": 0, "2012-06-30": 0, "2012-03-31": "", "2011-12-31": 0, "2011-09-30": 0, "2011-06-30": 0, "2011-03-31": "", "2010-12-31": 0, "2010-09-30": 0, "2010-06-30": 0, "2010-03-31": "", "2009-12-31": 0, "2009-09-30": 0, "2009-06-30": 0, "2009-03-31": "", "2008-12-31": 0, "2008-09-30": 0, "2008-06-30": 0, "2008-03-31": "", "2007-12-31": 0, "2007-09-30": 0, "2007-06-30": 0, "2007-03-31": "", "2006-12-31": 0, "2006-09-30": 0, "2006-06-30": 0, "2006-03-31": "", "2005-12-31": 0, "2005-09-30": 0, "2005-06-30": 0, "2005-03-31": ""}, "Net Acquisitions/Divestitures": {"2020-09-30": 0, "2020-06-30": 0, "2020-03-31": "-107.79700", "2019-12-31": 0, "2019-09-30": -11.755, "2019-06-30": 0, "2019-03-31": "", "2018-12-31": -51.06, "2018-09-30": 11.276, "2018-06-30": 0, "2018-03-31": "", "2017-12-31": -176.747, "2017-09-30": 0, "2017-06-30": -80.205, "2017-03-31": "", "2016-12-31": 0, "2016-09-30": -171.739, "2016-06-30": -268.876, "2016-03-31": "0.63300", "2015-12-31": 0, "2015-09-30": -179.5, "2015-06-30": -548.976, "2015-03-31": "-682.40500", "2014-12-31": 0, "2014-09-30": 0, "2014-06-30": 0, "2014-03-31": "-80.05700", "2013-12-31": -557.906, "2013-09-30": -62.061, "2013-06-30": -195.01, "2013-03-31": "-51.56400", "2012-12-31": -44.947, "2012-09-30": 0, "2012-06-30": -72.379, "2012-03-31": "-3527.22900", "2011-12-31": -78.204, "2011-09-30": -1150.141, "2011-06-30": -11.976, "2011-03-31": "", "2010-12-31": 0, "2010-09-30": -892.878, "2010-06-30": -56.383, "2010-03-31": "", "2009-12-31": 0, "2009-09-30": 0, "2009-06-30": 0, "2009-03-31": "", "2008-12-31": 0, "2008-09-30": 0, "2008-06-30": 0, "2008-03-31": "", "2007-12-31": -6.336, "2007-09-30": -101.588, "2007-06-30": -17.549, "2007-03-31": "-131.50800", "2006-12-31": -149.632, "2006-09-30": 0, "2006-06-30": 0, "2006-03-31": "", "2005-12-31": -37.505, "2005-09-30": 0, "2005-06-30": 0, "2005-03-31": "-9.47900"}, "Net Change In Short-term Investments": {"2020-09-30": -5.504, "2020-06-30": 29.147, "2020-03-31": "-24.07000", "2019-12-31": -239.859, "2019-09-30": -113.522, "2019-06-30": -13.945, "2019-03-31": "-6.90500", "2018-12-31": 26.71, "2018-09-30": -14.015, "2018-06-30": -1.716, "2018-03-31": "-7.54200", "2017-12-31": -17.152, "2017-09-30": 52.257, "2017-06-30": 0.337, "2017-03-31": "-4.17400", "2016-12-31": 12.922, "2016-09-30": -4.495, "2016-06-30": -0.837, "2016-03-31": "-3.79900", "2015-12-31": 39.634, "2015-09-30": -31.707, "2015-06-30": 447.303, "2015-03-31": "-10.74100", "2014-12-31": -67.68, "2014-09-30": -314.307, "2014-06-30": -3.99, "2014-03-31": "-5.21100", "2013-12-31": -4.172, "2013-09-30": -20.095, "2013-06-30": 26.269, "2013-03-31": "1.37600", "2012-12-31": 410.931, "2012-09-30": -168.635, "2012-06-30": -4.007, "2012-03-31": "-7.24500", "2011-12-31": -31.787, "2011-09-30": 6.866, "2011-06-30": -1.398, "2011-03-31": "-8.83000", "2010-12-31": -1.218, "2010-09-30": -1.244, "2010-06-30": 19.156, "2010-03-31": "-6.67600", "2009-12-31": 29.67, "2009-09-30": 45.853, "2009-06-30": -91.789, "2009-03-31": "-42.60200", "2008-12-31": 0.538, "2008-09-30": -134.67, "2008-06-30": -212.865, "2008-03-31": "", "2007-12-31": 17.644, "2007-09-30": -17.644, "2007-06-30": -12.655, "2007-03-31": "", "2006-12-31": -5.581, "2006-09-30": 0, "2006-06-30": 0, "2006-03-31": "", "2005-12-31": 0, "2005-09-30": 0, "2005-06-30": 0, "2005-03-31": ""}, "Net Change In Long-Term Investments": {"2020-09-30": -109.118, "2020-06-30": -21.933, "2020-03-31": "-41.54700", "2019-12-31": -21.436, "2019-09-30": -18.404, "2019-06-30": -11.969, "2019-03-31": "-11.98000", "2018-12-31": -11.514, "2018-09-30": -22.587, "2018-06-30": -18.437, "2018-03-31": "-10.85900", "2017-12-31": -45.948, "2017-09-30": -17.766, "2017-06-30": -34.531, "2017-03-31": "-58.92800", "2016-12-31": -59.823, "2016-09-30": -79.535, "2016-06-30": -68.255, "2016-03-31": "-104.54700", "2015-12-31": -96.512, "2015-09-30": -79.753, "2015-06-30": -130.234, "2015-03-31": "-23.42900", "2014-12-31": -84.011, "2014-09-30": -39.988, "2014-06-30": -69.966, "2014-03-31": "-45.86100", "2013-12-31": -29.721, "2013-09-30": -76.015, "2013-06-30": -21.744, "2013-03-31": "-15.66900", "2012-12-31": -55.771, "2012-09-30": 58.648, "2012-06-30": 21.445, "2012-03-31": "-61.74400", "2011-12-31": 229.764, "2011-09-30": -8.698, "2011-06-30": -3.986, "2011-03-31": "-2.76300", "2010-12-31": -403.425, "2010-09-30": -30.723, "2010-06-30": -150.826, "2010-03-31": "-4.41000", "2009-12-31": -90.635, "2009-09-30": -3.581, "2009-06-30": -4.893, "2009-03-31": "-8.09500", "2008-12-31": -71.194, "2008-09-30": -31.657, "2008-06-30": -19.387, "2008-03-31": "-15.27100", "2007-12-31": -25.014, "2007-09-30": -194.488, "2007-06-30": -35.89, "2007-03-31": "-431.93500", "2006-12-31": -22.911, "2006-09-30": -21.815, "2006-06-30": -33.029, "2006-03-31": "-79.55400", "2005-12-31": -59.284, "2005-09-30": -1.448, "2005-06-30": -7.958, "2005-03-31": "-8.02000"}, "Net Change In Investments - Total": {"2020-09-30": -114.622, "2020-06-30": 7.214, "2020-03-31": "-65.61700", "2019-12-31": -261.295, "2019-09-30": -131.926, "2019-06-30": -25.914, "2019-03-31": "-18.88500", "2018-12-31": 15.196, "2018-09-30": -36.602, "2018-06-30": -20.153, "2018-03-31": "-18.40100", "2017-12-31": -63.1, "2017-09-30": 34.491, "2017-06-30": -34.194, "2017-03-31": "-63.10200", "2016-12-31": -46.901, "2016-09-30": -84.03, "2016-06-30": -69.092, "2016-03-31": "-108.34600", "2015-12-31": -56.878, "2015-09-30": -111.46, "2015-06-30": 317.069, "2015-03-31": "-34.17000", "2014-12-31": -151.691, "2014-09-30": -354.295, "2014-06-30": -73.956, "2014-03-31": "-51.07200", "2013-12-31": -33.893, "2013-09-30": -96.11, "2013-06-30": 4.525, "2013-03-31": "-14.29300", "2012-12-31": 355.16, "2012-09-30": -109.987, "2012-06-30": 17.438, "2012-03-31": "-68.98900", "2011-12-31": 197.977, "2011-09-30": -1.832, "2011-06-30": -5.384, "2011-03-31": "-11.59300", "2010-12-31": -404.643, "2010-09-30": -31.967, "2010-06-30": -131.67, "2010-03-31": "-11.08600", "2009-12-31": -60.965, "2009-09-30": 42.272, "2009-06-30": -96.682, "2009-03-31": "-50.69700", "2008-12-31": -70.656, "2008-09-30": -166.327, "2008-06-30": -232.252, "2008-03-31": "-15.27100", "2007-12-31": -7.3701, "2007-09-30": -212.132, "2007-06-30": -48.545, "2007-03-31": "-431.93500", "2006-12-31": -28.492, "2006-09-30": -21.815, "2006-06-30": -33.029, "2006-03-31": "-79.55400", "2005-12-31": -59.284, "2005-09-30": -1.448, "2005-06-30": -7.958, "2005-03-31": "-8.02000"}, "Investing Activities - Other": {"2020-09-30": 61.633, "2020-06-30": -17.839, "2020-03-31": "172.94800", "2019-12-31": 23.975, "2019-09-30": 71.908, "2019-06-30": 24.316, "2019-03-31": "122.10400", "2018-12-31": 21.525, "2018-09-30": 85.939, "2018-06-30": 286.959, "2018-03-31": "67.48300", "2017-12-31": 70.059, "2017-09-30": 17.148, "2017-06-30": 209.904, "2017-03-31": "36.43500", "2016-12-31": 60.916, "2016-09-30": 168.45, "2016-06-30": 237.771, "2016-03-31": "74.09500", "2015-12-31": 81.664, "2015-09-30": 156.219, "2015-06-30": 148.592, "2015-03-31": "435.03400", "2014-12-31": 175.491, "2014-09-30": 176.324, "2014-06-30": 147.417, "2014-03-31": "111.30900", "2013-12-31": 253.556, "2013-09-30": 112.956, "2013-06-30": 279.385, "2013-03-31": "253.53600", "2012-12-31": 65.901, "2012-09-30": -2.052, "2012-06-30": 63.681, "2012-03-31": "545.15900", "2011-12-31": 154.831, "2011-09-30": 18.448, "2011-06-30": 280.052, "2011-03-31": "59.27500", "2010-12-31": 90.515, "2010-09-30": 417.779, "2010-06-30": -4.591, "2010-03-31": "34.54100", "2009-12-31": 75.829, "2009-09-30": 44.379, "2009-06-30": -19.432, "2009-03-31": "22.58000", "2008-12-31": 127.709, "2008-09-30": 129.689, "2008-06-30": 32.763, "2008-03-31": "46.35600", "2007-12-31": 407.231, "2007-09-30": -62.3599, "2007-06-30": 979.1379, "2007-03-31": "-1399.15000", "2006-12-31": 123.846, "2006-09-30": 103.728, "2006-06-30": 119.715, "2006-03-31": "125.51100", "2005-12-31": 239.361, "2005-09-30": 26.951, "2005-06-30": 423.305, "2005-03-31": "108.02900"}, "Cash Flow From Investing Activities": {"2020-09-30": -111.526, "2020-06-30": -134.878, "2020-03-31": "-213.68000", "2019-12-31": -490.644, "2019-09-30": -284.338, "2019-06-30": -188.163, "2019-03-31": "-113.56200", "2018-12-31": -27.05, "2018-09-30": -190.67, "2018-06-30": 104.888, "2018-03-31": "-123.67400", "2017-12-31": -394.623, "2017-09-30": -116.734, "2017-06-30": -74.848, "2017-03-31": "-175.26200", "2016-12-31": -207.253, "2016-09-30": -280.931, "2016-06-30": -285.585, "2016-03-31": "-195.25700", "2015-12-31": -190.273, "2015-09-30": -418.641, "2015-06-30": -343.037, "2015-03-31": "-510.76900", "2014-12-31": -305.852, "2014-09-30": -279.021, "2014-06-30": -84.918, "2014-03-31": "-227.47500", "2013-12-31": -550.875, "2013-09-30": -279.502, "2013-06-30": -105.484, "2013-03-31": "-12.22700", "2012-12-31": 163.358, "2012-09-30": -357.88, "2012-06-30": -210.842, "2012-03-31": "-3175.30700", "2011-12-31": 128.478, "2011-09-30": -1269.431, "2011-06-30": 158.94, "2011-03-31": "-12.02900", "2010-12-31": -376.547, "2010-09-30": -572.281, "2010-06-30": -258.542, "2010-03-31": "-39.32500", "2009-12-31": -48.287, "2009-09-30": 13.238, "2009-06-30": -218.731, "2009-03-31": "-165.21100", "2008-12-31": -148.994, "2008-09-30": -243.314, "2008-06-30": -430.861, "2008-03-31": "-199.10600", "2007-12-31": 64.893, "2007-09-30": -652.305, "2007-06-30": 706.107, "2007-03-31": "-2168.27100", "2006-12-31": -288.292, "2006-09-30": -175.371, "2006-06-30": -53.433, "2006-03-31": "-90.33600", "2005-12-31": -163.414, "2005-09-30": -106.933, "2005-06-30": 298.656, "2005-03-31": "-80.74300"}, "Net Long-Term Debt": {"2020-09-30": -5676.688, "2020-06-30": -1858.65, "2020-03-31": "-3006.34200", "2019-12-31": -4983.476, "2019-09-30": -2450.354, "2019-06-30": -2345.836, "2019-03-31": "-2648.03400", "2018-12-31": -2331.743, "2018-09-30": -2202.095, "2018-06-30": -1934.852, "2018-03-31": "-2649.99500", "2017-12-31": -2425.65, "2017-09-30": -2446.243, "2017-06-30": -3846.052, "2017-03-31": "-1738.72500", "2016-12-31": -4673.75, "2016-09-30": -10116.2906, "2016-06-30": 3569.2846, "2016-03-31": "-3429.41400", "2015-12-31": -4194.304, "2015-09-30": -5809.2739, "2015-06-30": 2287.3549, "2015-03-31": "-1395.79700", "2014-12-31": -1165.276, "2014-09-30": -1809.797, "2014-06-30": 1045.057, "2014-03-31": "-2390.03500", "2013-12-31": -2084.915, "2013-09-30": 898.856, "2013-06-30": -144.14, "2013-03-31": "-1115.99200", "2012-12-31": -6259.166, "2012-09-30": 4666.152, "2012-06-30": -725.1, "2012-03-31": "-2242.44800", "2011-12-31": -21.8721, "2011-09-30": 946.0191, "2011-06-30": -372.441, "2011-03-31": "-295.20000", "2010-12-31": -17.889, "2010-09-30": -815.104, "2010-06-30": -881.0941, "2010-03-31": "-654.91190", "2009-12-31": -63.5647, "2009-09-30": 706.3156, "2009-06-30": 528.7682, "2009-03-31": "-629.45200", "2008-12-31": 131.198, "2008-09-30": 203.5022, "2008-06-30": 258.2649, "2008-03-31": "171.87400", "2007-12-31": -58.053, "2007-09-30": 628.1931, "2007-06-30": -709.5201, "2007-03-31": "1538.70000", "2006-12-31": 942.5851, "2006-09-30": 100.7449, "2006-06-30": -14.5701, "2006-03-31": "36.64310", "2005-12-31": -139.1997, "2005-09-30": 94.3877, "2005-06-30": -271.6418, "2005-03-31": "81.43700"}, "Net Current Debt": {"2020-09-30": 3408.377, "2020-06-30": 1503.603, "2020-03-31": "6451.29000", "2019-12-31": 2418.6, "2019-09-30": 5871.098, "2019-06-30": 2435.278, "2019-03-31": "2587.32400", "2018-12-31": 2078.066, "2018-09-30": 2174.847, "2018-06-30": 1964.75, "2018-03-31": "1756.05600", "2017-12-31": 3596.995, "2017-09-30": 2321.898, "2017-06-30": 3880.682, "2017-03-31": "1868.45500", "2016-12-31": 4778.7, "2016-09-30": 10087.51, "2016-06-30": -3592.168, "2016-03-31": "3592.16800", "2015-12-31": 4121.747, "2015-09-30": 6346.923, "2015-06-30": -1966.685, "2015-03-31": "1966.68500", "2014-12-31": 941.778, "2014-09-30": 1280.04, "2014-06-30": -405.16, "2014-03-31": "1810.49600", "2013-12-31": 2919.364, "2013-09-30": -896.457, "2013-06-30": 253.759, "2013-03-31": "642.69800", "2012-12-31": 6772.443, "2012-09-30": -4491.738, "2012-06-30": 435.594, "2012-03-31": "4056.14400", "2011-12-31": 0, "2011-09-30": -205.946, "2011-06-30": 205.946, "2011-03-31": "", "2010-12-31": 0, "2010-09-30": 0, "2010-06-30": 0, "2010-03-31": "", "2009-12-31": 0, "2009-09-30": 0, "2009-06-30": 0, "2009-03-31": "", "2008-12-31": 0, "2008-09-30": 0, "2008-06-30": 0, "2008-03-31": "", "2007-12-31": 0, "2007-09-30": 0, "2007-06-30": 0, "2007-03-31": "", "2006-12-31": 0, "2006-09-30": 0, "2006-06-30": 0, "2006-03-31": "", "2005-12-31": 0, "2005-09-30": 0, "2005-06-30": 0, "2005-03-31": ""}, "Debt Issuance/Retirement Net - Total": {"2020-09-30": -2268.3053, "2020-06-30": -355.047, "2020-03-31": "3444.94800", "2019-12-31": -2564.8724, "2019-09-30": 3420.7421, "2019-06-30": 89.4419, "2019-03-31": "-60.71000", "2018-12-31": -253.6759, "2018-09-30": -27.2478, "2018-06-30": 29.8978, "2018-03-31": "-893.93910", "2017-12-31": 1171.3399, "2017-09-30": -124.3453, "2017-06-30": 34.6304, "2017-03-31": "129.73000", "2016-12-31": 104.9482, "2016-09-30": -28.7817, "2016-06-30": -22.8833, "2016-03-31": "162.75390", "2015-12-31": -72.56, "2015-09-30": 537.6491, "2015-06-30": 320.6698, "2015-03-31": "570.88810", "2014-12-31": -223.4975, "2014-09-30": -529.7572, "2014-06-30": 639.8969, "2014-03-31": "-579.53890", "2013-12-31": 834.4491, "2013-09-30": 2.399, "2013-06-30": 109.6189, "2013-03-31": "-473.29390", "2012-12-31": 513.277, "2012-09-30": 174.414, "2012-06-30": -289.506, "2012-03-31": "1813.69600", "2011-12-31": -21.8721, "2011-09-30": 740.0731, "2011-06-30": -166.495, "2011-03-31": "-295.20000", "2010-12-31": -17.889, "2010-09-30": -815.104, "2010-06-30": -881.0941, "2010-03-31": "-654.91190", "2009-12-31": -63.5647, "2009-09-30": 706.3156, "2009-06-30": 528.7682, "2009-03-31": "-629.45200", "2008-12-31": 131.198, "2008-09-30": 203.5022, "2008-06-30": 258.2649, "2008-03-31": "171.87400", "2007-12-31": -58.053, "2007-09-30": 628.1931, "2007-06-30": -709.5201, "2007-03-31": "1538.70000", "2006-12-31": 942.5851, "2006-09-30": 100.7449, "2006-06-30": -14.5701, "2006-03-31": "36.64310", "2005-12-31": -139.1997, "2005-09-30": 94.3877, "2005-06-30": -271.6418, "2005-03-31": "81.43700"}, "Net Common Equity Issued/Repurchased": {"2020-09-30": -0.103, "2020-06-30": -0.936, "2020-03-31": "-168.73800", "2019-12-31": -2.379, "2019-09-30": -183.011, "2019-06-30": -176.418, "2019-03-31": "-8.09400", "2018-12-31": -120.781, "2018-09-30": -0.082, "2018-06-30": -83.465, "2018-03-31": "-234.52600", "2017-12-31": -10.915, "2017-09-30": -0.082, "2017-06-30": -247.065, "2017-03-31": "-152.05700", "2016-12-31": -251.05, "2016-09-30": -4.381, "2016-06-30": 0.788, "2016-03-31": "-0.95200", "2015-12-31": -502.429, "2015-09-30": -0.082, "2015-06-30": -2.966, "2015-03-31": "-0.49900", "2014-12-31": 0.399, "2014-09-30": -14.486, "2014-06-30": 0.011, "2014-03-31": "-0.08200", "2013-12-31": -0.082, "2013-09-30": -0.035, "2013-06-30": 0.095, "2013-03-31": "0.12100", "2012-12-31": 0.125, "2012-09-30": -248.192, "2012-06-30": -0.179, "2012-03-31": "1214.08600", "2011-12-31": 3.158, "2011-09-30": 0.329, "2011-06-30": 1.467, "2011-03-31": "0.35900", "2010-12-31": 0.723, "2010-09-30": -0.029, "2010-06-30": 3.237, "2010-03-31": "0.23500", "2009-12-31": 2.852, "2009-09-30": -0.203, "2009-06-30": 1113.922, "2009-03-31": "525.65700", "2008-12-31": 0.006, "2008-09-30": 3.777, "2008-06-30": -11.232, "2008-03-31": "2.54600", "2007-12-31": 65.802, "2007-09-30": 32.248, "2007-06-30": -26.084, "2007-03-31": "0.75100", "2006-12-31": 201.54, "2006-09-30": -16.916, "2006-06-30": 14.572, "2006-03-31": "1.89100", "2005-12-31": -182.693, "2005-09-30": 0.568, "2005-06-30": -0.118, "2005-03-31": "2.21700"}, "Net Total Equity Issued/Repurchased": {"2020-09-30": -0.103, "2020-06-30": -0.936, "2020-03-31": "-168.73800", "2019-12-31": -2.379, "2019-09-30": -183.011, "2019-06-30": -176.418, "2019-03-31": "-8.09400", "2018-12-31": -120.781, "2018-09-30": -0.082, "2018-06-30": -83.465, "2018-03-31": "-234.52600", "2017-12-31": -10.915, "2017-09-30": -0.082, "2017-06-30": -247.065, "2017-03-31": "-152.05700", "2016-12-31": -251.05, "2016-09-30": -4.381, "2016-06-30": 0.788, "2016-03-31": "-0.95200", "2015-12-31": 3.262, "2015-09-30": -0.082, "2015-06-30": -508.657, "2015-03-31": "-0.49900", "2014-12-31": 0.399, "2014-09-30": -14.486, "2014-06-30": 0.011, "2014-03-31": "-0.08200", "2013-12-31": -0.082, "2013-09-30": -0.035, "2013-06-30": 0.095, "2013-03-31": "0.12100", "2012-12-31": 0.125, "2012-09-30": -248.192, "2012-06-30": -0.179, "2012-03-31": "1214.08600", "2011-12-31": 3.158, "2011-09-30": 0.329, "2011-06-30": 1.467, "2011-03-31": "0.35900", "2010-12-31": 0.723, "2010-09-30": -0.029, "2010-06-30": -7.757, "2010-03-31": "0.23500", "2009-12-31": 2.852, "2009-09-30": -0.203, "2009-06-30": 1026.233, "2009-03-31": "525.65700", "2008-12-31": 0.006, "2008-09-30": 3.777, "2008-06-30": -11.86, "2008-03-31": "1.32900", "2007-12-31": -153.049, "2007-09-30": -49.119, "2007-06-30": -11.347, "2007-03-31": "-14.23600", "2006-12-31": -191.524, "2006-09-30": -6.324, "2006-06-30": 6.157, "2006-03-31": "-0.78000", "2005-12-31": -5.754, "2005-09-30": -49.246, "2005-06-30": -2.018, "2005-03-31": "-123.58700"}, "Total Common And Preferred Stock Dividends Paid": {"2020-09-30": -459.024, "2020-06-30": -0.859, "2020-03-31": "-743.35800", "2019-12-31": -743.558, "2019-09-30": -744.033, "2019-06-30": -729.663, "2019-03-31": "-730.23200", "2018-12-31": -713.587, "2018-09-30": -713.023, "2018-06-30": -695.508, "2018-03-31": "-697.60900", "2017-12-31": -663.488, "2017-09-30": -645.707, "2017-06-30": -629.239, "2017-03-31": "-631.42700", "2016-12-31": -597.31, "2016-09-30": -597.085, "2016-06-30": -579.766, "2016-03-31": "-579.80900", "2015-12-31": -579.04, "2015-09-30": -560.953, "2015-06-30": -543.984, "2015-03-31": "-510.14900", "2014-12-31": -473.763, "2014-09-30": -473.73, "2014-06-30": -472.948, "2014-03-31": "-454.80200", "2013-12-31": -436.001, "2013-09-30": -417.847, "2013-06-30": -417.65, "2013-03-31": "-417.14000", "2012-12-31": -398.815, "2012-09-30": -381.412, "2012-06-30": -365.157, "2012-03-31": "-337.94100", "2011-12-31": -391.091, "2011-09-30": -283.807, "2011-06-30": -283.768, "2011-03-31": "-283.57500", "2010-12-31": -283.464, "2010-09-30": -211.746, "2010-06-30": -210.17, "2010-03-31": "-211.74800", "2009-12-31": -47.736, "2009-09-30": -47.179, "2009-06-30": -46.793, "2009-03-31": "-32.45700", "2008-12-31": -263.154, "2008-09-30": -265.445, "2008-06-30": -265.491, "2008-03-31": "-264.20600", "2007-12-31": -248.08, "2007-09-30": -250.104, "2007-06-30": -250.529, "2007-03-31": "-250.38100", "2006-12-31": -234.901, "2006-09-30": -230.8831, "2006-06-30": -230.866, "2006-03-31": "-230.53000", "2005-12-31": -213.655, "2005-09-30": -214.289, "2005-06-30": -214.071, "2005-03-31": "-215.25600"}, "Financial Activities - Other": {"2020-09-30": -2.137, "2020-06-30": -0.038, "2020-03-31": "-4.99900", "2019-12-31": -136.039, "2019-09-30": -2.535, "2019-06-30": -2.444, "2019-03-31": "-2.28200", "2018-12-31": -65.918, "2018-09-30": -1.89, "2018-06-30": -2.078, "2018-03-31": "-8.83100", "2017-12-31": -2.745, "2017-09-30": -3.211, "2017-06-30": -132.154, "2017-03-31": "-3.33600", "2016-12-31": -143.943, "2016-09-30": 2.822, "2016-06-30": -6.842, "2016-03-31": "-3.25200", "2015-12-31": -122.973, "2015-09-30": -2.291, "2015-06-30": -1.576, "2015-03-31": "-2.81800", "2014-12-31": -1.2, "2014-09-30": -211.91, "2014-06-30": -39.279, "2014-03-31": "-103.04800", "2013-12-31": -2.052, "2013-09-30": 2.533, "2013-06-30": -3.153, "2013-03-31": "-2.52500", "2012-12-31": -232.066, "2012-09-30": -0.672, "2012-06-30": -2.602, "2012-03-31": "-5.58900", "2011-12-31": -2.586, "2011-09-30": -2.153, "2011-06-30": -2.224, "2011-03-31": "-22.52800", "2010-12-31": -7.417, "2010-09-30": -190.819, "2010-06-30": -4.609, "2010-03-31": "-173.71500", "2009-12-31": -10.475, "2009-09-30": -8.567, "2009-06-30": -12.183, "2009-03-31": "-8.57100", "2008-12-31": -12.151, "2008-09-30": -8.723, "2008-06-30": -9.025, "2008-03-31": "-11.94600", "2007-12-31": -93.491, "2007-09-30": -5.382, "2007-06-30": -5.597, "2007-03-31": "-5.23900", "2006-12-31": -4.309, "2006-09-30": -6.893, "2006-06-30": -6.928, "2006-03-31": "-6.82600", "2005-12-31": -6.924, "2005-09-30": -6.882, "2005-06-30": -7.35, "2005-03-31": "-6.92400"}, "Cash Flow From Financial Activities": {"2020-09-30": -2729.57, "2020-06-30": -356.88, "2020-03-31": "2527.85300", "2019-12-31": -3446.848, "2019-09-30": 2491.163, "2019-06-30": -819.083, "2019-03-31": "-801.31800", "2018-12-31": -1153.963, "2018-09-30": -742.243, "2018-06-30": -751.153, "2018-03-31": "-1834.90500", "2017-12-31": 494.192, "2017-09-30": -773.345, "2017-06-30": -973.828, "2017-03-31": "-657.09000", "2016-12-31": -887.355, "2016-09-30": -627.426, "2016-06-30": -608.703, "2016-03-31": "-421.25900", "2015-12-31": -771.311, "2015-09-30": -25.677, "2015-06-30": -733.547, "2015-03-31": "57.42200", "2014-12-31": -698.062, "2014-09-30": -1229.883, "2014-06-30": 127.681, "2014-03-31": "-1137.47100", "2013-12-31": 396.314, "2013-09-30": -412.95, "2013-06-30": -311.089, "2013-03-31": "-892.83800", "2012-12-31": -117.479, "2012-09-30": -455.862, "2012-06-30": -657.444, "2012-03-31": "2684.25200", "2011-12-31": -412.391, "2011-09-30": 454.442, "2011-06-30": -451.02, "2011-03-31": "-600.94400", "2010-12-31": -308.047, "2010-09-30": -1217.698, "2010-06-30": -1103.63, "2010-03-31": "-1040.14000", "2009-12-31": -118.924, "2009-09-30": 650.367, "2009-06-30": 1496.025, "2009-03-31": "-144.82300", "2008-12-31": -144.101, "2008-09-30": -66.889, "2008-06-30": -28.111, "2008-03-31": "-102.94900", "2007-12-31": -552.673, "2007-09-30": 323.588, "2007-06-30": -976.993, "2007-03-31": "1268.84400", "2006-12-31": 511.851, "2006-09-30": -143.355, "2006-06-30": -246.207, "2006-03-31": "-201.49300", "2005-12-31": -365.533, "2005-09-30": -176.029, "2005-06-30": -495.081, "2005-03-31": "-264.33000"}, "Net Cash Flow": {"2020-09-30": -2223.787, "2020-06-30": -418.753, "2020-03-31": "3055.48000", "2019-12-31": -2977.857, "2019-09-30": 3167.454, "2019-06-30": 42.974, "2019-03-31": "-77.53300", "2018-12-31": -181.383, "2018-09-30": -18.529, "2018-06-30": 347.04, "2018-03-31": "-1115.10200", "2017-12-31": 973.904, "2017-09-30": 19.791, "2017-06-30": -24.786, "2017-03-31": "-46.65900", "2016-12-31": -254.688, "2016-09-30": -69.534, "2016-06-30": 79.205, "2016-03-31": "103.94200", "2015-12-31": -155.727, "2015-09-30": 291.204, "2015-06-30": -268.075, "2015-03-31": "221.45000", "2014-12-31": -205.716, "2014-09-30": -847.819, "2014-06-30": 652.449, "2014-03-31": "-703.49500", "2013-12-31": 617.542, "2013-09-30": 3.492, "2013-06-30": 265.863, "2013-03-31": "-354.55200", "2012-12-31": 731.806, "2012-09-30": -185.787, "2012-06-30": -242.05, "2012-03-31": "81.89900", "2011-12-31": 222.833, "2011-09-30": -213.896, "2011-06-30": 153.663, "2011-03-31": "-160.66800", "2010-12-31": -214.856, "2010-09-30": -1281.668, "2010-06-30": -1033.4, "2010-03-31": "-631.07600", "2009-12-31": 212.025, "2009-09-30": 1117.262, "2009-06-30": 1730.103, "2009-03-31": "124.78400", "2008-12-31": 127.428, "2008-09-30": 142.237, "2008-06-30": 75.22, "2008-03-31": "-73.32300", "2007-12-31": 112.014, "2007-09-30": 8.793, "2007-06-30": 41.222, "2007-03-31": "-589.40700", "2006-12-31": 606.408, "2006-09-30": -7.333, "2006-06-30": 31.248, "2006-03-31": "-38.01100", "2005-12-31": -85.743, "2005-09-30": 47.216, "2005-06-30": 92.046, "2005-03-31": "-236.55500"}, "Stock-Based Compensation": {"2020-09-30": 0, "2020-06-30": 0, "2020-03-31": "", "2019-12-31": 0, "2019-09-30": 0, "2019-06-30": 0, "2019-03-31": "", "2018-12-31": 0, "2018-09-30": 0, "2018-06-30": 0, "2018-03-31": "", "2017-12-31": 0, "2017-09-30": 0, "2017-06-30": 0, "2017-03-31": "", "2016-12-31": 0, "2016-09-30": 0, "2016-06-30": 0, "2016-03-31": "", "2015-12-31": 0, "2015-09-30": 0, "2015-06-30": 0, "2015-03-31": "", "2014-12-31": 0, "2014-09-30": 0, "2014-06-30": 0, "2014-03-31": "", "2013-12-31": 0, "2013-09-30": 0, "2013-06-30": 0, "2013-03-31": "", "2012-12-31": 0, "2012-09-30": 0, "2012-06-30": 0, "2012-03-31": "", "2011-12-31": 0, "2011-09-30": 0, "2011-06-30": 0, "2011-03-31": "", "2010-12-31": 0, "2010-09-30": 0, "2010-06-30": 0, "2010-03-31": "", "2009-12-31": 0, "2009-09-30": 0, "2009-06-30": 0, "2009-03-31": "", "2008-12-31": 0, "2008-09-30": 0, "2008-06-30": 0, "2008-03-31": "", "2007-12-31": 0, "2007-09-30": 0, "2007-06-30": 0, "2007-03-31": "", "2006-12-31": 0, "2006-09-30": 0, "2006-06-30": 0, "2006-03-31": "", "2005-12-31": 0, "2005-09-30": 0, "2005-06-30": 0, "2005-03-31": ""}, "Common Stock Dividends Paid": {"2020-09-30": -60.527, "2020-06-30": -0.024, "2020-03-31": "-98.09900", "2019-12-31": -98.28, "2019-09-30": -98.275, "2019-06-30": -95.977, "2019-03-31": "-96.01000", "2018-12-31": -94.126, "2018-09-30": -93.581, "2018-06-30": -91.426, "2018-03-31": "-91.52300", "2017-12-31": -87.536, "2017-09-30": -85.325, "2017-06-30": -82.835, "2017-03-31": "-82.90600", "2016-12-31": -78.591, "2016-09-30": -78.595, "2016-06-30": -76.168, "2016-03-31": "-83.07400", "2015-12-31": -83.111, "2015-09-30": -80.515, "2015-06-30": -77.78, "2015-03-31": "-73.53800", "2014-12-31": -68.886, "2014-09-30": -68.896, "2014-06-30": -68.153, "2014-03-31": "-65.70500", "2013-12-31": -62.741, "2013-09-30": -60.126, "2013-06-30": -59.963, "2013-03-31": "-59.76600", "2012-12-31": -57.688, "2012-09-30": -62.07, "2012-06-30": -61.107, "2012-03-31": "-57.90700", "2011-12-31": -67.024, "2011-09-30": -47.933, "2011-06-30": -48.248, "2011-03-31": "-48.29200", "2010-12-31": -48.319, "2010-09-30": -35.164, "2010-06-30": -35.146, "2010-03-31": "-34.61800", "2009-12-31": -6.921, "2009-09-30": -6.848, "2009-06-30": -6.812, "2009-03-31": "-5.07700", "2008-12-31": -50.918, "2008-09-30": -51.219, "2008-06-30": -51.599, "2008-03-31": "-52.11400", "2007-12-31": -48.663, "2007-09-30": -48.622, "2007-06-30": -48.568, "2007-03-31": "-48.97000", "2006-12-31": -44.385, "2006-09-30": -44.379, "2006-06-30": -44.48, "2006-03-31": "-44.42900", "2005-12-31": -41.323, "2005-09-30": -41.39, "2005-06-30": -41.456, "2005-03-31": "-42.44800"}}, "financial ratios": {"Current Ratio": {"2019-12-31": "", "2018-12-31": "", "2017-12-31": "", "2016-12-31": "", "2015-12-31": "", "2014-12-31": "", "2013-12-31": "", "2012-12-31": "", "2011-12-31": "", "2010-12-31": "", "2009-12-31": "", "2008-12-31": "", "2007-12-31": "", "2006-12-31": "", "2005-12-31": ""}, "Long-term Debt / Capital": {"2019-12-31": "0.89250", "2018-12-31": "0.85990", "2017-12-31": "0.85320", "2016-12-31": "0.82250", "2015-12-31": "0.81120", "2014-12-31": "0.77800", "2013-12-31": "0.76870", "2012-12-31": "0.77030", "2011-12-31": "0.76890", "2010-12-31": "0.75620", "2009-12-31": "0.78230", "2008-12-31": "0.85330", "2007-12-31": "0.82850", "2006-12-31": "0.79460", "2005-12-31": "0.76610"}, "Debt/Equity Ratio": {"2019-12-31": "8.30000", "2018-12-31": "6.13800", "2017-12-31": "5.81120", "2016-12-31": "4.63260", "2015-12-31": "4.29740", "2014-12-31": "3.50380", "2013-12-31": "3.32280", "2012-12-31": "3.35310", "2011-12-31": "3.32710", "2010-12-31": "3.10160", "2009-12-31": "3.59450", "2008-12-31": "5.81650", "2007-12-31": "4.83210", "2006-12-31": "3.86830", "2005-12-31": "3.27490"}, "Gross Margin": {"2019-12-31": "", "2018-12-31": "", "2017-12-31": "", "2016-12-31": "", "2015-12-31": "", "2014-12-31": "", "2013-12-31": "", "2012-12-31": "", "2011-12-31": "", "2010-12-31": "", "2009-12-31": "", "2008-12-31": "", "2007-12-31": "", "2006-12-31": "", "2005-12-31": ""}, "Operating Margin": {"2019-12-31": "50.52540", "2018-12-31": "51.83610", "2017-12-31": "50.69970", "2016-12-31": "50.05910", "2015-12-31": "50.68020", "2014-12-31": "48.97210", "2013-12-31": "48.16770", "2012-12-31": "47.13710", "2011-12-31": "45.12210", "2010-12-31": "44.13840", "2009-12-31": "37.26120", "2008-12-31": "40.78730", "2007-12-31": "42.01910", "2006-12-31": "39.62090", "2005-12-31": "38.06380"}, "EBIT Margin": {"2019-12-31": "50.52540", "2018-12-31": "51.83610", "2017-12-31": "50.69970", "2016-12-31": "50.05910", "2015-12-31": "50.68020", "2014-12-31": "48.97210", "2013-12-31": "48.16770", "2012-12-31": "47.13710", "2011-12-31": "45.12210", "2010-12-31": "44.13840", "2009-12-31": "37.26120", "2008-12-31": "40.78730", "2007-12-31": "42.01910", "2006-12-31": "39.62090", "2005-12-31": "38.06380"}, "EBITDA Margin": {"2019-12-31": "74.75000", "2018-12-31": "75.74590", "2017-12-31": "75.25670", "2016-12-31": "74.49130", "2015-12-31": "74.21210", "2014-12-31": "75.36980", "2013-12-31": "77.50300", "2012-12-31": "77.71170", "2011-12-31": "70.95420", "2010-12-31": "69.81100", "2009-12-31": "64.00120", "2008-12-31": "66.07910", "2007-12-31": "65.99420", "2006-12-31": "64.01110", "2005-12-31": "63.90860"}, "Pre-Tax Profit Margin": {"2019-12-31": "34.64720", "2018-12-31": "37.11350", "2017-12-31": "33.72930", "2016-12-31": "31.76490", "2015-12-31": "30.84300", "2014-12-31": "25.97440", "2013-12-31": "24.35350", "2012-12-31": "22.03980", "2011-12-31": "22.28360", "2010-12-31": "9.32520", "2009-12-31": "9.85190", "2008-12-31": "15.09050", "2007-12-31": "14.60280", "2006-12-31": "14.95640", "2005-12-31": "12.83080"}, "Net Profit Margin": {"2019-12-31": "36.45840", "2018-12-31": "43.16380", "2017-12-31": "35.18200", "2016-12-31": "33.77150", "2015-12-31": "34.64390", "2014-12-31": "28.85040", "2013-12-31": "28.96890", "2012-12-31": "33.62560", "2011-12-31": "23.71950", "2010-12-31": "15.42400", "2009-12-31": "7.49890", "2008-12-31": "11.16840", "2007-12-31": "11.94710", "2006-12-31": "14.58950", "2005-12-31": "12.69070"}, "Asset Turnover": {"2019-12-31": "0.18430", "2018-12-31": "0.18400", "2017-12-31": "0.17130", "2016-12-31": "0.17470", "2015-12-31": "0.17230", "2014-12-31": "0.16490", "2013-12-31": "0.13640", "2012-12-31": "0.13060", "2011-12-31": "0.16430", "2010-12-31": "0.15920", "2009-12-31": "0.14550", "2008-12-31": "0.16150", "2007-12-31": "0.15470", "2006-12-31": "0.15090", "2005-12-31": "0.14990"}, "Inventory Turnover Ratio": {"2019-12-31": "", "2018-12-31": "", "2017-12-31": "", "2016-12-31": "", "2015-12-31": "", "2014-12-31": "", "2013-12-31": "", "2012-12-31": "", "2011-12-31": "", "2010-12-31": "", "2009-12-31": "", "2008-12-31": "", "2007-12-31": "", "2006-12-31": "", "2005-12-31": ""}, "Receiveable Turnover": {"2019-12-31": "", "2018-12-31": "", "2017-12-31": "", "2016-12-31": "", "2015-12-31": "", "2014-12-31": "", "2013-12-31": "", "2012-12-31": "", "2011-12-31": "", "2010-12-31": "", "2009-12-31": "", "2008-12-31": "", "2007-12-31": "", "2006-12-31": "", "2005-12-31": ""}, "Days Sales In Receivables": {"2019-12-31": "", "2018-12-31": "", "2017-12-31": "", "2016-12-31": "", "2015-12-31": "", "2014-12-31": "", "2013-12-31": "", "2012-12-31": "", "2011-12-31": "", "2010-12-31": "", "2009-12-31": "", "2008-12-31": "", "2007-12-31": "", "2006-12-31": "", "2005-12-31": ""}, "ROE - Return On Equity": {"2019-12-31": "84.46610", "2018-12-31": "75.17810", "2017-12-31": "53.50500", "2016-12-31": "43.41920", "2015-12-31": "41.35950", "2014-12-31": "27.45970", "2013-12-31": "20.16440", "2012-12-31": "22.82650", "2011-12-31": "22.65590", "2010-12-31": "13.48360", "2009-12-31": "7.53830", "2008-12-31": "19.61950", "2007-12-31": "23.94960", "2006-12-31": "23.23340", "2005-12-31": "14.17070"}, "Return On Tangible Equity": {"2019-12-31": "83.23530", "2018-12-31": "74.33170", "2017-12-31": "52.96130", "2016-12-31": "43.03920", "2015-12-31": "41.01270", "2014-12-31": "27.25640", "2013-12-31": "20.03320", "2012-12-31": "22.67840", "2011-12-31": "22.47180", "2010-12-31": "13.37500", "2009-12-31": "7.47180", "2008-12-31": "19.32840", "2007-12-31": "18.93160", "2006-12-31": "18.06900", "2005-12-31": "10.61750"}, "ROA - Return On Assets": {"2019-12-31": "7.75880", "2018-12-31": "9.19740", "2017-12-31": "6.95930", "2016-12-31": "6.86320", "2015-12-31": "6.99940", "2014-12-31": "5.49280", "2013-12-31": "4.10150", "2012-12-31": "4.79720", "2011-12-31": "4.75230", "2010-12-31": "3.03130", "2009-12-31": "1.49240", "2008-12-31": "2.55970", "2007-12-31": "2.85780", "2006-12-31": "3.25600", "2005-12-31": "2.16420"}, "ROI - Return On Investment": {"2019-12-31": "8.95010", "2018-12-31": "10.41360", "2017-12-31": "7.77560", "2016-12-31": "7.64110", "2015-12-31": "7.74210", "2014-12-31": "6.05180", "2013-12-31": "4.63440", "2012-12-31": "5.20970", "2011-12-31": "5.19330", "2010-12-31": "3.26090", "2009-12-31": "1.62620", "2008-12-31": "2.83550", "2007-12-31": "3.24610", "2006-12-31": "3.71150", "2005-12-31": "2.48370"}, "Book Value Per Share": {"2019-12-31": "9.08510", "2018-12-31": "11.84990", "2017-12-31": "13.62220", "2016-12-31": "15.84260", "2015-12-31": "16.85850", "2014-12-31": "19.14970", "2013-12-31": "21.96530", "2012-12-31": "22.24270", "2011-12-31": "18.86740", "2010-12-31": "19.23030", "2009-12-31": "18.13820", "2008-12-31": "13.40990", "2007-12-31": "15.97770", "2006-12-31": "17.97330", "2005-12-31": "19.54760"}, "Operating Cash Flow Per Share": {"2019-12-31": 0.2512, "2018-12-31": 0.5775, "2017-12-31": 0.7504, "2016-12-31": 1.0322, "2015-12-31": 0.9667, "2014-12-31": 0.0814, "2013-12-31": 0.4155, "2012-12-31": 1.4575, "2011-12-31": 0.8083, "2010-12-31": -0.3842, "2009-12-31": -0.8336, "2008-12-31": 0.2735, "2007-12-31": 1.2058, "2006-12-31": 0.4702, "2005-12-31": 5.2927}, "Free Cash Flow Per Share": {"2019-12-31": -0.638, "2018-12-31": 0.9301, "2017-12-31": 0.9009, "2016-12-31": 1.7813, "2015-12-31": 0.3451, "2014-12-31": 0.2286, "2013-12-31": 0.3513, "2012-12-31": 0.3279, "2011-12-31": 0.1705, "2010-12-31": 0.1377, "2009-12-31": 1.6354, "2008-12-31": 0.9497, "2007-12-31": 0.1183, "2006-12-31": 0.2958, "2005-12-31": 2.0078}}, "financial ratios, quarterly": {"Current Ratio": {"2020-09-30": "", "2020-06-30": "", "2020-03-31": "", "2019-12-31": "", "2019-09-30": "", "2019-06-30": "", "2019-03-31": "", "2018-12-31": "", "2018-09-30": "", "2018-06-30": "", "2018-03-31": "", "2017-12-31": "", "2017-09-30": "", "2017-06-30": "", "2017-03-31": "", "2016-12-31": "", "2016-09-30": "", "2016-06-30": "", "2016-03-31": "", "2015-12-31": "", "2015-09-30": "", "2015-06-30": "", "2015-03-31": "", "2014-12-31": "", "2014-09-30": "", "2014-06-30": "", "2014-03-31": "", "2013-12-31": "", "2013-09-30": "", "2013-06-30": "", "2013-03-31": "", "2012-12-31": "", "2012-09-30": "", "2012-06-30": "", "2012-03-31": "", "2011-12-31": "", "2011-09-30": "", "2011-06-30": "", "2011-03-31": "", "2010-12-31": "", "2010-09-30": "", "2010-06-30": "", "2010-03-31": "", "2009-12-31": "", "2009-09-30": "", "2009-06-30": "", "2009-03-31": "", "2008-12-31": "", "2008-09-30": "", "2008-06-30": "", "2008-03-31": "", "2007-12-31": "", "2007-09-30": "", "2007-06-30": "", "2007-03-31": "", "2006-12-31": "", "2006-09-30": "", "2006-06-30": "", "2006-03-31": "", "2005-12-31": "", "2005-09-30": "", "2005-06-30": "", "2005-03-31": ""}, "Long-term Debt / Capital": {"2020-09-30": "0.92580", "2020-06-30": "0.92110", "2020-03-31": "0.91650", "2019-12-31": "0.89250", "2019-09-30": "0.89640", "2019-06-30": "0.87400", "2019-03-31": "0.86240", "2018-12-31": "0.85990", "2018-09-30": "0.85870", "2018-06-30": "0.85840", "2018-03-31": "0.85430", "2017-12-31": "0.85320", "2017-09-30": "0.84660", "2017-06-30": "0.84520", "2017-03-31": "0.83040", "2016-12-31": "0.82250", "2016-09-30": "0.81250", "2016-06-30": "0.81170", "2016-03-31": "0.81080", "2015-12-31": "0.81120", "2015-09-30": "0.80940", "2015-06-30": "0.80380", "2015-03-31": "0.78410", "2014-12-31": "0.77800", "2014-09-30": "0.78330", "2014-06-30": "0.78170", "2014-03-31": "0.77160", "2013-12-31": "0.76870", "2013-09-30": "0.76960", "2013-06-30": "0.76920", "2013-03-31": "0.76790", "2012-12-31": "0.77030", "2012-09-30": "0.76790", "2012-06-30": "0.75910", "2012-03-31": "0.75760", "2011-12-31": "0.76890", "2011-09-30": "0.76460", "2011-06-30": "0.75340", "2011-03-31": "0.75540", "2010-12-31": "0.75620", "2010-09-30": "0.75720", "2010-06-30": "0.76220", "2010-03-31": "0.77670", "2009-12-31": "0.78230", "2009-09-30": "0.78540", "2009-06-30": "0.78450", "2009-03-31": "0.82550", "2008-12-31": "0.85330", "2008-09-30": "0.84370", "2008-06-30": "0.83950", "2008-03-31": "0.83370", "2007-12-31": "0.82850", "2007-09-30": "0.82050", "2007-06-30": "0.81120", "2007-03-31": "0.81280", "2006-12-31": "0.79460", "2006-09-30": "0.77630", "2006-06-30": "0.77220", "2006-03-31": "0.76910", "2005-12-31": "0.76610", "2005-09-30": "0.76800", "2005-06-30": "0.76190", "2005-03-31": "0.76600"}, "Debt/Equity Ratio": {"2020-09-30": "12.46870", "2020-06-30": "11.67610", "2020-03-31": "10.97330", "2019-12-31": "8.30000", "2019-09-30": "8.65020", "2019-06-30": "6.93430", "2019-03-31": "6.26660", "2018-12-31": "6.13800", "2018-09-30": "6.07520", "2018-06-30": "6.06010", "2018-03-31": "5.86300", "2017-12-31": "5.81120", "2017-09-30": "5.51790", "2017-06-30": "5.45840", "2017-03-31": "4.89510", "2016-12-31": "4.63260", "2016-09-30": "4.33250", "2016-06-30": "4.31110", "2016-03-31": "4.28450", "2015-12-31": "4.29740", "2015-09-30": "4.24770", "2015-06-30": "4.09770", "2015-03-31": "3.63260", "2014-12-31": "3.50380", "2014-09-30": "3.61400", "2014-06-30": "3.58120", "2014-03-31": "3.37790", "2013-12-31": "3.32280", "2013-09-30": "3.34040", "2013-06-30": "3.33340", "2013-03-31": "3.30820", "2012-12-31": "3.35310", "2012-09-30": "3.30880", "2012-06-30": "3.15070", "2012-03-31": "3.12610", "2011-12-31": "3.32710", "2011-09-30": "3.24800", "2011-06-30": "3.05510", "2011-03-31": "3.08840", "2010-12-31": "3.10160", "2010-09-30": "3.11800", "2010-06-30": "3.20550", "2010-03-31": "3.47820", "2009-12-31": "3.59450", "2009-09-30": "3.65990", "2009-06-30": "3.64120", "2009-03-31": "4.73120", "2008-12-31": "5.81650", "2008-09-30": "5.39660", "2008-06-30": "5.23120", "2008-03-31": "5.01500", "2007-12-31": "4.83210", "2007-09-30": "4.57140", "2007-06-30": "4.29560", "2007-03-31": "4.34090", "2006-12-31": "3.86830", "2006-09-30": "3.47030", "2006-06-30": "3.38910", "2006-03-31": "3.33070", "2005-12-31": "3.27490", "2005-09-30": "3.31040", "2005-06-30": "3.20000", "2005-03-31": "3.27360"}, "Gross Margin": {"2020-09-30": "", "2020-06-30": "", "2020-03-31": "", "2019-12-31": "", "2019-09-30": "", "2019-06-30": "", "2019-03-31": "", "2018-12-31": "", "2018-09-30": "", "2018-06-30": "", "2018-03-31": "", "2017-12-31": "", "2017-09-30": "", "2017-06-30": "", "2017-03-31": "", "2016-12-31": "", "2016-09-30": "", "2016-06-30": "", "2016-03-31": "", "2015-12-31": "", "2015-09-30": "", "2015-06-30": "", "2015-03-31": "", "2014-12-31": "", "2014-09-30": "", "2014-06-30": "", "2014-03-31": "", "2013-12-31": "", "2013-09-30": "", "2013-06-30": "", "2013-03-31": "", "2012-12-31": "", "2012-09-30": "", "2012-06-30": "", "2012-03-31": "", "2011-12-31": "", "2011-09-30": "", "2011-06-30": "", "2011-03-31": "", "2010-12-31": "", "2010-09-30": "", "2010-06-30": "", "2010-03-31": "", "2009-12-31": "", "2009-09-30": "", "2009-06-30": "", "2009-03-31": "", "2008-12-31": "", "2008-09-30": "", "2008-06-30": "", "2008-03-31": "", "2007-12-31": "", "2007-09-30": "", "2007-06-30": "", "2007-03-31": "", "2006-12-31": "", "2006-09-30": "", "2006-06-30": "", "2006-03-31": "", "2005-12-31": "", "2005-09-30": "", "2005-06-30": "", "2005-03-31": ""}, "Operating Margin": {"2020-09-30": "38.09120", "2020-06-30": "42.45300", "2020-03-31": "48.38840", "2019-12-31": "52.18790", "2019-09-30": "49.79000", "2019-06-30": "48.71440", "2019-03-31": "51.28050", "2018-12-31": "52.90880", "2018-09-30": "51.48380", "2018-06-30": "52.55970", "2018-03-31": "50.34730", "2017-12-31": "52.91300", "2017-09-30": "49.16280", "2017-06-30": "50.39480", "2017-03-31": "50.28160", "2016-12-31": "49.12460", "2016-09-30": "49.82370", "2016-06-30": "50.11750", "2016-03-31": "51.23760", "2015-12-31": "51.40660", "2015-09-30": "49.81200", "2015-06-30": "52.06280", "2015-03-31": "49.26440", "2014-12-31": "50.51880", "2014-09-30": "49.20710", "2014-06-30": "47.50760", "2014-03-31": "48.48350", "2013-12-31": "52.19730", "2013-09-30": "47.82360", "2013-06-30": "46.99930", "2013-03-31": "45.89810", "2012-12-31": "55.54830", "2012-09-30": "45.98290", "2012-06-30": "44.13280", "2012-03-31": "46.17830", "2011-12-31": "46.19460", "2011-09-30": "45.01270", "2011-06-30": "44.92170", "2011-03-31": "44.21040", "2010-12-31": "45.24880", "2010-09-30": "40.62130", "2010-06-30": "44.50320", "2010-03-31": "46.14950", "2009-12-31": "27.73090", "2009-09-30": "42.40060", "2009-06-30": "40.41290", "2009-03-31": "39.65370", "2008-12-31": "41.66680", "2008-09-30": "40.97420", "2008-06-30": "41.06820", "2008-03-31": "39.29140", "2007-12-31": "45.65710", "2007-09-30": "41.74620", "2007-06-30": "38.96930", "2007-03-31": "40.95170", "2006-12-31": "42.03230", "2006-09-30": "39.24640", "2006-06-30": "38.81740", "2006-03-31": "37.98700", "2005-12-31": "39.12910", "2005-09-30": "38.16530", "2005-06-30": "38.40300", "2005-03-31": "36.33500"}, "EBIT Margin": {"2020-09-30": "38.09120", "2020-06-30": "42.45300", "2020-03-31": "48.38840", "2019-12-31": "52.18790", "2019-09-30": "49.79000", "2019-06-30": "48.71440", "2019-03-31": "51.28050", "2018-12-31": "52.90880", "2018-09-30": "51.48380", "2018-06-30": "52.55970", "2018-03-31": "50.34730", "2017-12-31": "52.91290", "2017-09-30": "49.16280", "2017-06-30": "50.39480", "2017-03-31": "50.28160", "2016-12-31": "49.12460", "2016-09-30": "49.82370", "2016-06-30": "50.11750", "2016-03-31": "51.23760", "2015-12-31": "51.40660", "2015-09-30": "49.81200", "2015-06-30": "52.06280", "2015-03-31": "49.26440", "2014-12-31": "50.51870", "2014-09-30": "49.20710", "2014-06-30": "47.50760", "2014-03-31": "48.48350", "2013-12-31": "52.19730", "2013-09-30": "47.82360", "2013-06-30": "46.99930", "2013-03-31": "45.89810", "2012-12-31": "55.54830", "2012-09-30": "45.98290", "2012-06-30": "44.13280", "2012-03-31": "46.17830", "2011-12-31": "46.19460", "2011-09-30": "45.01270", "2011-06-30": "44.92170", "2011-03-31": "44.21040", "2010-12-31": "45.24880", "2010-09-30": "40.62130", "2010-06-30": "44.50320", "2010-03-31": "46.14950", "2009-12-31": "27.73090", "2009-09-30": "42.40060", "2009-06-30": "40.41290", "2009-03-31": "39.65370", "2008-12-31": "41.66680", "2008-09-30": "40.97420", "2008-06-30": "41.06820", "2008-03-31": "39.29140", "2007-12-31": "45.65710", "2007-09-30": "41.74620", "2007-06-30": "38.96930", "2007-03-31": "40.95170", "2006-12-31": "42.03230", "2006-09-30": "39.24640", "2006-06-30": "38.81740", "2006-03-31": "37.98700", "2005-12-31": "39.12910", "2005-09-30": "38.16530", "2005-06-30": "38.40300", "2005-03-31": "36.33500"}, "EBITDA Margin": {"2020-09-30": "", "2020-06-30": "", "2020-03-31": "", "2019-12-31": "", "2019-09-30": "", "2019-06-30": "", "2019-03-31": "", "2018-12-31": "", "2018-09-30": "", "2018-06-30": "", "2018-03-31": "", "2017-12-31": "", "2017-09-30": "", "2017-06-30": "", "2017-03-31": "", "2016-12-31": "", "2016-09-30": "", "2016-06-30": "", "2016-03-31": "", "2015-12-31": "", "2015-09-30": "", "2015-06-30": "", "2015-03-31": "", "2014-12-31": "", "2014-09-30": "", "2014-06-30": "", "2014-03-31": "", "2013-12-31": "", "2013-09-30": "", "2013-06-30": "", "2013-03-31": "", "2012-12-31": "", "2012-09-30": "", "2012-06-30": "", "2012-03-31": "", "2011-12-31": "", "2011-09-30": "", "2011-06-30": "", "2011-03-31": "", "2010-12-31": "", "2010-09-30": "", "2010-06-30": "", "2010-03-31": "", "2009-12-31": "", "2009-09-30": "", "2009-06-30": "", "2009-03-31": "", "2008-12-31": "", "2008-09-30": "", "2008-06-30": "", "2008-03-31": "", "2007-12-31": "", "2007-09-30": "", "2007-06-30": "", "2007-03-31": "", "2006-12-31": "", "2006-09-30": "", "2006-06-30": "", "2006-03-31": "", "2005-12-31": "", "2005-09-30": "", "2005-06-30": "", "2005-03-31": ""}, "Pre-Tax Profit Margin": {"2020-09-30": "18.93960", "2020-06-30": "23.91710", "2020-03-31": "33.11710", "2019-12-31": "31.40110", "2019-09-30": "35.65510", "2019-06-30": "33.63110", "2019-03-31": "37.96750", "2018-12-31": "28.34920", "2018-09-30": "36.88850", "2018-06-30": "38.34140", "2018-03-31": "45.31100", "2017-12-31": "38.08830", "2017-09-30": "34.98310", "2017-06-30": "26.09870", "2017-03-31": "35.55370", "2016-12-31": "24.84040", "2016-09-30": "33.99210", "2016-06-30": "33.84890", "2016-03-31": "34.84000", "2015-12-31": "25.92170", "2015-09-30": "32.41580", "2015-06-30": "34.94240", "2015-03-31": "30.17490", "2014-12-31": "32.50520", "2014-09-30": "18.64460", "2014-06-30": "25.93960", "2014-03-31": "26.51040", "2013-12-31": "28.48310", "2013-09-30": "24.22040", "2013-06-30": "22.46190", "2013-03-31": "22.44030", "2012-12-31": "23.25900", "2012-09-30": "22.46890", "2012-06-30": "19.84460", "2012-03-31": "23.11430", "2011-12-31": "25.14970", "2011-09-30": "22.26570", "2011-06-30": "21.42990", "2011-03-31": "19.88200", "2010-12-31": "22.70700", "2010-09-30": "-3.73060", "2010-06-30": "16.49630", "2010-03-31": "-0.28840", "2009-12-31": "11.59320", "2009-09-30": "14.51960", "2009-06-30": "-2.18510", "2009-03-31": "15.04420", "2008-12-31": "17.41610", "2008-09-30": "15.32690", "2008-06-30": "13.69230", "2008-03-31": "13.61090", "2007-12-31": "17.01360", "2007-09-30": "15.49300", "2007-06-30": "10.50280", "2007-03-31": "14.84360", "2006-12-31": "19.28780", "2006-09-30": "14.06180", "2006-06-30": "13.68480", "2006-03-31": "12.07800", "2005-12-31": "16.09490", "2005-09-30": "12.47600", "2005-06-30": "12.10520", "2005-03-31": "10.02610"}, "Net Profit Margin": {"2020-09-30": "13.75790", "2020-06-30": "23.93630", "2020-03-31": "32.33470", "2019-12-31": "34.27310", "2019-09-30": "38.42100", "2019-06-30": "35.45150", "2019-03-31": "37.75210", "2018-12-31": "48.75400", "2018-09-30": "39.61960", "2018-06-30": "39.49320", "2018-03-31": "44.51740", "2017-12-31": "40.32200", "2017-09-30": "36.60370", "2017-06-30": "28.05560", "2017-03-31": "35.49930", "2016-12-31": "27.66060", "2016-09-30": "37.19100", "2016-06-30": "34.62030", "2016-03-31": "35.98340", "2015-12-31": "28.41450", "2015-09-30": "31.81560", "2015-06-30": "35.05600", "2015-03-31": "44.32810", "2014-12-31": "31.22670", "2014-09-30": "20.40730", "2014-06-30": "34.39880", "2014-03-31": "29.52820", "2013-12-31": "34.78420", "2013-09-30": "27.17600", "2013-06-30": "31.33070", "2013-03-31": "23.30240", "2012-12-31": "43.77250", "2012-09-30": "20.74860", "2012-06-30": "18.13410", "2012-03-31": "57.67900", "2011-12-31": "30.98420", "2011-09-30": "25.50360", "2011-06-30": "19.70690", "2011-03-31": "17.59160", "2010-12-31": "19.46230", "2010-09-30": "23.55050", "2010-06-30": "16.33560", "2010-03-31": "1.01320", "2009-12-31": "8.90340", "2009-09-30": "11.41130", "2009-06-30": "-2.29740", "2009-03-31": "11.62430", "2008-12-31": "14.10680", "2008-09-30": "12.05750", "2008-06-30": "8.29650", "2008-03-31": "9.82160", "2007-12-31": "10.90490", "2007-09-30": "18.18200", "2007-06-30": "7.00020", "2007-03-31": "11.54520", "2006-12-31": "22.07780", "2006-09-30": "11.55340", "2006-06-30": "10.37490", "2006-03-31": "13.20600", "2005-12-31": "12.99850", "2005-09-30": "9.49640", "2005-06-30": "20.58430", "2005-03-31": "7.69130"}, "Asset Turnover": {"2020-09-30": "0.03350", "2020-06-30": "0.03120", "2020-03-31": "0.03970", "2019-12-31": "0.04770", "2019-09-30": "0.04190", "2019-06-30": "0.04550", "2019-03-31": "0.04710", "2018-12-31": "0.04760", "2018-09-30": "0.04520", "2018-06-30": "0.04490", "2018-03-31": "0.04490", "2017-12-31": "0.04390", "2017-09-30": "0.04520", "2017-06-30": "0.04400", "2017-03-31": "0.04350", "2016-12-31": "0.04580", "2016-09-30": "0.04290", "2016-06-30": "0.04190", "2016-03-31": "0.04260", "2015-12-31": "0.04520", "2015-09-30": "0.04280", "2015-06-30": "0.04450", "2015-03-31": "0.03990", "2014-12-31": "0.04390", "2014-09-30": "0.04160", "2014-06-30": "0.03860", "2014-03-31": "0.03530", "2013-12-31": "0.03290", "2013-09-30": "0.03570", "2013-06-30": "0.03390", "2013-03-31": "0.03810", "2012-12-31": "0.02210", "2012-09-30": "0.03840", "2012-06-30": "0.03710", "2012-03-31": "0.03450", "2011-12-31": "0.04470", "2011-09-30": "0.04200", "2011-06-30": "0.04240", "2011-03-31": "0.04150", "2010-12-31": "0.04500", "2010-09-30": "0.03950", "2010-06-30": "0.03900", "2010-03-31": "0.03700", "2009-12-31": "0.03960", "2009-09-30": "0.03560", "2009-06-30": "0.03610", "2009-03-31": "0.03940", "2008-12-31": "0.04390", "2008-09-30": "0.03940", "2008-06-30": "0.03900", "2008-03-31": "0.03810", "2007-12-31": "0.04390", "2007-09-30": "0.03830", "2007-06-30": "0.03740", "2007-03-31": "0.03590", "2006-12-31": "0.04200", "2006-09-30": "0.03900", "2006-06-30": "0.03820", "2006-03-31": "0.03750", "2005-12-31": "0.04210", "2005-09-30": "0.03670", "2005-06-30": "0.03530", "2005-03-31": "0.03450"}, "Inventory Turnover Ratio": {"2020-09-30": "", "2020-06-30": "", "2020-03-31": "", "2019-12-31": "", "2019-09-30": "", "2019-06-30": "", "2019-03-31": "", "2018-12-31": "", "2018-09-30": "", "2018-06-30": "", "2018-03-31": "", "2017-12-31": "", "2017-09-30": "", "2017-06-30": "", "2017-03-31": "", "2016-12-31": "", "2016-09-30": "", "2016-06-30": "", "2016-03-31": "", "2015-12-31": "", "2015-09-30": "", "2015-06-30": "", "2015-03-31": "", "2014-12-31": "", "2014-09-30": "", "2014-06-30": "", "2014-03-31": "", "2013-12-31": "", "2013-09-30": "", "2013-06-30": "", "2013-03-31": "", "2012-12-31": "", "2012-09-30": "", "2012-06-30": "", "2012-03-31": "", "2011-12-31": "", "2011-09-30": "", "2011-06-30": "", "2011-03-31": "", "2010-12-31": "", "2010-09-30": "", "2010-06-30": "", "2010-03-31": "", "2009-12-31": "", "2009-09-30": "", "2009-06-30": "", "2009-03-31": "", "2008-12-31": "", "2008-09-30": "", "2008-06-30": "", "2008-03-31": "", "2007-12-31": "", "2007-09-30": "", "2007-06-30": "", "2007-03-31": "", "2006-12-31": "", "2006-09-30": "", "2006-06-30": "", "2006-03-31": "", "2005-12-31": "", "2005-09-30": "", "2005-06-30": "", "2005-03-31": ""}, "Receiveable Turnover": {"2020-09-30": "", "2020-06-30": "", "2020-03-31": "", "2019-12-31": "", "2019-09-30": "", "2019-06-30": "", "2019-03-31": "", "2018-12-31": "", "2018-09-30": "", "2018-06-30": "", "2018-03-31": "", "2017-12-31": "", "2017-09-30": "", "2017-06-30": "", "2017-03-31": "", "2016-12-31": "", "2016-09-30": "", "2016-06-30": "", "2016-03-31": "", "2015-12-31": "", "2015-09-30": "", "2015-06-30": "", "2015-03-31": "", "2014-12-31": "", "2014-09-30": "", "2014-06-30": "", "2014-03-31": "", "2013-12-31": "", "2013-09-30": "", "2013-06-30": "", "2013-03-31": "", "2012-12-31": "", "2012-09-30": "", "2012-06-30": "", "2012-03-31": "", "2011-12-31": "", "2011-09-30": "", "2011-06-30": "", "2011-03-31": "", "2010-12-31": "", "2010-09-30": "", "2010-06-30": "", "2010-03-31": "", "2009-12-31": "", "2009-09-30": "", "2009-06-30": "", "2009-03-31": "", "2008-12-31": "", "2008-09-30": "", "2008-06-30": "", "2008-03-31": "", "2007-12-31": "", "2007-09-30": "", "2007-06-30": "", "2007-03-31": "", "2006-12-31": "", "2006-09-30": "", "2006-06-30": "", "2006-03-31": "", "2005-12-31": "", "2005-09-30": "", "2005-06-30": "", "2005-03-31": ""}, "Days Sales In Receivables": {"2020-09-30": "", "2020-06-30": "", "2020-03-31": "", "2019-12-31": "", "2019-09-30": "", "2019-06-30": "", "2019-03-31": "", "2018-12-31": "", "2018-09-30": "", "2018-06-30": "", "2018-03-31": "", "2017-12-31": "", "2017-09-30": "", "2017-06-30": "", "2017-03-31": "", "2016-12-31": "", "2016-09-30": "", "2016-06-30": "", "2016-03-31": "", "2015-12-31": "", "2015-09-30": "", "2015-06-30": "", "2015-03-31": "", "2014-12-31": "", "2014-09-30": "", "2014-06-30": "", "2014-03-31": "", "2013-12-31": "", "2013-09-30": "", "2013-06-30": "", "2013-03-31": "", "2012-12-31": "", "2012-09-30": "", "2012-06-30": "", "2012-03-31": "", "2011-12-31": "", "2011-09-30": "", "2011-06-30": "", "2011-03-31": "", "2010-12-31": "", "2010-09-30": "", "2010-06-30": "", "2010-03-31": "", "2009-12-31": "", "2009-09-30": "", "2009-06-30": "", "2009-03-31": "", "2008-12-31": "", "2008-09-30": "", "2008-06-30": "", "2008-03-31": "", "2007-12-31": "", "2007-09-30": "", "2007-06-30": "", "2007-03-31": "", "2006-12-31": "", "2006-09-30": "", "2006-06-30": "", "2006-03-31": "", "2005-12-31": "", "2005-09-30": "", "2005-06-30": "", "2005-03-31": ""}, "ROE - Return On Equity": {"2020-09-30": "8.54320", "2020-06-30": "12.67010", "2020-03-31": "20.47320", "2019-12-31": "20.58030", "2019-09-30": "20.69770", "2019-06-30": "17.22630", "2019-03-31": "17.27920", "2018-12-31": "22.19360", "2018-09-30": "16.66060", "2018-06-30": "16.46140", "2018-03-31": "17.93140", "2017-12-31": "15.72620", "2017-09-30": "14.11220", "2017-06-30": "10.39030", "2017-03-31": "11.76080", "2016-12-31": "9.26680", "2016-09-30": "11.12820", "2016-06-30": "9.99890", "2016-03-31": "10.60070", "2015-12-31": "8.89140", "2015-09-30": "9.32140", "2015-06-30": "10.38020", "2015-03-31": "10.66860", "2014-12-31": "8.05750", "2014-09-30": "5.10030", "2014-06-30": "8.06420", "2014-03-31": "5.27280", "2013-12-31": "5.08220", "2013-09-30": "4.86260", "2013-06-30": "5.31120", "2013-03-31": "4.93410", "2012-12-31": "3.12640", "2012-09-30": "4.52130", "2012-06-30": "3.68260", "2012-03-31": "10.78600", "2011-12-31": "8.03620", "2011-09-30": "6.10550", "2011-06-30": "4.53520", "2011-03-31": "3.98320", "2010-12-31": "4.77910", "2010-09-30": "5.04340", "2010-06-30": "3.50670", "2010-03-31": "0.40730", "2009-12-31": "2.25670", "2009-09-30": "2.75340", "2009-06-30": "-0.28910", "2009-03-31": "4.03040", "2008-12-31": "6.42840", "2008-09-30": "6.21740", "2008-06-30": "4.33870", "2008-03-31": "4.72370", "2007-12-31": "7.05850", "2007-09-30": "8.21120", "2007-06-30": "3.25120", "2007-03-31": "4.71850", "2006-12-31": "9.28300", "2006-09-30": "4.77590", "2006-06-30": "4.19660", "2006-03-31": "4.95550", "2005-12-31": "4.66530", "2005-09-30": "3.36310", "2005-06-30": "3.03690", "2005-03-31": "2.81460"}, "Return On Tangible Equity": {"2020-09-30": "8.36450", "2020-06-30": "12.44080", "2020-03-31": "20.12790", "2019-12-31": "20.28050", "2019-09-30": "20.41210", "2019-06-30": "17.00830", "2019-03-31": "17.07990", "2018-12-31": "21.94370", "2018-09-30": "16.47760", "2018-06-30": "16.27930", "2018-03-31": "17.74030", "2017-12-31": "15.56630", "2017-09-30": "13.96870", "2017-06-30": "10.28560", "2017-03-31": "11.65310", "2016-12-31": "9.18570", "2016-09-30": "11.03740", "2016-06-30": "9.91700", "2016-03-31": "10.51440", "2015-12-31": "8.81680", "2015-09-30": "9.24470", "2015-06-30": "10.29560", "2015-03-31": "10.59000", "2014-12-31": "7.99780", "2014-09-30": "5.06190", "2014-06-30": "8.00590", "2014-03-31": "5.23870", "2013-12-31": "5.04910", "2013-09-30": "4.83080", "2013-06-30": "5.27650", "2013-03-31": "4.90190", "2012-12-31": "3.10610", "2012-09-30": "4.49160", "2012-06-30": "3.65940", "2012-03-31": "10.71950", "2011-12-31": "7.97090", "2011-09-30": "6.05550", "2011-06-30": "4.49840", "2011-03-31": "3.95080", "2010-12-31": "4.74060", "2010-09-30": "5.00250", "2010-06-30": "3.47670", "2010-03-31": "0.40370", "2009-12-31": "2.23680", "2009-09-30": "2.72870", "2009-06-30": "-0.28640", "2009-03-31": "3.98000", "2008-12-31": "6.33300", "2008-09-30": "4.82140", "2008-06-30": "3.38090", "2008-03-31": "3.70890", "2007-12-31": "5.57960", "2007-09-30": "6.26070", "2007-06-30": "2.48890", "2007-03-31": "3.64600", "2006-12-31": "7.21950", "2006-09-30": "3.52810", "2006-06-30": "3.12050", "2006-03-31": "3.69460", "2005-12-31": "3.49550", "2005-09-30": "2.52550", "2005-06-30": "2.30540", "2005-03-31": "2.13600"}, "ROA - Return On Assets": {"2020-09-30": "0.53270", "2020-06-30": "0.85390", "2020-03-31": "1.48120", "2019-12-31": "1.89040", "2019-09-30": "1.85770", "2019-06-30": "1.86150", "2019-03-31": "2.04900", "2018-12-31": "2.71520", "2018-09-30": "2.06630", "2018-06-30": "2.04720", "2018-03-31": "2.30680", "2017-12-31": "2.04550", "2017-09-30": "1.90970", "2017-06-30": "1.42530", "2017-03-31": "1.78080", "2016-12-31": "1.46480", "2016-09-30": "1.85650", "2016-06-30": "1.68050", "2016-03-31": "1.79580", "2015-12-31": "1.50470", "2015-09-30": "1.59650", "2015-06-30": "1.83070", "2015-03-31": "2.07480", "2014-12-31": "1.61180", "2014-09-30": "1.00080", "2014-06-30": "1.60070", "2014-03-31": "1.09780", "2013-12-31": "1.03370", "2013-09-30": "1.02370", "2013-06-30": "1.12170", "2013-03-31": "1.04890", "2012-12-31": "0.65700", "2012-09-30": "0.95810", "2012-06-30": "0.81580", "2012-03-31": "2.41180", "2011-12-31": "1.68570", "2011-09-30": "1.30510", "2011-06-30": "1.02110", "2011-03-31": "0.89410", "2010-12-31": "1.07440", "2010-09-30": "1.13170", "2010-06-30": "0.77390", "2010-03-31": "0.08310", "2009-12-31": "0.44680", "2009-09-30": "0.53580", "2009-06-30": "-0.05640", "2009-03-31": "0.62800", "2008-12-31": "0.83870", "2008-09-30": "0.67220", "2008-06-30": "0.48310", "2008-03-31": "0.54900", "2007-12-31": "0.84230", "2007-09-30": "0.99950", "2007-06-30": "0.41620", "2007-03-31": "0.60680", "2006-12-31": "1.30100", "2006-09-30": "0.68940", "2006-06-30": "0.62220", "2006-03-31": "0.74630", "2005-12-31": "0.71250", "2005-09-30": "0.51230", "2005-06-30": "0.48150", "2005-03-31": "0.44060"}, "ROI - Return On Investment": {"2020-09-30": "0.62100", "2020-06-30": "0.98140", "2020-03-31": "1.68110", "2019-12-31": "2.18070", "2019-09-30": "2.11520", "2019-06-30": "2.14360", "2019-03-31": "2.35050", "2018-12-31": "3.07420", "2018-09-30": "2.32890", "2018-06-30": "2.30580", "2018-03-31": "2.58490", "2017-12-31": "2.28540", "2017-09-30": "2.14310", "2017-06-30": "1.59260", "2017-03-31": "1.97670", "2016-12-31": "1.63080", "2016-09-30": "2.06980", "2016-06-30": "1.86720", "2016-03-31": "1.98970", "2015-12-31": "1.66440", "2015-09-30": "1.76170", "2015-06-30": "2.01960", "2015-03-31": "2.28600", "2014-12-31": "1.77580", "2014-09-30": "1.09710", "2014-06-30": "1.74760", "2014-03-31": "1.19660", "2013-12-31": "1.16800", "2013-09-30": "1.11300", "2013-06-30": "1.21760", "2013-03-31": "1.13780", "2012-12-31": "0.71350", "2012-09-30": "1.04240", "2012-06-30": "0.88160", "2012-03-31": "2.59790", "2011-12-31": "1.84210", "2011-09-30": "1.42550", "2011-06-30": "1.10930", "2011-03-31": "0.96630", "2010-12-31": "1.15580", "2010-09-30": "1.21480", "2010-06-30": "0.82670", "2010-03-31": "0.09010", "2009-12-31": "0.48680", "2009-09-30": "0.58560", "2009-06-30": "-0.06170", "2009-03-31": "0.69440", "2008-12-31": "0.92910", "2008-09-30": "0.75370", "2008-06-30": "0.54260", "2008-03-31": "0.61660", "2007-12-31": "0.95670", "2007-09-30": "1.12370", "2007-06-30": "0.47000", "2007-03-31": "0.68270", "2006-12-31": "1.48300", "2006-09-30": "0.78920", "2006-06-30": "0.71100", "2006-03-31": "0.85310", "2005-12-31": "0.81770", "2005-09-30": "0.58590", "2005-06-30": "0.54890", "2005-03-31": "0.49980"}, "Book Value Per Share": {"2020-09-30": "6.28850", "2020-06-30": "7.28540", "2020-03-31": "7.83270", "2019-12-31": "9.08510", "2019-09-30": "10.03740", "2019-06-30": "10.92020", "2019-03-31": "11.97420", "2018-12-31": "11.84990", "2018-09-30": "12.60090", "2018-06-30": "12.54290", "2018-03-31": "13.02350", "2017-12-31": "13.62220", "2017-09-30": "13.64800", "2017-06-30": "13.80490", "2017-03-31": "15.14730", "2016-12-31": "15.84260", "2016-09-30": "16.95150", "2016-06-30": "16.92180", "2016-03-31": "17.33110", "2015-12-31": "16.85850", "2015-09-30": "17.21720", "2015-06-30": "17.40760", "2015-03-31": "19.18600", "2014-12-31": "19.14970", "2014-09-30": "18.87710", "2014-06-30": "19.67920", "2014-03-31": "22.09590", "2013-12-31": "21.96530", "2013-09-30": "21.92640", "2013-06-30": "21.93200", "2013-03-31": "22.00720", "2012-12-31": "22.24270", "2012-09-30": "22.04970", "2012-06-30": "23.50770", "2012-03-31": "24.06340", "2011-12-31": "18.86740", "2011-09-30": "18.76140", "2011-06-30": "18.96870", "2011-03-31": "18.95670", "2010-12-31": "19.23030", "2010-09-30": "19.14590", "2010-06-30": "18.18690", "2010-03-31": "17.78610", "2009-12-31": "18.13820", "2009-09-30": "18.00550", "2009-06-30": "17.52620", "2009-03-31": "14.39810", "2008-12-31": "13.40990", "2008-09-30": "14.67260", "2008-06-30": "15.03060", "2008-03-31": "15.47860", "2007-12-31": "15.97770", "2007-09-30": "16.93780", "2007-06-30": "17.13120", "2007-03-31": "17.68920", "2006-12-31": "17.97330", "2006-09-30": "18.54680", "2006-06-30": "18.85670", "2006-03-31": "19.22180", "2005-12-31": "19.54760", "2005-09-30": "19.69340", "2005-06-30": "20.18490", "2005-03-31": "20.20620"}, "Operating Cash Flow Per Share": {"2020-09-30": 2.0176, "2020-06-30": 0.2436, "2020-03-31": "2.41860", "2019-12-31": 3.0959, "2019-09-30": 3.1548, "2019-06-30": 3.4043, "2019-03-31": "2.71010", "2018-12-31": 3.2189, "2018-09-30": 2.9575, "2018-06-30": 3.2217, "2018-03-31": "2.71580", "2017-12-31": 2.788, "2017-09-30": 2.9406, "2017-06-30": 3.2961, "2017-03-31": "2.51170", "2016-12-31": 2.7258, "2016-09-30": 3.3777, "2016-06-30": 2.3541, "2016-03-31": "2.32840", "2015-12-31": 2.5828, "2015-09-30": 2.3938, "2015-06-30": 2.6081, "2015-03-31": "2.16910", "2014-12-31": 2.5696, "2014-09-30": 2.1269, "2014-06-30": 1.9612, "2014-03-31": "2.12940", "2013-12-31": 2.4901, "2013-09-30": 2.2417, "2013-06-30": 2.198, "2013-03-31": "1.77590", "2012-12-31": 2.282, "2012-09-30": 2.0538, "2012-06-30": 2.0167, "2012-03-31": "1.93770", "2011-12-31": 1.7294, "2011-09-30": 2.0425, "2011-06-30": 1.5186, "2011-03-31": "1.54220", "2010-12-31": 1.6385, "2010-09-30": 1.73, "2010-06-30": 1.0905, "2010-03-31": "1.56540", "2009-12-31": 1.6603, "2009-09-30": 1.4398, "2009-06-30": 1.467, "2009-03-31": "1.84150", "2008-12-31": 1.8627, "2008-09-30": 1.9973, "2008-06-30": 2.3614, "2008-03-31": "1.02080", "2007-12-31": 2.6817, "2007-09-30": 1.5126, "2007-06-30": 1.386, "2007-03-31": "1.38840", "2006-12-31": 1.7277, "2006-09-30": 1.3999, "2006-06-30": 1.4897, "2006-03-31": "1.14560", "2005-12-31": 2.0096, "2005-09-30": 1.4877, "2005-06-30": 1.305, "2005-03-31": "0.49040"}, "Free Cash Flow Per Share": {"2020-09-30": 1.8264, "2020-06-30": -0.1641, "2020-03-31": "1.72300", "2019-12-31": 2.2776, "2019-09-30": 2.457, "2019-06-30": 2.7994, "2019-03-31": "2.00840", "2018-12-31": 3.1799, "2018-09-30": 2.1449, "2018-06-30": 2.6961, "2018-03-31": "2.15950", "2017-12-31": 2.0696, "2017-09-30": 2.3966, "2017-06-30": 2.7474, "2017-03-31": "2.03670", "2016-12-31": 2.0097, "2016-09-30": 2.6165, "2016-06-30": 1.9172, "2016-03-31": "1.80600", "2015-12-31": 1.8949, "2015-09-30": 1.4708, "2015-06-30": 1.7702, "2015-03-31": "1.43220", "2014-12-31": 1.5085, "2014-09-30": 1.8018, "2014-06-30": 1.4518, "2014-03-31": "1.46090", "2013-12-31": 1.8043, "2013-09-30": 1.487, "2013-06-30": 1.5721, "2013-03-31": "1.13100", "2012-12-31": 1.5739, "2012-09-30": 1.2486, "2012-06-30": 1.3031, "2012-03-31": "1.51750", "2011-12-31": 1.231, "2011-09-30": 1.5805, "2011-06-30": 1.1651, "2011-03-31": "1.33860", "2010-12-31": 1.4203, "2010-09-30": 1.5082, "2010-06-30": 0.87, "2010-03-31": "1.34620", "2009-12-31": 1.3672, "2009-09-30": 1.2248, "2009-06-30": 1.1541, "2009-03-31": "1.26090", "2008-12-31": 0.9499, "2008-09-30": 1.0857, "2008-06-30": 1.3425, "2008-03-31": "-0.00650", "2007-12-31": 1.2122, "2007-09-30": 0.2754, "2007-06-30": 0.467, "2007-03-31": "0.46730", "2006-12-31": 0.6717, "2006-09-30": 0.2424, "2006-06-30": 0.859, "2006-03-31": "0.53050", "2005-12-31": 0.6228, "2005-09-30": 0.8919, "2005-06-30": 0.7767, "2005-03-31": "-0.28360"}}, "revenue": {"Simon Property Annual Revenue (Millions of US $)": {"2019": "$5,755", "2018": "$5,645", "2017": "$5,527", "2016": "$5,435", "2015": "$5,266", "2014": "$4,871", "2013": "$4,544", "2012": "$4,256", "2011": "$4,306", "2010": "$3,958", "2009": "$3,775", "2008": "$3,783", "2007": "$3,651", "2006": "$3,332", "2005": "$3,167"}, "Simon Property Quarterly Revenue (Millions of US $)": {"2020-09-30": "$1,061", "2020-06-30": "$1,062", "2020-03-31": "$1,353", "2019-12-31": "$1,489", "2019-09-30": "$1,417", "2019-06-30": "$1,397", "2019-03-31": "$1,453", "2018-12-31": "$1,462", "2018-09-30": "$1,404", "2018-06-30": "$1,385", "2018-03-31": "$1,394", "2017-12-31": "$1,416", "2017-09-30": "$1,404", "2017-06-30": "$1,362", "2017-03-31": "$1,346", "2016-12-31": "$1,426", "2016-09-30": "$1,357", "2016-06-30": "$1,315", "2016-03-31": "$1,337", "2015-12-31": "$1,381", "2015-09-30": "$1,320", "2015-06-30": "$1,349", "2015-03-31": "$1,216", "2014-12-31": "$1,297", "2014-09-30": "$1,235", "2014-06-30": "$1,182", "2014-03-31": "$1,157", "2013-12-31": "$1,097", "2013-09-30": "$1,147", "2013-06-30": "$1,085", "2013-03-31": "$1,215", "2012-12-31": "$721", "2012-09-30": "$1,229", "2012-06-30": "$1,188", "2012-03-31": "$1,119", "2011-12-31": "$1,171", "2011-09-30": "$1,074", "2011-06-30": "$1,041", "2011-03-31": "$1,020", "2010-12-31": "$1,120", "2010-09-30": "$979", "2010-06-30": "$934", "2010-03-31": "$925", "2009-12-31": "$1,028", "2009-09-30": "$925", "2009-06-30": "$904", "2009-03-31": "$918", "2008-12-31": "$1,029", "2008-09-30": "$936", "2008-06-30": "$923", "2008-03-31": "$895", "2007-12-31": "$1,036", "2007-09-30": "$907", "2007-06-30": "$856", "2007-03-31": "$852", "2006-12-31": "$927", "2006-09-30": "$819", "2006-06-30": "$799", "2006-03-31": "$788", "2005-12-31": "$890", "2005-09-30": "$783", "2005-06-30": "$752", "2005-03-31": "$742"}}, "gross-profit": {"Simon Property Annual Gross Profit (Millions of US $)": {"2019": "$4,734", "2018": "$4,637", "2017": "$4,547", "2016": "$4,464", "2015": "$4,306", "2014": "$3,988", "2013": "$3,706", "2012": "$3,456", "2011": "$3,387", "2010": "$3,095", "2009": "$2,924", "2008": "$2,885", "2007": "$2,763", "2006": "$2,485", "2005": "$2,349"}, "Simon Property Quarterly Gross Profit (Millions of US $)": {"2020-09-30": "$838", "2020-06-30": "$860", "2020-03-31": "$1,106", "2019-12-31": "$1,230", "2019-09-30": "$1,153", "2019-06-30": "$1,153", "2019-03-31": "$1,198", "2018-12-31": "$1,208", "2018-09-30": "$1,142", "2018-06-30": "$1,148", "2018-03-31": "$1,139", "2017-12-31": "$1,171", "2017-09-30": "$1,148", "2017-06-30": "$1,119", "2017-03-31": "$1,109", "2016-12-31": "$1,183", "2016-09-30": "$1,102", "2016-06-30": "$1,080", "2016-03-31": "$1,098", "2015-12-31": "$1,137", "2015-09-30": "$1,069", "2015-06-30": "$1,120", "2015-03-31": "$980", "2014-12-31": "$1,073", "2014-09-30": "$1,009", "2014-06-30": "$968", "2014-03-31": "$938", "2013-12-31": "$928", "2013-09-30": "$932", "2013-06-30": "$880", "2013-03-31": "$966", "2012-12-31": "$663", "2012-09-30": "$964", "2012-06-30": "$939", "2012-03-31": "$890", "2011-12-31": "$936", "2011-09-30": "$840", "2011-06-30": "$814", "2011-03-31": "$796", "2010-12-31": "$892", "2010-09-30": "$757", "2010-06-30": "$733", "2010-03-31": "$713", "2009-12-31": "$817", "2009-09-30": "$712", "2009-06-30": "$694", "2009-03-31": "$702", "2008-12-31": "$812", "2008-09-30": "$704", "2008-06-30": "$700", "2008-03-31": "$669", "2007-12-31": "$811", "2007-09-30": "$681", "2007-06-30": "$636", "2007-03-31": "$635", "2006-12-31": "$711", "2006-09-30": "$603", "2006-06-30": "$596", "2006-03-31": "$574", "2005-12-31": "$680", "2005-09-30": "$570", "2005-06-30": "$557", "2005-03-31": "$542"}}, "operating-income": {"Simon Property Annual Operating Income (Millions of US $)": {"2019": "$2,908", "2018": "$2,926", "2017": "$2,802", "2016": "$2,721", "2015": "$2,669", "2014": "$2,385", "2013": "$2,189", "2012": "$2,006", "2011": "$1,943", "2010": "$1,747", "2009": "$1,407", "2008": "$1,543", "2007": "$1,534", "2006": "$1,320", "2005": "$1,205"}, "Simon Property Quarterly Operating Income (Millions of US $)": {"2020-09-30": "$404", "2020-06-30": "$451", "2020-03-31": "$655", "2019-12-31": "$777", "2019-09-30": "$705", "2019-06-30": "$681", "2019-03-31": "$745", "2018-12-31": "$774", "2018-09-30": "$723", "2018-06-30": "$728", "2018-03-31": "$702", "2017-12-31": "$749", "2017-09-30": "$690", "2017-06-30": "$686", "2017-03-31": "$677", "2016-12-31": "$701", "2016-09-30": "$676", "2016-06-30": "$659", "2016-03-31": "$685", "2015-12-31": "$710", "2015-09-30": "$658", "2015-06-30": "$702", "2015-03-31": "$599", "2014-12-31": "$655", "2014-09-30": "$608", "2014-06-30": "$562", "2014-03-31": "$561", "2013-12-31": "$573", "2013-09-30": "$548", "2013-06-30": "$510", "2013-03-31": "$558", "2012-12-31": "$400", "2012-09-30": "$565", "2012-06-30": "$524", "2012-03-31": "$517", "2011-12-31": "$541", "2011-09-30": "$484", "2011-06-30": "$468", "2011-03-31": "$451", "2010-12-31": "$507", "2010-09-30": "$398", "2010-06-30": "$415", "2010-03-31": "$427", "2009-12-31": "$285", "2009-09-30": "$392", "2009-06-30": "$365", "2009-03-31": "$364", "2008-12-31": "$429", "2008-09-30": "$383", "2008-06-30": "$379", "2008-03-31": "$352", "2007-12-31": "$473", "2007-09-30": "$379", "2007-06-30": "$334", "2007-03-31": "$349", "2006-12-31": "$390", "2006-09-30": "$321", "2006-06-30": "$310", "2006-03-31": "$299", "2005-12-31": "$348", "2005-09-30": "$299", "2005-06-30": "$289", "2005-03-31": "$270"}}, "ebitda": {"Simon Property Annual EBITDA (Millions of US $)": {"2019": "$4,302", "2018": "$4,276", "2017": "$4,160", "2016": "$4,049", "2015": "$3,908", "2014": "$3,671", "2013": "$3,522", "2012": "$3,308", "2011": "$3,056", "2010": "$2,763", "2009": "$2,416", "2008": "$2,500", "2007": "$2,409", "2006": "$2,133", "2005": "$2,024"}, "Simon Property Quarterly EBITDA (Millions of US $)": {"2020-09-30": "$744", "2020-06-30": "$788", "2020-03-31": "$995", "2019-12-31": "$1,116", "2019-09-30": "$1,049", "2019-06-30": "$1,052", "2019-03-31": "$1,085", "2018-12-31": "$1,114", "2018-09-30": "$1,058", "2018-06-30": "$1,067", "2018-03-31": "$1,037", "2017-12-31": "$1,094", "2017-09-30": "$1,027", "2017-06-30": "$1,026", "2017-03-31": "$1,012", "2016-12-31": "$1,056", "2016-09-30": "$1,006", "2016-06-30": "$984", "2016-03-31": "$1,003", "2015-12-31": "$1,028", "2015-09-30": "$963", "2015-06-30": "$1,015", "2015-03-31": "$902", "2014-12-31": "$967", "2014-09-30": "$910", "2014-06-30": "$902", "2014-03-31": "$892", "2013-12-31": "$914", "2013-09-30": "$887", "2013-06-30": "$841", "2013-03-31": "$880", "2012-12-31": "$761", "2012-09-30": "$885", "2012-06-30": "$846", "2012-03-31": "$815", "2011-12-31": "$834", "2011-09-30": "$758", "2011-06-30": "$738", "2011-03-31": "$725", "2010-12-31": "$791", "2010-09-30": "$655", "2010-06-30": "$656", "2010-03-31": "$661", "2009-12-31": "$529", "2009-09-30": "$646", "2009-06-30": "$619", "2009-03-31": "$622", "2008-12-31": "$699", "2008-09-30": "$620", "2008-06-30": "$605", "2008-03-31": "$577", "2007-12-31": "$701", "2007-09-30": "$596", "2007-06-30": "$555", "2007-03-31": "$557", "2006-12-31": "$602", "2006-09-30": "$520", "2006-06-30": "$511", "2006-03-31": "$499", "2005-12-31": "$564", "2005-09-30": "$496", "2005-06-30": "$488", "2005-03-31": "$476"}}, "net-income": {"Simon Property Annual Net Income (Millions of US $)": {"2019": "$2,098", "2018": "$2,437", "2017": "$1,945", "2016": "$1,836", "2015": "$1,824", "2014": "$1,405", "2013": "$1,316", "2012": "$1,431", "2011": "$1,021", "2010": "$610", "2009": "$283", "2008": "$423", "2007": "$436", "2006": "$486", "2005": "$402"}, "Simon Property Quarterly Net Income (Millions of US $)": {"2020-09-30": "$146", "2020-06-30": "$254", "2020-03-31": "$438", "2019-12-31": "$510", "2019-09-30": "$544", "2019-06-30": "$495", "2019-03-31": "$548", "2018-12-31": "$713", "2018-09-30": "$556", "2018-06-30": "$547", "2018-03-31": "$621", "2017-12-31": "$571", "2017-09-30": "$514", "2017-06-30": "$382", "2017-03-31": "$478", "2016-12-31": "$394", "2016-09-30": "$505", "2016-06-30": "$455", "2016-03-31": "$481", "2015-12-31": "$392", "2015-09-30": "$420", "2015-06-30": "$473", "2015-03-31": "$539", "2014-12-31": "$405", "2014-09-30": "$252", "2014-06-30": "$407", "2014-03-31": "$342", "2013-12-31": "$382", "2013-09-30": "$312", "2013-06-30": "$340", "2013-03-31": "$283", "2012-12-31": "$315", "2012-09-30": "$255", "2012-06-30": "$215", "2012-03-31": "$645", "2011-12-31": "$363", "2011-09-30": "$274", "2011-06-30": "$205", "2011-03-31": "$179", "2010-12-31": "$218", "2010-09-30": "$231", "2010-06-30": "$153", "2010-03-31": "$9", "2009-12-31": "$92", "2009-09-30": "$106", "2009-06-30": "$-21", "2009-03-31": "$107", "2008-12-31": "$145", "2008-09-30": "$113", "2008-06-30": "$77", "2008-03-31": "$88", "2007-12-31": "$113", "2007-09-30": "$165", "2007-06-30": "$60", "2007-03-31": "$98", "2006-12-31": "$205", "2006-09-30": "$95", "2006-06-30": "$83", "2006-03-31": "$104", "2005-12-31": "$116", "2005-09-30": "$74", "2005-06-30": "$155", "2005-03-31": "$57"}}, "eps-earnings-per-share-diluted": {"Simon Property Annual EPS": {"2019": "$6.81", "2018": "$7.87", "2017": "$6.24", "2016": "$5.87", "2015": "$5.88", "2014": "$4.52", "2013": "$4.24", "2012": "$4.72", "2011": "$3.48", "2010": "$2.10", "2009": "$1.05", "2008": "$1.87", "2007": "$1.95", "2006": "$2.19", "2005": "$1.82"}, "Simon Property Quarterly EPS": {"2020-09-30": "$0.48", "2020-06-30": "$0.83", "2020-03-31": "$1.43", "2019-12-31": "$1.66", "2019-09-30": "$1.77", "2019-06-30": "$1.60", "2019-03-31": "$1.78", "2018-12-31": "$2.30", "2018-09-30": "$1.80", "2018-06-30": "$1.77", "2018-03-31": "$2.00", "2017-12-31": "$1.83", "2017-09-30": "$1.65", "2017-06-30": "$1.23", "2017-03-31": "$1.53", "2016-12-31": "$1.26", "2016-09-30": "$1.61", "2016-06-30": "$1.45", "2016-03-31": "$1.55", "2015-12-31": "$1.27", "2015-09-30": "$1.36", "2015-06-30": "$1.52", "2015-03-31": "$1.73", "2014-12-31": "$1.30", "2014-09-30": "$0.81", "2014-06-30": "$1.31", "2014-03-31": "$1.10", "2013-12-31": "$1.23", "2013-09-30": "$1.00", "2013-06-30": "$1.10", "2013-03-31": "$0.91", "2012-12-31": "$0.99", "2012-09-30": "$0.84", "2012-06-30": "$0.71", "2012-03-31": "$2.18", "2011-12-31": "$1.24", "2011-09-30": "$0.93", "2011-06-30": "$0.70", "2011-03-31": "$0.61", "2010-12-31": "$0.76", "2010-09-30": "$0.79", "2010-06-30": "$0.52", "2010-03-31": "$0.03", "2009-12-31": "$0.30", "2009-09-30": "$0.38", "2009-06-30": "$-0.08", "2009-03-31": "$0.45", "2008-12-31": "$0.64", "2008-09-30": "$0.50", "2008-06-30": "$0.34", "2008-03-31": "$0.39", "2007-12-31": "$0.50", "2007-09-30": "$0.74", "2007-06-30": "$0.27", "2007-03-31": "$0.44", "2006-12-31": "$0.92", "2006-09-30": "$0.43", "2006-06-30": "$0.37", "2006-03-31": "$0.47", "2005-12-31": "$0.52", "2005-09-30": "$0.34", "2005-06-30": "$0.70", "2005-03-31": "$0.26"}}, "shares-outstanding": {"Simon Property Annual Shares Outstanding (Millions of Shares)": {"2019": "308", "2018": "310", "2017": "312", "2016": "313", "2015": "310", "2014": "311", "2013": "310", "2012": "303", "2011": "294", "2010": "291", "2009": "268", "2008": "226", "2007": "224", "2006": "222", "2005": "221"}, "Simon Property Quarterly Shares Outstanding (Millions of Shares)": {"2020-09-30": "306", "2020-06-30": "306", "2020-03-31": "307", "2019-12-31": "308", "2019-09-30": "307", "2019-06-30": "309", "2019-03-31": "309", "2018-12-31": "310", "2018-09-30": "309", "2018-06-30": "309", "2018-03-31": "311", "2017-12-31": "312", "2017-09-30": "311", "2017-06-30": "312", "2017-03-31": "313", "2016-12-31": "313", "2016-09-30": "314", "2016-06-30": "362", "2016-03-31": "309", "2015-12-31": "310", "2015-09-30": "309", "2015-06-30": "310", "2015-03-31": "311", "2014-12-31": "311", "2014-09-30": "311", "2014-06-30": "311", "2014-03-31": "311", "2013-12-31": "310", "2013-09-30": "310", "2013-06-30": "310", "2013-03-31": "310", "2012-12-31": "303", "2012-09-30": "304", "2012-06-30": "303", "2012-03-31": "296", "2011-12-31": "294", "2011-09-30": "294", "2011-06-30": "293", "2011-03-31": "293", "2010-12-31": "291", "2010-09-30": "293", "2010-06-30": "293", "2010-03-31": "286", "2009-12-31": "268", "2009-09-30": "282", "2009-06-30": "268", "2009-03-31": "236", "2008-12-31": "226", "2008-09-30": "226", "2008-06-30": "226", "2008-03-31": "224", "2007-12-31": "224", "2007-09-30": "224", "2007-06-30": "224", "2007-03-31": "223", "2006-12-31": "222", "2006-09-30": "222", "2006-06-30": "222", "2006-03-31": "222", "2005-12-31": "221", "2005-09-30": "221", "2005-06-30": "221", "2005-03-31": "221"}}, "total-assets": {"Simon Property Annual Total Assets (Millions of US $)": {"2019": "$31,232", "2018": "$30,686", "2017": "$32,258", "2016": "$31,104", "2015": "$30,565", "2014": "$29,532", "2013": "$33,325", "2012": "$32,587", "2011": "$26,217", "2010": "$24,857", "2009": "$25,948", "2008": "$23,423", "2007": "$23,606", "2006": "$22,084", "2005": "$21,131"}, "Simon Property Quarterly Total Assets (Millions of US $)": {"2020-09-30": "$31,662", "2020-06-30": "$34,026", "2020-03-31": "$34,121", "2019-12-31": "$31,232", "2019-09-30": "$33,844", "2019-06-30": "$30,733", "2019-03-31": "$30,842", "2018-12-31": "$30,686", "2018-09-30": "$31,080", "2018-06-30": "$30,843", "2018-03-31": "$31,018", "2017-12-31": "$32,258", "2017-09-30": "$31,032", "2017-06-30": "$30,966", "2017-03-31": "$30,946", "2016-12-31": "$31,104", "2016-09-30": "$31,669", "2016-06-30": "$31,380", "2016-03-31": "$31,399", "2015-12-31": "$30,565", "2015-09-30": "$30,848", "2015-06-30": "$30,290", "2015-03-31": "$30,482", "2014-12-31": "$29,532", "2014-09-30": "$29,672", "2014-06-30": "$30,586", "2014-03-31": "$32,756", "2013-12-31": "$33,325", "2013-09-30": "$32,111", "2013-06-30": "$32,015", "2013-03-31": "$31,886", "2012-12-31": "$32,587", "2012-09-30": "$31,978", "2012-06-30": "$31,987", "2012-03-31": "$32,417", "2011-12-31": "$26,217", "2011-09-30": "$25,575", "2011-06-30": "$24,534", "2011-03-31": "$24,569", "2010-12-31": "$24,857", "2010-09-30": "$24,788", "2010-06-30": "$23,925", "2010-03-31": "$24,977", "2009-12-31": "$25,948", "2009-09-30": "$25,977", "2009-06-30": "$25,010", "2009-03-31": "$23,287", "2008-12-31": "$23,423", "2008-09-30": "$23,764", "2008-06-30": "$23,670", "2008-03-31": "$23,503", "2007-12-31": "$23,606", "2007-09-30": "$23,658", "2007-06-30": "$22,884", "2007-03-31": "$23,744", "2006-12-31": "$22,084", "2006-09-30": "$21,004", "2006-06-30": "$20,916", "2006-03-31": "$21,017", "2005-12-31": "$21,131", "2005-09-30": "$21,340", "2005-06-30": "$21,318", "2005-03-31": "$21,517"}}, "cash-on-hand": {"Simon Property Annual Cash on Hand (Millions of US $)": {"2019": "$669", "2018": "$514", "2017": "$1,482", "2016": "$560", "2015": "$701", "2014": "$612", "2013": "$1,691", "2012": "$1,185", "2011": "$799", "2010": "$797", "2009": "$3,958", "2008": "$774", "2007": "$502", "2006": "$929", "2005": "$337"}, "Simon Property Quarterly Cash on Hand (Millions of US $)": {"2020-09-30": "$1,082", "2020-06-30": "$3,306", "2020-03-31": "$3,725", "2019-12-31": "$669", "2019-09-30": "$3,647", "2019-06-30": "$480", "2019-03-31": "$437", "2018-12-31": "$514", "2018-09-30": "$696", "2018-06-30": "$714", "2018-03-31": "$367", "2017-12-31": "$1,482", "2017-09-30": "$508", "2017-06-30": "$489", "2017-03-31": "$513", "2016-12-31": "$560", "2016-09-30": "$815", "2016-06-30": "$884", "2016-03-31": "$805", "2015-12-31": "$701", "2015-09-30": "$857", "2015-06-30": "$566", "2015-03-31": "$834", "2014-12-31": "$612", "2014-09-30": "$818", "2014-06-30": "$1,666", "2014-03-31": "$1,013", "2013-12-31": "$1,691", "2013-09-30": "$1,099", "2013-06-30": "$1,096", "2013-03-31": "$830", "2012-12-31": "$1,185", "2012-09-30": "$453", "2012-06-30": "$638", "2012-03-31": "$881", "2011-12-31": "$799", "2011-09-30": "$576", "2011-06-30": "$790", "2011-03-31": "$636", "2010-12-31": "$797", "2010-09-30": "$1,012", "2010-06-30": "$2,293", "2010-03-31": "$3,327", "2009-12-31": "$3,958", "2009-09-30": "$3,746", "2009-06-30": "$2,628", "2009-03-31": "$898", "2008-12-31": "$774", "2008-09-30": "$646", "2008-06-30": "$504", "2008-03-31": "$429", "2007-12-31": "$502", "2007-09-30": "$390", "2007-06-30": "$381", "2007-03-31": "$340", "2006-12-31": "$929", "2006-09-30": "$323", "2006-06-30": "$330", "2006-03-31": "$299", "2005-12-31": "$337", "2005-09-30": "$423", "2005-06-30": "$376", "2005-03-31": "$284"}}, "long-term-debt": {"Simon Property Annual Long Term Debt (Millions of US $)": {"2019": "$24,163", "2018": "$23,306", "2017": "$24,632", "2016": "$22,977", "2015": "$22,417", "2014": "$20,853", "2013": "$22,670", "2012": "$23,113", "2011": "$18,446", "2010": "$17,474", "2009": "$18,630", "2008": "$18,043", "2007": "$17,219", "2006": "$15,394", "2005": "$14,106"}, "Simon Property Quarterly Long Term Debt (Millions of US $)": {"2020-09-30": "$25,140", "2020-06-30": "$27,269", "2020-03-31": "$27,553", "2019-12-31": "$24,163", "2019-09-30": "$26,644", "2019-06-30": "$23,325", "2019-03-31": "$23,186", "2018-12-31": "$23,306", "2018-09-30": "$23,678", "2018-06-30": "$23,505", "2018-03-31": "$23,648", "2017-12-31": "$24,632", "2017-09-30": "$23,410", "2017-06-30": "$23,423", "2017-03-31": "$23,149", "2016-12-31": "$22,977", "2016-09-30": "$23,079", "2016-06-30": "$22,924", "2016-03-31": "$22,976", "2015-12-31": "$22,417", "2015-09-30": "$22,629", "2015-06-30": "$22,071", "2015-03-31": "$21,694", "2014-12-31": "$20,853", "2014-09-30": "$21,202", "2014-06-30": "$21,901", "2014-03-31": "$23,187", "2013-12-31": "$22,670", "2013-09-30": "$22,730", "2013-06-30": "$22,688", "2013-03-31": "$22,573", "2012-12-31": "$23,113", "2012-09-30": "$22,570", "2012-06-30": "$22,467", "2012-03-31": "$22,801", "2011-12-31": "$18,446", "2011-09-30": "$17,903", "2011-06-30": "$17,014", "2011-03-31": "$17,172", "2010-12-31": "$17,474", "2010-09-30": "$17,485", "2010-06-30": "$17,071", "2010-03-31": "$17,883", "2009-12-31": "$18,630", "2009-09-30": "$18,669", "2009-06-30": "$17,936", "2009-03-31": "$17,385", "2008-12-31": "$18,043", "2008-09-30": "$17,879", "2008-06-30": "$17,694", "2008-03-31": "$17,446", "2007-12-31": "$17,219", "2007-09-30": "$17,266", "2007-06-30": "$16,439", "2007-03-31": "$17,152", "2006-12-31": "$15,394", "2006-09-30": "$14,242", "2006-06-30": "$14,134", "2006-03-31": "$14,139", "2005-12-31": "$14,106", "2005-09-30": "$14,330", "2005-06-30": "$14,247", "2005-03-31": "$14,529"}}, "total-liabilities": {"Simon Property Annual Total Liabilities (Millions of US $)": {"2019": "$28,320", "2018": "$26,889", "2017": "$28,019", "2016": "$26,144", "2015": "$25,349", "2014": "$23,581", "2013": "$26,502", "2012": "$25,694", "2011": "$20,673", "2010": "$19,224", "2009": "$20,765", "2008": "$20,321", "2007": "$20,042", "2006": "$18,105", "2005": "$16,824"}, "Simon Property Quarterly Total Liabilities (Millions of US $)": {"2020-09-30": "$29,645", "2020-06-30": "$31,691", "2020-03-31": "$31,610", "2019-12-31": "$28,320", "2019-09-30": "$30,764", "2019-06-30": "$27,369", "2019-03-31": "$27,142", "2018-12-31": "$26,889", "2018-09-30": "$27,182", "2018-06-30": "$26,965", "2018-03-31": "$26,985", "2017-12-31": "$28,019", "2017-09-30": "$26,790", "2017-06-30": "$26,675", "2017-03-31": "$26,217", "2016-12-31": "$26,144", "2016-09-30": "$26,342", "2016-06-30": "$26,062", "2016-03-31": "$26,036", "2015-12-31": "$25,349", "2015-09-30": "$25,521", "2015-06-30": "$24,904", "2015-03-31": "$24,510", "2014-12-31": "$23,581", "2014-09-30": "$23,806", "2014-06-30": "$24,471", "2014-03-31": "$25,891", "2013-12-31": "$26,502", "2013-09-30": "$25,307", "2013-06-30": "$25,209", "2013-03-31": "$25,063", "2012-12-31": "$25,694", "2012-09-30": "$25,157", "2012-06-30": "$24,856", "2012-03-31": "$25,124", "2011-12-31": "$20,673", "2011-09-30": "$20,063", "2011-06-30": "$18,965", "2011-03-31": "$19,009", "2010-12-31": "$19,224", "2010-09-30": "$19,180", "2010-06-30": "$18,599", "2010-03-31": "$19,836", "2009-12-31": "$20,765", "2009-09-30": "$20,876", "2009-06-30": "$20,084", "2009-03-31": "$19,613", "2008-12-31": "$20,321", "2008-09-30": "$20,451", "2008-06-30": "$20,287", "2008-03-31": "$20,024", "2007-12-31": "$20,042", "2007-09-30": "$19,881", "2007-06-30": "$19,057", "2007-03-31": "$19,792", "2006-12-31": "$18,105", "2006-09-30": "$16,900", "2006-06-30": "$16,746", "2006-03-31": "$16,772", "2005-12-31": "$16,824", "2005-09-30": "$17,011", "2005-06-30": "$16,866", "2005-03-31": "$17,078"}}, "total-share-holder-equity": {"Simon Property Annual Share Holder Equity (Millions of US $)": {"2019": "$2,911", "2018": "$3,797", "2017": "$4,239", "2016": "$4,960", "2015": "$5,216", "2014": "$5,952", "2013": "$6,823", "2012": "$6,893", "2011": "$5,544", "2010": "$5,634", "2009": "$5,183", "2008": "$3,102", "2007": "$3,563", "2006": "$3,980", "2005": "$4,307"}, "Simon Property Quarterly Share Holder Equity (Millions of US $)": {"2020-09-30": "$2,016", "2020-06-30": "$2,335", "2020-03-31": "$2,511", "2019-12-31": "$2,911", "2019-09-30": "$3,080", "2019-06-30": "$3,364", "2019-03-31": "$3,700", "2018-12-31": "$3,797", "2018-09-30": "$3,898", "2018-06-30": "$3,879", "2018-03-31": "$4,033", "2017-12-31": "$4,239", "2017-09-30": "$4,243", "2017-06-30": "$4,291", "2017-03-31": "$4,729", "2016-12-31": "$4,960", "2016-09-30": "$5,327", "2016-06-30": "$5,317", "2016-03-31": "$5,363", "2015-12-31": "$5,216", "2015-09-30": "$5,327", "2015-06-30": "$5,386", "2015-03-31": "$5,972", "2014-12-31": "$5,952", "2014-09-30": "$5,867", "2014-06-30": "$6,116", "2014-03-31": "$6,864", "2013-12-31": "$6,823", "2013-09-30": "$6,804", "2013-06-30": "$6,806", "2013-03-31": "$6,823", "2012-12-31": "$6,893", "2012-09-30": "$6,821", "2012-06-30": "$7,131", "2012-03-31": "$7,294", "2011-12-31": "$5,544", "2011-09-30": "$5,512", "2011-06-30": "$5,569", "2011-03-31": "$5,560", "2010-12-31": "$5,634", "2010-09-30": "$5,608", "2010-06-30": "$5,326", "2010-03-31": "$5,142", "2009-12-31": "$5,183", "2009-09-30": "$5,101", "2009-06-30": "$4,926", "2009-03-31": "$3,675", "2008-12-31": "$3,102", "2008-09-30": "$3,313", "2008-06-30": "$3,382", "2008-03-31": "$3,479", "2007-12-31": "$3,563", "2007-09-30": "$3,777", "2007-06-30": "$3,827", "2007-03-31": "$3,951", "2006-12-31": "$3,980", "2006-09-30": "$4,104", "2006-06-30": "$4,170", "2006-03-31": "$4,245", "2005-12-31": "$4,307", "2005-09-30": "$4,329", "2005-06-30": "$4,452", "2005-03-31": "$4,438"}}, "profit-margins": {"current": "24.15%"}, "gross margin": {"2020-09-30": "81.25%", "2020-06-30": "81.73%", "2020-03-31": "82.07%", "2019-12-31": "82.24%", "2019-09-30": "82.25%", "2019-06-30": "82.24%", "2019-03-31": "82.33%", "2018-12-31": "82.14%", "2018-09-30": "82.16%", "2018-06-30": "82.26%", "2018-03-31": "82.08%", "2017-12-31": "82.25%", "2017-09-30": "82.32%", "2017-06-30": "82.19%", "2017-03-31": "82.18%", "2016-12-31": "82.12%", "2016-09-30": "81.95%", "2016-06-30": "81.90%", "2016-03-31": "82.12%", "2015-12-31": "81.77%", "2015-09-30": "81.86%", "2015-06-30": "82.05%", "2015-03-31": "81.74%", "2014-12-31": "81.87%", "2014-09-30": "82.27%", "2014-06-30": "82.17%", "2014-03-31": "81.99%", "2013-12-31": "81.56%", "2013-09-30": "82.56%", "2013-06-30": "81.72%", "2013-03-31": "81.14%", "2012-12-31": "81.18%", "2012-09-30": "79.22%", "2012-06-30": "79.20%", "2012-03-31": "79.00%", "2011-12-31": "78.63%", "2011-09-30": "78.54%", "2011-06-30": "78.34%", "2011-03-31": "78.41%", "2010-12-31": "78.20%", "2010-09-30": "78.12%", "2010-06-30": "78.04%", "2010-03-31": "77.63%", "2009-12-31": "77.48%", "2009-09-30": "77.33%", "2009-06-30": "76.89%", "2009-03-31": "76.67%", "2008-12-31": "76.26%", "2008-09-30": "76.09%", "2008-06-30": "76.07%", "2008-03-31": "75.72%", "2007-12-31": "75.68%", "2007-09-30": "75.18%", "2007-06-30": "74.84%", "2007-03-31": "74.92%", "2006-12-31": "74.53%", "2006-09-30": "74.42%", "2006-06-30": "74.23%", "2006-03-31": "74.11%", "2005-12-31": "74.17%"}, "operating margin": {"2020-09-30": "46.06%", "2020-06-30": "48.64%", "2020-03-31": "49.82%", "2019-12-31": "50.52%", "2019-09-30": "50.71%", "2019-06-30": "51.14%", "2019-03-31": "52.07%", "2018-12-31": "51.85%", "2018-09-30": "51.83%", "2018-06-30": "51.24%", "2018-03-31": "50.70%", "2017-12-31": "50.69%", "2017-09-30": "49.73%", "2017-06-30": "49.90%", "2017-03-31": "49.83%", "2016-12-31": "50.06%", "2016-09-30": "50.65%", "2016-06-30": "50.66%", "2016-03-31": "51.14%", "2015-12-31": "50.68%", "2015-09-30": "50.44%", "2015-06-30": "50.30%", "2015-03-31": "49.17%", "2014-12-31": "48.98%", "2014-09-30": "49.33%", "2014-06-30": "48.96%", "2014-03-31": "48.86%", "2013-12-31": "48.17%", "2013-09-30": "48.37%", "2013-06-30": "47.84%", "2013-03-31": "47.03%", "2012-12-31": "47.12%", "2012-09-30": "45.61%", "2012-06-30": "45.39%", "2012-03-31": "45.63%", "2011-12-31": "45.15%", "2011-09-30": "44.89%", "2011-06-30": "43.85%", "2011-03-31": "43.70%", "2010-12-31": "44.14%", "2010-09-30": "39.45%", "2010-06-30": "39.85%", "2010-03-31": "38.84%", "2009-12-31": "37.25%", "2009-09-30": "41.05%", "2009-06-30": "40.69%", "2009-03-31": "40.86%", "2008-12-31": "40.79%", "2008-09-30": "41.87%", "2008-06-30": "42.09%", "2008-03-31": "41.64%", "2007-12-31": "42.04%", "2007-09-30": "40.99%", "2007-06-30": "40.36%", "2007-03-31": "40.33%", "2006-12-31": "39.60%", "2006-09-30": "38.77%", "2006-06-30": "38.53%", "2006-03-31": "38.44%", "2005-12-31": "38.08%"}, "ebitda margin": {"2020-09-30": "73.37%", "2020-06-30": "74.20%", "2020-03-31": "74.47%", "2019-12-31": "74.74%", "2019-09-30": "75.06%", "2019-06-30": "75.38%", "2019-03-31": "75.81%", "2018-12-31": "75.75%", "2018-09-30": "76.01%", "2018-06-30": "75.46%", "2018-03-31": "75.04%", "2017-12-31": "75.24%", "2017-09-30": "74.41%", "2017-06-30": "74.67%", "2017-03-31": "74.54%", "2016-12-31": "74.50%", "2016-09-30": "74.60%", "2016-06-30": "74.31%", "2016-03-31": "74.42%", "2015-12-31": "74.21%", "2015-09-30": "74.24%", "2015-06-30": "74.44%", "2015-03-31": "74.67%", "2014-12-31": "75.36%", "2014-09-30": "77.46%", "2014-06-30": "78.44%", "2014-03-31": "78.78%", "2013-12-31": "77.51%", "2013-09-30": "80.83%", "2013-06-30": "79.22%", "2013-03-31": "77.46%", "2012-12-31": "77.68%", "2012-09-30": "71.81%", "2012-06-30": "71.46%", "2012-03-31": "71.40%", "2011-12-31": "70.95%", "2011-09-30": "70.79%", "2011-06-30": "69.93%", "2011-03-31": "69.75%", "2010-12-31": "69.81%", "2010-09-30": "64.69%", "2010-06-30": "65.37%", "2010-03-31": "64.91%", "2009-12-31": "64.00%", "2009-09-30": "68.49%", "2009-06-30": "67.60%", "2009-03-31": "66.89%", "2008-12-31": "66.11%", "2008-09-30": "66.04%", "2008-06-30": "65.91%", "2008-03-31": "65.76%", "2007-12-31": "65.98%", "2007-09-30": "65.22%", "2007-06-30": "64.68%", "2007-03-31": "64.47%", "2006-12-31": "63.97%", "2006-09-30": "63.53%", "2006-06-30": "63.50%", "2006-03-31": "63.71%", "2005-12-31": "63.91%"}, "pre tax profit margin": {"2020-09-30": "27.59%", "2020-06-30": "31.46%", "2020-03-31": "33.42%", "2019-12-31": "34.64%", "2019-09-30": "33.88%", "2019-06-30": "34.18%", "2019-03-31": "35.33%", "2018-12-31": "37.11%", "2018-09-30": "39.65%", "2018-06-30": "39.17%", "2018-03-31": "36.17%", "2017-12-31": "33.70%", "2017-09-30": "30.30%", "2017-06-30": "30.01%", "2017-03-31": "31.93%", "2016-12-31": "31.76%", "2016-09-30": "32.10%", "2016-06-30": "31.70%", "2016-03-31": "31.98%", "2015-12-31": "30.84%", "2015-09-30": "32.57%", "2015-06-30": "29.23%", "2015-03-31": "26.90%", "2014-12-31": "25.99%", "2014-09-30": "24.75%", "2014-06-30": "26.27%", "2014-03-31": "25.43%", "2013-12-31": "24.36%", "2013-09-30": "23.10%", "2013-06-30": "22.61%", "2013-03-31": "21.89%", "2012-12-31": "22.06%", "2012-09-30": "22.65%", "2012-06-30": "22.61%", "2012-03-31": "23.06%", "2011-12-31": "22.29%", "2011-09-30": "21.60%", "2011-06-30": "15.46%", "2011-03-31": "14.16%", "2010-12-31": "9.30%", "2010-09-30": "6.03%", "2010-06-30": "10.60%", "2010-03-31": "6.08%", "2009-12-31": "9.83%", "2009-09-30": "11.41%", "2009-06-30": "11.62%", "2009-03-31": "15.40%", "2008-12-31": "15.07%", "2008-09-30": "14.96%", "2008-06-30": "15.02%", "2008-03-31": "14.32%", "2007-12-31": "14.60%", "2007-09-30": "15.13%", "2007-06-30": "14.77%", "2007-03-31": "15.57%", "2006-12-31": "14.94%", "2006-09-30": "14.02%", "2006-06-30": "13.65%", "2006-03-31": "13.29%", "2005-12-31": "12.82%"}, "net profit margin": {"2020-09-30": "27.15%", "2020-06-30": "32.81%", "2020-03-31": "35.13%", "2019-12-31": "36.43%", "2019-09-30": "40.15%", "2019-06-30": "40.45%", "2019-03-31": "41.44%", "2018-12-31": "43.17%", "2018-09-30": "40.99%", "2018-06-30": "40.24%", "2018-03-31": "37.45%", "2017-12-31": "35.18%", "2017-09-30": "31.92%", "2017-06-30": "32.03%", "2017-03-31": "33.65%", "2016-12-31": "33.76%", "2016-09-30": "34.01%", "2016-06-30": "32.65%", "2016-03-31": "32.78%", "2015-12-31": "34.64%", "2015-09-30": "35.45%", "2015-06-30": "32.74%", "2015-03-31": "32.52%", "2014-12-31": "28.86%", "2014-09-30": "29.61%", "2014-06-30": "31.49%", "2014-03-31": "30.67%", "2013-12-31": "28.98%", "2013-09-30": "29.99%", "2013-06-30": "28.07%", "2013-03-31": "24.53%", "2012-12-31": "33.59%", "2012-09-30": "31.40%", "2012-06-30": "32.89%", "2012-03-31": "33.76%", "2011-12-31": "23.71%", "2011-09-30": "20.59%", "2011-06-30": "20.02%", "2011-03-31": "19.27%", "2010-12-31": "15.44%", "2010-09-30": "12.55%", "2010-06-30": "9.44%", "2010-03-31": "4.92%", "2009-12-31": "7.52%", "2009-09-30": "8.92%", "2009-06-30": "9.08%", "2009-03-31": "11.61%", "2008-12-31": "11.18%", "2008-09-30": "10.32%", "2008-06-30": "11.78%", "2008-03-31": "11.53%", "2007-12-31": "11.94%", "2007-09-30": "14.91%", "2007-06-30": "13.26%", "2007-03-31": "14.16%", "2006-12-31": "14.61%", "2006-09-30": "12.08%", "2006-06-30": "11.56%", "2006-03-31": "13.97%", "2005-12-31": "12.69%"}, "pe ratio": {"current": "11.24", "2021-02-11": "24.83", "2020-09-30": "14.21", "2020-06-30": "11.38", "2020-03-31": "8.04", "2019-12-31": "20.40", "2019-09-30": "19.22", "2019-06-30": "19.37", "2019-03-31": "21.35", "2018-12-31": "18.93", "2018-09-30": "20.92", "2018-06-30": "20.33", "2018-03-31": "19.67", "2017-12-31": "23.24", "2017-09-30": "23.74", "2017-06-30": "23.75", "2017-03-31": "24.04", "2016-12-31": "24.51", "2016-09-30": "28.25", "2016-06-30": "30.68", "2016-03-31": "28.78", "2015-12-31": "28.67", "2015-09-30": "26.72", "2015-06-30": "27.82", "2015-03-31": "32.64", "2014-12-31": "30.56", "2014-09-30": "27.82", "2014-06-30": "26.78", "2014-03-31": "25.85", "2013-12-31": "24.86", "2013-09-30": "25.34", "2013-06-30": "27.91", "2013-03-31": "30.97", "2012-12-31": "22.45", "2012-09-30": "20.41", "2012-06-30": "20.41", "2012-03-31": "19.02", "2011-12-31": "24.26", "2011-09-30": "23.95", "2011-06-30": "26.38", "2011-03-31": "25.79", "2010-12-31": "30.39", "2010-09-30": "35.21", "2010-06-30": "40.45", "2010-03-31": "80.29", "2009-12-31": "46.00", "2009-09-30": "30.35", "2009-06-30": "20.35", "2009-03-31": "10.62", "2008-12-31": "16.46", "2008-09-30": "31.75", "2008-06-30": "25.61", "2008-03-31": "27.20", "2007-12-31": "24.24", "2007-09-30": "22.78", "2007-06-30": "24.13", "2007-03-31": "27.32", "2006-12-31": "24.35"}, "price sales": {"2021-02-11": "6.75", "2020-09-30": "3.86", "2020-06-30": "3.73", "2020-03-31": "2.82", "2019-12-31": "7.44", "2019-09-30": "7.71", "2019-06-30": "7.84", "2019-03-31": "8.86", "2018-12-31": "8.17", "2018-09-30": "8.59", "2018-06-30": "8.19", "2018-03-31": "7.38", "2017-12-31": "8.19", "2017-09-30": "7.59", "2017-06-30": "7.62", "2017-03-31": "8.36", "2016-12-31": "8.55", "2016-09-30": "9.93", "2016-06-30": "10.36", "2016-03-31": "9.44", "2015-12-31": "8.97", "2015-09-30": "8.55", "2015-06-30": "8.13", "2015-03-31": "9.42", "2014-12-31": "8.81", "2014-09-30": "8.23", "2014-06-30": "8.42", "2014-03-31": "7.92", "2013-12-31": "7.20", "2013-09-30": "7.55", "2013-06-30": "7.79", "2013-03-31": "7.54", "2012-12-31": "7.54", "2012-09-30": "6.45", "2012-06-30": "6.73", "2012-03-31": "6.41", "2011-12-31": "5.75", "2011-09-30": "4.91", "2011-06-30": "5.27", "2011-03-31": "4.95", "2010-12-31": "4.65", "2010-09-30": "4.30", "2010-06-30": "3.74", "2010-03-31": "3.81", "2009-12-31": "3.43", "2009-09-30": "2.80", "2009-06-30": "1.93", "2009-03-31": "1.23", "2008-12-31": "1.83", "2008-09-30": "3.28", "2008-06-30": "3.02", "2008-03-31": "3.15", "2007-12-31": "2.91", "2007-09-30": "3.42", "2007-06-30": "3.22", "2007-03-31": "3.88", "2006-12-31": "3.57"}, "price book": {"current": "15.89", "2021-02-11": "17.38", "2020-09-30": "9.94", "2020-06-30": "8.88", "2020-03-31": "6.63", "2019-12-31": "15.29", "2019-09-30": "14.26", "2019-06-30": "13.27", "2019-03-31": "13.64", "2018-12-31": "12.57", "2018-09-30": "12.30", "2018-06-30": "11.77", "2018-03-31": "10.15", "2017-12-31": "10.66", "2017-09-30": "9.86", "2017-06-30": "9.69", "2017-03-31": "9.28", "2016-12-31": "9.08", "2016-09-30": "9.80", "2016-06-30": "10.21", "2016-03-31": "9.47", "2015-12-31": "9.03", "2015-09-30": "8.29", "2015-06-30": "7.66", "2015-03-31": "7.79", "2014-12-31": "7.21", "2014-09-30": "6.56", "2014-06-30": "6.31", "2014-03-31": "5.18", "2013-12-31": "4.80", "2013-09-30": "4.65", "2013-06-30": "4.91", "2013-03-31": "4.88", "2012-12-31": "4.78", "2012-09-30": "4.60", "2012-06-30": "4.39", "2012-03-31": "3.99", "2011-12-31": "4.47", "2011-09-30": "3.80", "2011-06-30": "3.95", "2011-03-31": "3.62", "2010-12-31": "3.29", "2010-09-30": "3.05", "2010-06-30": "2.78", "2010-03-31": "2.93", "2009-12-31": "2.71", "2009-09-30": "2.34", "2009-06-30": "1.75", "2009-03-31": "1.42", "2008-12-31": "2.30", "2008-09-30": "3.76", "2008-06-30": "3.37", "2008-03-31": "3.36", "2007-12-31": "2.97", "2007-09-30": "3.20", "2007-06-30": "2.92", "2007-03-31": "3.35", "2006-12-31": "2.98", "2006-09-30": "2.56", "2006-06-30": "2.29", "2006-03-31": "2.26"}, "price fcf": {"2021-02-11": "", "2020-09-30": "$5.66", "2020-06-30": "$6.29", "2020-03-31": "$9.26", "2019-12-31": "$9.54", "2019-09-30": "$10.44", "2019-06-30": "$10.13", "2019-03-31": "$10.03", "2018-12-31": "$10.18", "2018-09-30": "$9.07", "2018-06-30": "$9.32", "2018-03-31": "$9.37", "2017-12-31": "$9.25", "2017-09-30": "$9.19", "2017-06-30": "$9.41", "2017-03-31": "$8.58", "2016-12-31": "$8.35", "2016-09-30": "$8.23", "2016-06-30": "$7.09", "2016-03-31": "$6.94", "2015-12-31": "$6.57", "2015-09-30": "$6.18", "2015-06-30": "$6.51", "2015-03-31": "$6.19", "2014-12-31": "$6.22", "2014-09-30": "$6.52", "2014-06-30": "$6.20", "2014-03-31": "$6.32", "2013-12-31": "$5.99", "2013-09-30": "$5.76", "2013-06-30": "$5.53", "2013-03-31": "$5.26", "2012-12-31": "$5.64", "2012-09-30": "$5.30", "2012-06-30": "$5.63", "2012-03-31": "$5.49", "2011-12-31": "$5.32", "2011-09-30": "$5.50", "2011-06-30": "$5.43", "2011-03-31": "$5.14", "2010-12-31": "$5.14", "2010-09-30": "$5.09", "2010-06-30": "$4.81", "2010-03-31": "$5.09", "2009-12-31": "$5.01", "2009-09-30": "$4.59", "2009-06-30": "$4.45", "2009-03-31": "$4.64", "2008-12-31": "$3.37", "2008-09-30": "$3.63", "2008-06-30": "$2.82", "2008-03-31": "$1.95", "2007-12-31": "$2.42", "2007-09-30": "$1.88", "2007-06-30": "$1.85", "2007-03-31": "$2.24", "2006-12-31": "$2.30"}, "net worth": {"value": "$31.38B"}, "current ratio": {"2020-09-30": "1.95", "2020-06-30": "3.92", "2020-03-31": "3.60", "2019-12-31": "1.08", "2019-09-30": "3.34", "2019-06-30": "0.99", "2019-03-31": "1.01", "2018-12-31": "0.97", "2018-09-30": "1.12", "2018-06-30": "1.13", "2018-03-31": "0.89", "2017-12-31": "1.75", "2017-09-30": "0.93", "2017-06-30": "0.94", "2017-03-31": "1.05", "2016-12-31": "1.01", "2016-09-30": "1.16", "2016-06-30": "1.23", "2016-03-31": "1.18", "2015-12-31": "1.00", "2015-09-30": "1.09", "2015-06-30": "0.91", "2015-03-31": "1.21", "2014-12-31": "0.95", "2014-09-30": "1.16", "2014-06-30": "1.88", "2014-03-31": "1.23", "2013-12-31": "1.81", "2013-09-30": "1.23", "2013-06-30": "1.25", "2013-03-31": "1.04", "2012-12-31": "1.24", "2012-09-30": "0.76", "2012-06-30": "0.91", "2012-03-31": "1.15", "2011-12-31": "1.77", "2011-09-30": "1.43", "2011-06-30": "1.74", "2011-03-31": "1.64", "2010-12-31": "1.89", "2010-09-30": "2.08", "2010-06-30": "3.58", "2010-03-31": "4.53", "2009-12-31": "5.06", "2009-09-30": "4.51", "2009-06-30": "3.61", "2009-03-31": "1.83", "2008-12-31": "1.57", "2008-09-30": "1.34", "2008-06-30": "1.24", "2008-03-31": "1.26", "2007-12-31": "1.20", "2007-09-30": "1.35", "2007-06-30": "1.11", "2007-03-31": "1.99", "2006-12-31": "1.18", "2006-09-30": "0.61", "2006-06-30": "0.65", "2006-03-31": "0.61", "2005-12-31": "0.64", "2005-09-30": "0.66", "2005-06-30": "0.68", "2005-03-31": "0.60"}, "quick ratio": {"2020-09-30": "0.00", "2020-06-30": "0.00", "2020-03-31": "0.00", "2019-12-31": "0.00", "2019-09-30": "0.00", "2019-06-30": "0.00", "2019-03-31": "0.00", "2018-12-31": "0.00", "2018-09-30": "0.00", "2018-06-30": "0.00", "2018-03-31": "0.00", "2017-12-31": "0.00", "2017-09-30": "0.00", "2017-06-30": "0.00", "2017-03-31": "0.00", "2016-12-31": "0.00", "2016-09-30": "0.00", "2016-06-30": "0.00", "2016-03-31": "0.00", "2015-12-31": "0.00", "2015-09-30": "0.00", "2015-06-30": "0.00", "2015-03-31": "0.00", "2014-12-31": "0.00", "2014-09-30": "0.00", "2014-06-30": "0.00", "2014-03-31": "0.00", "2013-12-31": "0.00", "2013-09-30": "0.00", "2013-06-30": "0.00", "2013-03-31": "0.00", "2012-12-31": "0.00", "2012-09-30": "0.00", "2012-06-30": "0.00", "2012-03-31": "0.00", "2011-12-31": "0.00", "2011-09-30": "0.00", "2011-06-30": "0.00", "2011-03-31": "0.00", "2010-12-31": "0.00", "2010-09-30": "0.00", "2010-06-30": "0.00", "2010-03-31": "0.00", "2009-12-31": "0.00", "2009-09-30": "0.00", "2009-06-30": "0.00", "2009-03-31": "0.00", "2008-12-31": "0.00", "2008-09-30": "0.00", "2008-06-30": "0.00", "2008-03-31": "0.00", "2007-12-31": "0.00", "2007-09-30": "0.00", "2007-06-30": "0.00", "2007-03-31": "0.00", "2006-12-31": "0.00", "2006-09-30": "0.00", "2006-06-30": "0.00", "2006-03-31": "0.00", "2005-12-31": "0.00", "2005-09-30": "0.00", "2005-06-30": "0.00", "2005-03-31": "0.00"}, "debt equity ratio": {"current": "12.74", "2020-09-30": "14.70", "2020-06-30": "13.57", "2020-03-31": "12.59", "2019-12-31": "9.73", "2019-09-30": "9.99", "2019-06-30": "8.14", "2019-03-31": "7.34", "2018-12-31": "7.08", "2018-09-30": "6.97", "2018-06-30": "6.95", "2018-03-31": "6.69", "2017-12-31": "6.61", "2017-09-30": "6.31", "2017-06-30": "6.22", "2017-03-31": "5.54", "2016-12-31": "5.27", "2016-09-30": "4.95", "2016-06-30": "4.90", "2016-03-31": "4.86", "2015-12-31": "4.86", "2015-09-30": "4.79", "2015-06-30": "4.62", "2015-03-31": "4.10", "2014-12-31": "3.96", "2014-09-30": "4.06", "2014-06-30": "4.00", "2014-03-31": "3.77", "2013-12-31": "3.88", "2013-09-30": "3.72", "2013-06-30": "3.70", "2013-03-31": "3.67", "2012-12-31": "3.73", "2012-09-30": "3.69", "2012-06-30": "3.49", "2012-03-31": "3.45", "2011-12-31": "3.73", "2011-09-30": "3.64", "2011-06-30": "3.41", "2011-03-31": "3.42", "2010-12-31": "3.41", "2010-09-30": "3.42", "2010-06-30": "3.49", "2010-03-31": "3.86", "2009-12-31": "4.01", "2009-09-30": "4.09", "2009-06-30": "4.08", "2009-03-31": "5.34", "2008-12-31": "6.55", "2008-09-30": "6.17", "2008-06-30": "6.00", "2008-03-31": "5.76", "2007-12-31": "5.63", "2007-09-30": "5.26", "2007-06-30": "4.98", "2007-03-31": "5.01", "2006-12-31": "4.55", "2006-09-30": "4.12", "2006-06-30": "4.02", "2006-03-31": "3.95", "2005-12-31": "3.91", "2005-09-30": "3.93", "2005-06-30": "3.79", "2005-03-31": "3.85"}, "return on equity": {"2020-09-30": "55.17%", "2020-06-30": "64.45%", "2020-03-31": "66.98%", "2019-12-31": "64.25%", "2019-09-30": "65.99%", "2019-06-30": "62.66%", "2019-03-31": "61.91%", "2018-12-31": "62.46%", "2018-09-30": "57.20%", "2018-06-30": "54.97%", "2018-03-31": "49.70%", "2017-12-31": "44.45%", "2017-09-30": "38.81%", "2017-06-30": "36.44%", "2017-03-31": "36.04%", "2016-12-31": "35.01%", "2016-09-30": "34.55%", "2016-06-30": "32.95%", "2016-03-31": "33.18%", "2015-12-31": "33.31%", "2015-09-30": "32.46%", "2015-06-30": "28.80%", "2015-03-31": "26.82%", "2014-12-31": "22.68%", "2014-09-30": "21.55%", "2014-06-30": "21.69%", "2014-03-31": "20.16%", "2013-12-31": "19.33%", "2013-09-30": "18.30%", "2013-06-30": "17.45%", "2013-03-31": "15.44%", "2012-12-31": "20.33%", "2012-09-30": "22.07%", "2012-06-30": "23.50%", "2012-03-31": "24.87%", "2011-12-31": "18.41%", "2011-09-30": "15.73%", "2011-06-30": "14.89%", "2011-03-31": "14.12%", "2010-12-31": "11.26%", "2010-09-30": "9.13%", "2010-06-30": "6.94%", "2010-03-31": "3.66%", "2009-12-31": "6.02%", "2009-09-30": "8.02%", "2009-06-30": "9.16%", "2009-03-31": "13.12%", "2008-12-31": "12.74%", "2008-09-30": "11.39%", "2008-06-30": "12.48%", "2008-03-31": "11.63%", "2007-12-31": "11.54%", "2007-09-30": "13.60%", "2007-06-30": "11.55%", "2007-03-31": "11.87%", "2006-12-31": "11.81%", "2006-09-30": "9.46%", "2006-06-30": "8.84%", "2006-03-31": "10.36%", "2005-12-31": "9.17%"}, "return on assets": {"2020-09-30": "4.11%", "2020-06-30": "5.24%", "2020-03-31": "6.12%", "2019-12-31": "6.62%", "2019-09-30": "7.30%", "2019-06-30": "7.50%", "2019-03-31": "7.66%", "2018-12-31": "7.89%", "2018-09-30": "7.33%", "2018-06-30": "7.20%", "2018-03-31": "6.67%", "2017-12-31": "6.21%", "2017-09-30": "5.70%", "2017-06-30": "5.64%", "2017-03-31": "5.86%", "2016-12-31": "5.85%", "2016-09-30": "5.86%", "2016-06-30": "5.63%", "2016-03-31": "5.74%", "2015-12-31": "5.97%", "2015-09-30": "6.07%", "2015-06-30": "5.56%", "2015-03-31": "5.33%", "2014-12-31": "4.59%", "2014-09-30": "4.38%", "2014-06-30": "4.48%", "2014-03-31": "4.23%", "2013-12-31": "4.07%", "2013-09-30": "3.89%", "2013-06-30": "3.71%", "2013-03-31": "3.33%", "2012-12-31": "4.44%", "2012-09-30": "4.82%", "2012-06-30": "5.15%", "2012-03-31": "5.47%", "2011-12-31": "4.05%", "2011-09-30": "3.52%", "2011-06-30": "3.37%", "2011-03-31": "3.18%", "2010-12-31": "2.48%", "2010-09-30": "1.95%", "2010-06-30": "1.43%", "2010-03-31": "0.73%", "2009-12-31": "1.13%", "2009-09-30": "1.38%", "2009-06-30": "1.44%", "2009-03-31": "1.88%", "2008-12-31": "1.79%", "2008-09-30": "1.65%", "2008-06-30": "1.88%", "2008-03-31": "1.82%", "2007-12-31": "1.86%", "2007-09-30": "2.29%", "2007-06-30": "2.04%", "2007-03-31": "2.19%", "2006-12-31": "2.29%", "2006-09-30": "1.89%", "2006-06-30": "1.79%", "2006-03-31": "2.12%", "2005-12-31": "1.88%"}, "return on investments": {"2020-09-30": "8.03%", "2020-06-30": "8.89%", "2020-03-31": "9.93%", "2019-12-31": "10.54%", "2019-09-30": "10.53%", "2019-06-30": "10.80%", "2019-03-31": "10.90%", "2018-12-31": "10.67%", "2018-09-30": "10.41%", "2018-06-30": "10.28%", "2018-03-31": "10.10%", "2017-12-31": "10.00%", "2017-09-30": "9.91%", "2017-06-30": "9.79%", "2017-03-31": "9.65%", "2016-12-31": "9.64%", "2016-09-30": "9.70%", "2016-06-30": "9.67%", "2016-03-31": "9.89%", "2015-12-31": "9.64%", "2015-09-30": "9.52%", "2015-06-30": "9.41%", "2015-03-31": "8.85%", "2014-12-31": "8.53%", "2014-09-30": "8.04%", "2014-06-30": "7.67%", "2014-03-31": "7.39%", "2013-12-31": "7.43%", "2013-09-30": "6.81%", "2013-06-30": "6.87%", "2013-03-31": "6.92%", "2012-12-31": "6.74%", "2012-09-30": "7.60%", "2012-06-30": "7.72%", "2012-03-31": "8.03%", "2011-12-31": "8.39%", "2011-09-30": "8.32%", "2011-06-30": "7.97%", "2011-03-31": "7.76%", "2010-12-31": "7.63%", "2010-09-30": "6.61%", "2010-06-30": "6.53%", "2010-03-31": "6.29%", "2009-12-31": "6.15%", "2009-09-30": "6.98%", "2009-06-30": "7.15%", "2009-03-31": "7.36%", "2008-12-31": "7.32%", "2008-09-30": "7.56%", "2008-06-30": "7.55%", "2008-03-31": "7.41%", "2007-12-31": "7.38%", "2007-09-30": "7.10%", "2007-06-30": "7.05%", "2007-03-31": "7.11%", "2006-12-31": "7.10%", "2006-09-30": "6.96%", "2006-06-30": "6.81%", "2006-03-31": "6.66%", "2005-12-31": "6.45%"}, "return on tangible equity": {"2020-09-30": "55.17%", "2020-06-30": "64.45%", "2020-03-31": "66.98%", "2019-12-31": "64.25%", "2019-09-30": "65.99%", "2019-06-30": "62.66%", "2019-03-31": "61.91%", "2018-12-31": "62.46%", "2018-09-30": "57.20%", "2018-06-30": "54.97%", "2018-03-31": "49.70%", "2017-12-31": "44.45%", "2017-09-30": "38.81%", "2017-06-30": "36.44%", "2017-03-31": "36.04%", "2016-12-31": "35.01%", "2016-09-30": "34.55%", "2016-06-30": "32.95%", "2016-03-31": "33.18%", "2015-12-31": "33.31%", "2015-09-30": "32.46%", "2015-06-30": "28.80%", "2015-03-31": "26.82%", "2014-12-31": "22.68%", "2014-09-30": "21.55%", "2014-06-30": "21.69%", "2014-03-31": "20.16%", "2013-12-31": "19.33%", "2013-09-30": "18.30%", "2013-06-30": "17.45%", "2013-03-31": "15.44%", "2012-12-31": "20.33%", "2012-09-30": "22.07%", "2012-06-30": "23.50%", "2012-03-31": "24.87%", "2011-12-31": "18.41%", "2011-09-30": "15.73%", "2011-06-30": "14.89%", "2011-03-31": "14.12%", "2010-12-31": "11.26%", "2010-09-30": "9.13%", "2010-06-30": "6.94%", "2010-03-31": "3.66%", "2009-12-31": "6.02%", "2009-09-30": "8.02%", "2009-06-30": "9.16%", "2009-03-31": "13.12%", "2008-12-31": "12.74%", "2008-09-30": "11.39%", "2008-06-30": "12.48%", "2008-03-31": "11.63%", "2007-12-31": "11.54%", "2007-09-30": "13.60%", "2007-06-30": "11.55%", "2007-03-31": "11.87%", "2006-12-31": "11.81%", "2006-09-30": "9.46%", "2006-06-30": "8.84%", "2006-03-31": "10.36%", "2005-12-31": "9.17%"}, "dividend yield history": {"last payout": "$5.20", "last yield": "5.07%"}}