{"ticker": "SPGI", "price": {"title": "S&P Global Historical Annual Stock Price Data", "value": 339.39, "historical": {"2020": {"Average Stock Price": "316.6780", "Year Open": "277.8400", "Year High": "378.4100", "Year Low": "192.0500", "Year Close": "328.7300", "Annual % Change": "20.39%"}, "2019": {"Average Stock Price": "230.9484", "Year Open": "169.8500", "Year High": "274.3800", "Year Low": "164.3700", "Year Close": "273.0500", "Annual % Change": "60.67%"}, "2018": {"Average Stock Price": "191.9976", "Year Open": "168.1200", "Year High": "214.7800", "Year Low": "159.0000", "Year Close": "169.9400", "Annual % Change": "0.32%"}, "2017": {"Average Stock Price": "144.6881", "Year Open": "108.3900", "Year High": "172.5700", "Year Low": "108.3900", "Year Close": "169.4000", "Annual % Change": "57.52%"}, "2016": {"Average Stock Price": "116.5258", "Year Open": "107.6100", "Year High": "127.5600", "Year Low": "99.3800", "Year Close": "107.5400", "Annual % Change": "0.00%"}}}, "market cap": {"value": "$80B"}, "income statement": {"Revenue": {"2019-12-31": "6699.00000", "2018-12-31": "6258.00000", "2017-12-31": "6063.00000", "2016-12-31": "5661.00000", "2015-12-31": "5313.00000", "2014-12-31": "5051.00000", "2013-12-31": "4702.00000", "2012-12-31": "4270.00000", "2011-12-31": "3954.00000", "2010-12-31": "3639.00000", "2009-12-31": "5870.00000", "2008-12-31": "6355.05500", "2007-12-31": "6772.28100", "2006-12-31": "6255.13800", "2005-12-31": "6003.64200"}, "Cost Of Goods Sold": {"2019-12-31": "1801.00000", "2018-12-31": "1698.00000", "2017-12-31": "1694.00000", "2016-12-31": "1773.00000", "2015-12-31": "1718.00000", "2014-12-31": "1651.00000", "2013-12-31": "1564.00000", "2012-12-31": "1433.00000", "2011-12-31": "1387.00000", "2010-12-31": "1206.00000", "2009-12-31": "2339.00000", "2008-12-31": "2518.43000", "2007-12-31": "2527.60000", "2006-12-31": "2387.24700", "2005-12-31": "2316.33400"}, "Gross Profit": {"2019-12-31": "4898.00000", "2018-12-31": "4560.00000", "2017-12-31": "4369.00000", "2016-12-31": "3888.00000", "2015-12-31": "3595.00000", "2014-12-31": "3400.00000", "2013-12-31": "3138.00000", "2012-12-31": "2837.00000", "2011-12-31": "2567.00000", "2010-12-31": "2433.00000", "2009-12-31": "3531.00000", "2008-12-31": "3836.62500", "2007-12-31": "4244.68100", "2006-12-31": "3867.89100", "2005-12-31": "3687.30800"}, "Research And Development Expenses": {"2019-12-31": "", "2018-12-31": "", "2017-12-31": "", "2016-12-31": "", "2015-12-31": "", "2014-12-31": "", "2013-12-31": "", "2012-12-31": "", "2011-12-31": "", "2010-12-31": "", "2009-12-31": "", "2008-12-31": "", "2007-12-31": "", "2006-12-31": "", "2005-12-31": ""}, "SG&A Expenses": {"2019-12-31": "1517.00000", "2018-12-31": "1564.00000", "2017-12-31": "1606.00000", "2016-12-31": "1467.00000", "2015-12-31": "1532.00000", "2014-12-31": "3144.00000", "2013-12-31": "1631.00000", "2012-12-31": "1578.00000", "2011-12-31": "1377.00000", "2010-12-31": "1318.00000", "2009-12-31": "2113.00000", "2008-12-31": "2283.59500", "2007-12-31": "2424.08500", "2006-12-31": "2287.85000", "2005-12-31": "2172.39500"}, "Other Operating Income Or Expenses": {"2019-12-31": "49.00000", "2018-12-31": "", "2017-12-31": "", "2016-12-31": "1101.00000", "2015-12-31": "11.00000", "2014-12-31": "-9.00000", "2013-12-31": "-12.00000", "2012-12-31": "52.00000", "2011-12-31": "13.00000", "2010-12-31": "7.00000", "2009-12-31": "-3.00000", "2008-12-31": "", "2007-12-31": "17.30500", "2006-12-31": "", "2005-12-31": "1.23600"}, "Operating Expenses": {"2019-12-31": "3473.00000", "2018-12-31": "3468.00000", "2017-12-31": "3480.00000", "2016-12-31": "2320.00000", "2015-12-31": "3396.00000", "2014-12-31": "4938.00000", "2013-12-31": "3344.00000", "2012-12-31": "3100.00000", "2011-12-31": "2877.00000", "2010-12-31": "2613.00000", "2009-12-31": "4611.00000", "2008-12-31": "4980.37100", "2007-12-31": "5095.36900", "2006-12-31": "4836.68400", "2005-12-31": "4638.47800"}, "Operating Income": {"2019-12-31": "3226.00000", "2018-12-31": "2790.00000", "2017-12-31": "2583.00000", "2016-12-31": "3341.00000", "2015-12-31": "1917.00000", "2014-12-31": "113.00000", "2013-12-31": "1358.00000", "2012-12-31": "1170.00000", "2011-12-31": "1077.00000", "2010-12-31": "1026.00000", "2009-12-31": "1259.00000", "2008-12-31": "1374.68400", "2007-12-31": "1676.91200", "2006-12-31": "1418.45400", "2005-12-31": "1365.16400"}, "Total Non-Operating Income/Expense": {"2019-12-31": "-296.00000", "2018-12-31": "-109.00000", "2017-12-31": "-122.00000", "2016-12-31": "-153.00000", "2015-12-31": "-102.00000", "2014-12-31": "-59.00000", "2013-12-31": "-59.00000", "2012-12-31": "-81.00000", "2011-12-31": "-77.00000", "2010-12-31": "-83.00000", "2009-12-31": "-77.00000", "2008-12-31": "-75.62400", "2007-12-31": "-40.58100", "2006-12-31": "-13.63100", "2005-12-31": "-5.20200"}, "Pre-Tax Income": {"2019-12-31": "2930.00000", "2018-12-31": "2681.00000", "2017-12-31": "2461.00000", "2016-12-31": "3188.00000", "2015-12-31": "1815.00000", "2014-12-31": "54.00000", "2013-12-31": "1299.00000", "2012-12-31": "1089.00000", "2011-12-31": "1000.00000", "2010-12-31": "943.00000", "2009-12-31": "1182.00000", "2008-12-31": "1299.06000", "2007-12-31": "1636.33100", "2006-12-31": "1404.82300", "2005-12-31": "1359.96200"}, "Income Taxes": {"2019-12-31": "627.00000", "2018-12-31": "560.00000", "2017-12-31": "823.00000", "2016-12-31": "960.00000", "2015-12-31": "547.00000", "2014-12-31": "245.00000", "2013-12-31": "425.00000", "2012-12-31": "388.00000", "2011-12-31": "374.00000", "2010-12-31": "344.00000", "2009-12-31": "429.00000", "2008-12-31": "479.69500", "2007-12-31": "608.97300", "2006-12-31": "522.59200", "2005-12-31": "515.65600"}, "Income After Taxes": {"2019-12-31": "2303.00000", "2018-12-31": "2121.00000", "2017-12-31": "1638.00000", "2016-12-31": "2228.00000", "2015-12-31": "1268.00000", "2014-12-31": "-191.00000", "2013-12-31": "874.00000", "2012-12-31": "701.00000", "2011-12-31": "626.00000", "2010-12-31": "599.00000", "2009-12-31": "753.00000", "2008-12-31": "819.36510", "2007-12-31": "1027.35800", "2006-12-31": "882.23100", "2005-12-31": "844.30600"}, "Other Income": {"2019-12-31": "", "2018-12-31": "", "2017-12-31": "", "2016-12-31": "", "2015-12-31": "", "2014-12-31": "", "2013-12-31": "", "2012-12-31": "", "2011-12-31": "", "2010-12-31": "", "2009-12-31": "", "2008-12-31": "", "2007-12-31": "", "2006-12-31": "", "2005-12-31": ""}, "Income From Continuous Operations": {"2019-12-31": "2303.00000", "2018-12-31": "2121.00000", "2017-12-31": "1638.00000", "2016-12-31": "2228.00000", "2015-12-31": "1268.00000", "2014-12-31": "-191.00000", "2013-12-31": "874.00000", "2012-12-31": "701.00000", "2011-12-31": "626.00000", "2010-12-31": "599.00000", "2009-12-31": "753.00000", "2008-12-31": "819.36510", "2007-12-31": "1027.35800", "2006-12-31": "882.23100", "2005-12-31": "844.30600"}, "Income From Discontinued Operations": {"2019-12-31": "", "2018-12-31": "", "2017-12-31": "", "2016-12-31": "", "2015-12-31": "", "2014-12-31": "178.00000", "2013-12-31": "592.00000", "2012-12-31": "-209.00000", "2011-12-31": "308.00000", "2010-12-31": "252.00000", "2009-12-31": "-3.00000", "2008-12-31": "", "2007-12-31": "", "2006-12-31": "", "2005-12-31": ""}, "Net Income": {"2019-12-31": "2123.00000", "2018-12-31": "1958.00000", "2017-12-31": "1496.00000", "2016-12-31": "2106.00000", "2015-12-31": "1156.00000", "2014-12-31": "-115.00000", "2013-12-31": "1376.00000", "2012-12-31": "437.00000", "2011-12-31": "911.00000", "2010-12-31": "828.00000", "2009-12-31": "731.00000", "2008-12-31": "799.49100", "2007-12-31": "1013.55900", "2006-12-31": "882.23100", "2005-12-31": "844.30600"}, "EBITDA": {"2019-12-31": "3430.00000", "2018-12-31": "2996.00000", "2017-12-31": "2763.00000", "2016-12-31": "3522.00000", "2015-12-31": "2074.00000", "2014-12-31": "247.00000", "2013-12-31": "1495.00000", "2012-12-31": "1311.00000", "2011-12-31": "1203.00000", "2010-12-31": "1134.00000", "2009-12-31": "1720.00000", "2008-12-31": "1853.36000", "2007-12-31": "2078.08300", "2006-12-31": "1808.44600", "2005-12-31": "1750.42500"}, "EBIT": {"2019-12-31": "3226.00000", "2018-12-31": "2790.00000", "2017-12-31": "2583.00000", "2016-12-31": "3341.00000", "2015-12-31": "1917.00000", "2014-12-31": "113.00000", "2013-12-31": "1358.00000", "2012-12-31": "1170.00000", "2011-12-31": "1077.00000", "2010-12-31": "1026.00000", "2009-12-31": "1259.00000", "2008-12-31": "1374.68400", "2007-12-31": "1676.91200", "2006-12-31": "1418.45400", "2005-12-31": "1365.16400"}, "Basic Shares Outstanding": {"2019-12-31": "245.40000", "2018-12-31": "250.90000", "2017-12-31": "256.30000", "2016-12-31": "262.80000", "2015-12-31": "271.60000", "2014-12-31": "271.50000", "2013-12-31": "274.50000", "2012-12-31": "278.60000", "2011-12-31": "298.10000", "2010-12-31": "309.40000", "2009-12-31": "312.00000", "2008-12-31": "315.55900", "2007-12-31": "336.21000", "2006-12-31": "356.46700", "2005-12-31": "375.00600"}, "Shares Outstanding": {"2019-12-31": "246.90000", "2018-12-31": "253.20000", "2017-12-31": "258.90000", "2016-12-31": "265.20000", "2015-12-31": "274.60000", "2014-12-31": "271.50000", "2013-12-31": "279.80000", "2012-12-31": "284.60000", "2011-12-31": "303.60000", "2010-12-31": "312.20000", "2009-12-31": "313.00000", "2008-12-31": "318.68700", "2007-12-31": "344.78500", "2006-12-31": "366.87800", "2005-12-31": "375.00600"}, "Basic EPS": {"2019-12-31": "8.65000", "2018-12-31": "7.80000", "2017-12-31": "5.84000", "2016-12-31": "8.02000", "2015-12-31": "4.26000", "2014-12-31": "-0.42000", "2013-12-31": "5.01000", "2012-12-31": "1.57000", "2011-12-31": "3.05000", "2010-12-31": "2.68000", "2009-12-31": "2.34000", "2008-12-31": "2.53000", "2007-12-31": "3.01000", "2006-12-31": "2.47000", "2005-12-31": "2.25000"}, "EPS - Earnings Per Share": {"2019-12-31": "8.60000", "2018-12-31": "7.73000", "2017-12-31": "5.78000", "2016-12-31": "7.94000", "2015-12-31": "4.21000", "2014-12-31": "-0.42000", "2013-12-31": "4.91000", "2012-12-31": "1.53000", "2011-12-31": "3.00000", "2010-12-31": "2.65000", "2009-12-31": "2.33000", "2008-12-31": "2.51000", "2007-12-31": "2.94000", "2006-12-31": "2.40000", "2005-12-31": "2.21000"}}, "income statement, quarterly": {"Revenue": {"2020-09-30": "1846.00000", "2020-06-30": "1943.00000", "2020-03-31": "1786.00000", "2019-12-31": "1735.00000", "2019-09-30": "1689.00000", "2019-06-30": "1704.00000", "2019-03-31": "1571.00000", "2018-12-31": "1536.00000", "2018-09-30": "1546.00000", "2018-06-30": "1609.00000", "2018-03-31": "1567.00000", "2017-12-31": "1588.00000", "2017-09-30": "1513.00000", "2017-06-30": "1509.00000", "2017-03-31": "1453.00000", "2016-12-31": "1399.00000", "2016-09-30": "1439.00000", "2016-06-30": "1482.00000", "2016-03-31": "1341.00000", "2015-12-31": "1374.00000", "2015-09-30": "1324.00000", "2015-06-30": "1342.00000", "2015-03-31": "1273.00000", "2014-12-31": "1290.00000", "2014-09-30": "1263.00000", "2014-06-30": "1302.00000", "2014-03-31": "1196.00000", "2013-12-31": "1119.00000", "2013-09-30": "1152.00000", "2013-06-30": "1250.00000", "2013-03-31": "1181.00000", "2012-12-31": "1047.00000", "2012-09-30": "1116.00000", "2012-06-30": "1072.00000", "2012-03-31": "1035.00000", "2011-12-31": "1004.00000", "2011-09-30": "1908.00000", "2011-06-30": "1557.00000", "2011-03-31": "1261.00000", "2010-12-31": "1496.00000", "2010-09-30": "1956.20000", "2010-06-30": "1474.10000", "2010-03-31": "1190.40000", "2009-12-31": "1380.71000", "2009-09-30": "1875.90300", "2009-06-30": "1465.18000", "2009-03-31": "1148.20700", "2008-12-31": "1415.41800", "2008-09-30": "2048.54100", "2008-06-30": "1673.22500", "2008-03-31": "1217.87100", "2007-12-31": "1569.68800", "2007-09-30": "2187.99600", "2007-06-30": "1718.17900", "2007-03-31": "1296.41800", "2006-12-31": "1594.34600", "2006-09-30": "1992.57000", "2006-06-30": "1527.54300", "2006-03-31": "1140.67900", "2005-12-31": "1541.31800", "2005-09-30": "1977.04100", "2005-06-30": "1456.27700", "2005-03-31": "1029.00600"}, "Cost Of Goods Sold": {"2020-09-30": "519.00000", "2020-06-30": "493.00000", "2020-03-31": "521.00000", "2019-12-31": "377.00000", "2019-09-30": "480.00000", "2019-06-30": "471.00000", "2019-03-31": "473.00000", "2018-12-31": "417.00000", "2018-09-30": "410.00000", "2018-06-30": "441.00000", "2018-03-31": "430.00000", "2017-12-31": "432.00000", "2017-09-30": "419.00000", "2017-06-30": "432.00000", "2017-03-31": "411.00000", "2016-12-31": "420.00000", "2016-09-30": "431.00000", "2016-06-30": "469.00000", "2016-03-31": "453.00000", "2015-12-31": "477.00000", "2015-09-30": "419.00000", "2015-06-30": "412.00000", "2015-03-31": "410.00000", "2014-12-31": "446.00000", "2014-09-30": "402.00000", "2014-06-30": "407.00000", "2014-03-31": "396.00000", "2013-12-31": "424.00000", "2013-09-30": "371.00000", "2013-06-30": "395.00000", "2013-03-31": "374.00000", "2012-12-31": "354.00000", "2012-09-30": "367.00000", "2012-06-30": "351.00000", "2012-03-31": "361.00000", "2011-12-31": "804.00000", "2011-09-30": "711.00000", "2011-06-30": "593.00000", "2011-03-31": "503.00000", "2010-12-31": "1229.00000", "2010-09-30": "708.00000", "2010-06-30": "560.90000", "2010-03-31": "476.20000", "2009-12-31": "531.67600", "2009-09-30": "735.88000", "2009-06-30": "582.50500", "2009-03-31": "488.93900", "2008-12-31": "607.87700", "2008-09-30": "755.08800", "2008-06-30": "647.15400", "2008-03-31": "508.31100", "2007-12-31": "621.52610", "2007-09-30": "766.89100", "2007-06-30": "634.80100", "2007-03-31": "504.38200", "2006-12-31": "607.02890", "2006-09-30": "712.25700", "2006-06-30": "586.47600", "2006-03-31": "481.48500", "2005-12-31": "588.74490", "2005-09-30": "721.96800", "2005-06-30": "574.89400", "2005-03-31": "430.72700"}, "Gross Profit": {"2020-09-30": "1327.00000", "2020-06-30": "1450.00000", "2020-03-31": "1265.00000", "2019-12-31": "1358.00000", "2019-09-30": "1209.00000", "2019-06-30": "1233.00000", "2019-03-31": "1098.00000", "2018-12-31": "1119.00000", "2018-09-30": "1136.00000", "2018-06-30": "1168.00000", "2018-03-31": "1137.00000", "2017-12-31": "1156.00000", "2017-09-30": "1094.00000", "2017-06-30": "1077.00000", "2017-03-31": "1042.00000", "2016-12-31": "979.00000", "2016-09-30": "1008.00000", "2016-06-30": "1013.00000", "2016-03-31": "888.00000", "2015-12-31": "897.00000", "2015-09-30": "905.00000", "2015-06-30": "930.00000", "2015-03-31": "863.00000", "2014-12-31": "844.00000", "2014-09-30": "861.00000", "2014-06-30": "895.00000", "2014-03-31": "800.00000", "2013-12-31": "695.00000", "2013-09-30": "781.00000", "2013-06-30": "855.00000", "2013-03-31": "807.00000", "2012-12-31": "693.00000", "2012-09-30": "749.00000", "2012-06-30": "721.00000", "2012-03-31": "674.00000", "2011-12-31": "200.00000", "2011-09-30": "1197.00000", "2011-06-30": "964.00000", "2011-03-31": "758.00000", "2010-12-31": "267.00000", "2010-09-30": "1248.20000", "2010-06-30": "913.20000", "2010-03-31": "714.20000", "2009-12-31": "849.03390", "2009-09-30": "1140.02300", "2009-06-30": "882.67500", "2009-03-31": "659.26810", "2008-12-31": "807.54110", "2008-09-30": "1293.45300", "2008-06-30": "1026.07100", "2008-03-31": "709.55990", "2007-12-31": "948.16160", "2007-09-30": "1421.10500", "2007-06-30": "1083.37800", "2007-03-31": "792.03600", "2006-12-31": "987.31750", "2006-09-30": "1280.31300", "2006-06-30": "941.06700", "2006-03-31": "659.19400", "2005-12-31": "952.57330", "2005-09-30": "1255.07300", "2005-06-30": "881.38290", "2005-03-31": "598.27900"}, "Research And Development Expenses": {"2020-09-30": "", "2020-06-30": "", "2020-03-31": "", "2019-12-31": "", "2019-09-30": "", "2019-06-30": "", "2019-03-31": "", "2018-12-31": "", "2018-09-30": "", "2018-06-30": "", "2018-03-31": "", "2017-12-31": "", "2017-09-30": "", "2017-06-30": "", "2017-03-31": "", "2016-12-31": "", "2016-09-30": "", "2016-06-30": "", "2016-03-31": "", "2015-12-31": "", "2015-09-30": "", "2015-06-30": "", "2015-03-31": "", "2014-12-31": "", "2014-09-30": "", "2014-06-30": "", "2014-03-31": "", "2013-12-31": "", "2013-09-30": "", "2013-06-30": "", "2013-03-31": "", "2012-12-31": "", "2012-09-30": "", "2012-06-30": "", "2012-03-31": "", "2011-12-31": "", "2011-09-30": "", "2011-06-30": "", "2011-03-31": "", "2010-12-31": "", "2010-09-30": "", "2010-06-30": "", "2010-03-31": "", "2009-12-31": "", "2009-09-30": "", "2009-06-30": "", "2009-03-31": "", "2008-12-31": "", "2008-09-30": "", "2008-06-30": "", "2008-03-31": "", "2007-12-31": "", "2007-09-30": "", "2007-06-30": "", "2007-03-31": "", "2006-12-31": "", "2006-09-30": "", "2006-06-30": "", "2006-03-31": "", "2005-12-31": "", "2005-09-30": "", "2005-06-30": "", "2005-03-31": ""}, "SG&A Expenses": {"2020-09-30": "339.00000", "2020-06-30": "295.00000", "2020-03-31": "311.00000", "2019-12-31": "490.00000", "2019-09-30": "318.00000", "2019-06-30": "368.00000", "2019-03-31": "341.00000", "2018-12-31": "360.00000", "2018-09-30": "379.00000", "2018-06-30": "444.00000", "2018-03-31": "381.00000", "2017-12-31": "483.00000", "2017-09-30": "399.00000", "2017-06-30": "364.00000", "2017-03-31": "360.00000", "2016-12-31": "479.00000", "2016-09-30": "337.00000", "2016-06-30": "317.00000", "2016-03-31": "334.00000", "2015-12-31": "419.00000", "2015-09-30": "458.00000", "2015-06-30": "326.00000", "2015-03-31": "329.00000", "2014-12-31": "1959.00000", "2014-09-30": "462.00000", "2014-06-30": "376.00000", "2014-03-31": "347.00000", "2013-12-31": "376.00000", "2013-09-30": "377.00000", "2013-06-30": "384.00000", "2013-03-31": "494.00000", "2012-12-31": "403.00000", "2012-09-30": "435.00000", "2012-06-30": "379.00000", "2012-03-31": "361.00000", "2011-12-31": "-258.00000", "2011-09-30": "552.00000", "2011-06-30": "580.00000", "2011-03-31": "503.00000", "2010-12-31": "-315.30000", "2010-09-30": "597.60000", "2010-06-30": "547.70000", "2010-03-31": "488.00000", "2009-12-31": "528.60210", "2009-09-30": "546.96100", "2009-06-30": "546.12600", "2009-03-31": "491.31100", "2008-12-31": "552.03900", "2008-09-30": "596.94800", "2008-06-30": "617.83500", "2008-03-31": "516.77300", "2007-12-31": "655.21000", "2007-09-30": "644.54500", "2007-06-30": "587.68700", "2007-03-31": "536.64300", "2006-12-31": "618.50000", "2006-09-30": "625.07900", "2006-06-30": "540.24100", "2006-03-31": "504.03000", "2005-12-31": "590.51710", "2005-09-30": "613.13900", "2005-06-30": "529.26600", "2005-03-31": "439.47300"}, "Other Operating Income Or Expenses": {"2020-09-30": "8.00000", "2020-06-30": "1.00000", "2020-03-31": "7.00000", "2019-12-31": "", "2019-09-30": "49.00000", "2019-06-30": "", "2019-03-31": "", "2018-12-31": "", "2018-09-30": "", "2018-06-30": "", "2018-03-31": "", "2017-12-31": "", "2017-09-30": "", "2017-06-30": "", "2017-03-31": "", "2016-12-31": "379.00000", "2016-09-30": "722.00000", "2016-06-30": "", "2016-03-31": "", "2015-12-31": "", "2015-09-30": "", "2015-06-30": "11.00000", "2015-03-31": "", "2014-12-31": "", "2014-09-30": "", "2014-06-30": "-9.00000", "2014-03-31": "", "2013-12-31": "-36.00000", "2013-09-30": "24.00000", "2013-06-30": "0.00000", "2013-03-31": "", "2012-12-31": "", "2012-09-30": "0.00000", "2012-06-30": "", "2012-03-31": "", "2011-12-31": "", "2011-09-30": "", "2011-06-30": "13.00000", "2011-03-31": "", "2010-12-31": "-4.10000", "2010-09-30": "11.10000", "2010-06-30": "", "2010-03-31": "", "2009-12-31": "", "2009-09-30": "", "2009-06-30": "", "2009-03-31": "", "2008-12-31": "", "2008-09-30": "", "2008-06-30": "", "2008-03-31": "", "2007-12-31": "", "2007-09-30": "", "2007-06-30": "", "2007-03-31": "17.30500", "2006-12-31": "", "2006-09-30": "", "2006-06-30": "", "2006-03-31": "", "2005-12-31": "-5.52200", "2005-09-30": "6.75800", "2005-06-30": "", "2005-03-31": ""}, "Operating Expenses": {"2020-09-30": "902.00000", "2020-06-30": "838.00000", "2020-03-31": "874.00000", "2019-12-31": "918.00000", "2019-09-30": "798.00000", "2019-06-30": "891.00000", "2019-03-31": "866.00000", "2018-12-31": "833.00000", "2018-09-30": "842.00000", "2018-06-30": "937.00000", "2018-03-31": "856.00000", "2017-12-31": "961.00000", "2017-09-30": "864.00000", "2017-06-30": "841.00000", "2017-03-31": "814.00000", "2016-12-31": "569.00000", "2016-09-30": "91.00000", "2016-06-30": "831.00000", "2016-03-31": "829.00000", "2015-12-31": "950.00000", "2015-09-30": "914.00000", "2015-06-30": "760.00000", "2015-03-31": "772.00000", "2014-12-31": "2439.00000", "2014-09-30": "897.00000", "2014-06-30": "826.00000", "2014-03-31": "776.00000", "2013-12-31": "870.00000", "2013-09-30": "757.00000", "2013-06-30": "814.00000", "2013-03-31": "903.00000", "2012-12-31": "742.00000", "2012-09-30": "841.00000", "2012-06-30": "764.00000", "2012-03-31": "753.00000", "2011-12-31": "804.00000", "2011-09-30": "1301.00000", "2011-06-30": "1199.00000", "2011-03-31": "1045.00000", "2010-12-31": "1229.00000", "2010-09-30": "1326.20000", "2010-06-30": "1147.80000", "2010-03-31": "1000.10000", "2009-12-31": "1098.34300", "2009-09-30": "1319.93800", "2009-06-30": "1168.85300", "2009-03-31": "1023.86600", "2008-12-31": "1209.39100", "2008-09-30": "1395.62500", "2008-06-30": "1308.54400", "2008-03-31": "1066.81100", "2007-12-31": "1319.03400", "2007-09-30": "1449.34400", "2007-06-30": "1262.75400", "2007-03-31": "1064.23700", "2006-12-31": "1268.19800", "2006-09-30": "1376.34100", "2006-06-30": "1167.14000", "2006-03-31": "1025.00500", "2005-12-31": "1225.75600", "2005-09-30": "1367.08600", "2005-06-30": "1142.30400", "2005-03-31": "903.33200"}, "Operating Income": {"2020-09-30": "944.00000", "2020-06-30": "1105.00000", "2020-03-31": "912.00000", "2019-12-31": "817.00000", "2019-09-30": "891.00000", "2019-06-30": "813.00000", "2019-03-31": "705.00000", "2018-12-31": "703.00000", "2018-09-30": "704.00000", "2018-06-30": "672.00000", "2018-03-31": "711.00000", "2017-12-31": "627.00000", "2017-09-30": "649.00000", "2017-06-30": "668.00000", "2017-03-31": "639.00000", "2016-12-31": "830.00000", "2016-09-30": "1348.00000", "2016-06-30": "651.00000", "2016-03-31": "512.00000", "2015-12-31": "424.00000", "2015-09-30": "410.00000", "2015-06-30": "582.00000", "2015-03-31": "501.00000", "2014-12-31": "-1149.00000", "2014-09-30": "366.00000", "2014-06-30": "476.00000", "2014-03-31": "420.00000", "2013-12-31": "249.00000", "2013-09-30": "395.00000", "2013-06-30": "436.00000", "2013-03-31": "278.00000", "2012-12-31": "305.00000", "2012-09-30": "275.00000", "2012-06-30": "308.00000", "2012-03-31": "282.00000", "2011-12-31": "200.00000", "2011-09-30": "607.00000", "2011-06-30": "358.00000", "2011-03-31": "216.00000", "2010-12-31": "267.00000", "2010-09-30": "629.99990", "2010-06-30": "326.29990", "2010-03-31": "190.30000", "2009-12-31": "282.36690", "2009-09-30": "555.96500", "2009-06-30": "296.32700", "2009-03-31": "124.34110", "2008-12-31": "206.02700", "2008-09-30": "652.91600", "2008-06-30": "364.68100", "2008-03-31": "151.05990", "2007-12-31": "250.65420", "2007-09-30": "738.65210", "2007-06-30": "455.42490", "2007-03-31": "232.18100", "2006-12-31": "326.14830", "2006-09-30": "616.22890", "2006-06-30": "360.40300", "2006-03-31": "115.67400", "2005-12-31": "315.56210", "2005-09-30": "609.95510", "2005-06-30": "313.97300", "2005-03-31": "125.67400"}, "Total Non-Operating Income/Expense": {"2020-09-30": "-308.00000", "2020-06-30": "-30.00000", "2020-03-31": "-35.00000", "2019-12-31": "-86.00000", "2019-09-30": "-40.00000", "2019-06-30": "-31.00000", "2019-03-31": "-139.00000", "2018-12-31": "-32.00000", "2018-09-30": "-32.00000", "2018-06-30": "-15.00000", "2018-03-31": "-30.00000", "2017-12-31": "-38.00000", "2017-09-30": "-28.00000", "2017-06-30": "-28.00000", "2017-03-31": "-28.00000", "2016-12-31": "-32.00000", "2016-09-30": "-39.00000", "2016-06-30": "-42.00000", "2016-03-31": "-40.00000", "2015-12-31": "-40.00000", "2015-09-30": "-30.00000", "2015-06-30": "-16.00000", "2015-03-31": "-16.00000", "2014-12-31": "-19.00000", "2014-09-30": "-12.00000", "2014-06-30": "-14.00000", "2014-03-31": "-14.00000", "2013-12-31": "-14.00000", "2013-09-30": "-14.00000", "2013-06-30": "-16.00000", "2013-03-31": "-15.00000", "2012-12-31": "-18.00000", "2012-09-30": "-21.00000", "2012-06-30": "-21.00000", "2012-03-31": "-21.00000", "2011-12-31": "-19.00000", "2011-09-30": "-18.00000", "2011-06-30": "-20.00000", "2011-03-31": "-19.00000", "2010-12-31": "-19.00000", "2010-09-30": "-19.30000", "2010-06-30": "-20.90000", "2010-03-31": "-22.10000", "2009-12-31": "-6.23400", "2009-09-30": "-17.82700", "2009-06-30": "-32.34800", "2009-03-31": "-20.59100", "2008-12-31": "-15.43800", "2008-09-30": "-22.00200", "2008-06-30": "-20.35400", "2008-03-31": "-17.83000", "2007-12-31": "-11.85500", "2007-09-30": "-15.42300", "2007-06-30": "-12.09900", "2007-03-31": "-1.20400", "2006-12-31": "-0.07000", "2006-09-30": "-7.51500", "2006-06-30": "-8.55500", "2006-03-31": "2.50900", "2005-12-31": "1.81600", "2005-09-30": "-2.80800", "2005-06-30": "-3.51200", "2005-03-31": "-0.69800"}, "Pre-Tax Income": {"2020-09-30": "636.00000", "2020-06-30": "1075.00000", "2020-03-31": "877.00000", "2019-12-31": "731.00000", "2019-09-30": "851.00000", "2019-06-30": "782.00000", "2019-03-31": "566.00000", "2018-12-31": "671.00000", "2018-09-30": "672.00000", "2018-06-30": "657.00000", "2018-03-31": "681.00000", "2017-12-31": "589.00000", "2017-09-30": "621.00000", "2017-06-30": "640.00000", "2017-03-31": "611.00000", "2016-12-31": "798.00000", "2016-09-30": "1309.00000", "2016-06-30": "609.00000", "2016-03-31": "472.00000", "2015-12-31": "384.00000", "2015-09-30": "380.00000", "2015-06-30": "566.00000", "2015-03-31": "485.00000", "2014-12-31": "-1168.00000", "2014-09-30": "354.00000", "2014-06-30": "462.00000", "2014-03-31": "406.00000", "2013-12-31": "235.00000", "2013-09-30": "381.00000", "2013-06-30": "420.00000", "2013-03-31": "263.00000", "2012-12-31": "287.00000", "2012-09-30": "254.00000", "2012-06-30": "287.00000", "2012-03-31": "261.00000", "2011-12-31": "181.00000", "2011-09-30": "589.00000", "2011-06-30": "338.00000", "2011-03-31": "197.00000", "2010-12-31": "248.00000", "2010-09-30": "610.70000", "2010-06-30": "305.40000", "2010-03-31": "168.20000", "2009-12-31": "276.13300", "2009-09-30": "538.13800", "2009-06-30": "263.97900", "2009-03-31": "103.75000", "2008-12-31": "190.58910", "2008-09-30": "630.91400", "2008-06-30": "344.32700", "2008-03-31": "133.23000", "2007-12-31": "238.79910", "2007-09-30": "723.22900", "2007-06-30": "443.32600", "2007-03-31": "230.97700", "2006-12-31": "326.07800", "2006-09-30": "608.71400", "2006-06-30": "351.84800", "2006-03-31": "118.18300", "2005-12-31": "317.37810", "2005-09-30": "607.14700", "2005-06-30": "310.46100", "2005-03-31": "124.97600"}, "Income Taxes": {"2020-09-30": "138.00000", "2020-06-30": "233.00000", "2020-03-31": "188.00000", "2019-12-31": "145.00000", "2019-09-30": "189.00000", "2019-06-30": "180.00000", "2019-03-31": "113.00000", "2018-12-31": "120.00000", "2018-09-30": "137.00000", "2018-06-30": "156.00000", "2018-03-31": "147.00000", "2017-12-31": "290.00000", "2017-09-30": "169.00000", "2017-06-30": "183.00000", "2017-03-31": "181.00000", "2016-12-31": "228.00000", "2016-09-30": "386.00000", "2016-06-30": "197.00000", "2016-03-31": "149.00000", "2015-12-31": "107.00000", "2015-09-30": "99.00000", "2015-06-30": "185.00000", "2015-03-31": "156.00000", "2014-12-31": "-184.00000", "2014-09-30": "139.00000", "2014-06-30": "152.00000", "2014-03-31": "138.00000", "2013-12-31": "66.00000", "2013-09-30": "123.00000", "2013-06-30": "147.00000", "2013-03-31": "89.00000", "2012-12-31": "101.00000", "2012-09-30": "82.00000", "2012-06-30": "107.00000", "2012-03-31": "98.00000", "2011-12-31": "68.00000", "2011-09-30": "214.00000", "2011-06-30": "122.00000", "2011-03-31": "72.00000", "2010-12-31": "90.00000", "2010-09-30": "221.70000", "2010-06-30": "111.20000", "2010-03-31": "61.20000", "2009-12-31": "99.26500", "2009-09-30": "195.88200", "2009-06-30": "96.08800", "2009-03-31": "37.76500", "2008-12-31": "69.55200", "2008-09-30": "234.09900", "2008-06-30": "127.37700", "2008-03-31": "48.66700", "2007-12-31": "84.37500", "2007-09-30": "271.21100", "2007-06-30": "166.24800", "2007-03-31": "87.13900", "2006-12-31": "121.30100", "2006-09-30": "226.44100", "2006-06-30": "130.88700", "2006-03-31": "43.96300", "2005-12-31": "128.06600", "2005-09-30": "225.85800", "2005-06-30": "115.49100", "2005-03-31": "46.24100"}, "Income After Taxes": {"2020-09-30": "498.00000", "2020-06-30": "842.00000", "2020-03-31": "689.00000", "2019-12-31": "586.00000", "2019-09-30": "662.00000", "2019-06-30": "602.00000", "2019-03-31": "453.00000", "2018-12-31": "551.00000", "2018-09-30": "535.00000", "2018-06-30": "501.00000", "2018-03-31": "534.00000", "2017-12-31": "299.00000", "2017-09-30": "452.00000", "2017-06-30": "457.00000", "2017-03-31": "430.00000", "2016-12-31": "570.00000", "2016-09-30": "923.00000", "2016-06-30": "412.00000", "2016-03-31": "323.00000", "2015-12-31": "277.00000", "2015-09-30": "281.00000", "2015-06-30": "381.00000", "2015-03-31": "329.00000", "2014-12-31": "-984.00000", "2014-09-30": "215.00000", "2014-06-30": "310.00000", "2014-03-31": "268.00000", "2013-12-31": "169.00000", "2013-09-30": "258.00000", "2013-06-30": "273.00000", "2013-03-31": "174.00000", "2012-12-31": "186.00000", "2012-09-30": "172.00000", "2012-06-30": "180.00000", "2012-03-31": "163.00000", "2011-12-31": "113.00000", "2011-09-30": "375.00000", "2011-06-30": "216.00000", "2011-03-31": "125.00000", "2010-12-31": "158.00000", "2010-09-30": "389.00000", "2010-06-30": "194.20000", "2010-03-31": "107.00000", "2009-12-31": "176.86800", "2009-09-30": "342.25600", "2009-06-30": "167.89100", "2009-03-31": "65.98500", "2008-12-31": "121.03710", "2008-09-30": "396.81500", "2008-06-30": "216.95000", "2008-03-31": "84.56300", "2007-12-31": "154.42400", "2007-09-30": "452.01800", "2007-06-30": "277.07800", "2007-03-31": "143.83800", "2006-12-31": "204.77700", "2006-09-30": "382.27300", "2006-06-30": "220.96100", "2006-03-31": "74.22000", "2005-12-31": "189.31210", "2005-09-30": "381.28900", "2005-06-30": "194.97000", "2005-03-31": "78.73500"}, "Other Income": {"2020-09-30": "", "2020-06-30": "", "2020-03-31": "", "2019-12-31": "", "2019-09-30": "", "2019-06-30": "", "2019-03-31": "", "2018-12-31": "", "2018-09-30": "", "2018-06-30": "", "2018-03-31": "", "2017-12-31": "", "2017-09-30": "", "2017-06-30": "", "2017-03-31": "", "2016-12-31": "", "2016-09-30": "", "2016-06-30": "", "2016-03-31": "", "2015-12-31": "", "2015-09-30": "", "2015-06-30": "", "2015-03-31": "", "2014-12-31": "", "2014-09-30": "", "2014-06-30": "", "2014-03-31": "", "2013-12-31": "", "2013-09-30": "", "2013-06-30": "", "2013-03-31": "", "2012-12-31": "", "2012-09-30": "", "2012-06-30": "", "2012-03-31": "", "2011-12-31": "", "2011-09-30": "", "2011-06-30": "", "2011-03-31": "", "2010-12-31": "", "2010-09-30": "", "2010-06-30": "", "2010-03-31": "", "2009-12-31": "", "2009-09-30": "", "2009-06-30": "", "2009-03-31": "", "2008-12-31": "", "2008-09-30": "", "2008-06-30": "", "2008-03-31": "", "2007-12-31": "", "2007-09-30": "", "2007-06-30": "", "2007-03-31": "", "2006-12-31": "", "2006-09-30": "", "2006-06-30": "", "2006-03-31": "", "2005-12-31": "", "2005-09-30": "", "2005-06-30": "", "2005-03-31": ""}, "Income From Continuous Operations": {"2020-09-30": "498.00000", "2020-06-30": "842.00000", "2020-03-31": "689.00000", "2019-12-31": "586.00000", "2019-09-30": "662.00000", "2019-06-30": "602.00000", "2019-03-31": "453.00000", "2018-12-31": "551.00000", "2018-09-30": "535.00000", "2018-06-30": "501.00000", "2018-03-31": "534.00000", "2017-12-31": "299.00000", "2017-09-30": "452.00000", "2017-06-30": "457.00000", "2017-03-31": "430.00000", "2016-12-31": "570.00000", "2016-09-30": "923.00000", "2016-06-30": "412.00000", "2016-03-31": "323.00000", "2015-12-31": "277.00000", "2015-09-30": "281.00000", "2015-06-30": "381.00000", "2015-03-31": "329.00000", "2014-12-31": "-984.00000", "2014-09-30": "215.00000", "2014-06-30": "310.00000", "2014-03-31": "268.00000", "2013-12-31": "169.00000", "2013-09-30": "258.00000", "2013-06-30": "273.00000", "2013-03-31": "174.00000", "2012-12-31": "186.00000", "2012-09-30": "172.00000", "2012-06-30": "180.00000", "2012-03-31": "163.00000", "2011-12-31": "113.00000", "2011-09-30": "375.00000", "2011-06-30": "216.00000", "2011-03-31": "125.00000", "2010-12-31": "158.00000", "2010-09-30": "389.00000", "2010-06-30": "194.20000", "2010-03-31": "107.00000", "2009-12-31": "176.86800", "2009-09-30": "342.25600", "2009-06-30": "167.89100", "2009-03-31": "65.98500", "2008-12-31": "121.03710", "2008-09-30": "396.81500", "2008-06-30": "216.95000", "2008-03-31": "84.56300", "2007-12-31": "154.42400", "2007-09-30": "452.01800", "2007-06-30": "277.07800", "2007-03-31": "143.83800", "2006-12-31": "204.77700", "2006-09-30": "382.27300", "2006-06-30": "220.96100", "2006-03-31": "74.22000", "2005-12-31": "189.31210", "2005-09-30": "381.28900", "2005-06-30": "194.97000", "2005-03-31": "78.73500"}, "Income From Discontinued Operations": {"2020-09-30": "", "2020-06-30": "", "2020-03-31": "", "2019-12-31": "", "2019-09-30": "", "2019-06-30": "", "2019-03-31": "", "2018-12-31": "", "2018-09-30": "", "2018-06-30": "", "2018-03-31": "", "2017-12-31": "", "2017-09-30": "", "2017-06-30": "", "2017-03-31": "", "2016-12-31": "", "2016-09-30": "", "2016-06-30": "", "2016-03-31": "", "2015-12-31": "", "2015-09-30": "", "2015-06-30": "", "2015-03-31": "", "2014-12-31": "163.00000", "2014-09-30": "2.00000", "2014-06-30": "6.00000", "2014-03-31": "7.00000", "2013-12-31": "20.00000", "2013-09-30": "-13.00000", "2013-06-30": "4.00000", "2013-03-31": "581.00000", "2012-12-31": "-378.00000", "2012-09-30": "165.00000", "2012-06-30": "40.00000", "2012-03-31": "-36.00000", "2011-12-31": "108.00000", "2011-09-30": "-1.00000", "2011-06-30": "", "2011-03-31": "-1.00000", "2010-12-31": "3.00000", "2010-09-30": "0.70000", "2010-06-30": "", "2010-03-31": "", "2009-12-31": "", "2009-09-30": "", "2009-06-30": "", "2009-03-31": "", "2008-12-31": "", "2008-09-30": "", "2008-06-30": "", "2008-03-31": "", "2007-12-31": "", "2007-09-30": "", "2007-06-30": "", "2007-03-31": "", "2006-12-31": "", "2006-09-30": "", "2006-06-30": "", "2006-03-31": "", "2005-12-31": "", "2005-09-30": "", "2005-06-30": "", "2005-03-31": ""}, "Net Income": {"2020-09-30": "455.00000", "2020-06-30": "792.00000", "2020-03-31": "639.00000", "2019-12-31": "541.00000", "2019-09-30": "617.00000", "2019-06-30": "555.00000", "2019-03-31": "410.00000", "2018-12-31": "511.00000", "2018-09-30": "495.00000", "2018-06-30": "461.00000", "2018-03-31": "491.00000", "2017-12-31": "262.00000", "2017-09-30": "414.00000", "2017-06-30": "421.00000", "2017-03-31": "399.00000", "2016-12-31": "537.00000", "2016-09-30": "892.00000", "2016-06-30": "383.00000", "2016-03-31": "294.00000", "2015-12-31": "248.00000", "2015-09-30": "252.00000", "2015-06-30": "353.00000", "2015-03-31": "303.00000", "2014-12-31": "-845.00000", "2014-09-30": "190.00000", "2014-06-30": "292.00000", "2014-03-31": "248.00000", "2013-12-31": "172.00000", "2013-09-30": "215.00000", "2013-06-30": "254.00000", "2013-03-31": "735.00000", "2012-12-31": "-216.00000", "2012-09-30": "314.00000", "2012-06-30": "216.00000", "2012-03-31": "123.00000", "2011-12-31": "214.00000", "2011-09-30": "366.00000", "2011-06-30": "211.00000", "2011-03-31": "120.00000", "2010-12-31": "154.00000", "2010-09-30": "379.90000", "2010-06-30": "191.10000", "2010-03-31": "103.30000", "2009-12-31": "167.79200", "2009-09-30": "336.11100", "2009-06-30": "164.09300", "2009-03-31": "63.00400", "2008-12-31": "115.92100", "2008-09-30": "390.16600", "2008-06-30": "212.29400", "2008-03-31": "81.11000", "2007-12-31": "140.62500", "2007-09-30": "452.01800", "2007-06-30": "277.07800", "2007-03-31": "143.83800", "2006-12-31": "204.77700", "2006-09-30": "382.27300", "2006-06-30": "220.96100", "2006-03-31": "74.22000", "2005-12-31": "189.31200", "2005-09-30": "381.28900", "2005-06-30": "194.97000", "2005-03-31": "78.73500"}, "EBITDA": {"2020-09-30": "998.00000", "2020-06-30": "1156.00000", "2020-03-31": "961.00000", "2019-12-31": "868.00000", "2019-09-30": "940.00000", "2019-06-30": "865.00000", "2019-03-31": "757.00000", "2018-12-31": "758.00000", "2018-09-30": "758.00000", "2018-06-30": "724.00000", "2018-03-31": "756.00000", "2017-12-31": "673.00000", "2017-09-30": "695.00000", "2017-06-30": "713.00000", "2017-03-31": "682.00000", "2016-12-31": "877.00000", "2016-09-30": "1395.00000", "2016-06-30": "696.00000", "2016-03-31": "554.00000", "2015-12-31": "477.00000", "2015-09-30": "448.00000", "2015-06-30": "615.00000", "2015-03-31": "534.00000", "2014-12-31": "-1115.00000", "2014-09-30": "400.00000", "2014-06-30": "509.00000", "2014-03-31": "453.00000", "2013-12-31": "283.00000", "2013-09-30": "428.00000", "2013-06-30": "471.00000", "2013-03-31": "313.00000", "2012-12-31": "342.00000", "2012-09-30": "314.00000", "2012-06-30": "342.00000", "2012-03-31": "313.00000", "2011-12-31": "21.00000", "2011-09-30": "742.00000", "2011-06-30": "458.00000", "2011-03-31": "286.00000", "2010-12-31": "44.50000", "2010-09-30": "780.99990", "2010-06-30": "439.59990", "2010-03-31": "256.50000", "2009-12-31": "396.82990", "2009-09-30": "720.23500", "2009-06-30": "407.68700", "2009-03-31": "195.24810", "2008-12-31": "337.04400", "2008-09-30": "821.06400", "2008-06-30": "474.28300", "2008-03-31": "220.96890", "2007-12-31": "337.71720", "2007-09-30": "887.03810", "2007-06-30": "552.53300", "2007-03-31": "300.79500", "2006-12-31": "418.34430", "2006-09-30": "758.55290", "2006-06-30": "453.86500", "2006-03-31": "177.68390", "2005-12-31": "411.16810", "2005-09-30": "747.95410", "2005-06-30": "407.29300", "2005-03-31": "184.01000"}, "EBIT": {"2020-09-30": "944.00000", "2020-06-30": "1105.00000", "2020-03-31": "912.00000", "2019-12-31": "817.00000", "2019-09-30": "891.00000", "2019-06-30": "813.00000", "2019-03-31": "705.00000", "2018-12-31": "703.00000", "2018-09-30": "704.00000", "2018-06-30": "672.00000", "2018-03-31": "711.00000", "2017-12-31": "627.00000", "2017-09-30": "649.00000", "2017-06-30": "668.00000", "2017-03-31": "639.00000", "2016-12-31": "830.00000", "2016-09-30": "1348.00000", "2016-06-30": "651.00000", "2016-03-31": "512.00000", "2015-12-31": "424.00000", "2015-09-30": "410.00000", "2015-06-30": "582.00000", "2015-03-31": "501.00000", "2014-12-31": "-1149.00000", "2014-09-30": "366.00000", "2014-06-30": "476.00000", "2014-03-31": "420.00000", "2013-12-31": "249.00000", "2013-09-30": "395.00000", "2013-06-30": "436.00000", "2013-03-31": "278.00000", "2012-12-31": "305.00000", "2012-09-30": "275.00000", "2012-06-30": "308.00000", "2012-03-31": "282.00000", "2011-12-31": "200.00000", "2011-09-30": "607.00000", "2011-06-30": "358.00000", "2011-03-31": "216.00000", "2010-12-31": "267.00000", "2010-09-30": "629.99990", "2010-06-30": "326.29990", "2010-03-31": "190.30000", "2009-12-31": "282.36690", "2009-09-30": "555.96500", "2009-06-30": "296.32700", "2009-03-31": "124.34110", "2008-12-31": "206.02710", "2008-09-30": "652.91600", "2008-06-30": "364.68100", "2008-03-31": "151.05990", "2007-12-31": "250.65410", "2007-09-30": "738.65210", "2007-06-30": "455.42490", "2007-03-31": "232.18100", "2006-12-31": "326.14830", "2006-09-30": "616.22890", "2006-06-30": "360.40300", "2006-03-31": "115.67400", "2005-12-31": "315.56200", "2005-09-30": "609.95510", "2005-06-30": "313.97300", "2005-03-31": "125.67400"}, "Basic Shares Outstanding": {"2020-09-30": "240.60000", "2020-06-30": "240.90000", "2020-03-31": "242.10000", "2019-12-31": "245.40000", "2019-09-30": "245.00000", "2019-06-30": "246.10000", "2019-03-31": "246.70000", "2018-12-31": "250.90000", "2018-09-30": "251.30000", "2018-06-30": "251.10000", "2018-03-31": "252.40000", "2017-12-31": "256.30000", "2017-09-30": "255.50000", "2017-06-30": "257.30000", "2017-03-31": "258.20000", "2016-12-31": "262.80000", "2016-09-30": "262.90000", "2016-06-30": "264.50000", "2016-03-31": "265.00000", "2015-12-31": "271.60000", "2015-09-30": "271.30000", "2015-06-30": "273.10000", "2015-03-31": "273.50000", "2014-12-31": "271.50000", "2014-09-30": "270.90000", "2014-06-30": "271.50000", "2014-03-31": "271.80000", "2013-12-31": "274.50000", "2013-09-30": "272.80000", "2013-06-30": "274.30000", "2013-03-31": "280.50000", "2012-12-31": "278.60000", "2012-09-30": "278.70000", "2012-06-30": "279.70000", "2012-03-31": "278.00000", "2011-12-31": "286.20000", "2011-09-30": "297.80000", "2011-06-30": "303.60000", "2011-03-31": "305.20000", "2010-12-31": "306.00000", "2010-09-30": "307.20000", "2010-06-30": "311.20000", "2010-03-31": "313.40000", "2009-12-31": "312.00000", "2009-09-30": "312.47100", "2009-06-30": "312.22600", "2009-03-31": "312.01700", "2008-12-31": "315.55900", "2008-09-30": "313.10500", "2008-06-30": "317.74600", "2008-03-31": "319.94500", "2007-12-31": "336.21000", "2007-09-30": "330.24900", "2007-06-30": "340.18300", "2007-03-31": "351.21500", "2006-12-31": "356.46700", "2006-09-30": "351.13900", "2006-06-30": "355.78300", "2006-03-31": "367.45600", "2005-12-31": "375.00600", "2005-09-30": "373.55200", "2005-06-30": "373.53400", "2005-03-31": "378.83000"}, "Shares Outstanding": {"2020-09-30": "241.60000", "2020-06-30": "241.90000", "2020-03-31": "243.30000", "2019-12-31": "246.90000", "2019-09-30": "246.50000", "2019-06-30": "247.40000", "2019-03-31": "248.30000", "2018-12-31": "253.20000", "2018-09-30": "253.50000", "2018-06-30": "253.30000", "2018-03-31": "254.40000", "2017-12-31": "258.90000", "2017-09-30": "257.90000", "2017-06-30": "259.90000", "2017-03-31": "260.80000", "2016-12-31": "265.20000", "2016-09-30": "265.30000", "2016-06-30": "266.70000", "2016-03-31": "267.20000", "2015-12-31": "274.60000", "2015-09-30": "274.40000", "2015-06-30": "275.70000", "2015-03-31": "276.30000", "2014-12-31": "271.50000", "2014-09-30": "275.40000", "2014-06-30": "276.10000", "2014-03-31": "277.20000", "2013-12-31": "279.80000", "2013-09-30": "278.80000", "2013-06-30": "278.30000", "2013-03-31": "284.30000", "2012-12-31": "284.60000", "2012-09-30": "284.60000", "2012-06-30": "285.30000", "2012-03-31": "283.80000", "2011-12-31": "292.40000", "2011-09-30": "303.60000", "2011-06-30": "309.20000", "2011-03-31": "309.60000", "2010-12-31": "310.00000", "2010-09-30": "309.30000", "2010-06-30": "313.20000", "2010-03-31": "316.30000", "2009-12-31": "313.00000", "2009-09-30": "313.64200", "2009-06-30": "313.03300", "2009-03-31": "312.01700", "2008-12-31": "318.68700", "2008-09-30": "317.20300", "2008-06-30": "321.08700", "2008-03-31": "323.40000", "2007-12-31": "344.78500", "2007-09-30": "337.73300", "2007-06-30": "350.29800", "2007-03-31": "361.49700", "2006-12-31": "366.87800", "2006-09-30": "360.93500", "2006-06-30": "365.50700", "2006-03-31": "377.33300", "2005-12-31": "375.00600", "2005-09-30": "381.16300", "2005-06-30": "380.04700", "2005-03-31": "386.60000"}, "Basic EPS": {"2020-09-30": "1.89000", "2020-06-30": "3.29000", "2020-03-31": "2.64000", "2019-12-31": "2.22000", "2019-09-30": "2.52000", "2019-06-30": "2.25000", "2019-03-31": "1.66000", "2018-12-31": "2.06000", "2018-09-30": "1.97000", "2018-06-30": "1.83000", "2018-03-31": "1.94000", "2017-12-31": "1.05000", "2017-09-30": "1.62000", "2017-06-30": "1.63000", "2017-03-31": "1.54000", "2016-12-31": "2.07000", "2016-09-30": "3.39000", "2016-06-30": "1.45000", "2016-03-31": "1.11000", "2015-12-31": "0.93000", "2015-09-30": "0.93000", "2015-06-30": "1.29000", "2015-03-31": "1.11000", "2014-12-31": "-3.11000", "2014-09-30": "0.70000", "2014-06-30": "1.08000", "2014-03-31": "0.91000", "2013-12-31": "0.67000", "2013-09-30": "0.79000", "2013-06-30": "0.93000", "2013-03-31": "2.62000", "2012-12-31": "-0.77000", "2012-09-30": "1.13000", "2012-06-30": "0.77000", "2012-03-31": "0.44000", "2011-12-31": "0.75000", "2011-09-30": "1.23000", "2011-06-30": "0.70000", "2011-03-31": "0.39000", "2010-12-31": "0.50000", "2010-09-30": "1.24000", "2010-06-30": "0.61000", "2010-03-31": "0.33000", "2009-12-31": "0.53000", "2009-09-30": "1.08000", "2009-06-30": "0.53000", "2009-03-31": "0.20000", "2008-12-31": "0.36000", "2008-09-30": "1.25000", "2008-06-30": "0.67000", "2008-03-31": "0.25000", "2007-12-31": "0.42000", "2007-09-30": "1.37000", "2007-06-30": "0.81000", "2007-03-31": "0.41000", "2006-12-31": "0.56000", "2006-09-30": "1.09000", "2006-06-30": "0.62000", "2006-03-31": "0.20000", "2005-12-31": "0.50000", "2005-09-30": "1.02000", "2005-06-30": "0.52000", "2005-03-31": "0.21000"}, "EPS - Earnings Per Share": {"2020-09-30": "1.88000", "2020-06-30": "3.28000", "2020-03-31": "2.62000", "2019-12-31": "2.21000", "2019-09-30": "2.50000", "2019-06-30": "2.24000", "2019-03-31": "1.65000", "2018-12-31": "2.03000", "2018-09-30": "1.95000", "2018-06-30": "1.82000", "2018-03-31": "1.93000", "2017-12-31": "1.02000", "2017-09-30": "1.61000", "2017-06-30": "1.62000", "2017-03-31": "1.53000", "2016-12-31": "2.04000", "2016-09-30": "3.36000", "2016-06-30": "1.44000", "2016-03-31": "1.10000", "2015-12-31": "0.91000", "2015-09-30": "0.92000", "2015-06-30": "1.28000", "2015-03-31": "1.10000", "2014-12-31": "-3.06000", "2014-09-30": "0.69000", "2014-06-30": "1.06000", "2014-03-31": "0.89000", "2013-12-31": "0.64000", "2013-09-30": "0.77000", "2013-06-30": "0.91000", "2013-03-31": "2.59000", "2012-12-31": "-0.76000", "2012-09-30": "1.10000", "2012-06-30": "0.76000", "2012-03-31": "0.43000", "2011-12-31": "0.73000", "2011-09-30": "1.21000", "2011-06-30": "0.68000", "2011-03-31": "0.39000", "2010-12-31": "0.50000", "2010-09-30": "1.23000", "2010-06-30": "0.61000", "2010-03-31": "0.33000", "2009-12-31": "0.54000", "2009-09-30": "1.07000", "2009-06-30": "0.52000", "2009-03-31": "0.20000", "2008-12-31": "0.37000", "2008-09-30": "1.23000", "2008-06-30": "0.66000", "2008-03-31": "0.25000", "2007-12-31": "0.41000", "2007-09-30": "1.34000", "2007-06-30": "0.79000", "2007-03-31": "0.40000", "2006-12-31": "0.54000", "2006-09-30": "1.06000", "2006-06-30": "0.60000", "2006-03-31": "0.20000", "2005-12-31": "0.50000", "2005-09-30": "1.00000", "2005-06-30": "0.51000", "2005-03-31": "0.20000"}}, "balance sheet": {"Cash On Hand": {"2019-12-31": "2914.00000", "2018-12-31": "1976.00000", "2017-12-31": "2791.00000", "2016-12-31": "2400.00000", "2015-12-31": "1487.00000", "2014-12-31": "2500.00000", "2013-12-31": "1560.00000", "2012-12-31": "761.00000", "2011-12-31": "864.00000", "2010-12-31": "1548.00000", "2009-12-31": "1234.52900", "2008-12-31": "471.67100", "2007-12-31": "396.09600", "2006-12-31": "353.49800", "2005-12-31": "748.78700"}, "Receivables": {"2019-12-31": "1577.00000", "2018-12-31": "1449.00000", "2017-12-31": "1319.00000", "2016-12-31": "1122.00000", "2015-12-31": "991.00000", "2014-12-31": "932.00000", "2013-12-31": "949.00000", "2012-12-31": "954.00000", "2011-12-31": "702.00000", "2010-12-31": "973.00000", "2009-12-31": "969.66200", "2008-12-31": "1060.85800", "2007-12-31": "1189.20500", "2006-12-31": "1237.32100", "2005-12-31": "1114.29100"}, "Inventory": {"2019-12-31": "", "2018-12-31": "", "2017-12-31": "", "2016-12-31": "", "2015-12-31": "", "2014-12-31": "", "2013-12-31": "", "2012-12-31": "", "2011-12-31": "", "2010-12-31": "275.00000", "2009-12-31": "301.22900", "2008-12-31": "369.67900", "2007-12-31": "350.66800", "2006-12-31": "322.17200", "2005-12-31": "335.27800"}, "Pre-Paid Expenses": {"2019-12-31": "221.00000", "2018-12-31": "162.00000", "2017-12-31": "214.00000", "2016-12-31": "149.00000", "2015-12-31": "206.00000", "2014-12-31": "170.00000", "2013-12-31": "227.00000", "2012-12-31": "127.00000", "2011-12-31": "128.00000", "2010-12-31": "298.00000", "2009-12-31": "152.56200", "2008-12-31": "115.15100", "2007-12-31": "127.17200", "2006-12-31": "100.27300", "2005-12-31": "105.17900"}, "Other Current Assets": {"2019-12-31": "", "2018-12-31": "", "2017-12-31": "", "2016-12-31": "", "2015-12-31": "503.00000", "2014-12-31": "", "2013-12-31": "97.00000", "2012-12-31": "1940.00000", "2011-12-31": "2508.00000", "2010-12-31": "", "2009-12-31": "", "2008-12-31": "", "2007-12-31": "", "2006-12-31": "", "2005-12-31": ""}, "Total Current Assets": {"2019-12-31": "4712.00000", "2018-12-31": "3587.00000", "2017-12-31": "4324.00000", "2016-12-31": "3671.00000", "2015-12-31": "3296.00000", "2014-12-31": "3962.00000", "2013-12-31": "2941.00000", "2012-12-31": "3899.00000", "2011-12-31": "4312.00000", "2010-12-31": "3375.00000", "2009-12-31": "2936.39600", "2008-12-31": "2302.72300", "2007-12-31": "2343.66600", "2006-12-31": "2257.93800", "2005-12-31": "2590.93900"}, "Property, Plant, And Equipment": {"2019-12-31": "320.00000", "2018-12-31": "270.00000", "2017-12-31": "275.00000", "2016-12-31": "271.00000", "2015-12-31": "270.00000", "2014-12-31": "206.00000", "2013-12-31": "249.00000", "2012-12-31": "368.00000", "2011-12-31": "373.00000", "2010-12-31": "522.00000", "2009-12-31": "579.79600", "2008-12-31": "621.06200", "2007-12-31": "660.76600", "2006-12-31": "542.21900", "2005-12-31": "526.75000"}, "Long-Term Investments": {"2019-12-31": "", "2018-12-31": "", "2017-12-31": "", "2016-12-31": "", "2015-12-31": "", "2014-12-31": "", "2013-12-31": "", "2012-12-31": "", "2011-12-31": "", "2010-12-31": "", "2009-12-31": "", "2008-12-31": "", "2007-12-31": "", "2006-12-31": "", "2005-12-31": ""}, "Goodwill And Intangible Assets": {"2019-12-31": "4999.00000", "2018-12-31": "5059.00000", "2017-12-31": "4377.00000", "2016-12-31": "4455.00000", "2015-12-31": "4404.00000", "2014-12-31": "2391.00000", "2013-12-31": "2442.00000", "2012-12-31": "2519.00000", "2011-12-31": "1531.00000", "2010-12-31": "2503.00000", "2009-12-31": "2229.24200", "2008-12-31": "2294.37000", "2007-12-31": "2336.11200", "2006-12-31": "2324.93100", "2005-12-31": "2351.97100"}, "Other Long-Term Assets": {"2019-12-31": "641.00000", "2018-12-31": "525.00000", "2017-12-31": "449.00000", "2016-12-31": "272.00000", "2015-12-31": "213.00000", "2014-12-31": "186.00000", "2013-12-31": "168.00000", "2012-12-31": "168.00000", "2011-12-31": "404.00000", "2010-12-31": "282.00000", "2009-12-31": "268.97300", "2008-12-31": "176.90000", "2007-12-31": "185.27300", "2006-12-31": "181.37600", "2005-12-31": "182.64900"}, "Total Long-Term Assets": {"2019-12-31": "6636.00000", "2018-12-31": "5854.00000", "2017-12-31": "5101.00000", "2016-12-31": "4998.00000", "2015-12-31": "4887.00000", "2014-12-31": "2811.00000", "2013-12-31": "3120.00000", "2012-12-31": "3153.00000", "2011-12-31": "2308.00000", "2010-12-31": "3672.00000", "2009-12-31": "3538.85400", "2008-12-31": "3777.41900", "2007-12-31": "4047.71000", "2006-12-31": "3784.95200", "2005-12-31": "3804.86900"}, "Total Assets": {"2019-12-31": "11348.00000", "2018-12-31": "9441.00000", "2017-12-31": "9425.00000", "2016-12-31": "8669.00000", "2015-12-31": "8183.00000", "2014-12-31": "6773.00000", "2013-12-31": "6061.00000", "2012-12-31": "7052.00000", "2011-12-31": "6620.00000", "2010-12-31": "7047.00000", "2009-12-31": "6475.25000", "2008-12-31": "6080.14200", "2007-12-31": "6391.37600", "2006-12-31": "6042.89000", "2005-12-31": "6395.80800"}, "Total Current Liabilities": {"2019-12-31": "3093.00000", "2018-12-31": "2630.00000", "2017-12-31": "3214.00000", "2016-12-31": "2611.00000", "2015-12-31": "2908.00000", "2014-12-31": "3920.00000", "2013-12-31": "2372.00000", "2012-12-31": "3667.00000", "2011-12-31": "3369.00000", "2010-12-31": "2681.00000", "2009-12-31": "2451.95400", "2008-12-31": "2530.70300", "2007-12-31": "2658.22400", "2006-12-31": "2468.01600", "2005-12-31": "2224.82600"}, "Long Term Debt": {"2019-12-31": "3948.00000", "2018-12-31": "3662.00000", "2017-12-31": "3170.00000", "2016-12-31": "3564.00000", "2015-12-31": "3468.00000", "2014-12-31": "795.00000", "2013-12-31": "799.00000", "2012-12-31": "799.00000", "2011-12-31": "798.00000", "2010-12-31": "1198.00000", "2009-12-31": "1197.79100", "2008-12-31": "1197.61100", "2007-12-31": "1197.42500", "2006-12-31": "0.31400", "2005-12-31": "0.33900"}, "Other Non-Current Liabilities": {"2019-12-31": "624.00000", "2018-12-31": "616.00000", "2017-12-31": "679.00000", "2016-12-31": "439.00000", "2015-12-31": "368.00000", "2014-12-31": "336.00000", "2013-12-31": "266.00000", "2012-12-31": "351.00000", "2011-12-31": "358.00000", "2010-12-31": "440.00000", "2009-12-31": "384.64500", "2008-12-31": "230.10500", "2007-12-31": "319.81100", "2006-12-31": "434.45000", "2005-12-31": "390.27700"}, "Total Long Term Liabilities": {"2019-12-31": "7719.00000", "2018-12-31": "6127.00000", "2017-12-31": "5445.00000", "2016-12-31": "5357.00000", "2015-12-31": "5032.00000", "2014-12-31": "2314.00000", "2013-12-31": "2345.00000", "2012-12-31": "2545.00000", "2011-12-31": "1667.00000", "2010-12-31": "2074.00000", "2009-12-31": "2094.11900", "2008-12-31": "2196.56800", "2007-12-31": "2126.50200", "2006-12-31": "895.25600", "2005-12-31": "1057.83400"}, "Total Liabilities": {"2019-12-31": "10812.00000", "2018-12-31": "8757.00000", "2017-12-31": "8659.00000", "2016-12-31": "7968.00000", "2015-12-31": "7940.00000", "2014-12-31": "6234.00000", "2013-12-31": "4717.00000", "2012-12-31": "6212.00000", "2011-12-31": "5036.00000", "2010-12-31": "4755.00000", "2009-12-31": "4546.07300", "2008-12-31": "4727.27100", "2007-12-31": "4784.72600", "2006-12-31": "3363.27200", "2005-12-31": "3282.66000"}, "Common Stock Net": {"2019-12-31": "294.00000", "2018-12-31": "294.00000", "2017-12-31": "412.00000", "2016-12-31": "412.00000", "2015-12-31": "412.00000", "2014-12-31": "412.00000", "2013-12-31": "412.00000", "2012-12-31": "412.00000", "2011-12-31": "412.00000", "2010-12-31": "412.00000", "2009-12-31": "411.70900", "2008-12-31": "411.70900", "2007-12-31": "411.70900", "2006-12-31": "411.70900", "2005-12-31": "411.70900"}, "Retained Earnings (Accumulated Deficit)": {"2019-12-31": "12205.00000", "2018-12-31": "11284.00000", "2017-12-31": "10023.00000", "2016-12-31": "9210.00000", "2015-12-31": "7636.00000", "2014-12-31": "6946.00000", "2013-12-31": "7384.00000", "2012-12-31": "6525.00000", "2011-12-31": "7667.00000", "2010-12-31": "7057.00000", "2009-12-31": "6522.61300", "2008-12-31": "6070.79300", "2007-12-31": "5551.75700", "2006-12-31": "4821.11800", "2005-12-31": "4199.21000"}, "Comprehensive Income": {"2019-12-31": "-624.00000", "2018-12-31": "-742.00000", "2017-12-31": "-649.00000", "2016-12-31": "-773.00000", "2015-12-31": "-600.00000", "2014-12-31": "-514.00000", "2013-12-31": "-196.00000", "2012-12-31": "-517.00000", "2011-12-31": "-425.00000", "2010-12-31": "-367.00000", "2009-12-31": "-343.01700", "2008-12-31": "-444.02200", "2007-12-31": "-12.62300", "2006-12-31": "-115.21200", "2005-12-31": "-81.06000"}, "Other Share Holders Equity": {"2019-12-31": "", "2018-12-31": "", "2017-12-31": "", "2016-12-31": "", "2015-12-31": "", "2014-12-31": "", "2013-12-31": "", "2012-12-31": "", "2011-12-31": "", "2010-12-31": "", "2009-12-31": "", "2008-12-31": "", "2007-12-31": "", "2006-12-31": "", "2005-12-31": ""}, "Share Holder Equity": {"2019-12-31": "536.00000", "2018-12-31": "684.00000", "2017-12-31": "766.00000", "2016-12-31": "701.00000", "2015-12-31": "243.00000", "2014-12-31": "539.00000", "2013-12-31": "1344.00000", "2012-12-31": "840.00000", "2011-12-31": "1584.00000", "2010-12-31": "2292.00000", "2009-12-31": "1929.17700", "2008-12-31": "1352.87100", "2007-12-31": "1606.65000", "2006-12-31": "2679.61800", "2005-12-31": "3113.14800"}, "Total Liabilities And Share Holders Equity": {"2019-12-31": "11348.00000", "2018-12-31": "9441.00000", "2017-12-31": "9425.00000", "2016-12-31": "8669.00000", "2015-12-31": "8183.00000", "2014-12-31": "6773.00000", "2013-12-31": "6061.00000", "2012-12-31": "7052.00000", "2011-12-31": "6620.00000", "2010-12-31": "7047.00000", "2009-12-31": "6475.25000", "2008-12-31": "6080.14200", "2007-12-31": "6391.37600", "2006-12-31": "6042.89000", "2005-12-31": "6395.80800"}}, "balance sheet, quarterly": {"Cash On Hand": {"2020-09-30": "3168.00000", "2020-06-30": "2684.00000", "2020-03-31": "1952.00000", "2019-12-31": "2886.00000", "2019-09-30": "2019.00000", "2019-06-30": "1920.00000", "2019-03-31": "1436.00000", "2018-12-31": "1976.00000", "2018-09-30": "2203.00000", "2018-06-30": "1935.00000", "2018-03-31": "1756.00000", "2017-12-31": "2791.00000", "2017-09-30": "2312.00000", "2017-06-30": "2384.00000", "2017-03-31": "2411.00000", "2016-12-31": "2400.00000", "2016-09-30": "2399.00000", "2016-06-30": "1567.00000", "2016-03-31": "1600.00000", "2015-12-31": "1487.00000", "2015-09-30": "1441.00000", "2015-06-30": "1720.00000", "2015-03-31": "1176.00000", "2014-12-31": "2500.00000", "2014-09-30": "1918.00000", "2014-06-30": "1617.00000", "2014-03-31": "1531.00000", "2013-12-31": "1560.00000", "2013-09-30": "1577.00000", "2013-06-30": "1900.00000", "2013-03-31": "1905.00000", "2012-12-31": "761.00000", "2012-09-30": "1245.00000", "2012-06-30": "839.00000", "2012-03-31": "932.00000", "2011-12-31": "864.00000", "2011-09-30": "1474.00000", "2011-06-30": "1325.00000", "2011-03-31": "1299.00000", "2010-12-31": "1548.00000", "2010-09-30": "1355.60000", "2010-06-30": "1144.60000", "2010-03-31": "1234.50000", "2009-12-31": "1234.52900", "2009-09-30": "957.26500", "2009-06-30": "556.13100", "2009-03-31": "496.79900", "2008-12-31": "471.67100", "2008-09-30": "485.22600", "2008-06-30": "355.30400", "2008-03-31": "396.70900", "2007-12-31": "396.09600", "2007-09-30": "452.53100", "2007-06-30": "358.08200", "2007-03-31": "429.63100", "2006-12-31": "353.49800", "2006-09-30": "309.71100", "2006-06-30": "211.05300", "2006-03-31": "179.73800", "2005-12-31": "748.78700", "2005-09-30": "466.63500", "2005-06-30": "245.89500", "2005-03-31": "361.09900"}, "Receivables": {"2020-09-30": "1427.00000", "2020-06-30": "1557.00000", "2020-03-31": "1504.00000", "2019-12-31": "1577.00000", "2019-09-30": "1486.00000", "2019-06-30": "1543.00000", "2019-03-31": "1539.00000", "2018-12-31": "1449.00000", "2018-09-30": "1237.00000", "2018-06-30": "1290.00000", "2018-03-31": "1313.00000", "2017-12-31": "1319.00000", "2017-09-30": "1188.00000", "2017-06-30": "1166.00000", "2017-03-31": "1108.00000", "2016-12-31": "1122.00000", "2016-09-30": "980.00000", "2016-06-30": "1007.00000", "2016-03-31": "978.00000", "2015-12-31": "991.00000", "2015-09-30": "986.00000", "2015-06-30": "1063.00000", "2015-03-31": "992.00000", "2014-12-31": "932.00000", "2014-09-30": "928.00000", "2014-06-30": "990.00000", "2014-03-31": "988.00000", "2013-12-31": "949.00000", "2013-09-30": "957.00000", "2013-06-30": "957.00000", "2013-03-31": "999.00000", "2012-12-31": "954.00000", "2012-09-30": "1338.00000", "2012-06-30": "1102.00000", "2012-03-31": "932.00000", "2011-12-31": "702.00000", "2011-09-30": "1133.00000", "2011-06-30": "1002.00000", "2011-03-31": "808.00000", "2010-12-31": "973.00000", "2010-09-30": "1106.90000", "2010-06-30": "994.00000", "2010-03-31": "766.50000", "2009-12-31": "969.66200", "2009-09-30": "1174.56700", "2009-06-30": "1049.44700", "2009-03-31": "832.33900", "2008-12-31": "1060.85800", "2008-09-30": "1309.55000", "2008-06-30": "1266.22100", "2008-03-31": "965.99300", "2007-12-31": "1189.20500", "2007-09-30": "1505.78300", "2007-06-30": "1296.15000", "2007-03-31": "966.82800", "2006-12-31": "1237.32100", "2006-09-30": "1314.50200", "2006-06-30": "1117.45300", "2006-03-31": "879.83700", "2005-12-31": "1114.29100", "2005-09-30": "1361.53000", "2005-06-30": "1121.06900", "2005-03-31": "832.43800"}, "Inventory": {"2020-09-30": "", "2020-06-30": "", "2020-03-31": "", "2019-12-31": "", "2019-09-30": "", "2019-06-30": "", "2019-03-31": "", "2018-12-31": "", "2018-09-30": "", "2018-06-30": "", "2018-03-31": "", "2017-12-31": "", "2017-09-30": "", "2017-06-30": "", "2017-03-31": "", "2016-12-31": "", "2016-09-30": "", "2016-06-30": "", "2016-03-31": "", "2015-12-31": "", "2015-09-30": "", "2015-06-30": "", "2015-03-31": "", "2014-12-31": "", "2014-09-30": "", "2014-06-30": "", "2014-03-31": "", "2013-12-31": "", "2013-09-30": "", "2013-06-30": "", "2013-03-31": "", "2012-12-31": "", "2012-09-30": "258.00000", "2012-06-30": "296.00000", "2012-03-31": "293.00000", "2011-12-31": "", "2011-09-30": "285.00000", "2011-06-30": "340.00000", "2011-03-31": "318.00000", "2010-12-31": "275.00000", "2010-09-30": "295.10000", "2010-06-30": "339.70000", "2010-03-31": "319.10000", "2009-12-31": "301.22900", "2009-09-30": "338.99700", "2009-06-30": "389.88500", "2009-03-31": "386.40000", "2008-12-31": "369.67900", "2008-09-30": "423.77900", "2008-06-30": "496.59400", "2008-03-31": "440.80700", "2007-12-31": "350.66800", "2007-09-30": "379.52000", "2007-06-30": "430.19400", "2007-03-31": "385.15800", "2006-12-31": "322.17200", "2006-09-30": "346.45600", "2006-06-30": "389.42500", "2006-03-31": "370.53300", "2005-12-31": "335.27800", "2005-09-30": "369.22800", "2005-06-30": "433.87900", "2005-03-31": "399.39900"}, "Pre-Paid Expenses": {"2020-09-30": "246.00000", "2020-06-30": "218.00000", "2020-03-31": "239.00000", "2019-12-31": "249.00000", "2019-09-30": "217.00000", "2019-06-30": "231.00000", "2019-03-31": "207.00000", "2018-12-31": "162.00000", "2018-09-30": "188.00000", "2018-06-30": "243.00000", "2018-03-31": "215.00000", "2017-12-31": "214.00000", "2017-09-30": "153.00000", "2017-06-30": "173.00000", "2017-03-31": "144.00000", "2016-12-31": "149.00000", "2016-09-30": "152.00000", "2016-06-30": "201.00000", "2016-03-31": "", "2015-12-31": "206.00000", "2015-09-30": "206.00000", "2015-06-30": "227.00000", "2015-03-31": "191.00000", "2014-12-31": "170.00000", "2014-09-30": "207.00000", "2014-06-30": "277.00000", "2014-03-31": "235.00000", "2013-12-31": "227.00000", "2013-09-30": "164.00000", "2013-06-30": "119.00000", "2013-03-31": "144.00000", "2012-12-31": "127.00000", "2012-09-30": "158.00000", "2012-06-30": "144.00000", "2012-03-31": "162.00000", "2011-12-31": "128.00000", "2011-09-30": "216.00000", "2011-06-30": "255.00000", "2011-03-31": "296.00000", "2010-12-31": "298.00000", "2010-09-30": "209.70000", "2010-06-30": "140.20000", "2010-03-31": "165.40000", "2009-12-31": "152.56200", "2009-09-30": "100.03500", "2009-06-30": "118.12400", "2009-03-31": "131.11200", "2008-12-31": "115.15100", "2008-09-30": "108.09400", "2008-06-30": "137.18000", "2008-03-31": "132.70100", "2007-12-31": "127.17200", "2007-09-30": "106.69200", "2007-06-30": "115.49000", "2007-03-31": "114.46500", "2006-12-31": "100.27300", "2006-09-30": "109.38900", "2006-06-30": "120.68600", "2006-03-31": "131.38800", "2005-12-31": "105.17900", "2005-09-30": "116.82200", "2005-06-30": "148.92500", "2005-03-31": "150.22100"}, "Other Current Assets": {"2020-09-30": "", "2020-06-30": "", "2020-03-31": "", "2019-12-31": "", "2019-09-30": "", "2019-06-30": "", "2019-03-31": "", "2018-12-31": "", "2018-09-30": "", "2018-06-30": "", "2018-03-31": "", "2017-12-31": "", "2017-09-30": "", "2017-06-30": "", "2017-03-31": "", "2016-12-31": "", "2016-09-30": "66.00000", "2016-06-30": "574.00000", "2016-03-31": "760.00000", "2015-12-31": "503.00000", "2015-09-30": "", "2015-06-30": "", "2015-03-31": "", "2014-12-31": "", "2014-09-30": "27.00000", "2014-06-30": "", "2014-03-31": "", "2013-12-31": "97.00000", "2013-09-30": "", "2013-06-30": "", "2013-03-31": "", "2012-12-31": "1940.00000", "2012-09-30": "", "2012-06-30": "", "2012-03-31": "", "2011-12-31": "2508.00000", "2011-09-30": "", "2011-06-30": "", "2011-03-31": "", "2010-12-31": "", "2010-09-30": "", "2010-06-30": "", "2010-03-31": "", "2009-12-31": "", "2009-09-30": "", "2009-06-30": "", "2009-03-31": "", "2008-12-31": "", "2008-09-30": "", "2008-06-30": "", "2008-03-31": "", "2007-12-31": "", "2007-09-30": "", "2007-06-30": "", "2007-03-31": "", "2006-12-31": "", "2006-09-30": "", "2006-06-30": "", "2006-03-31": "", "2005-12-31": "", "2005-09-30": "", "2005-06-30": "", "2005-03-31": ""}, "Total Current Assets": {"2020-09-30": "4841.00000", "2020-06-30": "4459.00000", "2020-03-31": "3695.00000", "2019-12-31": "4712.00000", "2019-09-30": "3722.00000", "2019-06-30": "3694.00000", "2019-03-31": "3182.00000", "2018-12-31": "3587.00000", "2018-09-30": "3628.00000", "2018-06-30": "3468.00000", "2018-03-31": "3284.00000", "2017-12-31": "4324.00000", "2017-09-30": "3653.00000", "2017-06-30": "3723.00000", "2017-03-31": "3663.00000", "2016-12-31": "3671.00000", "2016-09-30": "3704.00000", "2016-06-30": "3459.00000", "2016-03-31": "3448.00000", "2015-12-31": "3296.00000", "2015-09-30": "2836.00000", "2015-06-30": "3213.00000", "2015-03-31": "2688.00000", "2014-12-31": "3962.00000", "2014-09-30": "3188.00000", "2014-06-30": "2993.00000", "2014-03-31": "2864.00000", "2013-12-31": "2941.00000", "2013-09-30": "2828.00000", "2013-06-30": "3107.00000", "2013-03-31": "3181.00000", "2012-12-31": "3899.00000", "2012-09-30": "3259.00000", "2012-06-30": "2640.00000", "2012-03-31": "2578.00000", "2011-12-31": "4312.00000", "2011-09-30": "3390.00000", "2011-06-30": "3203.00000", "2011-03-31": "3002.00000", "2010-12-31": "3375.00000", "2010-09-30": "3258.70000", "2010-06-30": "2908.00000", "2010-03-31": "2775.00000", "2009-12-31": "2936.39600", "2009-09-30": "2856.93900", "2009-06-30": "2397.22200", "2009-03-31": "2127.92500", "2008-12-31": "2302.72300", "2008-09-30": "2612.18500", "2008-06-30": "2540.88200", "2008-03-31": "2221.22200", "2007-12-31": "2343.66600", "2007-09-30": "2691.84700", "2007-06-30": "2446.31400", "2007-03-31": "2141.67900", "2006-12-31": "2257.93800", "2006-09-30": "2379.90900", "2006-06-30": "2137.18800", "2006-03-31": "1848.96600", "2005-12-31": "2590.93900", "2005-09-30": "2582.08200", "2005-06-30": "2216.82600", "2005-03-31": "2001.03600"}, "Property, Plant, And Equipment": {"2020-09-30": "298.00000", "2020-06-30": "299.00000", "2020-03-31": "309.00000", "2019-12-31": "320.00000", "2019-09-30": "298.00000", "2019-06-30": "280.00000", "2019-03-31": "268.00000", "2018-12-31": "270.00000", "2018-09-30": "275.00000", "2018-06-30": "273.00000", "2018-03-31": "270.00000", "2017-12-31": "275.00000", "2017-09-30": "259.00000", "2017-06-30": "264.00000", "2017-03-31": "265.00000", "2016-12-31": "271.00000", "2016-09-30": "255.00000", "2016-06-30": "242.00000", "2016-03-31": "251.00000", "2015-12-31": "270.00000", "2015-09-30": "237.00000", "2015-06-30": "208.00000", "2015-03-31": "200.00000", "2014-12-31": "206.00000", "2014-09-30": "199.00000", "2014-06-30": "209.00000", "2014-03-31": "242.00000", "2013-12-31": "249.00000", "2013-09-30": "336.00000", "2013-06-30": "340.00000", "2013-03-31": "345.00000", "2012-12-31": "368.00000", "2012-09-30": "482.00000", "2012-06-30": "482.00000", "2012-03-31": "485.00000", "2011-12-31": "373.00000", "2011-09-30": "488.00000", "2011-06-30": "501.00000", "2011-03-31": "511.00000", "2010-12-31": "522.00000", "2010-09-30": "515.70000", "2010-06-30": "545.80000", "2010-03-31": "558.80000", "2009-12-31": "579.79600", "2009-09-30": "575.12100", "2009-06-30": "584.04300", "2009-03-31": "596.65400", "2008-12-31": "621.06200", "2008-09-30": "630.24700", "2008-06-30": "648.15300", "2008-03-31": "656.23400", "2007-12-31": "660.76600", "2007-09-30": "609.39800", "2007-06-30": "569.70800", "2007-03-31": "535.04500", "2006-12-31": "542.21900", "2006-09-30": "500.29700", "2006-06-30": "501.73600", "2006-03-31": "506.83400", "2005-12-31": "526.75000", "2005-09-30": "513.33000", "2005-06-30": "514.63800", "2005-03-31": "503.91700"}, "Long-Term Investments": {"2020-09-30": "", "2020-06-30": "", "2020-03-31": "", "2019-12-31": "", "2019-09-30": "", "2019-06-30": "", "2019-03-31": "", "2018-12-31": "", "2018-09-30": "", "2018-06-30": "", "2018-03-31": "", "2017-12-31": "", "2017-09-30": "", "2017-06-30": "", "2017-03-31": "", "2016-12-31": "", "2016-09-30": "", "2016-06-30": "", "2016-03-31": "", "2015-12-31": "", "2015-09-30": "", "2015-06-30": "", "2015-03-31": "", "2014-12-31": "", "2014-09-30": "", "2014-06-30": "", "2014-03-31": "", "2013-12-31": "", "2013-09-30": "", "2013-06-30": "", "2013-03-31": "", "2012-12-31": "", "2012-09-30": "", "2012-06-30": "", "2012-03-31": "", "2011-12-31": "", "2011-09-30": "", "2011-06-30": "", "2011-03-31": "", "2010-12-31": "", "2010-09-30": "", "2010-06-30": "", "2010-03-31": "", "2009-12-31": "", "2009-09-30": "", "2009-06-30": "", "2009-03-31": "", "2008-12-31": "", "2008-09-30": "", "2008-06-30": "", "2008-03-31": "", "2007-12-31": "", "2007-09-30": "", "2007-06-30": "", "2007-03-31": "", "2006-12-31": "", "2006-09-30": "", "2006-06-30": "", "2006-03-31": "", "2005-12-31": "", "2005-09-30": "", "2005-06-30": "", "2005-03-31": ""}, "Goodwill And Intangible Assets": {"2020-09-30": "5091.00000", "2020-06-30": "5107.00000", "2020-03-31": "5142.00000", "2019-12-31": "4999.00000", "2019-09-30": "4942.00000", "2019-06-30": "4972.00000", "2019-03-31": "5025.00000", "2018-12-31": "5059.00000", "2018-09-30": "4964.00000", "2018-06-30": "4991.00000", "2018-03-31": "4435.00000", "2017-12-31": "4377.00000", "2017-09-30": "4413.00000", "2017-06-30": "4424.00000", "2017-03-31": "4434.00000", "2016-12-31": "4455.00000", "2016-09-30": "4476.00000", "2016-06-30": "4365.00000", "2016-03-31": "4357.00000", "2015-12-31": "4404.00000", "2015-09-30": "4849.00000", "2015-06-30": "2360.00000", "2015-03-31": "2351.00000", "2014-12-31": "2391.00000", "2014-09-30": "2447.00000", "2014-06-30": "2440.00000", "2014-03-31": "2449.00000", "2013-12-31": "2442.00000", "2013-09-30": "2429.00000", "2013-06-30": "2469.00000", "2013-03-31": "2483.00000", "2012-12-31": "2519.00000", "2012-09-30": "3604.00000", "2012-06-30": "3563.00000", "2012-03-31": "2659.00000", "2011-12-31": "1531.00000", "2011-09-30": "2659.00000", "2011-06-30": "2605.00000", "2011-03-31": "2619.00000", "2010-12-31": "2503.00000", "2010-09-30": "2473.70000", "2010-06-30": "2209.30000", "2010-03-31": "2218.40000", "2009-12-31": "2229.24200", "2009-09-30": "2246.59100", "2009-06-30": "2254.35600", "2009-03-31": "2278.97200", "2008-12-31": "2294.37000", "2008-09-30": "2324.77100", "2008-06-30": "2344.35800", "2008-03-31": "2334.44100", "2007-12-31": "2336.11200", "2007-09-30": "2350.49600", "2007-06-30": "2306.67900", "2007-03-31": "2268.78900", "2006-12-31": "2324.93100", "2006-09-30": "2329.71500", "2006-06-30": "2330.47200", "2006-03-31": "2337.22700", "2005-12-31": "2351.97100", "2005-09-30": "2360.11900", "2005-06-30": "2457.96400", "2005-03-31": "1959.35900"}, "Other Long-Term Assets": {"2020-09-30": "612.00000", "2020-06-30": "614.00000", "2020-03-31": "665.00000", "2019-12-31": "641.00000", "2019-09-30": "566.00000", "2019-06-30": "570.00000", "2019-03-31": "570.00000", "2018-12-31": "525.00000", "2018-09-30": "516.00000", "2018-06-30": "485.00000", "2018-03-31": "508.00000", "2017-12-31": "449.00000", "2017-09-30": "389.00000", "2017-06-30": "380.00000", "2017-03-31": "292.00000", "2016-12-31": "272.00000", "2016-09-30": "241.00000", "2016-06-30": "225.00000", "2016-03-31": "205.00000", "2015-12-31": "213.00000", "2015-09-30": "241.00000", "2015-06-30": "232.00000", "2015-03-31": "209.00000", "2014-12-31": "186.00000", "2014-09-30": "195.00000", "2014-06-30": "185.00000", "2014-03-31": "179.00000", "2013-12-31": "168.00000", "2013-09-30": "255.00000", "2013-06-30": "244.00000", "2013-03-31": "261.00000", "2012-12-31": "168.00000", "2012-09-30": "295.00000", "2012-06-30": "283.00000", "2012-03-31": "284.00000", "2011-12-31": "404.00000", "2011-09-30": "312.00000", "2011-06-30": "284.00000", "2011-03-31": "287.00000", "2010-12-31": "282.00000", "2010-09-30": "283.80000", "2010-06-30": "275.50000", "2010-03-31": "271.80000", "2009-12-31": "268.97300", "2009-09-30": "277.18700", "2009-06-30": "171.21800", "2009-03-31": "169.33400", "2008-12-31": "176.90000", "2008-09-30": "180.76800", "2008-06-30": "179.21200", "2008-03-31": "184.80200", "2007-12-31": "185.27300", "2007-09-30": "168.80200", "2007-06-30": "174.31800", "2007-03-31": "169.26300", "2006-12-31": "181.37600", "2006-09-30": "180.23600", "2006-06-30": "182.32000", "2006-03-31": "182.82600", "2005-12-31": "182.64900", "2005-09-30": "187.65600", "2005-06-30": "225.44400", "2005-03-31": "226.21200"}, "Total Long-Term Assets": {"2020-09-30": "6611.00000", "2020-06-30": "6646.00000", "2020-03-31": "6768.00000", "2019-12-31": "6636.00000", "2019-09-30": "6466.00000", "2019-06-30": "6491.00000", "2019-03-31": "6538.00000", "2018-12-31": "5854.00000", "2018-09-30": "5755.00000", "2018-06-30": "5749.00000", "2018-03-31": "5213.00000", "2017-12-31": "5101.00000", "2017-09-30": "5061.00000", "2017-06-30": "5068.00000", "2017-03-31": "4991.00000", "2016-12-31": "4998.00000", "2016-09-30": "4972.00000", "2016-06-30": "4832.00000", "2016-03-31": "4813.00000", "2015-12-31": "4887.00000", "2015-09-30": "5327.00000", "2015-06-30": "2800.00000", "2015-03-31": "2760.00000", "2014-12-31": "2811.00000", "2014-09-30": "3082.00000", "2014-06-30": "3064.00000", "2014-03-31": "3147.00000", "2013-12-31": "3120.00000", "2013-09-30": "3020.00000", "2013-06-30": "3053.00000", "2013-03-31": "3089.00000", "2012-12-31": "3153.00000", "2012-09-30": "4684.00000", "2012-06-30": "4670.00000", "2012-03-31": "3774.00000", "2011-12-31": "2308.00000", "2011-09-30": "3764.00000", "2011-06-30": "3741.00000", "2011-03-31": "3788.00000", "2010-12-31": "3672.00000", "2010-09-30": "3625.60000", "2010-06-30": "3456.00000", "2010-03-31": "3514.20000", "2009-12-31": "3538.85400", "2009-09-30": "3558.52800", "2009-06-30": "3660.79400", "2009-03-31": "3721.49300", "2008-12-31": "3777.41900", "2008-09-30": "3961.92800", "2008-06-30": "4063.71300", "2008-03-31": "4077.90300", "2007-12-31": "4047.71000", "2007-09-30": "3832.84900", "2007-06-30": "3793.13100", "2007-03-31": "3736.12500", "2006-12-31": "3784.95200", "2006-09-30": "3751.97400", "2006-06-30": "3798.24200", "2006-03-31": "3804.52300", "2005-12-31": "3804.86900", "2005-09-30": "3775.08000", "2005-06-30": "3947.96000", "2005-03-31": "3438.53900"}, "Total Assets": {"2020-09-30": "11452.00000", "2020-06-30": "11105.00000", "2020-03-31": "10463.00000", "2019-12-31": "11348.00000", "2019-09-30": "10188.00000", "2019-06-30": "10185.00000", "2019-03-31": "9720.00000", "2018-12-31": "9441.00000", "2018-09-30": "9383.00000", "2018-06-30": "9217.00000", "2018-03-31": "8497.00000", "2017-12-31": "9425.00000", "2017-09-30": "8714.00000", "2017-06-30": "8791.00000", "2017-03-31": "8654.00000", "2016-12-31": "8669.00000", "2016-09-30": "8676.00000", "2016-06-30": "8291.00000", "2016-03-31": "8261.00000", "2015-12-31": "8183.00000", "2015-09-30": "8163.00000", "2015-06-30": "6013.00000", "2015-03-31": "5448.00000", "2014-12-31": "6773.00000", "2014-09-30": "6270.00000", "2014-06-30": "6057.00000", "2014-03-31": "6011.00000", "2013-12-31": "6061.00000", "2013-09-30": "5848.00000", "2013-06-30": "6160.00000", "2013-03-31": "6270.00000", "2012-12-31": "7052.00000", "2012-09-30": "7943.00000", "2012-06-30": "7310.00000", "2012-03-31": "6352.00000", "2011-12-31": "6620.00000", "2011-09-30": "7154.00000", "2011-06-30": "6944.00000", "2011-03-31": "6790.00000", "2010-12-31": "7047.00000", "2010-09-30": "6884.30000", "2010-06-30": "6364.00000", "2010-03-31": "6289.20000", "2009-12-31": "6475.25000", "2009-09-30": "6415.46700", "2009-06-30": "6058.01600", "2009-03-31": "5849.41800", "2008-12-31": "6080.14200", "2008-09-30": "6574.11300", "2008-06-30": "6604.59500", "2008-03-31": "6299.12500", "2007-12-31": "6391.37600", "2007-09-30": "6524.69600", "2007-06-30": "6239.44500", "2007-03-31": "5877.80400", "2006-12-31": "6042.89000", "2006-09-30": "6131.88300", "2006-06-30": "5935.43000", "2006-03-31": "5653.48900", "2005-12-31": "6395.80800", "2005-09-30": "6357.16200", "2005-06-30": "6164.78600", "2005-03-31": "5439.57500"}, "Total Current Liabilities": {"2020-09-30": "2815.00000", "2020-06-30": "3040.00000", "2020-03-31": "2983.00000", "2019-12-31": "3093.00000", "2019-09-30": "3373.00000", "2019-06-30": "2699.00000", "2019-03-31": "2655.00000", "2018-12-31": "2630.00000", "2018-09-30": "2517.00000", "2018-06-30": "2724.00000", "2018-03-31": "3135.00000", "2017-12-31": "3214.00000", "2017-09-30": "2408.00000", "2017-06-30": "2362.00000", "2017-03-31": "2469.00000", "2016-12-31": "2611.00000", "2016-09-30": "3051.00000", "2016-06-30": "2845.00000", "2016-03-31": "2982.00000", "2015-12-31": "2908.00000", "2015-09-30": "2505.00000", "2015-06-30": "2240.00000", "2015-03-31": "2579.00000", "2014-12-31": "3920.00000", "2014-09-30": "2384.00000", "2014-06-30": "2252.00000", "2014-03-31": "2254.00000", "2013-12-31": "2372.00000", "2013-09-30": "2359.00000", "2013-06-30": "2395.00000", "2013-03-31": "2688.00000", "2012-12-31": "3667.00000", "2012-09-30": "3358.00000", "2012-06-30": "2879.00000", "2012-03-31": "2858.00000", "2011-12-31": "3369.00000", "2011-09-30": "2760.00000", "2011-06-30": "2523.00000", "2011-03-31": "2380.00000", "2010-12-31": "2681.00000", "2010-09-30": "2587.70000", "2010-06-30": "2359.80000", "2010-03-31": "2206.40000", "2009-12-31": "2451.95400", "2009-09-30": "2516.07000", "2009-06-30": "2417.59300", "2009-03-31": "2354.01800", "2008-12-31": "2530.70300", "2008-09-30": "2845.30100", "2008-06-30": "3000.28300", "2008-03-31": "2673.15800", "2007-12-31": "2658.22400", "2007-09-30": "3915.26700", "2007-06-30": "3481.52500", "2007-03-31": "3019.71000", "2006-12-31": "2468.01600", "2006-09-30": "2543.34500", "2006-06-30": "2789.43900", "2006-03-31": "2343.68200", "2005-12-31": "2224.82600", "2005-09-30": "2175.92000", "2005-06-30": "2345.76400", "2005-03-31": "1796.23300"}, "Long Term Debt": {"2020-09-30": "4110.00000", "2020-06-30": "3950.00000", "2020-03-31": "3949.00000", "2019-12-31": "3948.00000", "2019-09-30": "2966.00000", "2019-06-30": "3664.00000", "2019-03-31": "3663.00000", "2018-12-31": "3662.00000", "2018-09-30": "3661.00000", "2018-06-30": "3660.00000", "2018-03-31": "3170.00000", "2017-12-31": "3170.00000", "2017-09-30": "3568.00000", "2017-06-30": "3566.00000", "2017-03-31": "3565.00000", "2016-12-31": "3564.00000", "2016-09-30": "3563.00000", "2016-06-30": "3470.00000", "2016-03-31": "3469.00000", "2015-12-31": "3468.00000", "2015-09-30": "3489.00000", "2015-06-30": "1494.00000", "2015-03-31": "799.00000", "2014-12-31": "795.00000", "2014-09-30": "799.00000", "2014-06-30": "799.00000", "2014-03-31": "799.00000", "2013-12-31": "799.00000", "2013-09-30": "799.00000", "2013-06-30": "799.00000", "2013-03-31": "799.00000", "2012-12-31": "799.00000", "2012-09-30": "799.00000", "2012-06-30": "799.00000", "2012-03-31": "798.00000", "2011-12-31": "798.00000", "2011-09-30": "1198.00000", "2011-06-30": "1198.00000", "2011-03-31": "1198.00000", "2010-12-31": "1198.00000", "2010-09-30": "1197.90000", "2010-06-30": "1197.90000", "2010-03-31": "1197.80000", "2009-12-31": "1197.79100", "2009-09-30": "1197.74700", "2009-06-30": "1197.70100", "2009-03-31": "1197.65600", "2008-12-31": "1197.61100", "2008-09-30": "1197.56500", "2008-06-30": "1197.51900", "2008-03-31": "1197.47200", "2007-12-31": "1197.42500", "2007-09-30": "0.29200", "2007-06-30": "0.30000", "2007-03-31": "0.30700", "2006-12-31": "0.31400", "2006-09-30": "0.31800", "2006-06-30": "0.32700", "2006-03-31": "0.33300", "2005-12-31": "0.33900", "2005-09-30": "0.34500", "2005-06-30": "0.35000", "2005-03-31": "0.35700"}, "Other Non-Current Liabilities": {"2020-09-30": "693.00000", "2020-06-30": "606.00000", "2020-03-31": "596.00000", "2019-12-31": "624.00000", "2019-09-30": "581.00000", "2019-06-30": "511.00000", "2019-03-31": "523.00000", "2018-12-31": "616.00000", "2018-09-30": "537.00000", "2018-06-30": "537.00000", "2018-03-31": "539.00000", "2017-12-31": "679.00000", "2017-09-30": "426.00000", "2017-06-30": "414.00000", "2017-03-31": "425.00000", "2016-12-31": "439.00000", "2016-09-30": "372.00000", "2016-06-30": "371.00000", "2016-03-31": "353.00000", "2015-12-31": "368.00000", "2015-09-30": "377.00000", "2015-06-30": "369.00000", "2015-03-31": "352.00000", "2014-12-31": "336.00000", "2014-09-30": "429.00000", "2014-06-30": "447.00000", "2014-03-31": "476.00000", "2013-12-31": "266.00000", "2013-09-30": "359.00000", "2013-06-30": "374.00000", "2013-03-31": "380.00000", "2012-12-31": "351.00000", "2012-09-30": "625.00000", "2012-06-30": "616.00000", "2012-03-31": "402.00000", "2011-12-31": "358.00000", "2011-09-30": "438.00000", "2011-06-30": "451.00000", "2011-03-31": "454.00000", "2010-12-31": "440.00000", "2010-09-30": "390.60000", "2010-06-30": "385.00000", "2010-03-31": "383.80000", "2009-12-31": "384.64500", "2009-09-30": "365.21300", "2009-06-30": "220.92700", "2009-03-31": "228.54000", "2008-12-31": "230.10500", "2008-09-30": "238.95400", "2008-06-30": "246.27900", "2008-03-31": "243.94700", "2007-12-31": "319.81100", "2007-09-30": "496.72000", "2007-06-30": "473.64300", "2007-03-31": "464.33700", "2006-12-31": "434.45000", "2006-09-30": "362.89300", "2006-06-30": "353.72700", "2006-03-31": "340.43800", "2005-12-31": "390.27700", "2005-09-30": "343.19700", "2005-06-30": "329.77400", "2005-03-31": "307.97100"}, "Total Long Term Liabilities": {"2020-09-30": "8139.00000", "2020-06-30": "7797.00000", "2020-03-31": "7674.00000", "2019-12-31": "7719.00000", "2019-09-30": "6413.00000", "2019-06-30": "6916.00000", "2019-03-31": "6677.00000", "2018-12-31": "6127.00000", "2018-09-30": "5908.00000", "2018-06-30": "5857.00000", "2018-03-31": "5294.00000", "2017-12-31": "5445.00000", "2017-09-30": "5413.00000", "2017-06-30": "5356.00000", "2017-03-31": "5341.00000", "2016-12-31": "5357.00000", "2016-09-30": "5114.00000", "2016-06-30": "5021.00000", "2016-03-31": "5009.00000", "2015-12-31": "5032.00000", "2015-09-30": "4954.00000", "2015-06-30": "2958.00000", "2015-03-31": "2280.00000", "2014-12-31": "2314.00000", "2014-09-30": "2296.00000", "2014-06-30": "2316.00000", "2014-03-31": "2350.00000", "2013-12-31": "2345.00000", "2013-09-30": "2474.00000", "2013-06-30": "2494.00000", "2013-03-31": "2500.00000", "2012-12-31": "2545.00000", "2012-09-30": "2723.00000", "2012-06-30": "2701.00000", "2012-03-31": "1708.00000", "2011-12-31": "1667.00000", "2011-09-30": "2106.00000", "2011-06-30": "2085.00000", "2011-03-31": "2094.00000", "2010-12-31": "2074.00000", "2010-09-30": "2082.10000", "2010-06-30": "2084.30000", "2010-03-31": "2097.80000", "2009-12-31": "2094.11900", "2009-09-30": "2146.15700", "2009-06-30": "2174.40500", "2009-03-31": "2189.41600", "2008-12-31": "2196.56800", "2008-09-30": "2019.82500", "2008-06-30": "2019.81800", "2008-03-31": "2031.80700", "2007-12-31": "2126.50200", "2007-09-30": "879.52400", "2007-06-30": "866.22800", "2007-03-31": "882.51600", "2006-12-31": "895.25600", "2006-09-30": "982.71200", "2006-06-30": "986.90500", "2006-03-31": "980.46090", "2005-12-31": "1057.83400", "2005-09-30": "1017.65500", "2005-06-30": "1007.19400", "2005-03-31": "900.17000"}, "Total Liabilities": {"2020-09-30": "10954.00000", "2020-06-30": "10837.00000", "2020-03-31": "10657.00000", "2019-12-31": "10812.00000", "2019-09-30": "9786.00000", "2019-06-30": "9615.00000", "2019-03-31": "9332.00000", "2018-12-31": "8757.00000", "2018-09-30": "8425.00000", "2018-06-30": "8581.00000", "2018-03-31": "8429.00000", "2017-12-31": "8659.00000", "2017-09-30": "7821.00000", "2017-06-30": "7718.00000", "2017-03-31": "7810.00000", "2016-12-31": "7968.00000", "2016-09-30": "8165.00000", "2016-06-30": "7866.00000", "2016-03-31": "7991.00000", "2015-12-31": "7940.00000", "2015-09-30": "7459.00000", "2015-06-30": "5198.00000", "2015-03-31": "4859.00000", "2014-12-31": "6234.00000", "2014-09-30": "4680.00000", "2014-06-30": "4568.00000", "2014-03-31": "4604.00000", "2013-12-31": "4717.00000", "2013-09-30": "4833.00000", "2013-06-30": "4889.00000", "2013-03-31": "5188.00000", "2012-12-31": "6212.00000", "2012-09-30": "6081.00000", "2012-06-30": "5580.00000", "2012-03-31": "4566.00000", "2011-12-31": "5036.00000", "2011-09-30": "4866.00000", "2011-06-30": "4608.00000", "2011-03-31": "4474.00000", "2010-12-31": "4755.00000", "2010-09-30": "4669.80000", "2010-06-30": "4444.10000", "2010-03-31": "4304.20000", "2009-12-31": "4546.07300", "2009-09-30": "4662.22700", "2009-06-30": "4591.99800", "2009-03-31": "4543.43400", "2008-12-31": "4727.27100", "2008-09-30": "4865.12600", "2008-06-30": "5020.10100", "2008-03-31": "4704.96500", "2007-12-31": "4784.72600", "2007-09-30": "4794.79100", "2007-06-30": "4347.75300", "2007-03-31": "3902.22600", "2006-12-31": "3363.27200", "2006-09-30": "3526.05700", "2006-06-30": "3776.34400", "2006-03-31": "3324.14300", "2005-12-31": "3282.66000", "2005-09-30": "3193.57500", "2005-06-30": "3352.95800", "2005-03-31": "2696.40300"}, "Common Stock Net": {"2020-09-30": "294.00000", "2020-06-30": "294.00000", "2020-03-31": "294.00000", "2019-12-31": "294.00000", "2019-09-30": "294.00000", "2019-06-30": "294.00000", "2019-03-31": "294.00000", "2018-12-31": "294.00000", "2018-09-30": "412.00000", "2018-06-30": "412.00000", "2018-03-31": "412.00000", "2017-12-31": "412.00000", "2017-09-30": "412.00000", "2017-06-30": "412.00000", "2017-03-31": "412.00000", "2016-12-31": "412.00000", "2016-09-30": "412.00000", "2016-06-30": "412.00000", "2016-03-31": "412.00000", "2015-12-31": "412.00000", "2015-09-30": "412.00000", "2015-06-30": "412.00000", "2015-03-31": "412.00000", "2014-12-31": "412.00000", "2014-09-30": "412.00000", "2014-06-30": "412.00000", "2014-03-31": "412.00000", "2013-12-31": "412.00000", "2013-09-30": "412.00000", "2013-06-30": "412.00000", "2013-03-31": "412.00000", "2012-12-31": "412.00000", "2012-09-30": "412.00000", "2012-06-30": "412.00000", "2012-03-31": "412.00000", "2011-12-31": "412.00000", "2011-09-30": "412.00000", "2011-06-30": "412.00000", "2011-03-31": "412.00000", "2010-12-31": "412.00000", "2010-09-30": "411.70000", "2010-06-30": "411.70000", "2010-03-31": "411.70000", "2009-12-31": "411.70900", "2009-09-30": "411.70900", "2009-06-30": "411.70900", "2009-03-31": "411.70900", "2008-12-31": "411.70900", "2008-09-30": "411.70900", "2008-06-30": "411.70900", "2008-03-31": "411.70900", "2007-12-31": "411.70900", "2007-09-30": "411.70900", "2007-06-30": "411.70900", "2007-03-31": "411.70900", "2006-12-31": "411.70900", "2006-09-30": "411.70900", "2006-06-30": "411.70900", "2006-03-31": "411.70900", "2005-12-31": "411.70900", "2005-09-30": "411.70900", "2005-06-30": "411.70900", "2005-03-31": "205.85500"}, "Retained Earnings (Accumulated Deficit)": {"2020-09-30": "13368.00000", "2020-06-30": "13189.00000", "2020-03-31": "12691.00000", "2019-12-31": "12205.00000", "2019-09-30": "12054.00000", "2019-06-30": "11710.00000", "2019-03-31": "11532.00000", "2018-12-31": "11284.00000", "2018-09-30": "11003.00000", "2018-06-30": "10680.00000", "2018-03-31": "10427.00000", "2017-12-31": "10023.00000", "2017-09-30": "10066.00000", "2017-06-30": "9816.00000", "2017-03-31": "9509.00000", "2016-12-31": "9210.00000", "2016-09-30": "8924.00000", "2016-06-30": "8123.00000", "2016-03-31": "7838.00000", "2015-12-31": "7636.00000", "2015-09-30": "7592.00000", "2015-06-30": "7438.00000", "2015-03-31": "7166.00000", "2014-12-31": "6946.00000", "2014-09-30": "7877.00000", "2014-06-30": "7766.00000", "2014-03-31": "7565.00000", "2013-12-31": "7384.00000", "2013-09-30": "7289.00000", "2013-06-30": "7348.00000", "2013-03-31": "7168.00000", "2012-12-31": "6525.00000", "2012-09-30": "7518.00000", "2012-06-30": "7292.00000", "2012-03-31": "7719.00000", "2011-12-31": "7667.00000", "2011-09-30": "7525.00000", "2011-06-30": "7233.00000", "2011-03-31": "7099.00000", "2010-12-31": "7057.00000", "2010-09-30": "6975.50000", "2010-06-30": "6668.80000", "2010-03-31": "6551.80000", "2009-12-31": "6522.61300", "2009-09-30": "6421.32300", "2009-06-30": "6156.14000", "2009-03-31": "6062.94600", "2008-12-31": "6070.79300", "2008-09-30": "6024.17100", "2008-06-30": "5703.04900", "2008-03-31": "5561.85200", "2007-12-31": "5551.75700", "2007-09-30": "5478.24800", "2007-06-30": "5093.40900", "2007-03-31": "4887.02300", "2006-12-31": "4821.11800", "2006-09-30": "4680.63900", "2006-06-30": "4362.53100", "2006-03-31": "4207.10400", "2005-12-31": "4199.21000", "2005-09-30": "4071.57700", "2005-06-30": "3751.49800", "2005-03-31": "3697.10700"}, "Comprehensive Income": {"2020-09-30": "-677.00000", "2020-06-30": "-704.00000", "2020-03-31": "-660.00000", "2019-12-31": "-624.00000", "2019-09-30": "-684.00000", "2019-06-30": "-651.00000", "2019-03-31": "-633.00000", "2018-12-31": "-742.00000", "2018-09-30": "-703.00000", "2018-06-30": "-705.00000", "2018-03-31": "-630.00000", "2017-12-31": "-649.00000", "2017-09-30": "-678.00000", "2017-06-30": "-699.00000", "2017-03-31": "-735.00000", "2016-12-31": "-773.00000", "2016-09-30": "-635.00000", "2016-06-30": "-627.00000", "2016-03-31": "-580.00000", "2015-12-31": "-600.00000", "2015-09-30": "-553.00000", "2015-06-30": "-511.00000", "2015-03-31": "-593.00000", "2014-12-31": "-514.00000", "2014-09-30": "-281.00000", "2014-06-30": "-214.00000", "2014-03-31": "-190.00000", "2013-12-31": "-196.00000", "2013-09-30": "-465.00000", "2013-06-30": "-501.00000", "2013-03-31": "-454.00000", "2012-12-31": "-517.00000", "2012-09-30": "-392.00000", "2012-06-30": "-424.00000", "2012-03-31": "-404.00000", "2011-12-31": "-425.00000", "2011-09-30": "-373.00000", "2011-06-30": "-327.00000", "2011-03-31": "-339.00000", "2010-12-31": "-367.00000", "2010-09-30": "-330.90000", "2010-06-30": "-356.80000", "2010-03-31": "-350.70000", "2009-12-31": "-343.01700", "2009-09-30": "-389.68100", "2009-06-30": "-410.28900", "2009-03-31": "-457.64400", "2008-12-31": "-444.02200", "2008-09-30": "-51.80600", "2008-06-30": "-23.58900", "2008-03-31": "-9.64000", "2007-12-31": "-12.62300", "2007-09-30": "-89.77500", "2007-06-30": "-106.82700", "2007-03-31": "-113.76000", "2006-12-31": "-115.21200", "2006-09-30": "-66.72500", "2006-06-30": "-72.67700", "2006-03-31": "-79.07100", "2005-12-31": "-81.06000", "2005-09-30": "-51.68000", "2005-06-30": "-55.34700", "2005-03-31": "-35.11000"}, "Other Share Holders Equity": {"2020-09-30": "", "2020-06-30": "", "2020-03-31": "", "2019-12-31": "", "2019-09-30": "", "2019-06-30": "", "2019-03-31": "", "2018-12-31": "", "2018-09-30": "", "2018-06-30": "", "2018-03-31": "", "2017-12-31": "", "2017-09-30": "", "2017-06-30": "", "2017-03-31": "", "2016-12-31": "", "2016-09-30": "", "2016-06-30": "", "2016-03-31": "", "2015-12-31": "", "2015-09-30": "", "2015-06-30": "", "2015-03-31": "", "2014-12-31": "", "2014-09-30": "", "2014-06-30": "", "2014-03-31": "", "2013-12-31": "", "2013-09-30": "", "2013-06-30": "", "2013-03-31": "", "2012-12-31": "", "2012-09-30": "", "2012-06-30": "", "2012-03-31": "", "2011-12-31": "", "2011-09-30": "", "2011-06-30": "", "2011-03-31": "", "2010-12-31": "", "2010-09-30": "", "2010-06-30": "", "2010-03-31": "", "2009-12-31": "", "2009-09-30": "", "2009-06-30": "", "2009-03-31": "", "2008-12-31": "", "2008-09-30": "", "2008-06-30": "", "2008-03-31": "", "2007-12-31": "", "2007-09-30": "", "2007-06-30": "", "2007-03-31": "", "2006-12-31": "", "2006-09-30": "", "2006-06-30": "", "2006-03-31": "", "2005-12-31": "", "2005-09-30": "", "2005-06-30": "", "2005-03-31": ""}, "Share Holder Equity": {"2020-09-30": "498.00000", "2020-06-30": "268.00000", "2020-03-31": "-194.00000", "2019-12-31": "536.00000", "2019-09-30": "402.00000", "2019-06-30": "570.00000", "2019-03-31": "388.00000", "2018-12-31": "684.00000", "2018-09-30": "958.00000", "2018-06-30": "636.00000", "2018-03-31": "68.00000", "2017-12-31": "766.00000", "2017-09-30": "893.00000", "2017-06-30": "1073.00000", "2017-03-31": "844.00000", "2016-12-31": "701.00000", "2016-09-30": "511.00000", "2016-06-30": "425.00000", "2016-03-31": "270.00000", "2015-12-31": "243.00000", "2015-09-30": "704.00000", "2015-06-30": "815.00000", "2015-03-31": "589.00000", "2014-12-31": "539.00000", "2014-09-30": "1590.00000", "2014-06-30": "1489.00000", "2014-03-31": "1407.00000", "2013-12-31": "1344.00000", "2013-09-30": "1015.00000", "2013-06-30": "1271.00000", "2013-03-31": "1082.00000", "2012-12-31": "840.00000", "2012-09-30": "1862.00000", "2012-06-30": "1730.00000", "2012-03-31": "1786.00000", "2011-12-31": "1584.00000", "2011-09-30": "2288.00000", "2011-06-30": "2336.00000", "2011-03-31": "2316.00000", "2010-12-31": "2292.00000", "2010-09-30": "2214.50000", "2010-06-30": "1919.90000", "2010-03-31": "1985.00000", "2009-12-31": "1929.17700", "2009-09-30": "1753.24000", "2009-06-30": "1466.01800", "2009-03-31": "1305.98400", "2008-12-31": "1352.87100", "2008-09-30": "1708.98700", "2008-06-30": "1584.49400", "2008-03-31": "1594.16000", "2007-12-31": "1606.65000", "2007-09-30": "1729.90500", "2007-06-30": "1891.69200", "2007-03-31": "1975.57800", "2006-12-31": "2679.61800", "2006-09-30": "2605.82600", "2006-06-30": "2159.08600", "2006-03-31": "2329.34600", "2005-12-31": "3113.14800", "2005-09-30": "3163.58700", "2005-06-30": "2811.82800", "2005-03-31": "2743.17200"}, "Total Liabilities And Share Holders Equity": {"2020-09-30": "11452.00000", "2020-06-30": "11105.00000", "2020-03-31": "10463.00000", "2019-12-31": "11348.00000", "2019-09-30": "10188.00000", "2019-06-30": "10185.00000", "2019-03-31": "9720.00000", "2018-12-31": "9441.00000", "2018-09-30": "9383.00000", "2018-06-30": "9217.00000", "2018-03-31": "8497.00000", "2017-12-31": "9425.00000", "2017-09-30": "8714.00000", "2017-06-30": "8791.00000", "2017-03-31": "8654.00000", "2016-12-31": "8669.00000", "2016-09-30": "8676.00000", "2016-06-30": "8291.00000", "2016-03-31": "8261.00000", "2015-12-31": "8183.00000", "2015-09-30": "8163.00000", "2015-06-30": "6013.00000", "2015-03-31": "5448.00000", "2014-12-31": "6773.00000", "2014-09-30": "6270.00000", "2014-06-30": "6057.00000", "2014-03-31": "6011.00000", "2013-12-31": "6061.00000", "2013-09-30": "5848.00000", "2013-06-30": "6160.00000", "2013-03-31": "6270.00000", "2012-12-31": "7052.00000", "2012-09-30": "7943.00000", "2012-06-30": "7310.00000", "2012-03-31": "6352.00000", "2011-12-31": "6620.00000", "2011-09-30": "7154.00000", "2011-06-30": "6944.00000", "2011-03-31": "6790.00000", "2010-12-31": "7047.00000", "2010-09-30": "6884.30000", "2010-06-30": "6364.00000", "2010-03-31": "6289.20000", "2009-12-31": "6475.25000", "2009-09-30": "6415.46700", "2009-06-30": "6058.01600", "2009-03-31": "5849.41800", "2008-12-31": "6080.14200", "2008-09-30": "6574.11300", "2008-06-30": "6604.59500", "2008-03-31": "6299.12500", "2007-12-31": "6391.37600", "2007-09-30": "6524.69600", "2007-06-30": "6239.44500", "2007-03-31": "5877.80400", "2006-12-31": "6042.89000", "2006-09-30": "6131.88300", "2006-06-30": "5935.43000", "2006-03-31": "5653.48900", "2005-12-31": "6395.80800", "2005-09-30": "6357.16200", "2005-06-30": "6164.78600", "2005-03-31": "5439.57500"}}, "cash flow statement": {"Net Income/Loss": {"2019-12-31": "2303.00000", "2018-12-31": "2121.00000", "2017-12-31": "1638.00000", "2016-12-31": "2228.00000", "2015-12-31": "1268.00000", "2014-12-31": "-13.00000", "2013-12-31": "1466.00000", "2012-12-31": "492.00000", "2011-12-31": "934.00000", "2010-12-31": "851.00000", "2009-12-31": "750.00000", "2008-12-31": "819.36500", "2007-12-31": "1027.35800", "2006-12-31": "882.23100", "2005-12-31": "844.30600"}, "Total Depreciation And Amortization - Cash Flow": {"2019-12-31": "204.00000", "2018-12-31": "206.00000", "2017-12-31": "180.00000", "2016-12-31": "181.00000", "2015-12-31": "157.00000", "2014-12-31": "134.00000", "2013-12-31": "137.00000", "2012-12-31": "141.00000", "2011-12-31": "126.00000", "2010-12-31": "108.00000", "2009-12-31": "461.00000", "2008-12-31": "478.67600", "2007-12-31": "401.17100", "2006-12-31": "389.99200", "2005-12-31": "385.26100"}, "Other Non-Cash Items": {"2019-12-31": "271.00000", "2018-12-31": "249.00000", "2017-12-31": "266.00000", "2016-12-31": "-853.00000", "2015-12-31": "531.00000", "2014-12-31": "1355.00000", "2013-12-31": "-335.00000", "2012-12-31": "387.00000", "2011-12-31": "-158.00000", "2010-12-31": "-129.00000", "2009-12-31": "74.00000", "2008-12-31": "18.41500", "2007-12-31": "70.47600", "2006-12-31": "72.04100", "2005-12-31": "57.06200"}, "Total Non-Cash Items": {"2019-12-31": "475.00000", "2018-12-31": "455.00000", "2017-12-31": "446.00000", "2016-12-31": "-672.00000", "2015-12-31": "688.00000", "2014-12-31": "1489.00000", "2013-12-31": "-198.00000", "2012-12-31": "528.00000", "2011-12-31": "-32.00000", "2010-12-31": "-21.00000", "2009-12-31": "535.00000", "2008-12-31": "497.09100", "2007-12-31": "471.64700", "2006-12-31": "462.03300", "2005-12-31": "442.32300"}, "Change In Accounts Receivable": {"2019-12-31": "-135.00000", "2018-12-31": "-164.00000", "2017-12-31": "-196.00000", "2016-12-31": "-177.00000", "2015-12-31": "-118.00000", "2014-12-31": "-9.00000", "2013-12-31": "-35.00000", "2012-12-31": "-250.00000", "2011-12-31": "14.00000", "2010-12-31": "-73.00000", "2009-12-31": "50.00000", "2008-12-31": "95.07000", "2007-12-31": "71.44800", "2006-12-31": "-131.68600", "2005-12-31": "-134.97500"}, "Change In Inventories": {"2019-12-31": "", "2018-12-31": "", "2017-12-31": "", "2016-12-31": "", "2015-12-31": "", "2014-12-31": "", "2013-12-31": "", "2012-12-31": "", "2011-12-31": "", "2010-12-31": "", "2009-12-31": "68.00000", "2008-12-31": "-26.48200", "2007-12-31": "-11.60100", "2006-12-31": "21.61900", "2005-12-31": "-9.48400"}, "Change In Accounts Payable": {"2019-12-31": "", "2018-12-31": "", "2017-12-31": "", "2016-12-31": "", "2015-12-31": "", "2014-12-31": "", "2013-12-31": "", "2012-12-31": "", "2011-12-31": "", "2010-12-31": "", "2009-12-31": "", "2008-12-31": "", "2007-12-31": "", "2006-12-31": "", "2005-12-31": ""}, "Change In Assets/Liabilities": {"2019-12-31": "61.00000", "2018-12-31": "-134.00000", "2017-12-31": "57.00000", "2016-12-31": "312.00000", "2015-12-31": "151.00000", "2014-12-31": "-93.00000", "2013-12-31": "-357.00000", "2012-12-31": "-113.00000", "2011-12-31": "37.00000", "2010-12-31": "-153.00000", "2009-12-31": "-73.00000", "2008-12-31": "35.33300", "2007-12-31": "123.25900", "2006-12-31": "230.77300", "2005-12-31": "323.84100"}, "Total Change In Assets/Liabilities": {"2019-12-31": "-2.00000", "2018-12-31": "-512.00000", "2017-12-31": "-68.00000", "2016-12-31": "4.00000", "2015-12-31": "-1600.00000", "2014-12-31": "-267.00000", "2013-12-31": "-486.00000", "2012-12-31": "-290.00000", "2011-12-31": "22.00000", "2010-12-31": "-126.00000", "2009-12-31": "45.00000", "2008-12-31": "-138.40600", "2007-12-31": "217.94600", "2006-12-31": "165.04000", "2005-12-31": "273.26100"}, "Cash Flow From Operating Activities": {"2019-12-31": "2776.00000", "2018-12-31": "2064.00000", "2017-12-31": "2016.00000", "2016-12-31": "1560.00000", "2015-12-31": "356.00000", "2014-12-31": "1209.00000", "2013-12-31": "782.00000", "2012-12-31": "730.00000", "2011-12-31": "924.00000", "2010-12-31": "704.00000", "2009-12-31": "1330.00000", "2008-12-31": "1178.05000", "2007-12-31": "1716.95100", "2006-12-31": "1509.30400", "2005-12-31": "1559.89000"}, "Net Change In Property, Plant, And Equipment": {"2019-12-31": "-115.00000", "2018-12-31": "-113.00000", "2017-12-31": "-123.00000", "2016-12-31": "-115.00000", "2015-12-31": "-139.00000", "2014-12-31": "-92.00000", "2013-12-31": "-117.00000", "2012-12-31": "-96.00000", "2011-12-31": "-92.00000", "2010-12-31": "-61.00000", "2009-12-31": "-92.00000", "2008-12-31": "-130.89100", "2007-12-31": "-167.34800", "2006-12-31": "-114.21200", "2005-12-31": "11.10300"}, "Net Change In Intangible Assets": {"2019-12-31": "", "2018-12-31": "", "2017-12-31": "", "2016-12-31": "", "2015-12-31": "", "2014-12-31": "", "2013-12-31": "", "2012-12-31": "", "2011-12-31": "", "2010-12-31": "", "2009-12-31": "", "2008-12-31": "", "2007-12-31": "-16.65400", "2006-12-31": "-22.97800", "2005-12-31": "-16.45600"}, "Net Acquisitions/Divestitures": {"2019-12-31": "-91.00000", "2018-12-31": "-401.00000", "2017-12-31": "-83.00000", "2016-12-31": "-211.00000", "2015-12-31": "-2396.00000", "2014-12-31": "-71.00000", "2013-12-31": "-47.00000", "2012-12-31": "-177.00000", "2011-12-31": "-194.00000", "2010-12-31": "-327.00000", "2009-12-31": "", "2008-12-31": "-48.26100", "2007-12-31": "-86.70700", "2006-12-31": "-13.48000", "2005-12-31": "-461.84200"}, "Net Change In Short-term Investments": {"2019-12-31": "-10.00000", "2018-12-31": "-5.00000", "2017-12-31": "-5.00000", "2016-12-31": "-1.00000", "2015-12-31": "-4.00000", "2014-12-31": "15.00000", "2013-12-31": "-17.00000", "2012-12-31": "27.00000", "2011-12-31": "-6.00000", "2010-12-31": "2.00000", "2009-12-31": "-25.00000", "2008-12-31": "0.00000", "2007-12-31": "", "2006-12-31": "", "2005-12-31": ""}, "Net Change In Long-Term Investments": {"2019-12-31": "", "2018-12-31": "", "2017-12-31": "", "2016-12-31": "", "2015-12-31": "", "2014-12-31": "", "2013-12-31": "", "2012-12-31": "", "2011-12-31": "", "2010-12-31": "", "2009-12-31": "", "2008-12-31": "", "2007-12-31": "", "2006-12-31": "", "2005-12-31": ""}, "Net Change In Investments - Total": {"2019-12-31": "-10.00000", "2018-12-31": "-5.00000", "2017-12-31": "-5.00000", "2016-12-31": "-1.00000", "2015-12-31": "-4.00000", "2014-12-31": "15.00000", "2013-12-31": "-17.00000", "2012-12-31": "27.00000", "2011-12-31": "-6.00000", "2010-12-31": "2.00000", "2009-12-31": "-25.00000", "2008-12-31": "", "2007-12-31": "", "2006-12-31": "", "2005-12-31": ""}, "Investing Activities - Other": {"2019-12-31": "85.00000", "2018-12-31": "6.00000", "2017-12-31": "2.00000", "2016-12-31": "1498.00000", "2015-12-31": "14.00000", "2014-12-31": "83.00000", "2013-12-31": "51.00000", "2012-12-31": "", "2011-12-31": "21.00000", "2010-12-31": "", "2009-12-31": "-162.00000", "2008-12-31": "-254.10600", "2007-12-31": "-298.98400", "2006-12-31": "-276.81000", "2005-12-31": "-257.79500"}, "Cash Flow From Investing Activities": {"2019-12-31": "-131.00000", "2018-12-31": "-513.00000", "2017-12-31": "-209.00000", "2016-12-31": "1171.00000", "2015-12-31": "-2525.00000", "2014-12-31": "-65.00000", "2013-12-31": "-130.00000", "2012-12-31": "-246.00000", "2011-12-31": "-271.00000", "2010-12-31": "-386.00000", "2009-12-31": "-279.00000", "2008-12-31": "-433.25800", "2007-12-31": "-569.69300", "2006-12-31": "-427.48000", "2005-12-31": "-724.99000"}, "Net Long-Term Debt": {"2019-12-31": "218.00000", "2018-12-31": "86.00000", "2017-12-31": "", "2016-12-31": "72.00000", "2015-12-31": "2674.00000", "2014-12-31": "", "2013-12-31": "", "2012-12-31": "-400.00000", "2011-12-31": "", "2010-12-31": "", "2009-12-31": "", "2008-12-31": "", "2007-12-31": "1188.80300", "2006-12-31": "", "2005-12-31": ""}, "Net Current Debt": {"2019-12-31": "", "2018-12-31": "", "2017-12-31": "", "2016-12-31": "-143.00000", "2015-12-31": "143.00000", "2014-12-31": "", "2013-12-31": "-457.00000", "2012-12-31": "457.00000", "2011-12-31": "", "2010-12-31": "", "2009-12-31": "-70.00000", "2008-12-31": "70.00000", "2007-12-31": "-2.34500", "2006-12-31": "-0.60500", "2005-12-31": "-12.67700"}, "Debt Issuance/Retirement Net - Total": {"2019-12-31": "218.00000", "2018-12-31": "86.00000", "2017-12-31": "", "2016-12-31": "-71.00000", "2015-12-31": "2817.00000", "2014-12-31": "", "2013-12-31": "-457.00000", "2012-12-31": "57.00000", "2011-12-31": "", "2010-12-31": "", "2009-12-31": "-70.00000", "2008-12-31": "70.00000", "2007-12-31": "1186.45800", "2006-12-31": "-0.60500", "2005-12-31": "-12.67700"}, "Net Common Equity Issued/Repurchased": {"2019-12-31": "-1200.00000", "2018-12-31": "-1651.00000", "2017-12-31": "-926.00000", "2016-12-31": "-1035.00000", "2015-12-31": "-904.00000", "2014-12-31": "-169.00000", "2013-12-31": "-934.00000", "2012-12-31": "4.00000", "2011-12-31": "-1361.00000", "2010-12-31": "-206.00000", "2009-12-31": "25.00000", "2008-12-31": "-405.81300", "2007-12-31": "-2065.78800", "2006-12-31": "-1277.27000", "2005-12-31": "-484.89500"}, "Net Total Equity Issued/Repurchased": {"2019-12-31": "-1200.00000", "2018-12-31": "-1651.00000", "2017-12-31": "-926.00000", "2016-12-31": "-1035.00000", "2015-12-31": "-904.00000", "2014-12-31": "-169.00000", "2013-12-31": "-934.00000", "2012-12-31": "4.00000", "2011-12-31": "-1361.00000", "2010-12-31": "-206.00000", "2009-12-31": "25.00000", "2008-12-31": "-405.81300", "2007-12-31": "-2065.78800", "2006-12-31": "-1277.27000", "2005-12-31": "-484.89500"}, "Total Common And Preferred Stock Dividends Paid": {"2019-12-31": "-703.00000", "2018-12-31": "-657.00000", "2017-12-31": "-532.00000", "2016-12-31": "-496.00000", "2015-12-31": "-467.00000", "2014-12-31": "-410.00000", "2013-12-31": "-383.00000", "2012-12-31": "-1008.00000", "2011-12-31": "-319.00000", "2010-12-31": "-326.00000", "2009-12-31": "-290.00000", "2008-12-31": "-289.75200", "2007-12-31": "-277.74600", "2006-12-31": "-260.32300", "2005-12-31": "-246.04800"}, "Financial Activities - Other": {"2019-12-31": "-66.00000", "2018-12-31": "-66.00000", "2017-12-31": "-49.00000", "2016-12-31": "-60.00000", "2015-12-31": "-97.00000", "2014-12-31": "117.00000", "2013-12-31": "31.00000", "2012-12-31": "42.00000", "2011-12-31": "20.00000", "2010-12-31": "2.00000", "2009-12-31": "", "2008-12-31": "3.98100", "2007-12-31": "35.84900", "2006-12-31": "58.25400", "2005-12-31": "-0.16900"}, "Cash Flow From Financial Activities": {"2019-12-31": "-1751.00000", "2018-12-31": "-2288.00000", "2017-12-31": "-1507.00000", "2016-12-31": "-1662.00000", "2015-12-31": "1349.00000", "2014-12-31": "-462.00000", "2013-12-31": "-1743.00000", "2012-12-31": "-905.00000", "2011-12-31": "-1660.00000", "2010-12-31": "-530.00000", "2009-12-31": "-335.00000", "2008-12-31": "-621.58400", "2007-12-31": "-1121.22700", "2006-12-31": "-1479.94400", "2005-12-31": "-743.78900"}, "Net Cash Flow": {"2019-12-31": "928.00000", "2018-12-31": "-821.00000", "2017-12-31": "387.00000", "2016-12-31": "911.00000", "2015-12-31": "-1016.00000", "2014-12-31": "955.00000", "2013-12-31": "782.00000", "2012-12-31": "-75.00000", "2011-12-31": "-581.00000", "2010-12-31": "298.00000", "2009-12-31": "738.00000", "2008-12-31": "75.57500", "2007-12-31": "42.59800", "2006-12-31": "-395.28900", "2005-12-31": "68.16400"}, "Stock-Based Compensation": {"2019-12-31": "78.00000", "2018-12-31": "94.00000", "2017-12-31": "99.00000", "2016-12-31": "76.00000", "2015-12-31": "78.00000", "2014-12-31": "100.00000", "2013-12-31": "96.00000", "2012-12-31": "90.00000", "2011-12-31": "77.00000", "2010-12-31": "51.00000", "2009-12-31": "22.00000", "2008-12-31": "-1.93400", "2007-12-31": "124.69200", "2006-12-31": "136.18100", "2005-12-31": "51.11600"}, "Common Stock Dividends Paid": {"2019-12-31": "-703.00000", "2018-12-31": "-657.00000", "2017-12-31": "-532.00000", "2016-12-31": "-496.00000", "2015-12-31": "-467.00000", "2014-12-31": "-410.00000", "2013-12-31": "-383.00000", "2012-12-31": "-1008.00000", "2011-12-31": "-319.00000", "2010-12-31": "-326.00000", "2009-12-31": "-290.00000", "2008-12-31": "-289.75200", "2007-12-31": "-277.74600", "2006-12-31": "-260.32300", "2005-12-31": "-246.04800"}}, "cash flow statement, quarterly": {"Net Income/Loss": {"2020-09-30": 498, "2020-06-30": 842, "2020-03-31": "689.00000", "2019-12-31": 586, "2019-09-30": 662, "2019-06-30": 602, "2019-03-31": "453.00000", "2018-12-31": 551, "2018-09-30": 535, "2018-06-30": 501, "2018-03-31": "534.00000", "2017-12-31": 299, "2017-09-30": 452, "2017-06-30": 457, "2017-03-31": "430.00000", "2016-12-31": 569, "2016-09-30": 924, "2016-06-30": 412, "2016-03-31": "323.00000", "2015-12-31": 276, "2015-09-30": 281, "2015-06-30": 382, "2015-03-31": "329.00000", "2014-12-31": -821, "2014-09-30": 218, "2014-06-30": 315, "2014-03-31": "275.00000", "2013-12-31": 189, "2013-09-30": 245, "2013-06-30": 277, "2013-03-31": "755.00000", "2012-12-31": -192, "2012-09-30": 337, "2012-06-30": 220, "2012-03-31": "127.00000", "2011-12-31": 221, "2011-09-30": 374, "2011-06-30": 215, "2011-03-31": "124.00000", "2010-12-31": 160.1, "2010-09-30": 389.7, "2010-06-30": 194.2, "2010-03-31": "107.00000", "2009-12-31": 173.868, "2009-09-30": 342.256, "2009-06-30": 167.891, "2009-03-31": "65.98500", "2008-12-31": 121.037, "2008-09-30": 396.815, "2008-06-30": 220.403, "2008-03-31": "81.11000", "2007-12-31": 154.424, "2007-09-30": 452.018, "2007-06-30": 277.078, "2007-03-31": "143.83800", "2006-12-31": 204.777, "2006-09-30": 382.273, "2006-06-30": 220.961, "2006-03-31": "74.22000", "2005-12-31": 189.312, "2005-09-30": 381.289, "2005-06-30": 194.97, "2005-03-31": "78.73500"}, "Total Depreciation And Amortization - Cash Flow": {"2020-09-30": 54, "2020-06-30": 51, "2020-03-31": "49.00000", "2019-12-31": 51, "2019-09-30": 49, "2019-06-30": 52, "2019-03-31": "52.00000", "2018-12-31": 55, "2018-09-30": 54, "2018-06-30": 52, "2018-03-31": "45.00000", "2017-12-31": 46, "2017-09-30": 46, "2017-06-30": 45, "2017-03-31": "43.00000", "2016-12-31": 47, "2016-09-30": 47, "2016-06-30": 45, "2016-03-31": "42.00000", "2015-12-31": 53, "2015-09-30": 38, "2015-06-30": 33, "2015-03-31": "33.00000", "2014-12-31": 34, "2014-09-30": 34, "2014-06-30": 33, "2014-03-31": "33.00000", "2013-12-31": 34, "2013-09-30": 33, "2013-06-30": 35, "2013-03-31": "35.00000", "2012-12-31": 37, "2012-09-30": 39, "2012-06-30": 34, "2012-03-31": "31.00000", "2011-12-31": -179, "2011-09-30": 135, "2011-06-30": 100, "2011-03-31": "70.00000", "2010-12-31": -222.5, "2010-09-30": 151, "2010-06-30": 113.3, "2010-03-31": "66.20000", "2009-12-31": 114.463, "2009-09-30": 164.27, "2009-06-30": 111.36, "2009-03-31": "70.90700", "2008-12-31": 131.017, "2008-09-30": 168.148, "2008-06-30": 109.602, "2008-03-31": "69.90900", "2007-12-31": 87.063, "2007-09-30": 148.386, "2007-06-30": 97.108, "2007-03-31": "68.61400", "2006-12-31": 92.196, "2006-09-30": 142.324, "2006-06-30": 93.462, "2006-03-31": "62.01000", "2005-12-31": 95.606, "2005-09-30": 137.999, "2005-06-30": 93.32, "2005-03-31": "58.33600"}, "Other Non-Cash Items": {"2020-09-30": 317, "2020-06-30": 23, "2020-03-31": "37.00000", "2019-12-31": 83, "2019-09-30": -9, "2019-06-30": 57, "2019-03-31": "140.00000", "2018-12-31": 119, "2018-09-30": -28, "2018-06-30": 121, "2018-03-31": "37.00000", "2017-12-31": 142, "2017-09-30": 44, "2017-06-30": 44, "2017-03-31": "36.00000", "2016-12-31": -243, "2016-09-30": -695, "2016-06-30": 38, "2016-03-31": "47.00000", "2015-12-31": 168, "2015-09-30": 105, "2015-06-30": 146, "2015-03-31": "112.00000", "2014-12-31": 1220, "2014-09-30": 90, "2014-06-30": 35, "2014-03-31": "10.00000", "2013-12-31": 184, "2013-09-30": -8, "2013-06-30": -50, "2013-03-31": "-461.00000", "2012-12-31": 422, "2012-09-30": -101, "2012-06-30": -12, "2012-03-31": "78.00000", "2011-12-31": -236, "2011-09-30": 16, "2011-06-30": 29, "2011-03-31": "33.00000", "2010-12-31": -157.4, "2010-09-30": 13.7, "2010-06-30": 5.7, "2010-03-31": "9.00000", "2009-12-31": 23.288, "2009-09-30": 5.349, "2009-06-30": 30.783, "2009-03-31": "14.58000", "2008-12-31": 12.732, "2008-09-30": -22.924, "2008-06-30": 15.206, "2008-03-31": "13.40100", "2007-12-31": 50.479, "2007-09-30": 22.799, "2007-06-30": 13.685, "2007-03-31": "-16.48700", "2006-12-31": -3.848, "2006-09-30": 28.375, "2006-06-30": 15.453, "2006-03-31": "32.06100", "2005-12-31": 8.464, "2005-09-30": 27.583, "2005-06-30": 9.925, "2005-03-31": "11.09000"}, "Total Non-Cash Items": {"2020-09-30": 371, "2020-06-30": 74, "2020-03-31": "86.00000", "2019-12-31": 134, "2019-09-30": 40, "2019-06-30": 109, "2019-03-31": "192.00000", "2018-12-31": 174, "2018-09-30": 26, "2018-06-30": 173, "2018-03-31": "82.00000", "2017-12-31": 188, "2017-09-30": 90, "2017-06-30": 89, "2017-03-31": "79.00000", "2016-12-31": -196, "2016-09-30": -648, "2016-06-30": 83, "2016-03-31": "89.00000", "2015-12-31": 221, "2015-09-30": 143, "2015-06-30": 179, "2015-03-31": "145.00000", "2014-12-31": 1254, "2014-09-30": 124, "2014-06-30": 68, "2014-03-31": "43.00000", "2013-12-31": 218, "2013-09-30": 25, "2013-06-30": -15, "2013-03-31": "-426.00000", "2012-12-31": 459, "2012-09-30": -62, "2012-06-30": 22, "2012-03-31": "109.00000", "2011-12-31": -415, "2011-09-30": 151, "2011-06-30": 129, "2011-03-31": "103.00000", "2010-12-31": -379.9, "2010-09-30": 164.7, "2010-06-30": 119, "2010-03-31": "75.20000", "2009-12-31": 137.751, "2009-09-30": 169.619, "2009-06-30": 142.143, "2009-03-31": "85.48700", "2008-12-31": 143.749, "2008-09-30": 145.224, "2008-06-30": 124.808, "2008-03-31": "83.31000", "2007-12-31": 137.542, "2007-09-30": 171.185, "2007-06-30": 110.793, "2007-03-31": "52.12700", "2006-12-31": 88.348, "2006-09-30": 170.699, "2006-06-30": 108.915, "2006-03-31": "94.07100", "2005-12-31": 104.07, "2005-09-30": 165.582, "2005-06-30": 103.245, "2005-03-31": "69.42600"}, "Change In Accounts Receivable": {"2020-09-30": 142, "2020-06-30": -46, "2020-03-31": "76.00000", "2019-12-31": -85, "2019-09-30": 45, "2019-06-30": -8, "2019-03-31": "-87.00000", "2018-12-31": -226, "2018-09-30": 43, "2018-06-30": 12, "2018-03-31": "7.00000", "2017-12-31": -132, "2017-09-30": -15, "2017-06-30": -61, "2017-03-31": "12.00000", "2016-12-31": -151, "2016-09-30": 13, "2016-06-30": -32, "2016-03-31": "-7.00000", "2015-12-31": -74, "2015-09-30": 92, "2015-06-30": -67, "2015-03-31": "-69.00000", "2014-12-31": -21, "2014-09-30": 23, "2014-06-30": 1, "2014-03-31": "-12.00000", "2013-12-31": -20, "2013-09-30": -4, "2013-06-30": 35, "2013-03-31": "-46.00000", "2012-12-31": -128, "2012-09-30": -74, "2012-06-30": -1, "2012-03-31": "-47.00000", "2011-12-31": 161, "2011-09-30": -150, "2011-06-30": -194, "2011-03-31": "197.00000", "2010-12-31": 92.3, "2010-09-30": -122.9, "2010-06-30": -233, "2010-03-31": "190.60000", "2009-12-31": 176.289, "2009-09-30": -124.892, "2009-06-30": -213.163, "2009-03-31": "211.76600", "2008-12-31": 233.814, "2008-09-30": -61.359, "2008-06-30": -308.127, "2008-03-31": "230.74200", "2007-12-31": 313.669, "2007-09-30": -192.519, "2007-06-30": -311.85, "2007-03-31": "262.14800", "2006-12-31": 82.378, "2006-09-30": -198.659, "2006-06-30": -242.284, "2006-03-31": "226.87900", "2005-12-31": 238.437, "2005-09-30": -266.531, "2005-06-30": -258.375, "2005-03-31": "151.49400"}, "Change In Inventories": {"2020-09-30": 0, "2020-06-30": 0, "2020-03-31": "", "2019-12-31": 0, "2019-09-30": 0, "2019-06-30": 0, "2019-03-31": "", "2018-12-31": 0, "2018-09-30": 0, "2018-06-30": 0, "2018-03-31": "", "2017-12-31": 0, "2017-09-30": 0, "2017-06-30": 0, "2017-03-31": "", "2016-12-31": 0, "2016-09-30": 0, "2016-06-30": 0, "2016-03-31": "", "2015-12-31": 0, "2015-09-30": 0, "2015-06-30": 0, "2015-03-31": "", "2014-12-31": 0, "2014-09-30": 0, "2014-06-30": 0, "2014-03-31": "", "2013-12-31": 0, "2013-09-30": 0, "2013-06-30": 0, "2013-03-31": "", "2012-12-31": 0, "2012-09-30": 0, "2012-06-30": 0, "2012-03-31": "", "2011-12-31": 12, "2011-09-30": 51, "2011-06-30": -22, "2011-03-31": "-41.00000", "2010-12-31": -6.6, "2010-09-30": 45.2, "2010-06-30": -21.5, "2010-03-31": "-17.10000", "2009-12-31": 36.283, "2009-09-30": 52.624, "2009-06-30": -0.11, "2009-03-31": "-20.79700", "2008-12-31": 47.643, "2008-09-30": 68.971, "2008-06-30": -54.764, "2008-03-31": "-88.33200", "2007-12-31": 30.315, "2007-09-30": 57.031, "2007-06-30": -37.002, "2007-03-31": "-61.94500", "2006-12-31": 25.477, "2006-09-30": 49.583, "2006-06-30": -18.292, "2006-03-31": "-35.14900", "2005-12-31": 32.468, "2005-09-30": 64.816, "2005-06-30": -34.752, "2005-03-31": "-72.01600"}, "Change In Accounts Payable": {"2020-09-30": 0, "2020-06-30": 0, "2020-03-31": "", "2019-12-31": 0, "2019-09-30": 0, "2019-06-30": 0, "2019-03-31": "", "2018-12-31": 0, "2018-09-30": 0, "2018-06-30": 0, "2018-03-31": "", "2017-12-31": 0, "2017-09-30": 0, "2017-06-30": 0, "2017-03-31": "", "2016-12-31": 0, "2016-09-30": 0, "2016-06-30": 0, "2016-03-31": "", "2015-12-31": 0, "2015-09-30": 0, "2015-06-30": 0, "2015-03-31": "", "2014-12-31": 0, "2014-09-30": 0, "2014-06-30": 0, "2014-03-31": "", "2013-12-31": 0, "2013-09-30": 0, "2013-06-30": 0, "2013-03-31": "", "2012-12-31": 0, "2012-09-30": 0, "2012-06-30": 0, "2012-03-31": "", "2011-12-31": 0, "2011-09-30": 0, "2011-06-30": 0, "2011-03-31": "", "2010-12-31": 0, "2010-09-30": 0, "2010-06-30": 0, "2010-03-31": "", "2009-12-31": 0, "2009-09-30": 0, "2009-06-30": 0, "2009-03-31": "", "2008-12-31": 0, "2008-09-30": 0, "2008-06-30": 0, "2008-03-31": "", "2007-12-31": 0, "2007-09-30": 0, "2007-06-30": 0, "2007-03-31": "", "2006-12-31": 0, "2006-09-30": 0, "2006-06-30": 0, "2006-03-31": "", "2005-12-31": 0, "2005-09-30": 0, "2005-06-30": 0, "2005-03-31": ""}, "Change In Assets/Liabilities": {"2020-09-30": -297, "2020-06-30": 8, "2020-03-31": "80.00000", "2019-12-31": 243, "2019-09-30": -5, "2019-06-30": -74, "2019-03-31": "-103.00000", "2018-12-31": 31, "2018-09-30": -5, "2018-06-30": -215, "2018-03-31": "55.00000", "2017-12-31": 333, "2017-09-30": -87, "2017-06-30": -256, "2017-03-31": "67.00000", "2016-12-31": -3, "2016-09-30": 264, "2016-06-30": -74, "2016-03-31": "125.00000", "2015-12-31": 252, "2015-09-30": -171, "2015-06-30": -40, "2015-03-31": "110.00000", "2014-12-31": -69, "2014-09-30": -28, "2014-06-30": -100, "2014-03-31": "104.00000", "2013-12-31": -152, "2013-09-30": -44, "2013-06-30": -73, "2013-03-31": "-88.00000", "2012-12-31": -97, "2012-09-30": -10, "2012-06-30": -32, "2012-03-31": "26.00000", "2011-12-31": -238, "2011-09-30": 179, "2011-06-30": 60, "2011-03-31": "36.00000", "2010-12-31": -319.4, "2010-09-30": 79.4, "2010-06-30": 82.8, "2010-03-31": "4.20000", "2009-12-31": -168.839, "2009-09-30": 33.681, "2009-06-30": 71.891, "2009-03-31": "-9.73300", "2008-12-31": -131.257, "2008-09-30": 93.733, "2008-06-30": 94.205, "2008-03-31": "-21.34800", "2007-12-31": -96.105, "2007-09-30": 137.359, "2007-06-30": 25.692, "2007-03-31": "56.31300", "2006-12-31": 3.255, "2006-09-30": 91.61, "2006-06-30": 144.804, "2006-03-31": "-8.89600", "2005-12-31": -46.809, "2005-09-30": 158.114, "2005-06-30": 153.549, "2005-03-31": "58.98700"}, "Total Change In Assets/Liabilities": {"2020-09-30": -60, "2020-06-30": 21, "2020-03-31": "-95.00000", "2019-12-31": 284, "2019-09-30": 60, "2019-06-30": 6, "2019-03-31": "-352.00000", "2018-12-31": -62, "2018-09-30": -63, "2018-06-30": -131, "2018-03-31": "-256.00000", "2017-12-31": 326, "2017-09-30": -13, "2017-06-30": -225, "2017-03-31": "-156.00000", "2016-12-31": -70, "2016-09-30": 341, "2016-06-30": -40, "2016-03-31": "-227.00000", "2015-12-31": 215, "2015-09-30": 117, "2015-06-30": -109, "2015-03-31": "-1823.00000", "2014-12-31": -44, "2014-09-30": 32, "2014-06-30": -51, "2014-03-31": "-204.00000", "2013-12-31": -101, "2013-09-30": -20, "2013-06-30": 11, "2013-03-31": "-376.00000", "2012-12-31": -135, "2012-09-30": 104, "2012-06-30": -49, "2012-03-31": "-210.00000", "2011-12-31": 80, "2011-09-30": 175, "2011-06-30": -55, "2011-03-31": "-178.00000", "2010-12-31": -129.5, "2010-09-30": 139.4, "2010-06-30": -60.1, "2010-03-31": "-75.80000", "2009-12-31": 114.85, "2009-09-30": 97.53, "2009-06-30": -83.039, "2009-03-31": "-84.34100", "2008-12-31": 199.317, "2008-09-30": 134.496, "2008-06-30": -195.542, "2008-03-31": "-276.67700", "2007-12-31": 348.084, "2007-09-30": 65.167, "2007-06-30": -128.066, "2007-03-31": "-67.23900", "2006-12-31": 265.402, "2006-09-30": 104.541, "2006-06-30": -16.347, "2006-03-31": "-188.55600", "2005-12-31": 369.238, "2005-09-30": 121.31, "2005-06-30": -84.98, "2005-03-31": "-132.30700"}, "Cash Flow From Operating Activities": {"2020-09-30": 809, "2020-06-30": 937, "2020-03-31": "680.00000", "2019-12-31": 1004, "2019-09-30": 762, "2019-06-30": 717, "2019-03-31": "293.00000", "2018-12-31": 663, "2018-09-30": 498, "2018-06-30": 543, "2018-03-31": "360.00000", "2017-12-31": 813, "2017-09-30": 529, "2017-06-30": 321, "2017-03-31": "353.00000", "2016-12-31": 303, "2016-09-30": 617, "2016-06-30": 455, "2016-03-31": "185.00000", "2015-12-31": 712, "2015-09-30": 541, "2015-06-30": 452, "2015-03-31": "-1349.00000", "2014-12-31": 389, "2014-09-30": 374, "2014-06-30": 332, "2014-03-31": "114.00000", "2013-12-31": 306, "2013-09-30": 250, "2013-06-30": 273, "2013-03-31": "-47.00000", "2012-12-31": 132, "2012-09-30": 379, "2012-06-30": 193, "2012-03-31": "26.00000", "2011-12-31": -114, "2011-09-30": 700, "2011-06-30": 289, "2011-03-31": "49.00000", "2010-12-31": -349.3, "2010-09-30": 693.8, "2010-06-30": 253.1, "2010-03-31": "106.40000", "2009-12-31": 426.469, "2009-09-30": 609.405, "2009-06-30": 226.995, "2009-03-31": "67.13100", "2008-12-31": 464.103, "2008-09-30": 676.535, "2008-06-30": 149.669, "2008-03-31": "-112.25700", "2007-12-31": 640.05, "2007-09-30": 688.37, "2007-06-30": 259.805, "2007-03-31": "128.72600", "2006-12-31": 558.527, "2006-09-30": 657.513, "2006-06-30": 313.529, "2006-03-31": "-20.26500", "2005-12-31": 662.62, "2005-09-30": 668.181, "2005-06-30": 213.235, "2005-03-31": "15.85400"}, "Net Change In Property, Plant, And Equipment": {"2020-09-30": -25, "2020-06-30": -7, "2020-03-31": "-11.00000", "2019-12-31": -38, "2019-09-30": -31, "2019-06-30": -26, "2019-03-31": "-20.00000", "2018-12-31": -25, "2018-09-30": -28, "2018-06-30": -27, "2018-03-31": "-33.00000", "2017-12-31": -48, "2017-09-30": -19, "2017-06-30": -33, "2017-03-31": "-23.00000", "2016-12-31": -48, "2016-09-30": -31, "2016-06-30": -20, "2016-03-31": "-16.00000", "2015-12-31": -79, "2015-09-30": -18, "2015-06-30": -26, "2015-03-31": "-16.00000", "2014-12-31": -40, "2014-09-30": -15, "2014-06-30": -17, "2014-03-31": "-20.00000", "2013-12-31": -62, "2013-09-30": -12, "2013-06-30": -21, "2013-03-31": "-22.00000", "2012-12-31": -26, "2012-09-30": -34, "2012-06-30": -26, "2012-03-31": "-10.00000", "2011-12-31": -43, "2011-09-30": -24, "2011-06-30": -7, "2011-03-31": "-18.00000", "2010-12-31": 4.3, "2010-09-30": -26.3, "2010-06-30": -32.4, "2010-03-31": "-6.60000", "2009-12-31": -59.485, "2009-09-30": -15.677, "2009-06-30": -8.844, "2009-03-31": "-7.99400", "2008-12-31": -64.735, "2008-09-30": -17.565, "2008-06-30": -25.045, "2008-03-31": "-23.54600", "2007-12-31": -81.359, "2007-09-30": -57.744, "2007-06-30": -60.625, "2007-03-31": "32.38000", "2006-12-31": -69.7, "2006-09-30": -24.622, "2006-06-30": -20.499, "2006-03-31": "0.60900", "2005-12-31": -44.545, "2005-09-30": 81.441, "2005-06-30": -26.337, "2005-03-31": "0.54400"}, "Net Change In Intangible Assets": {"2020-09-30": 0, "2020-06-30": 0, "2020-03-31": "", "2019-12-31": 0, "2019-09-30": 0, "2019-06-30": 0, "2019-03-31": "", "2018-12-31": 0, "2018-09-30": 0, "2018-06-30": 0, "2018-03-31": "", "2017-12-31": 0, "2017-09-30": 0, "2017-06-30": 0, "2017-03-31": "", "2016-12-31": 0, "2016-09-30": 0, "2016-06-30": 0, "2016-03-31": "", "2015-12-31": 0, "2015-09-30": 0, "2015-06-30": 0, "2015-03-31": "", "2014-12-31": 0, "2014-09-30": 0, "2014-06-30": 0, "2014-03-31": "", "2013-12-31": 0, "2013-09-30": 0, "2013-06-30": 0, "2013-03-31": "", "2012-12-31": 0, "2012-09-30": 0, "2012-06-30": 0, "2012-03-31": "", "2011-12-31": 0, "2011-09-30": 0, "2011-06-30": 0, "2011-03-31": "", "2010-12-31": 0, "2010-09-30": 0, "2010-06-30": 0, "2010-03-31": "", "2009-12-31": 14.801, "2009-09-30": -7.13, "2009-06-30": -5.96, "2009-03-31": "-1.71100", "2008-12-31": 18.581, "2008-09-30": -8.44, "2008-06-30": -4.135, "2008-03-31": "-6.00600", "2007-12-31": -6.171, "2007-09-30": -2.692, "2007-06-30": -5.458, "2007-03-31": "-2.33300", "2006-12-31": -7.544, "2006-09-30": -4.718, "2006-06-30": -7.783, "2006-03-31": "-2.93300", "2005-12-31": -4.57, "2005-09-30": -5.908, "2005-06-30": -4.977, "2005-03-31": "-1.00100"}, "Net Acquisitions/Divestitures": {"2020-09-30": -6, "2020-06-30": 0, "2020-03-31": "-183.00000", "2019-12-31": -66, "2019-09-30": -21, "2019-06-30": -3, "2019-03-31": "-1.00000", "2018-12-31": -138, "2018-09-30": -17, "2018-06-30": -189, "2018-03-31": "-57.00000", "2017-12-31": -3, "2017-09-30": -10, "2017-06-30": -69, "2017-03-31": "-1.00000", "2016-12-31": -66, "2016-09-30": -93, "2016-06-30": -45, "2016-03-31": "-7.00000", "2015-12-31": -3, "2015-09-30": -2391, "2015-06-30": 0, "2015-03-31": "-2.00000", "2014-12-31": -6, "2014-09-30": -49, "2014-06-30": -1, "2014-03-31": "-15.00000", "2013-12-31": -47, "2013-09-30": 0, "2013-06-30": 0, "2013-03-31": "", "2012-12-31": -21, "2012-09-30": -8, "2012-06-30": -132, "2012-03-31": "-16.00000", "2011-12-31": 5, "2011-09-30": -73, "2011-06-30": 0, "2011-03-31": "-126.00000", "2010-12-31": -2, "2010-09-30": -320, "2010-06-30": -5, "2010-03-31": "", "2009-12-31": -9.731, "2009-09-30": 0, "2009-06-30": 9.731, "2009-03-31": "", "2008-12-31": -8.8, "2008-09-30": -4.795, "2008-06-30": -22.79, "2008-03-31": "-11.87600", "2007-12-31": -2.456, "2007-09-30": -44.181, "2007-06-30": -40.07, "2007-03-31": "", "2006-12-31": -3.696, "2006-09-30": -8.891, "2006-06-30": -0.893, "2006-03-31": "", "2005-12-31": -6.625, "2005-09-30": -5.252, "2005-06-30": -436.636, "2005-03-31": "-13.32900"}, "Net Change In Short-term Investments": {"2020-09-30": 4, "2020-06-30": 4, "2020-03-31": "11.00000", "2019-12-31": -7, "2019-09-30": 0, "2019-06-30": -3, "2019-03-31": "", "2018-12-31": -10, "2018-09-30": 4, "2018-06-30": -2, "2018-03-31": "3.00000", "2017-12-31": -5, "2017-09-30": 0, "2017-06-30": 0, "2017-03-31": "", "2016-12-31": 0, "2016-09-30": -1, "2016-06-30": 1, "2016-03-31": "-1.00000", "2015-12-31": -1, "2015-09-30": 4, "2015-06-30": -6, "2015-03-31": "-1.00000", "2014-12-31": 16, "2014-09-30": -2, "2014-06-30": 1, "2014-03-31": "", "2013-12-31": -2, "2013-09-30": -15, "2013-06-30": 0, "2013-03-31": "", "2012-12-31": 0, "2012-09-30": 1, "2012-06-30": 21, "2012-03-31": "5.00000", "2011-12-31": 7, "2011-09-30": -10, "2011-06-30": 4, "2011-03-31": "-7.00000", "2010-12-31": 10.2, "2010-09-30": -6, "2010-06-30": -1.7, "2010-03-31": "-0.50000", "2009-12-31": -25, "2009-09-30": 0, "2009-06-30": 0, "2009-03-31": "", "2008-12-31": 0, "2008-09-30": 0, "2008-06-30": 0, "2008-03-31": "", "2007-12-31": 0, "2007-09-30": 0, "2007-06-30": 0, "2007-03-31": "", "2006-12-31": 0, "2006-09-30": 0, "2006-06-30": 0, "2006-03-31": "", "2005-12-31": 0, "2005-09-30": 0, "2005-06-30": 0, "2005-03-31": ""}, "Net Change In Long-Term Investments": {"2020-09-30": 0, "2020-06-30": 0, "2020-03-31": "", "2019-12-31": 0, "2019-09-30": 0, "2019-06-30": 0, "2019-03-31": "", "2018-12-31": 0, "2018-09-30": 0, "2018-06-30": 0, "2018-03-31": "", "2017-12-31": 0, "2017-09-30": 0, "2017-06-30": 0, "2017-03-31": "", "2016-12-31": 0, "2016-09-30": 0, "2016-06-30": 0, "2016-03-31": "", "2015-12-31": 0, "2015-09-30": 0, "2015-06-30": 0, "2015-03-31": "", "2014-12-31": 0, "2014-09-30": 0, "2014-06-30": 0, "2014-03-31": "", "2013-12-31": 0, "2013-09-30": 0, "2013-06-30": 0, "2013-03-31": "", "2012-12-31": 0, "2012-09-30": 0, "2012-06-30": 0, "2012-03-31": "", "2011-12-31": 0, "2011-09-30": 0, "2011-06-30": 0, "2011-03-31": "", "2010-12-31": 0, "2010-09-30": 0, "2010-06-30": 0, "2010-03-31": "", "2009-12-31": 0, "2009-09-30": 0, "2009-06-30": 0, "2009-03-31": "", "2008-12-31": 0, "2008-09-30": 0, "2008-06-30": 0, "2008-03-31": "", "2007-12-31": 0, "2007-09-30": 0, "2007-06-30": 0, "2007-03-31": "", "2006-12-31": 0, "2006-09-30": 0, "2006-06-30": 0, "2006-03-31": "", "2005-12-31": 0, "2005-09-30": 0, "2005-06-30": 0, "2005-03-31": ""}, "Net Change In Investments - Total": {"2020-09-30": 4, "2020-06-30": 4, "2020-03-31": "11.00000", "2019-12-31": -7, "2019-09-30": 0, "2019-06-30": -3, "2019-03-31": "", "2018-12-31": -10, "2018-09-30": 4, "2018-06-30": -2, "2018-03-31": "3.00000", "2017-12-31": -5, "2017-09-30": 0, "2017-06-30": 0, "2017-03-31": "", "2016-12-31": 0, "2016-09-30": -1, "2016-06-30": 1, "2016-03-31": "-1.00000", "2015-12-31": -1, "2015-09-30": 4, "2015-06-30": -6, "2015-03-31": "-1.00000", "2014-12-31": 16, "2014-09-30": -2, "2014-06-30": 1, "2014-03-31": "", "2013-12-31": -2, "2013-09-30": -15, "2013-06-30": 0, "2013-03-31": "", "2012-12-31": 0, "2012-09-30": 1, "2012-06-30": 21, "2012-03-31": "5.00000", "2011-12-31": 7, "2011-09-30": -10, "2011-06-30": 4, "2011-03-31": "-7.00000", "2010-12-31": 10.2, "2010-09-30": -6, "2010-06-30": -1.7, "2010-03-31": "-0.50000", "2009-12-31": -25, "2009-09-30": 0, "2009-06-30": 0, "2009-03-31": "", "2008-12-31": 0, "2008-09-30": 0, "2008-06-30": 0, "2008-03-31": "", "2007-12-31": 0, "2007-09-30": 0, "2007-06-30": 0, "2007-03-31": "", "2006-12-31": 0, "2006-09-30": 0, "2006-06-30": 0, "2006-03-31": "", "2005-12-31": 0, "2005-09-30": 0, "2005-06-30": 0, "2005-03-31": ""}, "Investing Activities - Other": {"2020-09-30": 9, "2020-06-30": 0, "2020-03-31": "", "2019-12-31": 0, "2019-09-30": 85, "2019-06-30": 0, "2019-03-31": "", "2018-12-31": 6, "2018-09-30": 0, "2018-06-30": 0, "2018-03-31": "", "2017-12-31": 2, "2017-09-30": -2, "2017-06-30": 0, "2017-03-31": "2.00000", "2016-12-31": 427, "2016-09-30": 1071, "2016-06-30": 0, "2016-03-31": "", "2015-12-31": 14, "2015-09-30": -14, "2015-06-30": 14, "2015-03-31": "", "2014-12-31": 0, "2014-09-30": 83, "2014-06-30": 0, "2014-03-31": "", "2013-12-31": -1, "2013-09-30": 52, "2013-06-30": 0, "2013-03-31": "", "2012-12-31": 0, "2012-09-30": 0, "2012-06-30": 0, "2012-03-31": "", "2011-12-31": 126, "2011-09-30": -45, "2011-06-30": -32, "2011-03-31": "-28.00000", "2010-12-31": 68.7, "2010-09-30": -14, "2010-06-30": -24.8, "2010-03-31": "-29.90000", "2009-12-31": -32.221, "2009-09-30": -44.726, "2009-06-30": -42.33, "2009-03-31": "-42.72300", "2008-12-31": -56.842, "2008-09-30": -65.364, "2008-06-30": -65.265, "2008-03-31": "-66.63500", "2007-12-31": -89.445, "2007-09-30": -76.893, "2007-06-30": -75.237, "2007-03-31": "-57.40900", "2006-12-31": -87.452, "2006-09-30": -64.297, "2006-06-30": -63.471, "2006-03-31": "-61.59000", "2005-12-31": -81.256, "2005-09-30": -66.649, "2005-06-30": -60.652, "2005-03-31": "-49.23800"}, "Cash Flow From Investing Activities": {"2020-09-30": -18, "2020-06-30": -3, "2020-03-31": "-183.00000", "2019-12-31": -111, "2019-09-30": 33, "2019-06-30": -32, "2019-03-31": "-21.00000", "2018-12-31": -167, "2018-09-30": -41, "2018-06-30": -218, "2018-03-31": "-87.00000", "2017-12-31": -54, "2017-09-30": -31, "2017-06-30": -102, "2017-03-31": "-22.00000", "2016-12-31": 313, "2016-09-30": 946, "2016-06-30": -64, "2016-03-31": "-24.00000", "2015-12-31": -69, "2015-09-30": -2419, "2015-06-30": -18, "2015-03-31": "-19.00000", "2014-12-31": -30, "2014-09-30": 17, "2014-06-30": -17, "2014-03-31": "-35.00000", "2013-12-31": -112, "2013-09-30": 25, "2013-06-30": -21, "2013-03-31": "-22.00000", "2012-12-31": -47, "2012-09-30": -41, "2012-06-30": -137, "2012-03-31": "-21.00000", "2011-12-31": 95, "2011-09-30": -152, "2011-06-30": -35, "2011-03-31": "-179.00000", "2010-12-31": 81.2, "2010-09-30": -366.3, "2010-06-30": -63.9, "2010-03-31": "-37.00000", "2009-12-31": -111.636, "2009-09-30": -67.533, "2009-06-30": -47.403, "2009-03-31": "-52.42800", "2008-12-31": -111.796, "2008-09-30": -96.164, "2008-06-30": -117.235, "2008-03-31": "-108.06300", "2007-12-31": -179.431, "2007-09-30": -181.51, "2007-06-30": -181.39, "2007-03-31": "-27.36200", "2006-12-31": -168.392, "2006-09-30": -102.528, "2006-06-30": -92.646, "2006-03-31": "-63.91400", "2005-12-31": -136.996, "2005-09-30": 3.632, "2005-06-30": -528.602, "2005-03-31": "-63.02400"}, "Net Long-Term Debt": {"2020-09-30": -118, "2020-06-30": 0, "2020-03-31": "", "2019-12-31": 218, "2019-09-30": 0, "2019-06-30": 0, "2019-03-31": "", "2018-12-31": 0, "2018-09-30": 0, "2018-06-30": 86, "2018-03-31": "", "2017-12-31": 0, "2017-09-30": 0, "2017-06-30": 0, "2017-03-31": "", "2016-12-31": -421, "2016-09-30": 493, "2016-06-30": 0, "2016-03-31": "", "2015-12-31": 0, "2015-09-30": 1984, "2015-06-30": 690, "2015-03-31": "", "2014-12-31": 0, "2014-09-30": 0, "2014-06-30": 0, "2014-03-31": "", "2013-12-31": 0, "2013-09-30": 0, "2013-06-30": 0, "2013-03-31": "", "2012-12-31": -400, "2012-09-30": 0, "2012-06-30": 0, "2012-03-31": "", "2011-12-31": 0, "2011-09-30": 0, "2011-06-30": 0, "2011-03-31": "", "2010-12-31": 0, "2010-09-30": 0, "2010-06-30": 0, "2010-03-31": "", "2009-12-31": 0, "2009-09-30": 0, "2009-06-30": 0, "2009-03-31": "", "2008-12-31": 0, "2008-09-30": 0, "2008-06-30": 0, "2008-03-31": "", "2007-12-31": 1188.803, "2007-09-30": 0, "2007-06-30": 0, "2007-03-31": "", "2006-12-31": 0, "2006-09-30": 0, "2006-06-30": 0, "2006-03-31": "", "2005-12-31": 0, "2005-09-30": 0, "2005-06-30": 0, "2005-03-31": ""}, "Net Current Debt": {"2020-09-30": 0, "2020-06-30": 0, "2020-03-31": "", "2019-12-31": 0, "2019-09-30": 0, "2019-06-30": 0, "2019-03-31": "", "2018-12-31": 0, "2018-09-30": 0, "2018-06-30": 0, "2018-03-31": "", "2017-12-31": 0, "2017-09-30": 0, "2017-06-30": 0, "2017-03-31": "", "2016-12-31": 0, "2016-09-30": -309, "2016-06-30": -163, "2016-03-31": "329.00000", "2015-12-31": 143, "2015-09-30": 0, "2015-06-30": -365, "2015-03-31": "365.00000", "2014-12-31": 0, "2014-09-30": 0, "2014-06-30": 0, "2014-03-31": "", "2013-12-31": 0, "2013-09-30": 0, "2013-06-30": 0, "2013-03-31": "-457.00000", "2012-12-31": 457, "2012-09-30": 0, "2012-06-30": 0, "2012-03-31": "", "2011-12-31": 0, "2011-09-30": 0, "2011-06-30": 0, "2011-03-31": "", "2010-12-31": 0, "2010-09-30": 0, "2010-06-30": 0, "2010-03-31": "", "2009-12-31": 0, "2009-09-30": -89.6, "2009-06-30": -70.3, "2009-03-31": "89.90000", "2008-12-31": -237.1, "2008-09-30": -219.1, "2008-06-30": 130, "2008-03-31": "396.20000", "2007-12-31": -1330.948, "2007-09-30": 336.791, "2007-06-30": 387.035, "2007-03-31": "604.77700", "2006-12-31": -232.717, "2006-09-30": -446.186, "2006-06-30": 678.373, "2006-03-31": "-0.07500", "2005-12-31": -1.142, "2005-09-30": -382.538, "2005-06-30": 372.735, "2005-03-31": "-1.73200"}, "Debt Issuance/Retirement Net - Total": {"2020-09-30": -118, "2020-06-30": 0, "2020-03-31": "", "2019-12-31": 218, "2019-09-30": 0, "2019-06-30": 0, "2019-03-31": "", "2018-12-31": 0, "2018-09-30": 0, "2018-06-30": 86, "2018-03-31": "", "2017-12-31": 0, "2017-09-30": 0, "2017-06-30": 0, "2017-03-31": "", "2016-12-31": -421, "2016-09-30": 184, "2016-06-30": -163, "2016-03-31": "329.00000", "2015-12-31": 143, "2015-09-30": 1984, "2015-06-30": 325, "2015-03-31": "365.00000", "2014-12-31": 0, "2014-09-30": 0, "2014-06-30": 0, "2014-03-31": "", "2013-12-31": 0, "2013-09-30": 0, "2013-06-30": 0, "2013-03-31": "-457.00000", "2012-12-31": 57, "2012-09-30": 0, "2012-06-30": 0, "2012-03-31": "", "2011-12-31": 0, "2011-09-30": 0, "2011-06-30": 0, "2011-03-31": "", "2010-12-31": 0, "2010-09-30": 0, "2010-06-30": 0, "2010-03-31": "", "2009-12-31": 0, "2009-09-30": -89.6, "2009-06-30": -70.3, "2009-03-31": "89.90000", "2008-12-31": -237.1, "2008-09-30": -219.1, "2008-06-30": 130, "2008-03-31": "396.20000", "2007-12-31": -142.145, "2007-09-30": 336.791, "2007-06-30": 387.035, "2007-03-31": "604.77700", "2006-12-31": -232.717, "2006-09-30": -446.186, "2006-06-30": 678.373, "2006-03-31": "-0.07500", "2005-12-31": -1.142, "2005-09-30": -382.538, "2005-06-30": 372.735, "2005-03-31": "-1.73200"}, "Net Common Equity Issued/Repurchased": {"2020-09-30": -9, "2020-06-30": 4, "2020-03-31": "-1145.00000", "2019-12-31": -94, "2019-09-30": -493, "2019-06-30": 8, "2019-03-31": "-621.00000", "2018-12-31": -542, "2018-09-30": 0, "2018-06-30": -19, "2018-03-31": "-1090.00000", "2017-12-31": -149, "2017-09-30": -469, "2017-06-30": -136, "2017-03-31": "-172.00000", "2016-12-31": 4, "2016-09-30": -731, "2016-06-30": -113, "2016-03-31": "-195.00000", "2015-12-31": -464, "2015-09-30": -239, "2015-06-30": -148, "2015-03-31": "-53.00000", "2014-12-31": 34, "2014-09-30": 26, "2014-06-30": -158, "2014-03-31": "-71.00000", "2013-12-31": -65, "2013-09-30": -476, "2013-06-30": 33, "2013-03-31": "-426.00000", "2012-12-31": 20, "2012-09-30": -150, "2012-06-30": 22, "2012-03-31": "112.00000", "2011-12-31": -840, "2011-09-30": -301, "2011-06-30": -145, "2011-03-31": "-75.00000", "2010-12-31": 21.2, "2010-09-30": -66.8, "2010-06-30": -182.6, "2010-03-31": "22.20000", "2009-12-31": 12.218, "2009-09-30": 5.674, "2009-06-30": 7.108, "2009-03-31": "", "2008-12-31": -12.904, "2008-09-30": -148.092, "2008-06-30": -131.722, "2008-03-31": "-113.09500", "2007-12-31": -307.569, "2007-09-30": -694.024, "2007-06-30": -493.059, "2007-03-31": "-571.13600", "2006-12-31": -78.581, "2006-09-30": 45.822, "2006-06-30": -803.255, "2006-03-31": "-441.25600", "2005-12-31": -172.901, "2005-09-30": -8.352, "2005-06-30": -99.099, "2005-03-31": "-204.54300"}, "Net Total Equity Issued/Repurchased": {"2020-09-30": -9, "2020-06-30": 4, "2020-03-31": "-1145.00000", "2019-12-31": -94, "2019-09-30": -493, "2019-06-30": 8, "2019-03-31": "-621.00000", "2018-12-31": -542, "2018-09-30": 0, "2018-06-30": -19, "2018-03-31": "-1090.00000", "2017-12-31": -149, "2017-09-30": -469, "2017-06-30": -136, "2017-03-31": "-172.00000", "2016-12-31": 4, "2016-09-30": -731, "2016-06-30": -113, "2016-03-31": "-195.00000", "2015-12-31": -464, "2015-09-30": -239, "2015-06-30": -148, "2015-03-31": "-53.00000", "2014-12-31": 34, "2014-09-30": 26, "2014-06-30": -158, "2014-03-31": "-71.00000", "2013-12-31": -65, "2013-09-30": -476, "2013-06-30": 33, "2013-03-31": "-426.00000", "2012-12-31": 20, "2012-09-30": -150, "2012-06-30": 22, "2012-03-31": "112.00000", "2011-12-31": -840, "2011-09-30": -301, "2011-06-30": -145, "2011-03-31": "-75.00000", "2010-12-31": 21.2, "2010-09-30": -66.8, "2010-06-30": -182.6, "2010-03-31": "22.20000", "2009-12-31": 12.218, "2009-09-30": 5.674, "2009-06-30": 7.108, "2009-03-31": "", "2008-12-31": -12.904, "2008-09-30": -148.092, "2008-06-30": -131.722, "2008-03-31": "-113.09500", "2007-12-31": -307.569, "2007-09-30": -694.024, "2007-06-30": -493.059, "2007-03-31": "-571.13600", "2006-12-31": -78.581, "2006-09-30": 45.822, "2006-06-30": -803.255, "2006-03-31": "-441.25600", "2005-12-31": -172.901, "2005-09-30": -8.352, "2005-06-30": -99.099, "2005-03-31": "-204.54300"}, "Total Common And Preferred Stock Dividends Paid": {"2020-09-30": -212, "2020-06-30": -203, "2020-03-31": "-212.00000", "2019-12-31": -182, "2019-09-30": -181, "2019-06-30": -181, "2019-03-31": "-159.00000", "2018-12-31": -162, "2018-09-30": -164, "2018-06-30": -154, "2018-03-31": "-177.00000", "2017-12-31": -147, "2017-09-30": -119, "2017-06-30": -136, "2017-03-31": "-130.00000", "2016-12-31": -151, "2016-09-30": -97, "2016-06-30": -119, "2016-03-31": "-129.00000", "2015-12-31": -126, "2015-09-30": -107, "2015-06-30": -110, "2015-03-31": "-124.00000", "2014-12-31": -134, "2014-09-30": -82, "2014-06-30": -97, "2014-03-31": "-97.00000", "2013-12-31": -95, "2013-09-30": -94, "2013-06-30": -98, "2013-03-31": "-96.00000", "2012-12-31": -784, "2012-09-30": -73, "2012-06-30": -77, "2012-03-31": "-74.00000", "2011-12-31": -83, "2011-09-30": -75, "2011-06-30": -84, "2011-03-31": "-77.00000", "2010-12-31": -87.9, "2010-09-30": -75.7, "2010-06-30": -84.8, "2010-03-31": "-77.60000", "2009-12-31": -70.185, "2009-09-30": -72.991, "2009-06-30": -75.973, "2009-03-31": "-70.85100", "2008-12-31": -78.596, "2008-09-30": -69.044, "2008-06-30": -71.097, "2008-03-31": "-71.01500", "2007-12-31": -66.773, "2007-09-30": -68.647, "2007-06-30": -69.567, "2007-03-31": "-72.75900", "2006-12-31": -64.298, "2006-09-30": -64.165, "2006-06-30": -65.534, "2006-03-31": "-66.32600", "2005-12-31": -61.846, "2005-09-30": -61.42, "2005-06-30": -59.94, "2005-03-31": "-62.84200"}, "Financial Activities - Other": {"2020-09-30": -1, "2020-06-30": -10, "2020-03-31": "-44.00000", "2019-12-31": -9, "2019-09-30": -2, "2019-06-30": -6, "2019-03-31": "-49.00000", "2018-12-31": -5, "2018-09-30": -11, "2018-06-30": -1, "2018-03-31": "-49.00000", "2017-12-31": 0, "2017-09-30": -5, "2017-06-30": 0, "2017-03-31": "-44.00000", "2016-12-31": 10, "2016-09-30": -20, "2016-06-30": -4, "2016-03-31": "-46.00000", "2015-12-31": -131, "2015-09-30": -4, "2015-06-30": 6, "2015-03-31": "32.00000", "2014-12-31": 39, "2014-09-30": 7, "2014-06-30": -1, "2014-03-31": "72.00000", "2013-12-31": 17, "2013-09-30": 14, "2013-06-30": -8, "2013-03-31": "8.00000", "2012-12-31": 24, "2012-09-30": 11, "2012-06-30": 2, "2012-03-31": "5.00000", "2011-12-31": 17, "2011-09-30": 1, "2011-06-30": 1, "2011-03-31": "1.00000", "2010-12-31": 0.7, "2010-09-30": 0, "2010-06-30": 0.2, "2010-03-31": "1.10000", "2009-12-31": -0.074, "2009-09-30": 0.064, "2009-06-30": 0.01, "2009-03-31": "", "2008-12-31": -0.127, "2008-09-30": 2.788, "2008-06-30": 0.005, "2008-03-31": "1.31500", "2007-12-31": 1.412, "2007-09-30": 2.419, "2007-06-30": 18.994, "2007-03-31": "13.02400", "2006-12-31": 21.537, "2006-09-30": 10.323, "2006-06-30": 4, "2006-03-31": "22.39400", "2005-12-31": -0.021, "2005-09-30": -0.053, "2005-06-30": -0.04, "2005-03-31": "-0.05500"}, "Cash Flow From Financial Activities": {"2020-09-30": -340, "2020-06-30": -209, "2020-03-31": "-1401.00000", "2019-12-31": -67, "2019-09-30": -676, "2019-06-30": -179, "2019-03-31": "-829.00000", "2018-12-31": -709, "2018-09-30": -175, "2018-06-30": -88, "2018-03-31": "-1316.00000", "2017-12-31": -296, "2017-09-30": -593, "2017-06-30": -272, "2017-03-31": "-346.00000", "2016-12-31": -558, "2016-09-30": -664, "2016-06-30": -399, "2016-03-31": "-41.00000", "2015-12-31": -578, "2015-09-30": 1634, "2015-06-30": 73, "2015-03-31": "220.00000", "2014-12-31": -61, "2014-09-30": -49, "2014-06-30": -256, "2014-03-31": "-96.00000", "2013-12-31": -143, "2013-09-30": -556, "2013-06-30": -73, "2013-03-31": "-971.00000", "2012-12-31": -683, "2012-09-30": -212, "2012-06-30": -53, "2012-03-31": "43.00000", "2011-12-31": -906, "2011-09-30": -375, "2011-06-30": -228, "2011-03-31": "-151.00000", "2010-12-31": -66, "2010-09-30": -142.5, "2010-06-30": -267.2, "2010-03-31": "-54.30000", "2009-12-31": -58.041, "2009-09-30": -156.853, "2009-06-30": -139.155, "2009-03-31": "19.04900", "2008-12-31": -328.727, "2008-09-30": -433.448, "2008-06-30": -72.814, "2008-03-31": "213.40500", "2007-12-31": -515.075, "2007-09-30": -423.461, "2007-06-30": -156.597, "2007-03-31": "-26.09400", "2006-12-31": -354.059, "2006-09-30": -454.206, "2006-06-30": -186.416, "2006-03-31": "-485.26300", "2005-12-31": -235.91, "2005-09-30": -452.363, "2005-06-30": 213.656, "2005-03-31": "-269.17200"}, "Net Cash Flow": {"2020-09-30": 484, "2020-06-30": 732, "2020-03-31": "-934.00000", "2019-12-31": 867, "2019-09-30": 99, "2019-06-30": 484, "2019-03-31": "-522.00000", "2018-12-31": -245, "2018-09-30": 268, "2018-06-30": 179, "2018-03-31": "-1023.00000", "2017-12-31": 467, "2017-09-30": -72, "2017-06-30": -27, "2017-03-31": "19.00000", "2016-12-31": -7, "2016-09-30": 832, "2016-06-30": -33, "2016-03-31": "119.00000", "2015-12-31": 40, "2015-09-30": -279, "2015-06-30": 544, "2015-03-31": "-1321.00000", "2014-12-31": 579, "2014-09-30": 301, "2014-06-30": 86, "2014-03-31": "-11.00000", "2013-12-31": -35, "2013-09-30": -323, "2013-06-30": -5, "2013-03-31": "1145.00000", "2012-12-31": -375, "2012-09-30": 398, "2012-06-30": -69, "2012-03-31": "-29.00000", "2011-12-31": -493, "2011-09-30": 138, "2011-06-30": 30, "2011-03-31": "-256.00000", "2010-12-31": 185.1, "2010-09-30": 205, "2010-06-30": -91.6, "2010-03-31": "-0.50000", "2009-12-31": 252.406, "2009-09-30": 401.134, "2009-06-30": 59.332, "2009-03-31": "25.12800", "2008-12-31": -13.555, "2008-09-30": 129.922, "2008-06-30": -41.405, "2008-03-31": "0.61300", "2007-12-31": -56.435, "2007-09-30": 94.449, "2007-06-30": -71.549, "2007-03-31": "76.13300", "2006-12-31": 43.787, "2006-09-30": 98.658, "2006-06-30": 31.315, "2006-03-31": "-569.04900", "2005-12-31": 282.152, "2005-09-30": 220.74, "2005-06-30": -115.204, "2005-03-31": "-319.52400"}, "Stock-Based Compensation": {"2020-09-30": 38, "2020-06-30": 11, "2020-03-31": "11.00000", "2019-12-31": 25, "2019-09-30": 20, "2019-06-30": 21, "2019-03-31": "12.00000", "2018-12-31": 21, "2018-09-30": 27, "2018-06-30": 33, "2018-03-31": "13.00000", "2017-12-31": 34, "2017-09-30": 24, "2017-06-30": 22, "2017-03-31": "19.00000", "2016-12-31": 22, "2016-09-30": 20, "2016-06-30": 20, "2016-03-31": "14.00000", "2015-12-31": 23, "2015-09-30": 18, "2015-06-30": 19, "2015-03-31": "18.00000", "2014-12-31": 28, "2014-09-30": 25, "2014-06-30": 30, "2014-03-31": "17.00000", "2013-12-31": 26, "2013-09-30": 23, "2013-06-30": 26, "2013-03-31": "21.00000", "2012-12-31": 27, "2012-09-30": 23, "2012-06-30": 23, "2012-03-31": "17.00000", "2011-12-31": 12, "2011-09-30": 24, "2011-06-30": 23, "2011-03-31": "18.00000", "2010-12-31": 6.2, "2010-09-30": 21.8, "2010-06-30": 14.7, "2010-03-31": "8.30000", "2009-12-31": 9.517, "2009-09-30": -4.75, "2009-06-30": 9.403, "2009-03-31": "7.83000", "2008-12-31": -5.498, "2008-09-30": -39.436, "2008-06-30": 21.956, "2008-03-31": "21.04400", "2007-12-31": 30.324, "2007-09-30": 31.557, "2007-06-30": 31.698, "2007-03-31": "31.11300", "2006-12-31": 29.939, "2006-09-30": 29.226, "2006-06-30": 23.005, "2006-03-31": "54.01100", "2005-12-31": 22.747, "2005-09-30": 14.6, "2005-06-30": 8.119, "2005-03-31": "5.65000"}, "Common Stock Dividends Paid": {"2020-09-30": -212, "2020-06-30": -203, "2020-03-31": "-212.00000", "2019-12-31": -182, "2019-09-30": -181, "2019-06-30": -181, "2019-03-31": "-159.00000", "2018-12-31": -162, "2018-09-30": -164, "2018-06-30": -154, "2018-03-31": "-177.00000", "2017-12-31": -147, "2017-09-30": -119, "2017-06-30": -136, "2017-03-31": "-130.00000", "2016-12-31": -151, "2016-09-30": -97, "2016-06-30": -119, "2016-03-31": "-129.00000", "2015-12-31": -126, "2015-09-30": -107, "2015-06-30": -110, "2015-03-31": "-124.00000", "2014-12-31": -134, "2014-09-30": -82, "2014-06-30": -97, "2014-03-31": "-97.00000", "2013-12-31": -95, "2013-09-30": -94, "2013-06-30": -98, "2013-03-31": "-96.00000", "2012-12-31": -784, "2012-09-30": -73, "2012-06-30": -77, "2012-03-31": "-74.00000", "2011-12-31": -83, "2011-09-30": -75, "2011-06-30": -84, "2011-03-31": "-77.00000", "2010-12-31": -87.9, "2010-09-30": -75.7, "2010-06-30": -84.8, "2010-03-31": "-77.60000", "2009-12-31": -70.185, "2009-09-30": -72.991, "2009-06-30": -75.973, "2009-03-31": "-70.85100", "2008-12-31": -78.596, "2008-09-30": -69.044, "2008-06-30": -71.097, "2008-03-31": "-71.01500", "2007-12-31": -66.773, "2007-09-30": -68.647, "2007-06-30": -69.567, "2007-03-31": "-72.75900", "2006-12-31": -64.298, "2006-09-30": -64.165, "2006-06-30": -65.534, "2006-03-31": "-66.32600", "2005-12-31": -61.846, "2005-09-30": -61.42, "2005-06-30": -59.94, "2005-03-31": "-62.84200"}}, "financial ratios": {"Current Ratio": {"2019-12-31": "1.52340", "2018-12-31": "1.36390", "2017-12-31": "1.34540", "2016-12-31": "1.40600", "2015-12-31": "1.13340", "2014-12-31": "1.01070", "2013-12-31": "1.23990", "2012-12-31": "1.06330", "2011-12-31": "1.27990", "2010-12-31": "1.25890", "2009-12-31": "1.19760", "2008-12-31": "0.90990", "2007-12-31": "0.88170", "2006-12-31": "0.91490", "2005-12-31": "1.16460"}, "Long-term Debt / Capital": {"2019-12-31": "0.88050", "2018-12-31": "0.84260", "2017-12-31": "0.80540", "2016-12-31": "0.83560", "2015-12-31": "0.93450", "2014-12-31": "0.59600", "2013-12-31": "0.37280", "2012-12-31": "0.48750", "2011-12-31": "0.33500", "2010-12-31": "0.34330", "2009-12-31": "0.38310", "2008-12-31": "0.46960", "2007-12-31": "0.42700", "2006-12-31": "0.00010", "2005-12-31": "0.00010"}, "Debt/Equity Ratio": {"2019-12-31": "7.36570", "2018-12-31": "5.35380", "2017-12-31": "4.65930", "2016-12-31": "5.08420", "2015-12-31": "14.86010", "2014-12-31": "1.47500", "2013-12-31": "0.59450", "2012-12-31": "1.49520", "2011-12-31": "0.75630", "2010-12-31": "0.52270", "2009-12-31": "0.62090", "2008-12-31": "0.93700", "2007-12-31": "0.74530", "2006-12-31": "0.00100", "2005-12-31": "0.00110"}, "Gross Margin": {"2019-12-31": "73.11540", "2018-12-31": "72.86670", "2017-12-31": "72.06000", "2016-12-31": "68.68050", "2015-12-31": "67.66420", "2014-12-31": "67.31340", "2013-12-31": "66.73760", "2012-12-31": "66.44030", "2011-12-31": "64.92160", "2010-12-31": "66.85900", "2009-12-31": "60.15330", "2008-12-31": "60.37120", "2007-12-31": "62.67730", "2006-12-31": "61.83540", "2005-12-31": "61.41790"}, "Operating Margin": {"2019-12-31": "48.15640", "2018-12-31": "44.58290", "2017-12-31": "42.60270", "2016-12-31": "59.01780", "2015-12-31": "36.08130", "2014-12-31": "2.23720", "2013-12-31": "28.88130", "2012-12-31": "27.40050", "2011-12-31": "27.23820", "2010-12-31": "28.19460", "2009-12-31": "21.44800", "2008-12-31": "21.63140", "2007-12-31": "24.76140", "2006-12-31": "22.67660", "2005-12-31": "22.73890"}, "EBIT Margin": {"2019-12-31": "48.15640", "2018-12-31": "44.58290", "2017-12-31": "42.60270", "2016-12-31": "59.01780", "2015-12-31": "36.08130", "2014-12-31": "2.23720", "2013-12-31": "28.88130", "2012-12-31": "27.40050", "2011-12-31": "27.23820", "2010-12-31": "28.19460", "2009-12-31": "21.44800", "2008-12-31": "21.63140", "2007-12-31": "24.76140", "2006-12-31": "22.67660", "2005-12-31": "22.73890"}, "EBITDA Margin": {"2019-12-31": "51.20170", "2018-12-31": "47.87470", "2017-12-31": "45.57150", "2016-12-31": "62.21520", "2015-12-31": "39.03630", "2014-12-31": "4.89010", "2013-12-31": "31.79500", "2012-12-31": "30.70260", "2011-12-31": "30.42490", "2010-12-31": "31.16240", "2009-12-31": "29.30150", "2008-12-31": "29.16360", "2007-12-31": "30.68510", "2006-12-31": "28.91140", "2005-12-31": "29.15610"}, "Pre-Tax Profit Margin": {"2019-12-31": "43.73790", "2018-12-31": "42.84120", "2017-12-31": "40.59050", "2016-12-31": "56.31510", "2015-12-31": "34.16150", "2014-12-31": "1.06910", "2013-12-31": "27.62650", "2012-12-31": "25.50350", "2011-12-31": "25.29080", "2010-12-31": "25.91370", "2009-12-31": "20.13630", "2008-12-31": "20.44140", "2007-12-31": "24.16220", "2006-12-31": "22.45870", "2005-12-31": "22.65230"}, "Net Profit Margin": {"2019-12-31": "31.69130", "2018-12-31": "31.28800", "2017-12-31": "24.67430", "2016-12-31": "37.20190", "2015-12-31": "21.75800", "2014-12-31": "-2.27680", "2013-12-31": "29.26410", "2012-12-31": "10.23420", "2011-12-31": "23.04000", "2010-12-31": "22.75350", "2009-12-31": "12.45320", "2008-12-31": "12.58040", "2007-12-31": "14.96630", "2006-12-31": "14.10410", "2005-12-31": "14.06320"}, "Asset Turnover": {"2019-12-31": "0.59030", "2018-12-31": "0.66290", "2017-12-31": "0.64330", "2016-12-31": "0.65300", "2015-12-31": "0.64930", "2014-12-31": "0.74580", "2013-12-31": "0.77580", "2012-12-31": "0.60550", "2011-12-31": "0.59730", "2010-12-31": "0.51640", "2009-12-31": "0.90650", "2008-12-31": "1.04520", "2007-12-31": "1.05960", "2006-12-31": "1.03510", "2005-12-31": "0.93870"}, "Inventory Turnover Ratio": {"2019-12-31": "", "2018-12-31": "", "2017-12-31": "", "2016-12-31": "", "2015-12-31": "", "2014-12-31": "", "2013-12-31": "", "2012-12-31": "", "2011-12-31": "", "2010-12-31": "4.38550", "2009-12-31": "7.76490", "2008-12-31": "6.81250", "2007-12-31": "7.20800", "2006-12-31": "7.40990", "2005-12-31": "6.90870"}, "Receiveable Turnover": {"2019-12-31": "4.24790", "2018-12-31": "4.31880", "2017-12-31": "4.59670", "2016-12-31": "5.04550", "2015-12-31": "5.36130", "2014-12-31": "5.41950", "2013-12-31": "4.95470", "2012-12-31": "4.47590", "2011-12-31": "5.63250", "2010-12-31": "3.74000", "2009-12-31": "6.05370", "2008-12-31": "5.99050", "2007-12-31": "5.69480", "2006-12-31": "5.05540", "2005-12-31": "5.38790"}, "Days Sales In Receivables": {"2019-12-31": "85.92400", "2018-12-31": "84.51340", "2017-12-31": "79.40540", "2016-12-31": "72.34240", "2015-12-31": "68.08110", "2014-12-31": "67.34900", "2013-12-31": "73.66760", "2012-12-31": "81.54800", "2011-12-31": "64.80270", "2010-12-31": "97.59410", "2009-12-31": "60.29410", "2008-12-31": "60.93000", "2007-12-31": "64.09360", "2006-12-31": "72.20020", "2005-12-31": "67.74490"}, "ROE - Return On Equity": {"2019-12-31": "429.66420", "2018-12-31": "310.08770", "2017-12-31": "213.83810", "2016-12-31": "317.83170", "2015-12-31": "521.81070", "2014-12-31": "-35.43600", "2013-12-31": "65.02980", "2012-12-31": "83.45240", "2011-12-31": "39.52020", "2010-12-31": "26.13440", "2009-12-31": "39.03220", "2008-12-31": "60.56490", "2007-12-31": "63.94410", "2006-12-31": "32.92380", "2005-12-31": "27.12070"}, "Return On Tangible Equity": {"2019-12-31": "-51.60210", "2018-12-31": "-48.48000", "2017-12-31": "-45.36140", "2016-12-31": "-59.35000", "2015-12-31": "-30.47340", "2014-12-31": "10.31320", "2013-12-31": "-79.59930", "2012-12-31": "-41.75100", "2011-12-31": "1181.13200", "2010-12-31": "-283.88630", "2009-12-31": "-250.94550", "2008-12-31": "-87.02770", "2007-12-31": "-140.83770", "2006-12-31": "248.73510", "2005-12-31": "110.92110"}, "ROA - Return On Assets": {"2019-12-31": "20.29430", "2018-12-31": "22.46580", "2017-12-31": "17.37930", "2016-12-31": "25.70080", "2015-12-31": "15.49550", "2014-12-31": "-2.82000", "2013-12-31": "14.42010", "2012-12-31": "9.94040", "2011-12-31": "9.45620", "2010-12-31": "8.50010", "2009-12-31": "11.62890", "2008-12-31": "13.47610", "2007-12-31": "16.07410", "2006-12-31": "14.59950", "2005-12-31": "13.20090"}, "ROI - Return On Investment": {"2019-12-31": "51.36040", "2018-12-31": "48.80350", "2017-12-31": "41.61590", "2016-12-31": "52.23920", "2015-12-31": "34.16870", "2014-12-31": "-14.31780", "2013-12-31": "40.78400", "2012-12-31": "42.77000", "2011-12-31": "26.28040", "2010-12-31": "17.16330", "2009-12-31": "24.08080", "2008-12-31": "32.12590", "2007-12-31": "36.63800", "2006-12-31": "32.91990", "2005-12-31": "27.11770"}, "Book Value Per Share": {"2019-12-31": "2.19670", "2018-12-31": "2.74700", "2017-12-31": "3.01930", "2016-12-31": "2.71390", "2015-12-31": "0.91350", "2014-12-31": "1.98160", "2013-12-31": "4.95940", "2012-12-31": "3.01080", "2011-12-31": "5.73910", "2010-12-31": "7.44160", "2009-12-31": "6.11770", "2008-12-31": "4.30300", "2007-12-31": "4.98390", "2006-12-31": "7.57040", "2005-12-31": "8.35300"}, "Operating Cash Flow Per Share": {"2019-12-31": 3.0917, "2018-12-31": 0.3649, "2017-12-31": 1.9044, "2016-12-31": 4.586, "2015-12-31": -3.1566, "2014-12-31": 1.6581, "2013-12-31": 0.2299, "2012-12-31": -0.4785, "2011-12-31": 0.7885, "2010-12-31": -1.9942, "2009-12-31": 0.5526, "2008-12-31": -1.2832, "2007-12-31": 0.8659, "2006-12-31": -0.0457, "2005-12-31": 4.1596}, "Free Cash Flow Per Share": {"2019-12-31": 3.0722, "2018-12-31": 0.3937, "2017-12-31": 1.863, "2016-12-31": 4.6585, "2015-12-31": -3.324, "2014-12-31": 1.7375, "2013-12-31": 0.149, "2012-12-31": -0.5127, "2011-12-31": 0.6808, "2010-12-31": -1.8957, "2009-12-31": 0.6694, "2008-12-31": -1.2085, "2007-12-31": 0.6918, "2006-12-31": -0.3866, "2005-12-31": 4.1892}}, "financial ratios, quarterly": {"Current Ratio": {"2020-09-30": "1.71970", "2020-06-30": "1.46680", "2020-03-31": "1.23870", "2019-12-31": "1.52340", "2019-09-30": "1.10350", "2019-06-30": "1.36870", "2019-03-31": "1.19850", "2018-12-31": "1.36390", "2018-09-30": "1.44140", "2018-06-30": "1.27310", "2018-03-31": "1.04750", "2017-12-31": "1.34540", "2017-09-30": "1.51700", "2017-06-30": "1.57620", "2017-03-31": "1.48360", "2016-12-31": "1.40600", "2016-09-30": "1.21400", "2016-06-30": "1.21580", "2016-03-31": "1.15630", "2015-12-31": "1.13340", "2015-09-30": "1.13210", "2015-06-30": "1.43440", "2015-03-31": "1.04230", "2014-12-31": "1.01070", "2014-09-30": "1.33720", "2014-06-30": "1.32900", "2014-03-31": "1.27060", "2013-12-31": "1.23990", "2013-09-30": "1.19880", "2013-06-30": "1.29730", "2013-03-31": "1.18340", "2012-12-31": "1.06330", "2012-09-30": "0.97050", "2012-06-30": "0.91700", "2012-03-31": "0.90200", "2011-12-31": "1.27990", "2011-09-30": "1.22830", "2011-06-30": "1.26950", "2011-03-31": "1.26130", "2010-12-31": "1.25890", "2010-09-30": "1.25930", "2010-06-30": "1.23230", "2010-03-31": "1.25770", "2009-12-31": "1.19760", "2009-09-30": "1.13550", "2009-06-30": "0.99160", "2009-03-31": "0.90400", "2008-12-31": "0.90990", "2008-09-30": "0.91810", "2008-06-30": "0.84690", "2008-03-31": "0.83090", "2007-12-31": "0.88170", "2007-09-30": "0.68750", "2007-06-30": "0.70270", "2007-03-31": "0.70920", "2006-12-31": "0.91490", "2006-09-30": "0.93570", "2006-06-30": "0.76620", "2006-03-31": "0.78890", "2005-12-31": "1.16460", "2005-09-30": "1.18670", "2005-06-30": "0.94500", "2005-03-31": "1.11400"}, "Long-term Debt / Capital": {"2020-09-30": "0.89190", "2020-06-30": "0.93650", "2020-03-31": "1.05170", "2019-12-31": "0.88050", "2019-09-30": "0.88060", "2019-06-30": "0.86540", "2019-03-31": "0.90420", "2018-12-31": "0.84260", "2018-09-30": "0.79260", "2018-06-30": "0.85200", "2018-03-31": "0.97900", "2017-12-31": "0.80540", "2017-09-30": "0.79980", "2017-06-30": "0.76870", "2017-03-31": "0.80860", "2016-12-31": "0.83560", "2016-09-30": "0.87460", "2016-06-30": "0.89090", "2016-03-31": "0.92780", "2015-12-31": "0.93450", "2015-09-30": "0.83210", "2015-06-30": "0.64700", "2015-03-31": "0.57560", "2014-12-31": "0.59600", "2014-09-30": "0.33440", "2014-06-30": "0.34920", "2014-03-31": "0.36220", "2013-12-31": "0.37280", "2013-09-30": "0.44050", "2013-06-30": "0.38600", "2013-03-31": "0.42480", "2012-12-31": "0.48750", "2012-09-30": "0.30030", "2012-06-30": "0.31590", "2012-03-31": "0.30880", "2011-12-31": "0.33500", "2011-09-30": "0.34370", "2011-06-30": "0.33900", "2011-03-31": "0.34090", "2010-12-31": "0.34330", "2010-09-30": "0.35100", "2010-06-30": "0.38420", "2010-03-31": "0.37630", "2009-12-31": "0.38310", "2009-09-30": "0.40590", "2009-06-30": "0.44960", "2009-03-31": "0.47840", "2008-12-31": "0.46960", "2008-09-30": "0.41200", "2008-06-30": "0.43050", "2008-03-31": "0.42900", "2007-12-31": "0.42700", "2007-09-30": "0.00020", "2007-06-30": "0.00020", "2007-03-31": "0.00020", "2006-12-31": "0.00010", "2006-09-30": "0.00010", "2006-06-30": "0.00020", "2006-03-31": "0.00010", "2005-12-31": "0.00010", "2005-09-30": "0.00010", "2005-06-30": "0.00010", "2005-03-31": "0.00010"}, "Debt/Equity Ratio": {"2020-09-30": "8.25300", "2020-06-30": "14.73880", "2020-03-31": "-20.35570", "2019-12-31": "7.36570", "2019-09-30": "9.11690", "2019-06-30": "6.42810", "2019-03-31": "9.44070", "2018-12-31": "5.35380", "2018-09-30": "3.82150", "2018-06-30": "5.75470", "2018-03-31": "52.50000", "2017-12-31": "4.65930", "2017-09-30": "3.99550", "2017-06-30": "3.32340", "2017-03-31": "4.22390", "2016-12-31": "5.08420", "2016-09-30": "7.75540", "2016-06-30": "8.89180", "2016-03-31": "14.59630", "2015-12-31": "14.86010", "2015-09-30": "4.95600", "2015-06-30": "1.83310", "2015-03-31": "1.97620", "2014-12-31": "1.47500", "2014-09-30": "0.50250", "2014-06-30": "0.53660", "2014-03-31": "0.56790", "2013-12-31": "0.59450", "2013-09-30": "0.78720", "2013-06-30": "0.62860", "2013-03-31": "0.73840", "2012-12-31": "1.49520", "2012-09-30": "0.64390", "2012-06-30": "0.69310", "2012-03-31": "0.67080", "2011-12-31": "0.75630", "2011-09-30": "0.52360", "2011-06-30": "0.51280", "2011-03-31": "0.51730", "2010-12-31": "0.52270", "2010-09-30": "0.54090", "2010-06-30": "0.62390", "2010-03-31": "0.60340", "2009-12-31": "0.62090", "2009-09-30": "0.68320", "2009-06-30": "0.87810", "2009-03-31": "1.03950", "2008-12-31": "0.93700", "2008-09-30": "0.88050", "2008-06-30": "1.08790", "2008-03-31": "0.99970", "2007-12-31": "0.74530", "2007-09-30": "0.76960", "2007-06-30": "0.52570", "2007-03-31": "0.30750", "2006-12-31": "0.00100", "2006-09-30": "0.09030", "2006-06-30": "0.31570", "2006-03-31": "0.00140", "2005-12-31": "0.00110", "2005-09-30": "0.00140", "2005-06-30": "0.13850", "2005-03-31": "0.00120"}, "Gross Margin": {"2020-09-30": "71.88520", "2020-06-30": "74.62690", "2020-03-31": "70.82870", "2019-12-31": "78.27090", "2019-09-30": "71.58080", "2019-06-30": "72.35920", "2019-03-31": "69.89180", "2018-12-31": "72.85160", "2018-09-30": "73.48000", "2018-06-30": "72.59170", "2018-03-31": "72.55900", "2017-12-31": "72.79600", "2017-09-30": "72.30670", "2017-06-30": "71.37180", "2017-03-31": "71.71370", "2016-12-31": "69.97860", "2016-09-30": "70.04870", "2016-06-30": "68.35360", "2016-03-31": "66.21920", "2015-12-31": "65.28380", "2015-09-30": "68.35350", "2015-06-30": "69.29960", "2015-03-31": "67.79260", "2014-12-31": "65.42640", "2014-09-30": "68.17100", "2014-06-30": "68.74040", "2014-03-31": "66.88960", "2013-12-31": "62.10900", "2013-09-30": "67.79510", "2013-06-30": "68.40000", "2013-03-31": "68.33190", "2012-12-31": "66.18910", "2012-09-30": "67.11470", "2012-06-30": "67.25750", "2012-03-31": "65.12080", "2011-12-31": "19.92030", "2011-09-30": "62.73590", "2011-06-30": "61.91390", "2011-03-31": "60.11100", "2010-12-31": "17.84760", "2010-09-30": "63.80740", "2010-06-30": "61.94970", "2010-03-31": "59.99660", "2009-12-31": "61.49260", "2009-09-30": "60.77200", "2009-06-30": "60.24350", "2009-03-31": "57.41720", "2008-12-31": "57.05320", "2008-09-30": "63.14020", "2008-06-30": "61.32300", "2008-03-31": "58.26230", "2007-12-31": "60.40450", "2007-09-30": "64.95010", "2007-06-30": "63.05390", "2007-03-31": "61.09420", "2006-12-31": "61.92610", "2006-09-30": "64.25440", "2006-06-30": "61.60660", "2006-03-31": "57.78960", "2005-12-31": "61.80250", "2005-09-30": "63.48240", "2005-06-30": "60.52300", "2005-03-31": "58.14150"}, "Operating Margin": {"2020-09-30": "51.13760", "2020-06-30": "56.87080", "2020-03-31": "51.06380", "2019-12-31": "47.08930", "2019-09-30": "52.75310", "2019-06-30": "47.71130", "2019-03-31": "44.87590", "2018-12-31": "45.76820", "2018-09-30": "45.53690", "2018-06-30": "41.76510", "2018-03-31": "45.37330", "2017-12-31": "39.48360", "2017-09-30": "42.89490", "2017-06-30": "44.26770", "2017-03-31": "43.97800", "2016-12-31": "59.32810", "2016-09-30": "93.67620", "2016-06-30": "43.92710", "2016-03-31": "38.18050", "2015-12-31": "30.85880", "2015-09-30": "30.96680", "2015-06-30": "43.36810", "2015-03-31": "39.35590", "2014-12-31": "-89.06980", "2014-09-30": "28.97860", "2014-06-30": "36.55910", "2014-03-31": "35.11710", "2013-12-31": "22.25200", "2013-09-30": "34.28820", "2013-06-30": "34.88000", "2013-03-31": "23.53940", "2012-12-31": "29.13090", "2012-09-30": "24.64160", "2012-06-30": "28.73130", "2012-03-31": "27.24640", "2011-12-31": "19.92030", "2011-09-30": "31.81340", "2011-06-30": "22.99290", "2011-03-31": "17.12930", "2010-12-31": "17.84760", "2010-09-30": "32.20530", "2010-06-30": "22.13550", "2010-03-31": "15.98620", "2009-12-31": "20.45090", "2009-09-30": "29.63720", "2009-06-30": "20.22460", "2009-03-31": "10.82920", "2008-12-31": "14.55590", "2008-09-30": "31.87230", "2008-06-30": "21.79510", "2008-03-31": "12.40360", "2007-12-31": "15.96840", "2007-09-30": "33.75930", "2007-06-30": "26.50630", "2007-03-31": "17.90940", "2006-12-31": "20.45660", "2006-09-30": "30.92630", "2006-06-30": "23.59360", "2006-03-31": "10.14080", "2005-12-31": "20.47350", "2005-09-30": "30.85190", "2005-06-30": "21.56000", "2005-03-31": "12.21320"}, "EBIT Margin": {"2020-09-30": "51.13760", "2020-06-30": "56.87080", "2020-03-31": "51.06380", "2019-12-31": "47.08930", "2019-09-30": "52.75310", "2019-06-30": "47.71130", "2019-03-31": "44.87590", "2018-12-31": "45.76820", "2018-09-30": "45.53690", "2018-06-30": "41.76510", "2018-03-31": "45.37330", "2017-12-31": "39.48360", "2017-09-30": "42.89490", "2017-06-30": "44.26770", "2017-03-31": "43.97800", "2016-12-31": "59.32810", "2016-09-30": "93.67620", "2016-06-30": "43.92710", "2016-03-31": "38.18050", "2015-12-31": "30.85880", "2015-09-30": "30.96680", "2015-06-30": "43.36810", "2015-03-31": "39.35590", "2014-12-31": "-89.06980", "2014-09-30": "28.97860", "2014-06-30": "36.55910", "2014-03-31": "35.11710", "2013-12-31": "22.25200", "2013-09-30": "34.28820", "2013-06-30": "34.88000", "2013-03-31": "23.53940", "2012-12-31": "29.13090", "2012-09-30": "24.64160", "2012-06-30": "28.73130", "2012-03-31": "27.24640", "2011-12-31": "19.92030", "2011-09-30": "31.81340", "2011-06-30": "22.99290", "2011-03-31": "17.12930", "2010-12-31": "17.84760", "2010-09-30": "32.20530", "2010-06-30": "22.13550", "2010-03-31": "15.98620", "2009-12-31": "20.45090", "2009-09-30": "29.63720", "2009-06-30": "20.22460", "2009-03-31": "10.82920", "2008-12-31": "14.55590", "2008-09-30": "31.87230", "2008-06-30": "21.79510", "2008-03-31": "12.40360", "2007-12-31": "15.96840", "2007-09-30": "33.75930", "2007-06-30": "26.50630", "2007-03-31": "17.90940", "2006-12-31": "20.45660", "2006-09-30": "30.92630", "2006-06-30": "23.59360", "2006-03-31": "10.14080", "2005-12-31": "20.47350", "2005-09-30": "30.85190", "2005-06-30": "21.56000", "2005-03-31": "12.21320"}, "EBITDA Margin": {"2020-09-30": "", "2020-06-30": "", "2020-03-31": "", "2019-12-31": "", "2019-09-30": "", "2019-06-30": "", "2019-03-31": "", "2018-12-31": "", "2018-09-30": "", "2018-06-30": "", "2018-03-31": "", "2017-12-31": "", "2017-09-30": "", "2017-06-30": "", "2017-03-31": "", "2016-12-31": "", "2016-09-30": "", "2016-06-30": "", "2016-03-31": "", "2015-12-31": "", "2015-09-30": "", "2015-06-30": "", "2015-03-31": "", "2014-12-31": "", "2014-09-30": "", "2014-06-30": "", "2014-03-31": "", "2013-12-31": "", "2013-09-30": "", "2013-06-30": "", "2013-03-31": "", "2012-12-31": "", "2012-09-30": "", "2012-06-30": "", "2012-03-31": "", "2011-12-31": "", "2011-09-30": "", "2011-06-30": "", "2011-03-31": "", "2010-12-31": "", "2010-09-30": "", "2010-06-30": "", "2010-03-31": "", "2009-12-31": "", "2009-09-30": "", "2009-06-30": "", "2009-03-31": "", "2008-12-31": "", "2008-09-30": "", "2008-06-30": "", "2008-03-31": "", "2007-12-31": "", "2007-09-30": "", "2007-06-30": "", "2007-03-31": "", "2006-12-31": "", "2006-09-30": "", "2006-06-30": "", "2006-03-31": "", "2005-12-31": "", "2005-09-30": "", "2005-06-30": "", "2005-03-31": ""}, "Pre-Tax Profit Margin": {"2020-09-30": "34.45290", "2020-06-30": "55.32680", "2020-03-31": "49.10410", "2019-12-31": "42.13260", "2019-09-30": "50.38480", "2019-06-30": "45.89200", "2019-03-31": "36.02800", "2018-12-31": "43.68490", "2018-09-30": "43.46700", "2018-06-30": "40.83280", "2018-03-31": "43.45880", "2017-12-31": "37.09070", "2017-09-30": "41.04430", "2017-06-30": "42.41220", "2017-03-31": "42.05090", "2016-12-31": "57.04070", "2016-09-30": "90.96600", "2016-06-30": "41.09310", "2016-03-31": "35.19760", "2015-12-31": "27.94760", "2015-09-30": "28.70090", "2015-06-30": "42.17590", "2015-03-31": "38.09900", "2014-12-31": "-90.54260", "2014-09-30": "28.02850", "2014-06-30": "35.48390", "2014-03-31": "33.94650", "2013-12-31": "21.00090", "2013-09-30": "33.07290", "2013-06-30": "33.60000", "2013-03-31": "22.26930", "2012-12-31": "27.41170", "2012-09-30": "22.75990", "2012-06-30": "26.77240", "2012-03-31": "25.21740", "2011-12-31": "18.02790", "2011-09-30": "30.87000", "2011-06-30": "21.70840", "2011-03-31": "15.62250", "2010-12-31": "16.57750", "2010-09-30": "31.21870", "2010-06-30": "20.71770", "2010-03-31": "14.12970", "2009-12-31": "19.99940", "2009-09-30": "28.68690", "2009-06-30": "18.01680", "2009-03-31": "9.03580", "2008-12-31": "13.46520", "2008-09-30": "30.79820", "2008-06-30": "20.57860", "2008-03-31": "10.93960", "2007-12-31": "15.21320", "2007-09-30": "33.05440", "2007-06-30": "25.80210", "2007-03-31": "17.81660", "2006-12-31": "20.45210", "2006-09-30": "30.54920", "2006-06-30": "23.03360", "2006-03-31": "10.36080", "2005-12-31": "20.59130", "2005-09-30": "30.70990", "2005-06-30": "21.31880", "2005-03-31": "12.14530"}, "Net Profit Margin": {"2020-09-30": "24.64790", "2020-06-30": "40.76170", "2020-03-31": "35.77830", "2019-12-31": "31.18160", "2019-09-30": "36.53050", "2019-06-30": "32.57040", "2019-03-31": "26.09800", "2018-12-31": "33.26820", "2018-09-30": "32.01810", "2018-06-30": "28.65130", "2018-03-31": "31.33380", "2017-12-31": "16.49870", "2017-09-30": "27.36290", "2017-06-30": "27.89930", "2017-03-31": "27.46040", "2016-12-31": "38.38460", "2016-09-30": "61.98750", "2016-06-30": "25.84350", "2016-03-31": "21.92390", "2015-12-31": "18.04950", "2015-09-30": "19.03320", "2015-06-30": "26.30400", "2015-03-31": "23.80200", "2014-12-31": "-65.50390", "2014-09-30": "15.04360", "2014-06-30": "22.42700", "2014-03-31": "20.73580", "2013-12-31": "15.37090", "2013-09-30": "18.66320", "2013-06-30": "20.32000", "2013-03-31": "62.23540", "2012-12-31": "-20.63040", "2012-09-30": "28.13620", "2012-06-30": "20.14930", "2012-03-31": "11.88410", "2011-12-31": "21.31470", "2011-09-30": "19.18240", "2011-06-30": "13.55170", "2011-03-31": "9.51630", "2010-12-31": "10.29410", "2010-09-30": "19.42030", "2010-06-30": "12.96380", "2010-03-31": "8.67780", "2009-12-31": "12.15260", "2009-09-30": "17.91730", "2009-06-30": "11.19950", "2009-03-31": "5.48720", "2008-12-31": "8.18990", "2008-09-30": "19.04600", "2008-06-30": "12.68770", "2008-03-31": "6.66000", "2007-12-31": "8.95880", "2007-09-30": "20.65900", "2007-06-30": "16.12630", "2007-03-31": "11.09500", "2006-12-31": "12.84400", "2006-09-30": "19.18490", "2006-06-30": "14.46510", "2006-03-31": "6.50670", "2005-12-31": "12.28250", "2005-09-30": "19.28580", "2005-06-30": "13.38830", "2005-03-31": "7.65160"}, "Asset Turnover": {"2020-09-30": "0.16120", "2020-06-30": "0.17500", "2020-03-31": "0.17070", "2019-12-31": "0.15290", "2019-09-30": "0.16580", "2019-06-30": "0.16730", "2019-03-31": "0.16160", "2018-12-31": "0.16270", "2018-09-30": "0.16480", "2018-06-30": "0.17460", "2018-03-31": "0.18440", "2017-12-31": "0.16850", "2017-09-30": "0.17360", "2017-06-30": "0.17170", "2017-03-31": "0.16790", "2016-12-31": "0.16140", "2016-09-30": "0.16590", "2016-06-30": "0.17870", "2016-03-31": "0.16230", "2015-12-31": "0.16790", "2015-09-30": "0.16220", "2015-06-30": "0.22320", "2015-03-31": "0.23370", "2014-12-31": "0.19050", "2014-09-30": "0.20140", "2014-06-30": "0.21500", "2014-03-31": "0.19900", "2013-12-31": "0.18460", "2013-09-30": "0.19700", "2013-06-30": "0.20290", "2013-03-31": "0.18840", "2012-12-31": "0.14850", "2012-09-30": "0.14050", "2012-06-30": "0.14660", "2012-03-31": "0.16290", "2011-12-31": "0.15170", "2011-09-30": "0.26670", "2011-06-30": "0.22420", "2011-03-31": "0.18570", "2010-12-31": "0.21230", "2010-09-30": "0.28420", "2010-06-30": "0.23160", "2010-03-31": "0.18930", "2009-12-31": "0.21320", "2009-09-30": "0.29240", "2009-06-30": "0.24190", "2009-03-31": "0.19630", "2008-12-31": "0.23280", "2008-09-30": "0.31160", "2008-06-30": "0.25330", "2008-03-31": "0.19330", "2007-12-31": "0.24560", "2007-09-30": "0.33530", "2007-06-30": "0.27540", "2007-03-31": "0.22060", "2006-12-31": "0.26380", "2006-09-30": "0.32500", "2006-06-30": "0.25740", "2006-03-31": "0.20180", "2005-12-31": "0.24100", "2005-09-30": "0.31100", "2005-06-30": "0.23620", "2005-03-31": "0.18920"}, "Inventory Turnover Ratio": {"2020-09-30": "", "2020-06-30": "", "2020-03-31": "", "2019-12-31": "", "2019-09-30": "", "2019-06-30": "", "2019-03-31": "", "2018-12-31": "", "2018-09-30": "", "2018-06-30": "", "2018-03-31": "", "2017-12-31": "", "2017-09-30": "", "2017-06-30": "", "2017-03-31": "", "2016-12-31": "", "2016-09-30": "", "2016-06-30": "", "2016-03-31": "", "2015-12-31": "", "2015-09-30": "", "2015-06-30": "", "2015-03-31": "", "2014-12-31": "", "2014-09-30": "", "2014-06-30": "", "2014-03-31": "", "2013-12-31": "", "2013-09-30": "", "2013-06-30": "", "2013-03-31": "", "2012-12-31": "", "2012-09-30": "1.42250", "2012-06-30": "1.18580", "2012-03-31": "1.23210", "2011-12-31": "", "2011-09-30": "2.49470", "2011-06-30": "1.74410", "2011-03-31": "1.58180", "2010-12-31": "4.46910", "2010-09-30": "2.39920", "2010-06-30": "1.65120", "2010-03-31": "1.49230", "2009-12-31": "1.76500", "2009-09-30": "2.17080", "2009-06-30": "1.49400", "2009-03-31": "1.26540", "2008-12-31": "1.64430", "2008-09-30": "1.78180", "2008-06-30": "1.30320", "2008-03-31": "1.15310", "2007-12-31": "1.77240", "2007-09-30": "2.02070", "2007-06-30": "1.47560", "2007-03-31": "1.30950", "2006-12-31": "1.88420", "2006-09-30": "2.05580", "2006-06-30": "1.50600", "2006-03-31": "1.29940", "2005-12-31": "1.75600", "2005-09-30": "1.95530", "2005-06-30": "1.32500", "2005-03-31": "1.07840"}, "Receiveable Turnover": {"2020-09-30": "1.29360", "2020-06-30": "1.24790", "2020-03-31": "1.18750", "2019-12-31": "1.10020", "2019-09-30": "1.13660", "2019-06-30": "1.10430", "2019-03-31": "1.02080", "2018-12-31": "1.06000", "2018-09-30": "1.24980", "2018-06-30": "1.24730", "2018-03-31": "1.19350", "2017-12-31": "1.20390", "2017-09-30": "1.27360", "2017-06-30": "1.29420", "2017-03-31": "1.31140", "2016-12-31": "1.24690", "2016-09-30": "1.46840", "2016-06-30": "1.47170", "2016-03-31": "1.37120", "2015-12-31": "1.38650", "2015-09-30": "1.34280", "2015-06-30": "1.26250", "2015-03-31": "1.28330", "2014-12-31": "1.38410", "2014-09-30": "1.36100", "2014-06-30": "1.31520", "2014-03-31": "1.21050", "2013-12-31": "1.17910", "2013-09-30": "1.20380", "2013-06-30": "1.30620", "2013-03-31": "1.18220", "2012-12-31": "1.09750", "2012-09-30": "0.83410", "2012-06-30": "0.97280", "2012-03-31": "1.11050", "2011-12-31": "1.43020", "2011-09-30": "1.68400", "2011-06-30": "1.55390", "2011-03-31": "1.56060", "2010-12-31": "1.53750", "2010-09-30": "1.76730", "2010-06-30": "1.48300", "2010-03-31": "1.55300", "2009-12-31": "1.42390", "2009-09-30": "1.59710", "2009-06-30": "1.39610", "2009-03-31": "1.37950", "2008-12-31": "1.33420", "2008-09-30": "1.56430", "2008-06-30": "1.32140", "2008-03-31": "1.26070", "2007-12-31": "1.31990", "2007-09-30": "1.45310", "2007-06-30": "1.32560", "2007-03-31": "1.34090", "2006-12-31": "1.28850", "2006-09-30": "1.51580", "2006-06-30": "1.36700", "2006-03-31": "1.29650", "2005-12-31": "1.38320", "2005-09-30": "1.45210", "2005-06-30": "1.29900", "2005-03-31": "1.23610"}, "Days Sales In Receivables": {"2020-09-30": "69.57210", "2020-06-30": "72.12040", "2020-03-31": "75.78950", "2019-12-31": "81.80400", "2019-09-30": "79.18300", "2019-06-30": "81.49650", "2019-03-31": "88.16680", "2018-12-31": "84.90230", "2018-09-30": "72.01160", "2018-06-30": "72.15660", "2018-03-31": "75.41160", "2017-12-31": "74.75440", "2017-09-30": "70.66760", "2017-06-30": "69.54270", "2017-03-31": "68.63040", "2016-12-31": "72.18010", "2016-09-30": "61.29260", "2016-06-30": "61.15380", "2016-03-31": "65.63760", "2015-12-31": "64.91270", "2015-09-30": "67.02420", "2015-06-30": "71.28910", "2015-03-31": "70.13350", "2014-12-31": "65.02330", "2014-09-30": "66.12830", "2014-06-30": "68.43320", "2014-03-31": "74.34780", "2013-12-31": "76.32710", "2013-09-30": "74.76560", "2013-06-30": "68.90400", "2013-03-31": "76.13040", "2012-12-31": "82.00570", "2012-09-30": "107.90320", "2012-06-30": "92.51870", "2012-03-31": "81.04350", "2011-12-31": "62.92830", "2011-09-30": "53.44340", "2011-06-30": "57.91910", "2011-03-31": "57.66850", "2010-12-31": "58.53610", "2010-09-30": "50.92580", "2010-06-30": "60.68790", "2010-03-31": "57.95110", "2009-12-31": "63.20630", "2009-09-30": "56.35210", "2009-06-30": "64.46320", "2009-03-31": "65.24130", "2008-12-31": "67.45510", "2008-09-30": "57.53340", "2008-06-30": "68.10790", "2008-03-31": "71.38640", "2007-12-31": "68.18450", "2007-09-30": "61.93820", "2007-06-30": "67.89370", "2007-03-31": "67.11920", "2006-12-31": "69.84610", "2006-09-30": "59.37320", "2006-06-30": "65.83830", "2006-03-31": "69.41950", "2005-12-31": "65.06520", "2005-09-30": "61.98040", "2005-06-30": "69.28370", "2005-03-31": "72.80760"}, "ROE - Return On Equity": {"2020-09-30": "100.00000", "2020-06-30": "314.17910", "2020-03-31": "-355.15460", "2019-12-31": "109.32840", "2019-09-30": "164.67660", "2019-06-30": "105.61400", "2019-03-31": "116.75260", "2018-12-31": "80.55560", "2018-09-30": "55.84550", "2018-06-30": "78.77360", "2018-03-31": "785.29410", "2017-12-31": "39.03390", "2017-09-30": "50.61590", "2017-06-30": "42.59090", "2017-03-31": "50.94790", "2016-12-31": "81.31240", "2016-09-30": "180.62620", "2016-06-30": "96.94120", "2016-03-31": "119.62960", "2015-12-31": "113.99180", "2015-09-30": "39.91480", "2015-06-30": "46.74850", "2015-03-31": "55.85740", "2014-12-31": "-182.56030", "2014-09-30": "13.52200", "2014-06-30": "20.81930", "2014-03-31": "19.04760", "2013-12-31": "12.57440", "2013-09-30": "25.41870", "2013-06-30": "21.47920", "2013-03-31": "16.08130", "2012-12-31": "22.14290", "2012-09-30": "9.23740", "2012-06-30": "10.40460", "2012-03-31": "9.12650", "2011-12-31": "7.13380", "2011-09-30": "16.38990", "2011-06-30": "9.24660", "2011-03-31": "5.39720", "2010-12-31": "6.89350", "2010-09-30": "17.56600", "2010-06-30": "10.11510", "2010-03-31": "5.39040", "2009-12-31": "9.16810", "2009-09-30": "19.52130", "2009-06-30": "11.45220", "2009-03-31": "5.05250", "2008-12-31": "8.94670", "2008-09-30": "23.21930", "2008-06-30": "13.69210", "2008-03-31": "5.30450", "2007-12-31": "9.61160", "2007-09-30": "26.12960", "2007-06-30": "14.64710", "2007-03-31": "7.28080", "2006-12-31": "7.64200", "2006-09-30": "14.66990", "2006-06-30": "10.23400", "2006-03-31": "3.18630", "2005-12-31": "6.08100", "2005-09-30": "12.05240", "2005-06-30": "6.93390", "2005-03-31": "2.87020"}, "Return On Tangible Equity": {"2020-09-30": "-10.84260", "2020-06-30": "-17.40030", "2020-03-31": "-12.91230", "2019-12-31": "-13.13020", "2019-09-30": "-14.58150", "2019-06-30": "-13.67560", "2019-03-31": "-9.76920", "2018-12-31": "-12.59430", "2018-09-30": "-13.35500", "2018-06-30": "-11.50400", "2018-03-31": "-12.22810", "2017-12-31": "-8.28030", "2017-09-30": "-12.84090", "2017-06-30": "-13.63770", "2017-03-31": "-11.97770", "2016-12-31": "-15.18380", "2016-09-30": "-23.27870", "2016-06-30": "-10.45690", "2016-03-31": "-7.90310", "2015-12-31": "-6.65710", "2015-09-30": "-6.77930", "2015-06-30": "-24.66020", "2015-03-31": "-18.67200", "2014-12-31": "53.13180", "2014-09-30": "-25.08750", "2014-06-30": "-32.59730", "2014-03-31": "-25.71980", "2013-12-31": "-15.39160", "2013-09-30": "-18.24610", "2013-06-30": "-22.78800", "2013-03-31": "-12.41970", "2012-12-31": "-11.07800", "2012-09-30": "-9.87370", "2012-06-30": "-9.82000", "2012-03-31": "-18.67130", "2011-12-31": "213.20760", "2011-09-30": "-101.07820", "2011-06-30": "-80.29740", "2011-03-31": "-41.25410", "2010-12-31": "-74.88150", "2010-09-30": "-150.07720", "2010-06-30": "-67.10430", "2010-03-31": "-45.84410", "2009-12-31": "-58.94320", "2009-09-30": "-69.37370", "2009-06-30": "-21.29680", "2009-03-31": "-6.78170", "2008-12-31": "-12.85580", "2008-09-30": "-64.44060", "2008-06-30": "-28.55120", "2008-03-31": "-11.42310", "2007-12-31": "-21.16960", "2007-09-30": "-72.83670", "2007-06-30": "-66.76790", "2007-03-31": "-49.05620", "2006-12-31": "57.73460", "2006-09-30": "138.44900", "2006-06-30": "-128.92610", "2006-03-31": "-941.71720", "2005-12-31": "24.87100", "2005-09-30": "47.45540", "2005-06-30": "55.09740", "2005-03-31": "10.04510"}, "ROA - Return On Assets": {"2020-09-30": "4.34860", "2020-06-30": "7.58220", "2020-03-31": "6.58510", "2019-12-31": "5.16390", "2019-09-30": "6.49780", "2019-06-30": "5.91070", "2019-03-31": "4.66050", "2018-12-31": "5.83620", "2018-09-30": "5.70180", "2018-06-30": "5.43560", "2018-03-31": "6.28460", "2017-12-31": "3.17240", "2017-09-30": "5.18710", "2017-06-30": "5.19850", "2017-03-31": "4.96880", "2016-12-31": "6.57520", "2016-09-30": "10.63850", "2016-06-30": "4.96920", "2016-03-31": "3.90990", "2015-12-31": "3.38510", "2015-09-30": "3.44240", "2015-06-30": "6.33630", "2015-03-31": "6.03890", "2014-12-31": "-14.52830", "2014-09-30": "3.42900", "2014-06-30": "5.11800", "2014-03-31": "4.45850", "2013-12-31": "2.78830", "2013-09-30": "4.41180", "2013-06-30": "4.43180", "2013-03-31": "2.77510", "2012-12-31": "2.63760", "2012-09-30": "2.16540", "2012-06-30": "2.46240", "2012-03-31": "2.56610", "2011-12-31": "1.70690", "2011-09-30": "5.24180", "2011-06-30": "3.11060", "2011-03-31": "1.84090", "2010-12-31": "2.24210", "2010-09-30": "5.65050", "2010-06-30": "3.05150", "2010-03-31": "1.70130", "2009-12-31": "2.73140", "2009-09-30": "5.33490", "2009-06-30": "2.77140", "2009-03-31": "1.12810", "2008-12-31": "1.99070", "2008-09-30": "6.03600", "2008-06-30": "3.28480", "2008-03-31": "1.34250", "2007-12-31": "2.41610", "2007-09-30": "6.92780", "2007-06-30": "4.44070", "2007-03-31": "2.44710", "2006-12-31": "3.38870", "2006-09-30": "6.23420", "2006-06-30": "3.72270", "2006-03-31": "1.31280", "2005-12-31": "2.95990", "2005-09-30": "5.99780", "2005-06-30": "3.16260", "2005-03-31": "1.44740"}, "ROI - Return On Investment": {"2020-09-30": "10.80730", "2020-06-30": "19.96210", "2020-03-31": "18.34890", "2019-12-31": "13.06870", "2019-09-30": "19.65560", "2019-06-30": "14.21820", "2019-03-31": "11.18240", "2018-12-31": "12.67830", "2018-09-30": "11.58260", "2018-06-30": "11.66200", "2018-03-31": "16.49170", "2017-12-31": "7.59650", "2017-09-30": "10.13230", "2017-06-30": "9.85130", "2017-03-31": "9.75280", "2016-12-31": "13.36460", "2016-09-30": "22.65590", "2016-06-30": "10.57770", "2016-03-31": "8.63870", "2015-12-31": "7.46430", "2015-09-30": "6.70160", "2015-06-30": "16.50070", "2015-03-31": "23.70320", "2014-12-31": "-73.76310", "2014-09-30": "8.99960", "2014-06-30": "13.54900", "2014-03-31": "12.14870", "2013-12-31": "7.88610", "2013-09-30": "14.22270", "2013-06-30": "13.18840", "2013-03-31": "9.25040", "2012-12-31": "11.34840", "2012-09-30": "6.46370", "2012-06-30": "7.11740", "2012-03-31": "6.30810", "2011-12-31": "4.74390", "2011-09-30": "10.75730", "2011-06-30": "6.11210", "2011-03-31": "3.55720", "2010-12-31": "4.52720", "2010-09-30": "11.39960", "2010-06-30": "6.22880", "2010-03-31": "3.36180", "2009-12-31": "5.65620", "2009-09-30": "11.59800", "2009-06-30": "6.30290", "2009-03-31": "2.63560", "2008-12-31": "4.74570", "2008-09-30": "13.65240", "2008-06-30": "7.79830", "2008-03-31": "3.02920", "2007-12-31": "5.50710", "2007-09-30": "26.12520", "2007-06-30": "14.64480", "2007-03-31": "7.27970", "2006-12-31": "7.64110", "2006-09-30": "14.66820", "2006-06-30": "10.23250", "2006-03-31": "3.18580", "2005-12-31": "6.08040", "2005-09-30": "12.05110", "2005-06-30": "6.93310", "2005-03-31": "2.86980"}, "Book Value Per Share": {"2020-09-30": "2.06980", "2020-06-30": "1.11200", "2020-03-31": "-0.80530", "2019-12-31": "2.19670", "2019-09-30": "1.64480", "2019-06-30": "2.31430", "2019-03-31": "1.57600", "2018-12-31": "2.74700", "2018-09-30": "3.81830", "2018-06-30": "2.52880", "2018-03-31": "0.27270", "2017-12-31": "3.01930", "2017-09-30": "3.50200", "2017-06-30": "4.17510", "2017-03-31": "3.27390", "2016-12-31": "2.71390", "2016-09-30": "1.97220", "2016-06-30": "1.60980", "2016-03-31": "1.02160", "2015-12-31": "0.91350", "2015-09-30": "2.60450", "2015-06-30": "2.99080", "2015-03-31": "2.15200", "2014-12-31": "1.98160", "2014-09-30": "5.85640", "2014-06-30": "5.49650", "2014-03-31": "5.16900", "2013-12-31": "4.95940", "2013-09-30": "3.74820", "2013-06-30": "4.61850", "2013-03-31": "3.94750", "2012-12-31": "3.01080", "2012-09-30": "6.70510", "2012-06-30": "6.17420", "2012-03-31": "6.38540", "2011-12-31": "5.73910", "2011-09-30": "7.79820", "2011-06-30": "7.75310", "2011-03-31": "7.60090", "2010-12-31": "7.44160", "2010-09-30": "7.21340", "2010-06-30": "6.21130", "2010-03-31": "6.29160", "2009-12-31": "6.11770", "2009-09-30": "5.56760", "2009-06-30": "4.65700", "2009-03-31": "4.15260", "2008-12-31": "4.30300", "2008-09-30": "5.43400", "2008-06-30": "4.98900", "2008-03-31": "4.96160", "2007-12-31": "4.98390", "2007-09-30": "5.25810", "2007-06-30": "5.58190", "2007-03-31": "5.75630", "2006-12-31": "7.57040", "2006-09-30": "7.35690", "2006-06-30": "6.13550", "2006-03-31": "6.51020", "2005-12-31": "8.35300", "2005-09-30": "8.43850", "2005-06-30": "7.52230", "2005-03-31": "14.64590"}, "Operating Cash Flow Per Share": {"2020-09-30": 3.3568, "2020-06-30": 3.8897, "2020-03-31": "2.79490", "2019-12-31": 4.0548, "2019-09-30": 3.1061, "2019-06-30": 2.9025, "2019-03-31": "1.18000", "2018-12-31": 2.6251, "2018-09-30": 1.9617, "2018-06-30": 2.1498, "2018-03-31": "1.41510", "2017-12-31": 3.1222, "2017-09-30": 2.0713, "2017-06-30": 1.2398, "2017-03-31": "1.35350", "2016-12-31": 1.1444, "2016-09-30": 2.3383, "2016-06-30": 1.7073, "2016-03-31": "0.69240", "2015-12-31": 2.5938, "2015-09-30": 1.9561, "2015-06-30": 1.6289, "2015-03-31": "-4.88240", "2014-12-31": 1.4755, "2014-09-30": 1.3621, "2014-06-30": 1.2041, "2014-03-31": "0.41130", "2013-12-31": 1.0876, "2013-09-30": 0.8952, "2013-06-30": 0.9774, "2013-03-31": "-0.16530", "2012-12-31": 0.4638, "2012-09-30": 1.3336, "2012-06-30": 0.676, "2012-03-31": "0.09160", "2011-12-31": -0.2589, "2011-09-30": 2.3259, "2011-06-30": 0.9348, "2011-03-31": "0.15830", "2010-12-31": -1.1344, "2010-09-30": 2.2576, "2010-06-30": 0.8114, "2010-03-31": "0.33640", "2009-12-31": 1.3684, "2009-09-30": 1.9412, "2009-06-30": 0.7244, "2009-03-31": "0.21520", "2008-12-31": 1.4458, "2008-09-30": 2.1343, "2008-06-30": 0.4636, "2008-03-31": "-0.34710", "2007-12-31": 1.7912, "2007-09-30": 2.0795, "2007-06-30": 0.753, "2007-03-31": "0.35610", "2006-12-31": 1.4797, "2006-09-30": 1.8319, "2006-06-30": 0.856, "2006-03-31": "-0.05370", "2005-12-31": 1.8056, "2005-09-30": 1.7512, "2005-06-30": 0.5618, "2005-03-31": "0.04100"}, "Free Cash Flow Per Share": {"2020-09-30": 3.2532, "2020-06-30": 3.8605, "2020-03-31": "2.74970", "2019-12-31": 3.9013, "2019-09-30": 2.9798, "2019-06-30": 2.797, "2019-03-31": "1.09950", "2018-12-31": 2.5259, "2018-09-30": 1.8514, "2018-06-30": 2.0427, "2018-03-31": "1.28540", "2017-12-31": 2.9379, "2017-09-30": 1.996, "2017-06-30": 1.1125, "2017-03-31": "1.26530", "2016-12-31": 0.9632, "2016-09-30": 2.2208, "2016-06-30": 1.6322, "2016-03-31": "0.63250", "2015-12-31": 2.3062, "2015-09-30": 1.8899, "2015-06-30": 1.5344, "2015-03-31": "-4.94030", "2014-12-31": 1.3255, "2014-09-30": 1.3074, "2014-06-30": 1.1422, "2014-03-31": "0.33910", "2013-12-31": 0.8667, "2013-09-30": 0.8524, "2013-06-30": 0.9003, "2013-03-31": "-0.24270", "2012-12-31": 0.3725, "2012-09-30": 1.2138, "2012-06-30": 0.585, "2012-03-31": "0.05640", "2011-12-31": -0.4122, "2011-09-30": 2.2453, "2011-06-30": 0.9122, "2011-03-31": "0.10010", "2010-12-31": -1.1201, "2010-09-30": 2.171, "2010-06-30": 0.7078, "2010-03-31": "0.31550", "2009-12-31": 1.1782, "2009-09-30": 1.8913, "2009-06-30": 0.6963, "2009-03-31": "0.18950", "2008-12-31": 1.2437, "2008-09-30": 2.077, "2008-06-30": 0.3851, "2008-03-31": "-0.41990", "2007-12-31": 1.5604, "2007-09-30": 1.9055, "2007-06-30": 0.5828, "2007-03-31": "0.44570", "2006-12-31": 1.2917, "2006-09-30": 1.763, "2006-06-30": 0.8, "2006-03-31": "-0.05210", "2005-12-31": 1.6892, "2005-09-30": 1.9651, "2005-06-30": 0.4925, "2005-03-31": "0.04240"}}, "revenue": {"S&P Global Annual Revenue (Millions of US $)": {"2019": "$6,699", "2018": "$6,258", "2017": "$6,063", "2016": "$5,661", "2015": "$5,313", "2014": "$5,051", "2013": "$4,702", "2012": "$4,270", "2011": "$3,954", "2010": "$3,639", "2009": "$5,870", "2008": "$6,355", "2007": "$6,772", "2006": "$6,255", "2005": "$6,004"}, "S&P Global Quarterly Revenue (Millions of US $)": {"2020-09-30": "$1,846", "2020-06-30": "$1,943", "2020-03-31": "$1,786", "2019-12-31": "$1,735", "2019-09-30": "$1,689", "2019-06-30": "$1,704", "2019-03-31": "$1,571", "2018-12-31": "$1,536", "2018-09-30": "$1,546", "2018-06-30": "$1,609", "2018-03-31": "$1,567", "2017-12-31": "$1,588", "2017-09-30": "$1,513", "2017-06-30": "$1,509", "2017-03-31": "$1,453", "2016-12-31": "$1,399", "2016-09-30": "$1,439", "2016-06-30": "$1,482", "2016-03-31": "$1,341", "2015-12-31": "$1,374", "2015-09-30": "$1,324", "2015-06-30": "$1,342", "2015-03-31": "$1,273", "2014-12-31": "$1,290", "2014-09-30": "$1,263", "2014-06-30": "$1,302", "2014-03-31": "$1,196", "2013-12-31": "$1,119", "2013-09-30": "$1,152", "2013-06-30": "$1,250", "2013-03-31": "$1,181", "2012-12-31": "$1,047", "2012-09-30": "$1,116", "2012-06-30": "$1,072", "2012-03-31": "$1,035", "2011-12-31": "$1,004", "2011-09-30": "$1,908", "2011-06-30": "$1,557", "2011-03-31": "$1,261", "2010-12-31": "$1,496", "2010-09-30": "$1,956", "2010-06-30": "$1,474", "2010-03-31": "$1,190", "2009-12-31": "$1,381", "2009-09-30": "$1,876", "2009-06-30": "$1,465", "2009-03-31": "$1,148", "2008-12-31": "$1,415", "2008-09-30": "$2,049", "2008-06-30": "$1,673", "2008-03-31": "$1,218", "2007-12-31": "$1,570", "2007-09-30": "$2,188", "2007-06-30": "$1,718", "2007-03-31": "$1,296", "2006-12-31": "$1,594", "2006-09-30": "$1,993", "2006-06-30": "$1,528", "2006-03-31": "$1,141", "2005-12-31": "$1,541", "2005-09-30": "$1,977", "2005-06-30": "$1,456", "2005-03-31": "$1,029"}}, "gross-profit": {"S&P Global Annual Gross Profit (Millions of US $)": {"2019": "$4,898", "2018": "$4,560", "2017": "$4,369", "2016": "$3,888", "2015": "$3,595", "2014": "$3,400", "2013": "$3,138", "2012": "$2,837", "2011": "$2,567", "2010": "$2,433", "2009": "$3,531", "2008": "$3,837", "2007": "$4,245", "2006": "$3,868", "2005": "$3,687"}, "S&P Global Quarterly Gross Profit (Millions of US $)": {"2020-09-30": "$1,327", "2020-06-30": "$1,450", "2020-03-31": "$1,265", "2019-12-31": "$1,358", "2019-09-30": "$1,209", "2019-06-30": "$1,233", "2019-03-31": "$1,098", "2018-12-31": "$1,119", "2018-09-30": "$1,136", "2018-06-30": "$1,168", "2018-03-31": "$1,137", "2017-12-31": "$1,156", "2017-09-30": "$1,094", "2017-06-30": "$1,077", "2017-03-31": "$1,042", "2016-12-31": "$979", "2016-09-30": "$1,008", "2016-06-30": "$1,013", "2016-03-31": "$888", "2015-12-31": "$897", "2015-09-30": "$905", "2015-06-30": "$930", "2015-03-31": "$863", "2014-12-31": "$844", "2014-09-30": "$861", "2014-06-30": "$895", "2014-03-31": "$800", "2013-12-31": "$695", "2013-09-30": "$781", "2013-06-30": "$855", "2013-03-31": "$807", "2012-12-31": "$693", "2012-09-30": "$749", "2012-06-30": "$721", "2012-03-31": "$674", "2011-12-31": "$200", "2011-09-30": "$1,197", "2011-06-30": "$964", "2011-03-31": "$758", "2010-12-31": "$267", "2010-09-30": "$1,248", "2010-06-30": "$913", "2010-03-31": "$714", "2009-12-31": "$849", "2009-09-30": "$1,140", "2009-06-30": "$883", "2009-03-31": "$659", "2008-12-31": "$808", "2008-09-30": "$1,293", "2008-06-30": "$1,026", "2008-03-31": "$710", "2007-12-31": "$948", "2007-09-30": "$1,421", "2007-06-30": "$1,083", "2007-03-31": "$792", "2006-12-31": "$987", "2006-09-30": "$1,280", "2006-06-30": "$941", "2006-03-31": "$659", "2005-12-31": "$953", "2005-09-30": "$1,255", "2005-06-30": "$881", "2005-03-31": "$598"}}, "operating-income": {"S&P Global Annual Operating Income (Millions of US $)": {"2019": "$3,226", "2018": "$2,790", "2017": "$2,583", "2016": "$3,341", "2015": "$1,917", "2014": "$113", "2013": "$1,358", "2012": "$1,170", "2011": "$1,077", "2010": "$1,026", "2009": "$1,259", "2008": "$1,375", "2007": "$1,677", "2006": "$1,418", "2005": "$1,365"}, "S&P Global Quarterly Operating Income (Millions of US $)": {"2020-09-30": "$944", "2020-06-30": "$1,105", "2020-03-31": "$912", "2019-12-31": "$817", "2019-09-30": "$891", "2019-06-30": "$813", "2019-03-31": "$705", "2018-12-31": "$703", "2018-09-30": "$704", "2018-06-30": "$672", "2018-03-31": "$711", "2017-12-31": "$627", "2017-09-30": "$649", "2017-06-30": "$668", "2017-03-31": "$639", "2016-12-31": "$830", "2016-09-30": "$1,348", "2016-06-30": "$651", "2016-03-31": "$512", "2015-12-31": "$424", "2015-09-30": "$410", "2015-06-30": "$582", "2015-03-31": "$501", "2014-12-31": "$-1,149", "2014-09-30": "$366", "2014-06-30": "$476", "2014-03-31": "$420", "2013-12-31": "$249", "2013-09-30": "$395", "2013-06-30": "$436", "2013-03-31": "$278", "2012-12-31": "$305", "2012-09-30": "$275", "2012-06-30": "$308", "2012-03-31": "$282", "2011-12-31": "$200", "2011-09-30": "$607", "2011-06-30": "$358", "2011-03-31": "$216", "2010-12-31": "$267", "2010-09-30": "$630", "2010-06-30": "$326", "2010-03-31": "$190", "2009-12-31": "$282", "2009-09-30": "$556", "2009-06-30": "$296", "2009-03-31": "$124", "2008-12-31": "$206", "2008-09-30": "$653", "2008-06-30": "$365", "2008-03-31": "$151", "2007-12-31": "$251", "2007-09-30": "$739", "2007-06-30": "$455", "2007-03-31": "$232", "2006-12-31": "$326", "2006-09-30": "$616", "2006-06-30": "$360", "2006-03-31": "$116", "2005-12-31": "$316", "2005-09-30": "$610", "2005-06-30": "$314", "2005-03-31": "$126"}}, "ebitda": {"S&P Global Annual EBITDA (Millions of US $)": {"2019": "$3,430", "2018": "$2,996", "2017": "$2,763", "2016": "$3,522", "2015": "$2,074", "2014": "$247", "2013": "$1,495", "2012": "$1,311", "2011": "$1,203", "2010": "$1,134", "2009": "$1,720", "2008": "$1,853", "2007": "$2,078", "2006": "$1,808", "2005": "$1,750"}, "S&P Global Quarterly EBITDA (Millions of US $)": {"2020-09-30": "$998", "2020-06-30": "$1,156", "2020-03-31": "$961", "2019-12-31": "$868", "2019-09-30": "$940", "2019-06-30": "$865", "2019-03-31": "$757", "2018-12-31": "$758", "2018-09-30": "$758", "2018-06-30": "$724", "2018-03-31": "$756", "2017-12-31": "$673", "2017-09-30": "$695", "2017-06-30": "$713", "2017-03-31": "$682", "2016-12-31": "$877", "2016-09-30": "$1,395", "2016-06-30": "$696", "2016-03-31": "$554", "2015-12-31": "$477", "2015-09-30": "$448", "2015-06-30": "$615", "2015-03-31": "$534", "2014-12-31": "$-1,115", "2014-09-30": "$400", "2014-06-30": "$509", "2014-03-31": "$453", "2013-12-31": "$283", "2013-09-30": "$428", "2013-06-30": "$471", "2013-03-31": "$313", "2012-12-31": "$342", "2012-09-30": "$314", "2012-06-30": "$342", "2012-03-31": "$313", "2011-12-31": "$21", "2011-09-30": "$742", "2011-06-30": "$458", "2011-03-31": "$286", "2010-12-31": "$45", "2010-09-30": "$781", "2010-06-30": "$440", "2010-03-31": "$257", "2009-12-31": "$397", "2009-09-30": "$720", "2009-06-30": "$408", "2009-03-31": "$195", "2008-12-31": "$337", "2008-09-30": "$821", "2008-06-30": "$474", "2008-03-31": "$221", "2007-12-31": "$338", "2007-09-30": "$887", "2007-06-30": "$553", "2007-03-31": "$301", "2006-12-31": "$418", "2006-09-30": "$759", "2006-06-30": "$454", "2006-03-31": "$178", "2005-12-31": "$411", "2005-09-30": "$748", "2005-06-30": "$407", "2005-03-31": "$184"}}, "net-income": {"S&P Global Annual Net Income (Millions of US $)": {"2019": "$2,123", "2018": "$1,958", "2017": "$1,496", "2016": "$2,106", "2015": "$1,156", "2014": "$-115", "2013": "$1,376", "2012": "$437", "2011": "$911", "2010": "$828", "2009": "$731", "2008": "$799", "2007": "$1,014", "2006": "$882", "2005": "$844"}, "S&P Global Quarterly Net Income (Millions of US $)": {"2020-09-30": "$455", "2020-06-30": "$792", "2020-03-31": "$639", "2019-12-31": "$541", "2019-09-30": "$617", "2019-06-30": "$555", "2019-03-31": "$410", "2018-12-31": "$511", "2018-09-30": "$495", "2018-06-30": "$461", "2018-03-31": "$491", "2017-12-31": "$262", "2017-09-30": "$414", "2017-06-30": "$421", "2017-03-31": "$399", "2016-12-31": "$537", "2016-09-30": "$892", "2016-06-30": "$383", "2016-03-31": "$294", "2015-12-31": "$248", "2015-09-30": "$252", "2015-06-30": "$353", "2015-03-31": "$303", "2014-12-31": "$-845", "2014-09-30": "$190", "2014-06-30": "$292", "2014-03-31": "$248", "2013-12-31": "$172", "2013-09-30": "$215", "2013-06-30": "$254", "2013-03-31": "$735", "2012-12-31": "$-216", "2012-09-30": "$314", "2012-06-30": "$216", "2012-03-31": "$123", "2011-12-31": "$214", "2011-09-30": "$366", "2011-06-30": "$211", "2011-03-31": "$120", "2010-12-31": "$154", "2010-09-30": "$380", "2010-06-30": "$191", "2010-03-31": "$103", "2009-12-31": "$168", "2009-09-30": "$336", "2009-06-30": "$164", "2009-03-31": "$63", "2008-12-31": "$116", "2008-09-30": "$390", "2008-06-30": "$212", "2008-03-31": "$81", "2007-12-31": "$141", "2007-09-30": "$452", "2007-06-30": "$277", "2007-03-31": "$144", "2006-12-31": "$205", "2006-09-30": "$382", "2006-06-30": "$221", "2006-03-31": "$74", "2005-12-31": "$189", "2005-09-30": "$381", "2005-06-30": "$195", "2005-03-31": "$79"}}, "eps-earnings-per-share-diluted": {"S&P Global Annual EPS": {"2019": "$8.60", "2018": "$7.73", "2017": "$5.78", "2016": "$7.94", "2015": "$4.21", "2014": "$-0.42", "2013": "$4.91", "2012": "$1.53", "2011": "$3.00", "2010": "$2.65", "2009": "$2.33", "2008": "$2.51", "2007": "$2.94", "2006": "$2.40", "2005": "$2.21"}, "S&P Global Quarterly EPS": {"2020-09-30": "$1.88", "2020-06-30": "$3.28", "2020-03-31": "$2.62", "2019-12-31": "$2.21", "2019-09-30": "$2.50", "2019-06-30": "$2.24", "2019-03-31": "$1.65", "2018-12-31": "$2.03", "2018-09-30": "$1.95", "2018-06-30": "$1.82", "2018-03-31": "$1.93", "2017-12-31": "$1.02", "2017-09-30": "$1.61", "2017-06-30": "$1.62", "2017-03-31": "$1.53", "2016-12-31": "$2.04", "2016-09-30": "$3.36", "2016-06-30": "$1.44", "2016-03-31": "$1.10", "2015-12-31": "$0.91", "2015-09-30": "$0.92", "2015-06-30": "$1.28", "2015-03-31": "$1.10", "2014-12-31": "$-3.06", "2014-09-30": "$0.69", "2014-06-30": "$1.06", "2014-03-31": "$0.89", "2013-12-31": "$0.64", "2013-09-30": "$0.77", "2013-06-30": "$0.91", "2013-03-31": "$2.59", "2012-12-31": "$-0.76", "2012-09-30": "$1.10", "2012-06-30": "$0.76", "2012-03-31": "$0.43", "2011-12-31": "$0.73", "2011-09-30": "$1.21", "2011-06-30": "$0.68", "2011-03-31": "$0.39", "2010-12-31": "$0.50", "2010-09-30": "$1.23", "2010-06-30": "$0.61", "2010-03-31": "$0.33", "2009-12-31": "$0.54", "2009-09-30": "$1.07", "2009-06-30": "$0.52", "2009-03-31": "$0.20", "2008-12-31": "$0.37", "2008-09-30": "$1.23", "2008-06-30": "$0.66", "2008-03-31": "$0.25", "2007-12-31": "$0.41", "2007-09-30": "$1.34", "2007-06-30": "$0.79", "2007-03-31": "$0.40", "2006-12-31": "$0.54", "2006-09-30": "$1.06", "2006-06-30": "$0.60", "2006-03-31": "$0.20", "2005-12-31": "$0.50", "2005-09-30": "$1.00", "2005-06-30": "$0.51", "2005-03-31": "$0.20"}}, "shares-outstanding": {"S&P Global Annual Shares Outstanding (Millions of Shares)": {"2019": "247", "2018": "253", "2017": "259", "2016": "265", "2015": "275", "2014": "272", "2013": "280", "2012": "285", "2011": "304", "2010": "312", "2009": "313", "2008": "319", "2007": "345", "2006": "367", "2005": "375"}, "S&P Global Quarterly Shares Outstanding (Millions of Shares)": {"2020-09-30": "242", "2020-06-30": "242", "2020-03-31": "243", "2019-12-31": "247", "2019-09-30": "247", "2019-06-30": "247", "2019-03-31": "248", "2018-12-31": "253", "2018-09-30": "254", "2018-06-30": "253", "2018-03-31": "254", "2017-12-31": "259", "2017-09-30": "258", "2017-06-30": "260", "2017-03-31": "261", "2016-12-31": "265", "2016-09-30": "265", "2016-06-30": "267", "2016-03-31": "267", "2015-12-31": "275", "2015-09-30": "274", "2015-06-30": "276", "2015-03-31": "276", "2014-12-31": "272", "2014-09-30": "275", "2014-06-30": "276", "2014-03-31": "277", "2013-12-31": "280", "2013-09-30": "279", "2013-06-30": "278", "2013-03-31": "284", "2012-12-31": "285", "2012-09-30": "285", "2012-06-30": "285", "2012-03-31": "284", "2011-12-31": "292", "2011-09-30": "304", "2011-06-30": "309", "2011-03-31": "310", "2010-12-31": "310", "2010-09-30": "309", "2010-06-30": "313", "2010-03-31": "316", "2009-12-31": "313", "2009-09-30": "314", "2009-06-30": "313", "2009-03-31": "312", "2008-12-31": "319", "2008-09-30": "317", "2008-06-30": "321", "2008-03-31": "323", "2007-12-31": "345", "2007-09-30": "338", "2007-06-30": "350", "2007-03-31": "361", "2006-12-31": "367", "2006-09-30": "361", "2006-06-30": "366", "2006-03-31": "377", "2005-12-31": "375", "2005-09-30": "381", "2005-06-30": "380", "2005-03-31": "387"}}, "total-assets": {"S&P Global Annual Total Assets (Millions of US $)": {"2019": "$11,348", "2018": "$9,441", "2017": "$9,425", "2016": "$8,669", "2015": "$8,183", "2014": "$6,773", "2013": "$6,061", "2012": "$7,052", "2011": "$6,620", "2010": "$7,047", "2009": "$6,475", "2008": "$6,080", "2007": "$6,391", "2006": "$6,043", "2005": "$6,396"}, "S&P Global Quarterly Total Assets (Millions of US $)": {"2020-09-30": "$11,452", "2020-06-30": "$11,105", "2020-03-31": "$10,463", "2019-12-31": "$11,348", "2019-09-30": "$10,188", "2019-06-30": "$10,185", "2019-03-31": "$9,720", "2018-12-31": "$9,441", "2018-09-30": "$9,383", "2018-06-30": "$9,217", "2018-03-31": "$8,497", "2017-12-31": "$9,425", "2017-09-30": "$8,714", "2017-06-30": "$8,791", "2017-03-31": "$8,654", "2016-12-31": "$8,669", "2016-09-30": "$8,676", "2016-06-30": "$8,291", "2016-03-31": "$8,261", "2015-12-31": "$8,183", "2015-09-30": "$8,163", "2015-06-30": "$6,013", "2015-03-31": "$5,448", "2014-12-31": "$6,773", "2014-09-30": "$6,270", "2014-06-30": "$6,057", "2014-03-31": "$6,011", "2013-12-31": "$6,061", "2013-09-30": "$5,848", "2013-06-30": "$6,160", "2013-03-31": "$6,270", "2012-12-31": "$7,052", "2012-09-30": "$7,943", "2012-06-30": "$7,310", "2012-03-31": "$6,352", "2011-12-31": "$6,620", "2011-09-30": "$7,154", "2011-06-30": "$6,944", "2011-03-31": "$6,790", "2010-12-31": "$7,047", "2010-09-30": "$6,884", "2010-06-30": "$6,364", "2010-03-31": "$6,289", "2009-12-31": "$6,475", "2009-09-30": "$6,415", "2009-06-30": "$6,058", "2009-03-31": "$5,849", "2008-12-31": "$6,080", "2008-09-30": "$6,574", "2008-06-30": "$6,605", "2008-03-31": "$6,299", "2007-12-31": "$6,391", "2007-09-30": "$6,525", "2007-06-30": "$6,239", "2007-03-31": "$5,878", "2006-12-31": "$6,043", "2006-09-30": "$6,132", "2006-06-30": "$5,935", "2006-03-31": "$5,653", "2005-12-31": "$6,396", "2005-09-30": "$6,357", "2005-06-30": "$6,165", "2005-03-31": "$5,440"}}, "cash-on-hand": {"S&P Global Annual Cash on Hand (Millions of US $)": {"2019": "$2,914", "2018": "$1,976", "2017": "$2,791", "2016": "$2,400", "2015": "$1,487", "2014": "$2,500", "2013": "$1,560", "2012": "$761", "2011": "$864", "2010": "$1,548", "2009": "$1,235", "2008": "$472", "2007": "$396", "2006": "$353", "2005": "$749"}, "S&P Global Quarterly Cash on Hand (Millions of US $)": {"2020-09-30": "$3,168", "2020-06-30": "$2,684", "2020-03-31": "$1,952", "2019-12-31": "$2,886", "2019-09-30": "$2,019", "2019-06-30": "$1,920", "2019-03-31": "$1,436", "2018-12-31": "$1,976", "2018-09-30": "$2,203", "2018-06-30": "$1,935", "2018-03-31": "$1,756", "2017-12-31": "$2,791", "2017-09-30": "$2,312", "2017-06-30": "$2,384", "2017-03-31": "$2,411", "2016-12-31": "$2,400", "2016-09-30": "$2,399", "2016-06-30": "$1,567", "2016-03-31": "$1,600", "2015-12-31": "$1,487", "2015-09-30": "$1,441", "2015-06-30": "$1,720", "2015-03-31": "$1,176", "2014-12-31": "$2,500", "2014-09-30": "$1,918", "2014-06-30": "$1,617", "2014-03-31": "$1,531", "2013-12-31": "$1,560", "2013-09-30": "$1,577", "2013-06-30": "$1,900", "2013-03-31": "$1,905", "2012-12-31": "$761", "2012-09-30": "$1,245", "2012-06-30": "$839", "2012-03-31": "$932", "2011-12-31": "$864", "2011-09-30": "$1,474", "2011-06-30": "$1,325", "2011-03-31": "$1,299", "2010-12-31": "$1,548", "2010-09-30": "$1,356", "2010-06-30": "$1,145", "2010-03-31": "$1,235", "2009-12-31": "$1,235", "2009-09-30": "$957", "2009-06-30": "$556", "2009-03-31": "$497", "2008-12-31": "$472", "2008-09-30": "$485", "2008-06-30": "$355", "2008-03-31": "$397", "2007-12-31": "$396", "2007-09-30": "$453", "2007-06-30": "$358", "2007-03-31": "$430", "2006-12-31": "$353", "2006-09-30": "$310", "2006-06-30": "$211", "2006-03-31": "$180", "2005-12-31": "$749", "2005-09-30": "$467", "2005-06-30": "$246", "2005-03-31": "$361"}}, "long-term-debt": {"S&P Global Annual Long Term Debt (Millions of US $)": {"2019": "$3,948", "2018": "$3,662", "2017": "$3,170", "2016": "$3,564", "2015": "$3,468", "2014": "$795", "2013": "$799", "2012": "$799", "2011": "$798", "2010": "$1,198", "2009": "$1,198", "2008": "$1,198", "2007": "$1,197", "2006": "$0", "2005": "$0"}, "S&P Global Quarterly Long Term Debt (Millions of US $)": {"2020-09-30": "$4,110", "2020-06-30": "$3,950", "2020-03-31": "$3,949", "2019-12-31": "$3,948", "2019-09-30": "$2,966", "2019-06-30": "$3,664", "2019-03-31": "$3,663", "2018-12-31": "$3,662", "2018-09-30": "$3,661", "2018-06-30": "$3,660", "2018-03-31": "$3,170", "2017-12-31": "$3,170", "2017-09-30": "$3,568", "2017-06-30": "$3,566", "2017-03-31": "$3,565", "2016-12-31": "$3,564", "2016-09-30": "$3,563", "2016-06-30": "$3,470", "2016-03-31": "$3,469", "2015-12-31": "$3,468", "2015-09-30": "$3,489", "2015-06-30": "$1,494", "2015-03-31": "$799", "2014-12-31": "$795", "2014-09-30": "$799", "2014-06-30": "$799", "2014-03-31": "$799", "2013-12-31": "$799", "2013-09-30": "$799", "2013-06-30": "$799", "2013-03-31": "$799", "2012-12-31": "$799", "2012-09-30": "$799", "2012-06-30": "$799", "2012-03-31": "$798", "2011-12-31": "$798", "2011-09-30": "$1,198", "2011-06-30": "$1,198", "2011-03-31": "$1,198", "2010-12-31": "$1,198", "2010-09-30": "$1,198", "2010-06-30": "$1,198", "2010-03-31": "$1,198", "2009-12-31": "$1,198", "2009-09-30": "$1,198", "2009-06-30": "$1,198", "2009-03-31": "$1,198", "2008-12-31": "$1,198", "2008-09-30": "$1,198", "2008-06-30": "$1,198", "2008-03-31": "$1,197", "2007-12-31": "$1,197", "2007-09-30": "$0", "2007-06-30": "$0", "2007-03-31": "$0", "2006-12-31": "$0", "2006-09-30": "$0", "2006-06-30": "$0", "2006-03-31": "$0", "2005-12-31": "$0", "2005-09-30": "$0", "2005-06-30": "$0", "2005-03-31": "$0"}}, "total-liabilities": {"S&P Global Annual Total Liabilities (Millions of US $)": {"2019": "$10,812", "2018": "$8,757", "2017": "$8,659", "2016": "$7,968", "2015": "$7,940", "2014": "$6,234", "2013": "$4,717", "2012": "$6,212", "2011": "$5,036", "2010": "$4,755", "2009": "$4,546", "2008": "$4,727", "2007": "$4,785", "2006": "$3,363", "2005": "$3,283"}, "S&P Global Quarterly Total Liabilities (Millions of US $)": {"2020-09-30": "$10,954", "2020-06-30": "$10,837", "2020-03-31": "$10,657", "2019-12-31": "$10,812", "2019-09-30": "$9,786", "2019-06-30": "$9,615", "2019-03-31": "$9,332", "2018-12-31": "$8,757", "2018-09-30": "$8,425", "2018-06-30": "$8,581", "2018-03-31": "$8,429", "2017-12-31": "$8,659", "2017-09-30": "$7,821", "2017-06-30": "$7,718", "2017-03-31": "$7,810", "2016-12-31": "$7,968", "2016-09-30": "$8,165", "2016-06-30": "$7,866", "2016-03-31": "$7,991", "2015-12-31": "$7,940", "2015-09-30": "$7,459", "2015-06-30": "$5,198", "2015-03-31": "$4,859", "2014-12-31": "$6,234", "2014-09-30": "$4,680", "2014-06-30": "$4,568", "2014-03-31": "$4,604", "2013-12-31": "$4,717", "2013-09-30": "$4,833", "2013-06-30": "$4,889", "2013-03-31": "$5,188", "2012-12-31": "$6,212", "2012-09-30": "$6,081", "2012-06-30": "$5,580", "2012-03-31": "$4,566", "2011-12-31": "$5,036", "2011-09-30": "$4,866", "2011-06-30": "$4,608", "2011-03-31": "$4,474", "2010-12-31": "$4,755", "2010-09-30": "$4,670", "2010-06-30": "$4,444", "2010-03-31": "$4,304", "2009-12-31": "$4,546", "2009-09-30": "$4,662", "2009-06-30": "$4,592", "2009-03-31": "$4,543", "2008-12-31": "$4,727", "2008-09-30": "$4,865", "2008-06-30": "$5,020", "2008-03-31": "$4,705", "2007-12-31": "$4,785", "2007-09-30": "$4,795", "2007-06-30": "$4,348", "2007-03-31": "$3,902", "2006-12-31": "$3,363", "2006-09-30": "$3,526", "2006-06-30": "$3,776", "2006-03-31": "$3,324", "2005-12-31": "$3,283", "2005-09-30": "$3,194", "2005-06-30": "$3,353", "2005-03-31": "$2,696"}}, "total-share-holder-equity": {"S&P Global Annual Share Holder Equity (Millions of US $)": {"2019": "$536", "2018": "$684", "2017": "$766", "2016": "$701", "2015": "$243", "2014": "$539", "2013": "$1,344", "2012": "$840", "2011": "$1,584", "2010": "$2,292", "2009": "$1,929", "2008": "$1,353", "2007": "$1,607", "2006": "$2,680", "2005": "$3,113"}, "S&P Global Quarterly Share Holder Equity (Millions of US $)": {"2020-09-30": "$498", "2020-06-30": "$268", "2020-03-31": "$-194", "2019-12-31": "$536", "2019-09-30": "$402", "2019-06-30": "$570", "2019-03-31": "$388", "2018-12-31": "$684", "2018-09-30": "$958", "2018-06-30": "$636", "2018-03-31": "$68", "2017-12-31": "$766", "2017-09-30": "$893", "2017-06-30": "$1,073", "2017-03-31": "$844", "2016-12-31": "$701", "2016-09-30": "$511", "2016-06-30": "$425", "2016-03-31": "$270", "2015-12-31": "$243", "2015-09-30": "$704", "2015-06-30": "$815", "2015-03-31": "$589", "2014-12-31": "$539", "2014-09-30": "$1,590", "2014-06-30": "$1,489", "2014-03-31": "$1,407", "2013-12-31": "$1,344", "2013-09-30": "$1,015", "2013-06-30": "$1,271", "2013-03-31": "$1,082", "2012-12-31": "$840", "2012-09-30": "$1,862", "2012-06-30": "$1,730", "2012-03-31": "$1,786", "2011-12-31": "$1,584", "2011-09-30": "$2,288", "2011-06-30": "$2,336", "2011-03-31": "$2,316", "2010-12-31": "$2,292", "2010-09-30": "$2,215", "2010-06-30": "$1,920", "2010-03-31": "$1,985", "2009-12-31": "$1,929", "2009-09-30": "$1,753", "2009-06-30": "$1,466", "2009-03-31": "$1,306", "2008-12-31": "$1,353", "2008-09-30": "$1,709", "2008-06-30": "$1,584", "2008-03-31": "$1,594", "2007-12-31": "$1,607", "2007-09-30": "$1,730", "2007-06-30": "$1,892", "2007-03-31": "$1,976", "2006-12-31": "$2,680", "2006-09-30": "$2,606", "2006-06-30": "$2,159", "2006-03-31": "$2,329", "2005-12-31": "$3,113", "2005-09-30": "$3,164", "2005-06-30": "$2,812", "2005-03-31": "$2,743"}}, "profit-margins": {"current": "31.44%"}, "gross margin": {"2020-09-30": "73.87%", "2020-06-30": "73.84%", "2020-03-31": "73.26%", "2019-12-31": "73.12%", "2019-09-30": "71.68%", "2019-06-30": "72.14%", "2019-03-31": "72.20%", "2018-12-31": "72.87%", "2018-09-30": "72.85%", "2018-06-30": "72.57%", "2018-03-31": "72.27%", "2017-12-31": "72.06%", "2017-09-30": "71.37%", "2017-06-30": "70.79%", "2017-03-31": "70.02%", "2016-12-31": "68.68%", "2016-09-30": "67.53%", "2016-06-30": "67.07%", "2016-03-31": "67.27%", "2015-12-31": "67.66%", "2015-09-30": "67.74%", "2015-06-30": "67.69%", "2015-03-31": "67.53%", "2014-12-31": "67.31%", "2014-09-30": "66.62%", "2014-06-30": "66.49%", "2014-03-31": "66.38%", "2013-12-31": "66.74%", "2013-09-30": "67.73%", "2013-06-30": "67.57%", "2013-03-31": "67.26%", "2012-12-31": "66.44%", "2012-09-30": "55.45%", "2012-06-30": "55.63%", "2012-03-31": "55.14%", "2011-12-31": "54.43%", "2011-09-30": "51.21%", "2011-06-30": "51.63%", "2011-03-31": "51.50%", "2010-12-31": "51.37%", "2010-09-30": "62.06%", "2010-06-30": "61.07%", "2010-03-31": "60.66%", "2009-12-31": "60.15%", "2009-09-30": "59.11%", "2009-06-30": "59.95%", "2009-03-31": "60.24%", "2008-12-31": "60.38%", "2008-09-30": "61.09%", "2008-06-30": "61.74%", "2008-03-31": "62.18%", "2007-12-31": "62.67%", "2007-09-30": "63.02%", "2007-06-30": "62.75%", "2007-03-31": "62.39%", "2006-12-31": "61.81%", "2006-09-30": "61.79%", "2006-06-30": "61.55%", "2006-03-31": "61.29%", "2005-12-31": "61.42%"}, "operating margin": {"2020-09-30": "51.68%", "2020-06-30": "52.08%", "2020-03-31": "49.65%", "2019-12-31": "48.16%", "2019-09-30": "47.88%", "2019-06-30": "46.01%", "2019-03-31": "44.46%", "2018-12-31": "44.58%", "2018-09-30": "43.01%", "2018-06-30": "42.36%", "2018-03-31": "42.98%", "2017-12-31": "42.60%", "2017-09-30": "47.43%", "2017-06-30": "60.09%", "2017-03-31": "60.07%", "2016-12-31": "59.02%", "2016-09-30": "52.08%", "2016-06-30": "36.17%", "2016-03-31": "35.83%", "2015-12-31": "36.08%", "2015-09-30": "6.58%", "2015-06-30": "5.80%", "2015-03-31": "3.78%", "2014-12-31": "2.24%", "2014-09-30": "30.96%", "2014-06-30": "32.29%", "2014-03-31": "31.80%", "2013-12-31": "28.88%", "2013-09-30": "30.54%", "2013-06-30": "28.17%", "2013-03-31": "26.40%", "2012-12-31": "27.40%", "2012-09-30": "25.20%", "2012-06-30": "27.83%", "2012-03-31": "26.29%", "2011-12-31": "24.10%", "2011-09-30": "23.27%", "2011-06-30": "23.46%", "2011-03-31": "23.26%", "2010-12-31": "23.10%", "2010-09-30": "23.80%", "2010-06-30": "22.87%", "2010-03-31": "22.40%", "2009-12-31": "21.43%", "2009-09-30": "20.02%", "2009-06-30": "21.05%", "2009-03-31": "21.45%", "2008-12-31": "21.64%", "2008-09-30": "21.81%", "2008-06-30": "22.65%", "2008-03-31": "23.84%", "2007-12-31": "24.76%", "2007-09-30": "25.78%", "2007-06-30": "24.68%", "2007-03-31": "23.93%", "2006-12-31": "22.67%", "2006-09-30": "22.70%", "2006-06-30": "22.66%", "2006-03-31": "22.17%", "2005-12-31": "22.76%"}, "ebitda margin": {"2020-09-30": "54.49%", "2020-06-30": "54.87%", "2020-03-31": "52.56%", "2019-12-31": "51.20%", "2019-09-30": "51.08%", "2019-06-30": "49.36%", "2019-03-31": "47.86%", "2018-12-31": "47.87%", "2018-09-30": "46.13%", "2018-06-30": "45.37%", "2018-03-31": "45.93%", "2017-12-31": "45.57%", "2017-09-30": "50.51%", "2017-06-30": "63.22%", "2017-03-31": "63.23%", "2016-12-31": "62.22%", "2016-09-30": "55.39%", "2016-06-30": "39.40%", "2016-03-31": "38.91%", "2015-12-31": "39.04%", "2015-09-30": "9.22%", "2015-06-30": "8.40%", "2015-03-31": "6.40%", "2014-12-31": "4.89%", "2014-09-30": "33.71%", "2014-06-30": "35.08%", "2014-03-31": "34.66%", "2013-12-31": "31.79%", "2013-09-30": "33.56%", "2013-06-30": "31.35%", "2013-03-31": "29.69%", "2012-12-31": "30.70%", "2012-09-30": "23.42%", "2012-06-30": "28.25%", "2012-03-31": "27.87%", "2011-12-31": "26.30%", "2011-09-30": "24.61%", "2011-06-30": "25.04%", "2011-03-31": "25.08%", "2010-12-31": "24.90%", "2010-09-30": "31.24%", "2010-06-30": "30.64%", "2010-03-31": "30.14%", "2009-12-31": "29.30%", "2009-09-30": "28.12%", "2009-06-30": "28.98%", "2009-03-31": "29.07%", "2008-12-31": "29.16%", "2008-09-30": "28.48%", "2008-06-30": "28.88%", "2008-03-31": "29.86%", "2007-12-31": "30.70%", "2007-09-30": "31.77%", "2007-06-30": "30.77%", "2007-03-31": "30.14%", "2006-12-31": "28.92%", "2006-09-30": "29.05%", "2006-06-30": "28.95%", "2006-03-31": "28.52%", "2005-12-31": "29.15%"}, "pre tax profit margin": {"2020-09-30": "45.40%", "2020-06-30": "49.41%", "2020-03-31": "46.88%", "2019-12-31": "43.74%", "2019-09-30": "44.15%", "2019-06-30": "42.33%", "2019-03-31": "40.98%", "2018-12-31": "42.84%", "2018-09-30": "41.19%", "2018-06-30": "40.59%", "2018-03-31": "40.97%", "2017-12-31": "40.59%", "2017-09-30": "45.45%", "2017-06-30": "57.90%", "2017-03-31": "57.63%", "2016-12-31": "56.32%", "2016-09-30": "49.22%", "2016-06-30": "33.42%", "2016-03-31": "33.49%", "2015-12-31": "34.16%", "2015-09-30": "5.03%", "2015-06-30": "4.59%", "2015-03-31": "2.59%", "2014-12-31": "1.07%", "2014-09-30": "29.86%", "2014-06-30": "31.12%", "2014-03-31": "30.57%", "2013-12-31": "27.63%", "2013-09-30": "29.18%", "2013-06-30": "26.64%", "2013-03-31": "24.71%", "2012-12-31": "25.50%", "2012-09-30": "23.26%", "2012-06-30": "26.26%", "2012-03-31": "24.87%", "2011-12-31": "22.77%", "2011-09-30": "22.05%", "2011-06-30": "22.23%", "2011-03-31": "22.00%", "2010-12-31": "21.78%", "2010-09-30": "22.66%", "2010-06-30": "21.74%", "2010-03-31": "21.08%", "2009-12-31": "20.14%", "2009-09-30": "18.58%", "2009-06-30": "19.58%", "2009-03-31": "20.21%", "2008-12-31": "20.44%", "2008-09-30": "20.69%", "2008-06-30": "21.64%", "2008-03-31": "22.98%", "2007-12-31": "24.16%", "2007-09-30": "25.35%", "2007-06-30": "24.38%", "2007-03-31": "23.68%", "2006-12-31": "22.46%", "2006-09-30": "22.51%", "2006-06-30": "22.53%", "2006-03-31": "22.11%", "2005-12-31": "22.64%"}, "net profit margin": {"2020-09-30": "33.20%", "2020-06-30": "36.19%", "2020-03-31": "34.02%", "2019-12-31": "31.69%", "2019-09-30": "32.20%", "2019-06-30": "31.01%", "2019-03-31": "29.97%", "2018-12-31": "31.29%", "2018-09-30": "27.08%", "2018-06-30": "25.94%", "2018-03-31": "25.71%", "2017-12-31": "24.67%", "2017-09-30": "30.15%", "2017-06-30": "38.78%", "2017-03-31": "38.30%", "2016-12-31": "37.20%", "2016-09-30": "32.24%", "2016-06-30": "21.32%", "2016-03-31": "21.32%", "2015-12-31": "21.76%", "2015-09-30": "1.20%", "2015-06-30": "0.02%", "2015-03-31": "-1.17%", "2014-12-31": "-2.28%", "2014-09-30": "18.48%", "2014-06-30": "19.44%", "2014-03-31": "18.85%", "2013-12-31": "29.26%", "2013-09-30": "21.34%", "2013-06-30": "23.66%", "2013-03-31": "23.75%", "2012-12-31": "10.23%", "2012-09-30": "20.51%", "2012-06-30": "18.31%", "2012-03-31": "16.61%", "2011-12-31": "15.90%", "2011-09-30": "13.68%", "2011-06-30": "13.80%", "2011-03-31": "13.66%", "2010-12-31": "13.54%", "2010-09-30": "14.03%", "2010-06-30": "13.48%", "2010-03-31": "13.04%", "2009-12-31": "12.45%", "2009-09-30": "11.50%", "2009-06-30": "12.06%", "2009-03-31": "12.43%", "2008-12-31": "12.57%", "2008-09-30": "12.66%", "2008-06-30": "13.33%", "2008-03-31": "14.21%", "2007-12-31": "14.97%", "2007-09-30": "15.86%", "2007-06-30": "15.27%", "2007-03-31": "14.85%", "2006-12-31": "14.10%", "2006-09-30": "13.96%", "2006-06-30": "13.98%", "2006-03-31": "13.72%", "2005-12-31": "14.06%"}, "pe ratio": {"current": "28.43", "2021-02-11": "34.01", "2020-09-30": "36.06", "2020-06-30": "30.96", "2020-03-31": "25.48", "2019-12-31": "31.52", "2019-09-30": "28.79", "2019-06-30": "28.58", "2019-03-31": "27.83", "2018-12-31": "21.59", "2018-09-30": "28.47", "2018-06-30": "31.22", "2018-03-31": "30.12", "2017-12-31": "28.48", "2017-09-30": "22.25", "2017-06-30": "16.49", "2017-03-31": "15.04"}, "price sales": {"2021-02-11": "11.30", "2020-09-30": "11.98", "2020-06-30": "11.22", "2020-03-31": "8.67", "2019-12-31": "9.99", "2019-09-30": "9.28", "2019-06-30": "8.86", "2019-03-31": "8.35", "2018-12-31": "6.76", "2018-09-30": "7.73", "2018-06-30": "8.12", "2018-03-31": "7.77", "2017-12-31": "7.04", "2017-09-30": "6.73", "2017-06-30": "6.39", "2017-03-31": "5.77"}, "price book": {"current": "160.59", "2021-02-11": "163.97", "2020-09-30": "173.87", "2020-06-30": "295.15", "2020-03-31": "-302.47", "2019-12-31": "123.26", "2019-09-30": "147.38", "2019-06-30": "97.18", "2019-03-31": "131.56", "2018-12-31": "60.75", "2018-09-30": "50.11", "2018-06-30": "78.76", "2018-03-31": "682.66", "2017-12-31": "54.53", "2017-09-30": "43.27", "2017-06-30": "33.81", "2017-03-31": "38.50", "2016-12-31": "38.08", "2016-09-30": "61.48", "2016-06-30": "63.65"}, "price fcf": {"2021-02-11": "", "2020-09-30": "$13.76", "2020-06-30": "$13.49", "2020-03-31": "$12.43", "2019-12-31": "$10.78", "2019-09-30": "$9.40", "2019-06-30": "$8.27", "2019-03-31": "$7.52", "2018-12-31": "$7.71", "2018-09-30": "$8.12", "2018-06-30": "$8.26", "2018-03-31": "$7.33", "2017-12-31": "$7.31", "2017-09-30": "$5.34", "2017-06-30": "$5.56", "2017-03-31": "$6.71"}, "net worth": {"value": "$80B"}, "current ratio": {"current": "1.72", "2020-09-30": "1.72", "2020-06-30": "1.47", "2020-03-31": "1.24", "2019-12-31": "1.52", "2019-09-30": "1.10", "2019-06-30": "1.37", "2019-03-31": "1.20", "2018-12-31": "1.36", "2018-09-30": "1.44", "2018-06-30": "1.27", "2018-03-31": "1.05", "2017-12-31": "1.35", "2017-09-30": "1.52", "2017-06-30": "1.58", "2017-03-31": "1.48", "2016-12-31": "1.41", "2016-09-30": "1.21", "2016-06-30": "1.22", "2016-03-31": "1.16", "2015-12-31": "1.13", "2015-09-30": "1.13", "2015-06-30": "1.43", "2015-03-31": "1.04", "2014-12-31": "1.01", "2014-09-30": "1.34", "2014-06-30": "1.33", "2014-03-31": "1.27", "2013-12-31": "1.24", "2013-09-30": "1.20", "2013-06-30": "1.30", "2013-03-31": "1.18", "2012-12-31": "1.06", "2012-09-30": "0.97", "2012-06-30": "0.92", "2012-03-31": "0.90", "2011-12-31": "1.28", "2011-09-30": "1.23", "2011-06-30": "1.27", "2011-03-31": "1.26", "2010-12-31": "1.26", "2010-09-30": "1.26", "2010-06-30": "1.23", "2010-03-31": "1.26", "2009-12-31": "1.20", "2009-09-30": "1.14", "2009-06-30": "0.99", "2009-03-31": "0.90", "2008-12-31": "0.91", "2008-09-30": "0.92", "2008-06-30": "0.85", "2008-03-31": "0.83", "2007-12-31": "0.88", "2007-09-30": "0.69", "2007-06-30": "0.70", "2007-03-31": "0.71", "2006-12-31": "0.92", "2006-09-30": "0.94", "2006-06-30": "0.77", "2006-03-31": "0.79", "2005-12-31": "1.17", "2005-09-30": "1.19", "2005-06-30": "0.95", "2005-03-31": "1.11"}, "quick ratio": {"2020-09-30": "0.00", "2020-06-30": "0.00", "2020-03-31": "0.00", "2019-12-31": "0.00", "2019-09-30": "0.00", "2019-06-30": "0.00", "2019-03-31": "0.00", "2018-12-31": "0.00", "2018-09-30": "0.00", "2018-06-30": "0.00", "2018-03-31": "0.00", "2017-12-31": "0.00", "2017-09-30": "0.00", "2017-06-30": "0.00", "2017-03-31": "0.00", "2016-12-31": "0.00", "2016-09-30": "0.00", "2016-06-30": "0.00", "2016-03-31": "0.00", "2015-12-31": "0.00", "2015-09-30": "0.00", "2015-06-30": "0.00", "2015-03-31": "0.00", "2014-12-31": "0.00", "2014-09-30": "0.00", "2014-06-30": "0.00", "2014-03-31": "0.00", "2013-12-31": "0.00", "2013-09-30": "0.00", "2013-06-30": "0.00", "2013-03-31": "0.00", "2012-12-31": "0.00", "2012-09-30": "0.89", "2012-06-30": "0.81", "2012-03-31": "0.80", "2011-12-31": "0.00", "2011-09-30": "1.13", "2011-06-30": "1.14", "2011-03-31": "1.13", "2010-12-31": "1.16", "2010-09-30": "1.15", "2010-06-30": "1.09", "2010-03-31": "1.11", "2009-12-31": "1.08", "2009-09-30": "1.00", "2009-06-30": "0.83", "2009-03-31": "0.74", "2008-12-31": "0.76", "2008-09-30": "0.77", "2008-06-30": "0.68", "2008-03-31": "0.67", "2007-12-31": "0.75", "2007-09-30": "0.59", "2007-06-30": "0.58", "2007-03-31": "0.58", "2006-12-31": "0.78", "2006-09-30": "0.80", "2006-06-30": "0.63", "2006-03-31": "0.63", "2005-12-31": "1.01", "2005-09-30": "1.02", "2005-06-30": "0.76", "2005-03-31": "0.89"}, "debt equity ratio": {"current": "8.25", "2020-09-30": "22.00", "2020-06-30": "40.44", "2020-03-31": "-54.93", "2019-12-31": "20.17", "2019-09-30": "24.34", "2019-06-30": "16.87", "2019-03-31": "24.05", "2018-12-31": "12.80", "2018-09-30": "8.79", "2018-06-30": "13.49", "2018-03-31": "123.96", "2017-12-31": "11.30", "2017-09-30": "8.76", "2017-06-30": "7.19", "2017-03-31": "9.25", "2016-12-31": "11.37", "2016-09-30": "15.98", "2016-06-30": "18.51", "2016-03-31": "29.60", "2015-12-31": "32.68", "2015-09-30": "10.60", "2015-06-30": "6.38", "2015-03-31": "8.25", "2014-12-31": "11.57", "2014-09-30": "2.94", "2014-06-30": "3.07", "2014-03-31": "3.27", "2013-12-31": "3.51", "2013-09-30": "4.76", "2013-06-30": "3.85", "2013-03-31": "4.80", "2012-12-31": "7.40", "2012-09-30": "3.27", "2012-06-30": "3.23", "2012-03-31": "2.56", "2011-12-31": "3.18", "2011-09-30": "2.13", "2011-06-30": "1.97", "2011-03-31": "1.93", "2010-12-31": "2.08", "2010-09-30": "2.11", "2010-06-30": "2.32", "2010-03-31": "2.17", "2009-12-31": "2.36", "2009-09-30": "2.66", "2009-06-30": "3.13", "2009-03-31": "3.48", "2008-12-31": "3.49", "2008-09-30": "2.85", "2008-06-30": "3.17", "2008-03-31": "2.95", "2007-12-31": "2.98", "2007-09-30": "2.77", "2007-06-30": "2.30", "2007-03-31": "1.98", "2006-12-31": "1.26", "2006-09-30": "1.35", "2006-06-30": "1.75", "2006-03-31": "1.43", "2005-12-31": "1.05", "2005-09-30": "1.01", "2005-06-30": "1.19", "2005-03-31": "0.98"}, "return on equity": {"2020-09-30": "876.17%", "2020-06-30": "1023.32%", "2020-03-31": "715.98%", "2019-12-31": "447.89%", "2019-09-30": "409.59%", "2019-06-30": "303.23%", "2019-03-31": "281.62%", "2018-12-31": "333.84%", "2018-09-30": "281.55%", "2018-06-30": "275.58%", "2018-03-31": "226.86%", "2017-12-31": "167.34%", "2017-09-30": "201.77%", "2017-06-30": "287.50%", "2017-03-31": "356.47%", "2016-12-31": "441.74%", "2016-09-30": "501.59%", "2016-06-30": "286.72%", "2016-03-31": "225.79%", "2015-12-31": "196.68%", "2015-09-30": "9.52%", "2015-06-30": "0.11%", "2015-03-31": "-5.70%", "2014-12-31": "-9.15%", "2014-09-30": "61.89%", "2014-06-30": "70.56%", "2014-03-31": "70.60%", "2013-12-31": "116.81%", "2013-09-30": "93.92%", "2013-06-30": "86.01%", "2013-03-31": "76.10%", "2012-12-31": "28.11%", "2012-09-30": "49.81%", "2012-06-30": "49.76%", "2012-03-31": "45.73%", "2011-12-31": "42.75%", "2011-09-30": "36.87%", "2011-06-30": "37.78%", "2011-03-31": "38.66%", "2010-12-31": "39.37%", "2010-09-30": "41.84%", "2010-06-30": "42.07%", "2010-03-31": "43.24%", "2009-12-31": "45.31%", "2009-09-30": "46.21%", "2009-06-30": "50.26%", "2009-03-31": "52.49%", "2008-12-31": "51.22%", "2008-09-30": "50.75%", "2008-06-30": "54.40%", "2008-03-31": "55.75%", "2007-12-31": "56.29%", "2007-09-30": "52.09%", "2007-06-30": "44.05%", "2007-03-31": "40.42%", "2006-12-31": "36.10%", "2006-09-30": "33.94%", "2006-06-30": "32.14%", "2006-03-31": "29.39%", "2005-12-31": "28.53%"}, "return on assets": {"2020-09-30": "21.88%", "2020-06-30": "24.03%", "2020-03-31": "22.30%", "2019-12-31": "20.49%", "2019-09-30": "21.18%", "2019-06-30": "20.36%", "2019-03-31": "19.88%", "2018-12-31": "21.44%", "2018-09-30": "18.72%", "2018-06-30": "18.16%", "2018-03-31": "17.93%", "2017-12-31": "16.82%", "2017-09-30": "20.34%", "2017-06-30": "25.86%", "2017-03-31": "25.79%", "2016-12-31": "24.85%", "2016-09-30": "21.75%", "2016-06-30": "14.31%", "2016-03-31": "14.98%", "2015-12-31": "16.63%", "2015-09-30": "0.95%", "2015-06-30": "0.02%", "2015-03-31": "-0.98%", "2014-12-31": "-1.83%", "2014-09-30": "14.79%", "2014-06-30": "15.46%", "2014-03-31": "14.77%", "2013-12-31": "22.61%", "2013-09-30": "15.60%", "2013-06-30": "15.85%", "2013-03-31": "14.68%", "2012-12-31": "6.10%", "2012-09-30": "12.29%", "2012-06-30": "13.40%", "2012-03-31": "13.51%", "2011-12-31": "13.25%", "2011-09-30": "12.19%", "2011-06-30": "12.51%", "2011-03-31": "12.48%", "2010-12-31": "12.46%", "2010-09-30": "12.95%", "2010-06-30": "12.50%", "2010-03-31": "12.22%", "2009-12-31": "11.79%", "2009-09-30": "11.13%", "2009-06-30": "11.94%", "2009-03-31": "12.44%", "2008-12-31": "12.50%", "2008-09-30": "12.74%", "2008-06-30": "13.73%", "2008-03-31": "14.94%", "2007-12-31": "16.20%", "2007-09-30": "17.47%", "2007-06-30": "16.60%", "2007-03-31": "15.87%", "2006-12-31": "14.85%", "2006-09-30": "14.36%", "2006-06-30": "14.21%", "2006-03-31": "13.66%", "2005-12-31": "13.86%"}, "return on investments": {"2020-09-30": "88.56%", "2020-06-30": "94.15%", "2020-03-31": "86.69%", "2019-12-31": "79.97%", "2019-09-30": "77.80%", "2019-06-30": "67.83%", "2019-03-31": "64.33%", "2018-12-31": "67.64%", "2018-09-30": "67.47%", "2018-06-30": "66.76%", "2018-03-31": "65.26%", "2017-12-31": "59.23%", "2017-09-30": "62.70%", "2017-06-30": "80.17%", "2017-03-31": "83.35%", "2016-12-31": "83.67%", "2016-09-30": "76.14%", "2016-06-30": "51.41%", "2016-03-31": "55.28%", "2015-12-31": "66.10%", "2015-09-30": "14.92%", "2015-06-30": "16.17%", "2015-03-31": "10.49%", "2014-12-31": "5.50%", "2014-09-30": "66.96%", "2014-06-30": "72.89%", "2014-03-31": "72.88%", "2013-12-31": "68.69%", "2013-09-30": "76.39%", "2013-06-30": "62.73%", "2013-03-31": "53.55%", "2012-12-31": "49.72%", "2012-09-30": "41.95%", "2012-06-30": "50.89%", "2012-03-31": "48.29%", "2011-12-31": "42.77%", "2011-09-30": "41.30%", "2011-06-30": "42.18%", "2011-03-31": "42.53%", "2010-12-31": "42.81%", "2010-09-30": "44.49%", "2010-06-30": "43.75%", "2010-03-31": "44.41%", "2009-12-31": "44.74%", "2009-09-30": "44.32%", "2009-06-30": "48.15%", "2009-03-31": "50.19%", "2008-12-31": "49.86%", "2008-09-30": "50.33%", "2008-06-30": "59.60%", "2008-03-31": "69.26%", "2007-12-31": "79.84%", "2007-09-30": "84.66%", "2007-06-30": "71.18%", "2007-03-31": "65.13%", "2006-12-31": "58.03%", "2006-09-30": "55.17%", "2006-06-30": "52.09%", "2006-03-31": "47.50%", "2005-12-31": "46.18%"}, "return on tangible equity": {"2020-09-30": "-50.48%", "2020-06-30": "-54.00%", "2020-03-31": "-50.20%", "2019-12-31": "-47.07%", "2019-09-30": "-46.63%", "2019-06-30": "-45.26%", "2019-03-31": "-43.22%", "2018-12-31": "-45.79%", "2018-09-30": "-41.84%", "2018-06-30": "-41.08%", "2018-03-31": "-42.78%", "2017-12-31": "-42.52%", "2017-09-30": "-49.83%", "2017-06-30": "-61.36%", "2017-03-31": "-58.00%", "2016-12-31": "-53.50%", "2016-09-30": "-44.99%", "2016-06-30": "-28.83%", "2016-03-31": "-32.92%", "2015-12-31": "-39.82%", "2015-09-30": "-2.71%", "2015-06-30": "-0.07%", "2015-03-31": "4.43%", "2014-12-31": "9.78%", "2014-09-30": "-91.39%", "2014-06-30": "-82.31%", "2014-03-31": "-74.83%", "2013-12-31": "-107.69%", "2013-09-30": "-69.43%", "2013-06-30": "-72.23%", "2013-03-31": "-63.05%", "2012-12-31": "-28.53%", "2012-09-30": "-78.91%", "2012-06-30": "-121.56%", "2012-03-31": "-250.41%", "2011-12-31": "-409.44%", "2011-09-30": "-294.97%", "2011-06-30": "-332.05%", "2011-03-31": "-318.27%", "2010-12-31": "-333.87%", "2010-09-30": "-311.56%", "2010-06-30": "-242.74%", "2010-03-31": "-170.01%", "2009-12-31": "-114.49%", "2009-09-30": "-85.01%", "2009-06-30": "-88.37%", "2009-03-31": "-94.95%", "2008-12-31": "-104.55%", "2008-09-30": "-115.85%", "2008-06-30": "-124.35%", "2008-03-31": "-151.86%", "2007-12-31": "-197.08%", "2007-09-30": "-442.71%", "2007-06-30": "-5236.36%", "2007-03-31": "2280.24%", "2006-12-31": "780.53%", "2006-09-30": "403.73%", "2006-06-30": "249.82%", "2006-03-31": "175.71%", "2005-12-31": "124.94%"}, "dividend yield history": {"last payout": "$2.68", "last yield": "0.81%"}}