{"ticker": "SPR", "price": {"title": "Spirit Aerosystems Holdings Historical Annual Stock Price Data", "value": 38.47, "historical": {"2020": {"Average Stock Price": "31.7898", "Year Open": "74.3000", "Year High": "74.9800", "Year Low": "17.1600", "Year Close": "39.0900", "Annual % Change": "-46.36%"}, "2019": {"Average Stock Price": "83.2721", "Year Open": "72.4200", "Year High": "99.3500", "Year Low": "70.0900", "Year Close": "72.8800", "Annual % Change": "1.10%"}, "2018": {"Average Stock Price": "86.0696", "Year Open": "87.3800", "Year High": "102.9300", "Year Low": "65.7200", "Year Close": "72.0900", "Annual % Change": "-17.38%"}, "2017": {"Average Stock Price": "66.5035", "Year Open": "58.7800", "Year High": "87.2500", "Year Low": "52.9600", "Year Close": "87.2500", "Annual % Change": "49.53%"}, "2016": {"Average Stock Price": "47.5012", "Year Open": "49.0200", "Year High": "61.2600", "Year Low": "40.5000", "Year Close": "58.3500", "Annual % Change": "16.54%"}, "2015": {"Average Stock Price": "51.4533", "Year Open": "42.6400", "Year High": "57.1600", "Year Low": "41.8900", "Year Close": "50.0700", "Annual % Change": "16.33%"}, "2014": {"Average Stock Price": "34.8334", "Year Open": "33.7100", "Year High": "45.3200", "Year Low": "26.5100", "Year Close": "43.0400", "Annual % Change": "26.29%"}, "2013": {"Average Stock Price": "22.8704", "Year Open": "17.2800", "Year High": "34.1800", "Year Low": "15.9400", "Year Close": "34.0800", "Annual % Change": "100.82%"}, "2012": {"Average Stock Price": "22.2223", "Year Open": "21.1100", "Year High": "25.8500", "Year Low": "14.0400", "Year Close": "16.9700", "Annual % Change": "-18.33%"}, "2011": {"Average Stock Price": "20.7786", "Year Open": "20.7300", "Year High": "26.1600", "Year Low": "14.4000", "Year Close": "20.7800", "Annual % Change": "-0.14%"}, "2010": {"Average Stock Price": "20.4472", "Year Open": "20.7100", "Year High": "23.8800", "Year Low": "16.5000", "Year Close": "20.8100", "Annual % Change": "4.78%"}, "2009": {"Average Stock Price": "14.5864", "Year Open": "10.8100", "Year High": "20.4200", "Year Low": "8.2200", "Year Close": "19.8600", "Annual % Change": "95.28%"}, "2008": {"Average Stock Price": "21.2329", "Year Open": "33.2600", "Year High": "33.2600", "Year Low": "7.8000", "Year Close": "10.1700", "Annual % Change": "-70.52%"}, "2007": {"Average Stock Price": "33.9949", "Year Open": "31.2600", "Year High": "40.5000", "Year Low": "27.9800", "Year Close": "34.5000", "Annual % Change": "3.08%"}, "2006": {"Average Stock Price": "30.7248", "Year Open": "28.3100", "Year High": "33.4700", "Year Low": "28.3100", "Year Close": "33.4700", "Annual % Change": "0.00%"}}}, "market cap": {"value": "$4.06B"}, "income statement": {"Revenue": {"2019-12-31": "7863.10000", "2018-12-31": "7222.00000", "2017-12-31": "6983.00000", "2016-12-31": "6792.90000", "2015-12-31": "6643.90000", "2014-12-31": "6799.20000", "2013-12-31": "5961.00000", "2012-12-31": "5397.70000", "2011-12-31": "4863.80000", "2010-12-31": "4172.40000", "2009-12-31": "4078.50000", "2008-12-31": "3771.80000", "2007-12-31": "3860.80000", "2006-12-31": "3207.70000", "2005-12-31": "1207.60000"}, "Cost Of Goods Sold": {"2019-12-31": "6786.40000", "2018-12-31": "6135.90000", "2017-12-31": "6195.30000", "2016-12-31": "5800.30000", "2015-12-31": "5532.30000", "2014-12-31": "5711.00000", "2013-12-31": "6059.50000", "2012-12-31": "5245.30000", "2011-12-31": "4312.10000", "2010-12-31": "3607.90000", "2009-12-31": "3581.40000", "2008-12-31": "3163.20000", "2007-12-31": "3197.20000", "2006-12-31": "2934.30000", "2005-12-31": "1056.40000"}, "Gross Profit": {"2019-12-31": "1076.70000", "2018-12-31": "1086.10000", "2017-12-31": "787.70020", "2016-12-31": "992.60010", "2015-12-31": "1111.60000", "2014-12-31": "1088.20000", "2013-12-31": "-98.50000", "2012-12-31": "152.40040", "2011-12-31": "551.69970", "2010-12-31": "564.50000", "2009-12-31": "497.10010", "2008-12-31": "608.60010", "2007-12-31": "663.60010", "2006-12-31": "273.39990", "2005-12-31": "151.20000"}, "Research And Development Expenses": {"2019-12-31": "54.50000", "2018-12-31": "42.50000", "2017-12-31": "31.20000", "2016-12-31": "23.80000", "2015-12-31": "27.80000", "2014-12-31": "29.30000", "2013-12-31": "34.70000", "2012-12-31": "34.10000", "2011-12-31": "35.70000", "2010-12-31": "51.50000", "2009-12-31": "56.70000", "2008-12-31": "48.40000", "2007-12-31": "52.30000", "2006-12-31": "104.70000", "2005-12-31": "78.30000"}, "SG&A Expenses": {"2019-12-31": "261.40000", "2018-12-31": "210.40000", "2017-12-31": "204.70000", "2016-12-31": "230.90000", "2015-12-31": "220.80000", "2014-12-31": "233.80000", "2013-12-31": "200.80000", "2012-12-31": "172.20000", "2011-12-31": "159.90000", "2010-12-31": "156.00000", "2009-12-31": "137.10000", "2008-12-31": "154.50000", "2007-12-31": "192.10000", "2006-12-31": "225.00000", "2005-12-31": "140.70000"}, "Other Operating Income Or Expenses": {"2019-12-31": "", "2018-12-31": "10.00000", "2017-12-31": "-19.90000", "2016-12-31": "-12.10000", "2015-12-31": "", "2014-12-31": "-471.10000", "2013-12-31": "-30.30000", "2012-12-31": "146.20000", "2011-12-31": "", "2010-12-31": "", "2009-12-31": "", "2008-12-31": "", "2007-12-31": "", "2006-12-31": "", "2005-12-31": ""}, "Operating Expenses": {"2019-12-31": "7102.30000", "2018-12-31": "6378.80000", "2017-12-31": "6451.10000", "2016-12-31": "6067.10000", "2015-12-31": "5780.89900", "2014-12-31": "6445.20000", "2013-12-31": "6325.30000", "2012-12-31": "5305.40000", "2011-12-31": "4507.70000", "2010-12-31": "3815.40000", "2009-12-31": "3775.20000", "2008-12-31": "3366.10000", "2007-12-31": "3441.60000", "2006-12-31": "3264.00000", "2005-12-31": "1275.40000"}, "Operating Income": {"2019-12-31": "760.80030", "2018-12-31": "843.20020", "2017-12-31": "531.89990", "2016-12-31": "725.80030", "2015-12-31": "863.00050", "2014-12-31": "354.00050", "2013-12-31": "-364.29980", "2012-12-31": "92.30030", "2011-12-31": "356.09960", "2010-12-31": "357.00000", "2009-12-31": "303.30000", "2008-12-31": "405.70020", "2007-12-31": "419.20000", "2006-12-31": "-56.30010", "2005-12-31": "-67.80010"}, "Total Non-Operating Income/Expense": {"2019-12-31": "-97.70000", "2018-12-31": "-87.00000", "2017-12-31": "2.70000", "2016-12-31": "-65.30000", "2015-12-31": "-54.90000", "2014-12-31": "-91.60000", "2013-12-31": "-66.50000", "2012-12-31": "-80.90000", "2011-12-31": "-75.80000", "2010-12-31": "-59.20000", "2009-12-31": "-30.50000", "2008-12-31": "-21.80000", "2007-12-31": "0.60000", "2006-12-31": "-15.20000", "2005-12-31": "-8.80000"}, "Pre-Tax Income": {"2019-12-31": "663.10000", "2018-12-31": "756.20000", "2017-12-31": "534.60000", "2016-12-31": "660.50000", "2015-12-31": "808.10000", "2014-12-31": "262.40000", "2013-12-31": "-430.80000", "2012-12-31": "11.40000", "2011-12-31": "280.30000", "2010-12-31": "297.80000", "2009-12-31": "272.80000", "2008-12-31": "383.90000", "2007-12-31": "419.80000", "2006-12-31": "-71.50000", "2005-12-31": "-76.60000"}, "Income Taxes": {"2019-12-31": "132.80000", "2018-12-31": "139.80000", "2017-12-31": "180.00000", "2016-12-31": "192.10000", "2015-12-31": "20.60000", "2014-12-31": "-95.90000", "2013-12-31": "191.10000", "2012-12-31": "-24.10000", "2011-12-31": "86.90000", "2010-12-31": "78.20000", "2009-12-31": "80.90000", "2008-12-31": "118.50000", "2007-12-31": "122.90000", "2006-12-31": "-88.30000", "2005-12-31": "13.70000"}, "Income After Taxes": {"2019-12-31": "530.30000", "2018-12-31": "616.40000", "2017-12-31": "354.60000", "2016-12-31": "468.40000", "2015-12-31": "787.50000", "2014-12-31": "358.30000", "2013-12-31": "-621.90000", "2012-12-31": "35.50000", "2011-12-31": "193.40000", "2010-12-31": "219.60000", "2009-12-31": "191.90000", "2008-12-31": "265.40000", "2007-12-31": "296.90000", "2006-12-31": "16.80000", "2005-12-31": "-90.30000"}, "Other Income": {"2019-12-31": "", "2018-12-31": "", "2017-12-31": "", "2016-12-31": "", "2015-12-31": "", "2014-12-31": "", "2013-12-31": "", "2012-12-31": "", "2011-12-31": "", "2010-12-31": "", "2009-12-31": "", "2008-12-31": "", "2007-12-31": "", "2006-12-31": "", "2005-12-31": ""}, "Income From Continuous Operations": {"2019-12-31": "530.10000", "2018-12-31": "617.00000", "2017-12-31": "354.90000", "2016-12-31": "469.70000", "2015-12-31": "788.70000", "2014-12-31": "358.80000", "2013-12-31": "-621.40000", "2012-12-31": "34.80000", "2011-12-31": "192.40000", "2010-12-31": "218.90000", "2009-12-31": "191.70000", "2008-12-31": "265.40000", "2007-12-31": "296.90000", "2006-12-31": "16.80000", "2005-12-31": "-90.30000"}, "Income From Discontinued Operations": {"2019-12-31": "", "2018-12-31": "", "2017-12-31": "", "2016-12-31": "", "2015-12-31": "", "2014-12-31": "", "2013-12-31": "", "2012-12-31": "", "2011-12-31": "", "2010-12-31": "", "2009-12-31": "", "2008-12-31": "", "2007-12-31": "", "2006-12-31": "", "2005-12-31": ""}, "Net Income": {"2019-12-31": "530.10000", "2018-12-31": "617.00000", "2017-12-31": "354.90000", "2016-12-31": "469.70000", "2015-12-31": "788.70000", "2014-12-31": "358.80000", "2013-12-31": "-621.40000", "2012-12-31": "34.40000", "2011-12-31": "189.20000", "2010-12-31": "218.90000", "2009-12-31": "191.70000", "2008-12-31": "265.40000", "2007-12-31": "296.90000", "2006-12-31": "16.80000", "2005-12-31": "-90.30000"}, "EBITDA": {"2019-12-31": "1016.00000", "2018-12-31": "1092.10000", "2017-12-31": "749.59990", "2016-12-31": "953.90030", "2015-12-31": "1051.00000", "2014-12-31": "553.30050", "2013-12-31": "-196.29980", "2012-12-31": "263.10030", "2011-12-31": "495.79960", "2010-12-31": "485.00000", "2009-12-31": "430.80000", "2008-12-31": "521.30020", "2007-12-31": "503.09990", "2006-12-31": "-13.50010", "2005-12-31": "-45.60010"}, "EBIT": {"2019-12-31": "760.80030", "2018-12-31": "843.20020", "2017-12-31": "531.89990", "2016-12-31": "725.80030", "2015-12-31": "863.00050", "2014-12-31": "354.00050", "2013-12-31": "-364.29980", "2012-12-31": "92.30030", "2011-12-31": "356.09960", "2010-12-31": "357.00000", "2009-12-31": "303.30000", "2008-12-31": "405.70020", "2007-12-31": "419.20000", "2006-12-31": "-56.30010", "2005-12-31": "-67.80010"}, "Basic Shares Outstanding": {"2019-12-31": "103.60000", "2018-12-31": "108.00000", "2017-12-31": "116.80000", "2016-12-31": "126.10000", "2015-12-31": "138.40000", "2014-12-31": "140.00000", "2013-12-31": "141.30000", "2012-12-31": "140.70000", "2011-12-31": "139.20000", "2010-12-31": "137.90000", "2009-12-31": "137.20000", "2008-12-31": "134.50000", "2007-12-31": "134.50000", "2006-12-31": "115.60000", "2005-12-31": "113.50000"}, "Shares Outstanding": {"2019-12-31": "104.70000", "2018-12-31": "109.10000", "2017-12-31": "117.90000", "2016-12-31": "127.00000", "2015-12-31": "139.40000", "2014-12-31": "141.60000", "2013-12-31": "141.30000", "2012-12-31": "142.70000", "2011-12-31": "142.30000", "2010-12-31": "141.00000", "2009-12-31": "139.80000", "2008-12-31": "139.30000", "2007-12-31": "139.30000", "2006-12-31": "122.00000", "2005-12-31": "113.50000"}, "Basic EPS": {"2019-12-31": "5.11000", "2018-12-31": "5.71000", "2017-12-31": "3.04000", "2016-12-31": "3.72000", "2015-12-31": "5.69000", "2014-12-31": "2.55000", "2013-12-31": "-4.40000", "2012-12-31": "0.24000", "2011-12-31": "1.36000", "2010-12-31": "1.56000", "2009-12-31": "1.39000", "2008-12-31": "1.93000", "2007-12-31": "2.19000", "2006-12-31": "0.15000", "2005-12-31": "-0.80000"}, "EPS - Earnings Per Share": {"2019-12-31": "5.06000", "2018-12-31": "5.65000", "2017-12-31": "3.01000", "2016-12-31": "3.70000", "2015-12-31": "5.66000", "2014-12-31": "2.53000", "2013-12-31": "-4.40000", "2012-12-31": "0.24000", "2011-12-31": "1.35000", "2010-12-31": "1.55000", "2009-12-31": "1.37000", "2008-12-31": "1.91000", "2007-12-31": "2.13000", "2006-12-31": "0.14000", "2005-12-31": "-0.80000"}}, "income statement, quarterly": {"Revenue": {"2020-09-30": "806.30000", "2020-06-30": "644.60000", "2020-03-31": "1077.30000", "2019-12-31": "1959.30000", "2019-09-30": "1919.90000", "2019-06-30": "2016.10000", "2019-03-31": "1967.80000", "2018-12-31": "1835.30000", "2018-09-30": "1813.70000", "2018-06-30": "1836.90000", "2018-03-31": "1736.10000", "2017-12-31": "1714.60000", "2017-09-30": "1748.20000", "2017-06-30": "1826.10000", "2017-03-31": "1694.10000", "2016-12-31": "1570.00000", "2016-09-30": "1711.40000", "2016-06-30": "1829.90000", "2016-03-31": "1681.60000", "2015-12-31": "1609.40000", "2015-09-30": "1593.60000", "2015-06-30": "1698.70000", "2015-03-31": "1742.20000", "2014-12-31": "1574.40000", "2014-09-30": "1693.00000", "2014-06-30": "1803.30000", "2014-03-31": "1728.50000", "2013-12-31": "1494.40000", "2013-09-30": "1503.70000", "2013-06-30": "1520.70000", "2013-03-31": "1442.20000", "2012-12-31": "1425.60000", "2012-09-30": "1365.30000", "2012-06-30": "1341.00000", "2012-03-31": "1265.80000", "2011-12-31": "1218.90000", "2011-09-30": "1129.70000", "2011-06-30": "1465.60000", "2011-03-31": "1049.60000", "2010-12-31": "1071.10000", "2010-09-30": "1002.00000", "2010-06-30": "1056.00000", "2010-03-31": "1043.30000", "2009-12-31": "1077.70000", "2009-09-30": "1053.80000", "2009-06-30": "1059.60000", "2009-03-31": "887.40000", "2008-12-31": "646.10010", "2008-09-30": "1027.20000", "2008-06-30": "1062.10000", "2008-03-31": "1036.40000", "2007-12-31": "980.40000", "2007-09-30": "967.50000", "2007-06-30": "958.80000", "2007-03-31": "954.10000", "2006-12-31": "852.00000", "2006-09-30": "829.70000", "2006-06-30": "855.40000", "2006-03-31": "670.80000"}, "Cost Of Goods Sold": {"2020-09-30": "903.40000", "2020-06-30": "925.10000", "2020-03-31": "1112.50000", "2019-12-31": "1757.30000", "2019-09-30": "1647.60000", "2019-06-30": "1723.20000", "2019-03-31": "1658.30000", "2018-12-31": "1534.60000", "2018-09-30": "1543.10000", "2018-06-30": "1547.20000", "2018-03-31": "1511.00000", "2017-12-31": "1432.50000", "2017-09-30": "1486.60000", "2017-06-30": "1855.20000", "2017-03-31": "1421.00000", "2016-12-31": "1329.90000", "2016-09-30": "1439.40000", "2016-06-30": "1672.00000", "2016-03-31": "1359.00000", "2015-12-31": "1335.10000", "2015-09-30": "1341.00000", "2015-06-30": "1407.90000", "2015-03-31": "1448.30000", "2014-12-31": "1299.80000", "2014-09-30": "1418.00000", "2014-06-30": "1525.90000", "2014-03-31": "1467.30000", "2013-12-31": "1743.80000", "2013-09-30": "1388.40000", "2013-06-30": "1690.20000", "2013-03-31": "1237.10000", "2012-12-31": "1250.70000", "2012-09-30": "1746.70000", "2012-06-30": "1156.80000", "2012-03-31": "1091.10000", "2011-12-31": "1066.50000", "2011-09-30": "963.00000", "2011-06-30": "1354.60000", "2011-03-31": "928.00000", "2010-12-31": "918.70000", "2010-09-30": "868.50000", "2010-06-30": "919.60000", "2010-03-31": "901.10000", "2009-12-31": "944.19990", "2009-09-30": "878.30000", "2009-06-30": "1021.60000", "2009-03-31": "737.30000", "2008-12-31": "567.09990", "2008-09-30": "864.30000", "2008-06-30": "874.50000", "2008-03-31": "857.30000", "2007-12-31": "809.00010", "2007-09-30": "804.70000", "2007-06-30": "788.70000", "2007-03-31": "794.80000", "2006-12-31": "1007.60000", "2006-09-30": "677.70000", "2006-06-30": "716.00000", "2006-03-31": "533.00000"}, "Gross Profit": {"2020-09-30": "-97.10000", "2020-06-30": "-280.50000", "2020-03-31": "-35.20000", "2019-12-31": "202.00020", "2019-09-30": "272.30000", "2019-06-30": "292.90000", "2019-03-31": "309.50000", "2018-12-31": "300.70010", "2018-09-30": "270.60000", "2018-06-30": "289.70010", "2018-03-31": "225.10000", "2017-12-31": "282.10000", "2017-09-30": "261.60000", "2017-06-30": "-29.10000", "2017-03-31": "273.10000", "2016-12-31": "240.10020", "2016-09-30": "272.00000", "2016-06-30": "157.90000", "2016-03-31": "322.60000", "2015-12-31": "274.30000", "2015-09-30": "252.60000", "2015-06-30": "290.79990", "2015-03-31": "293.89990", "2014-12-31": "274.60010", "2014-09-30": "275.00000", "2014-06-30": "277.40000", "2014-03-31": "261.20000", "2013-12-31": "-249.40030", "2013-09-30": "115.29990", "2013-06-30": "-169.50000", "2013-03-31": "205.10000", "2012-12-31": "174.90030", "2012-09-30": "-381.39990", "2012-06-30": "184.20000", "2012-03-31": "174.70010", "2011-12-31": "152.39990", "2011-09-30": "166.70000", "2011-06-30": "111.00000", "2011-03-31": "121.60000", "2010-12-31": "152.39990", "2010-09-30": "133.50000", "2010-06-30": "136.40000", "2010-03-31": "142.20010", "2009-12-31": "133.50010", "2009-09-30": "175.50010", "2009-06-30": "38.00000", "2009-03-31": "150.10000", "2008-12-31": "79.00020", "2008-09-30": "162.90000", "2008-06-30": "187.60000", "2008-03-31": "179.10000", "2007-12-31": "171.40000", "2007-09-30": "162.80000", "2007-06-30": "170.10000", "2007-03-31": "159.30000", "2006-12-31": "-155.60010", "2006-09-30": "152.00000", "2006-06-30": "139.40000", "2006-03-31": "137.80000"}, "Research And Development Expenses": {"2020-09-30": "7.50000", "2020-06-30": "8.30000", "2020-03-31": "12.30000", "2019-12-31": "18.50000", "2019-09-30": "12.60000", "2019-06-30": "10.50000", "2019-03-31": "12.90000", "2018-12-31": "11.20000", "2018-09-30": "10.80000", "2018-06-30": "11.10000", "2018-03-31": "9.40000", "2017-12-31": "10.00000", "2017-09-30": "9.50000", "2017-06-30": "6.70000", "2017-03-31": "5.00000", "2016-12-31": "7.90000", "2016-09-30": "5.40000", "2016-06-30": "4.40000", "2016-03-31": "6.10000", "2015-12-31": "7.60000", "2015-09-30": "6.50000", "2015-06-30": "6.70000", "2015-03-31": "7.00000", "2014-12-31": "7.50000", "2014-09-30": "8.70000", "2014-06-30": "6.80000", "2014-03-31": "6.30000", "2013-12-31": "11.10000", "2013-09-30": "7.50000", "2013-06-30": "8.60000", "2013-03-31": "7.50000", "2012-12-31": "12.50000", "2012-09-30": "7.30000", "2012-06-30": "6.90000", "2012-03-31": "7.40000", "2011-12-31": "8.60000", "2011-09-30": "7.80000", "2011-06-30": "6.30000", "2011-03-31": "13.00000", "2010-12-31": "16.40000", "2010-09-30": "12.60000", "2010-06-30": "12.60000", "2010-03-31": "9.90000", "2009-12-31": "15.10000", "2009-09-30": "14.00000", "2009-06-30": "13.70000", "2009-03-31": "13.90000", "2008-12-31": "15.30000", "2008-09-30": "12.70000", "2008-06-30": "10.60000", "2008-03-31": "9.80000", "2007-12-31": "14.90000", "2007-09-30": "13.30000", "2007-06-30": "13.70000", "2007-03-31": "10.40000", "2006-12-31": "19.60000", "2006-09-30": "14.60000", "2006-06-30": "28.10000", "2006-03-31": "42.40000"}, "SG&A Expenses": {"2020-09-30": "52.80000", "2020-06-30": "49.00000", "2020-03-31": "77.40000", "2019-12-31": "87.80000", "2019-09-30": "53.60000", "2019-06-30": "56.40000", "2019-03-31": "63.60000", "2018-12-31": "55.90000", "2018-09-30": "37.30000", "2018-06-30": "61.00000", "2018-03-31": "56.20000", "2017-12-31": "54.80000", "2017-09-30": "49.80000", "2017-06-30": "47.20000", "2017-03-31": "52.90000", "2016-12-31": "58.50000", "2016-09-30": "52.20000", "2016-06-30": "70.20000", "2016-03-31": "50.00000", "2015-12-31": "60.90000", "2015-09-30": "54.50000", "2015-06-30": "53.80000", "2015-03-31": "51.60000", "2014-12-31": "68.90000", "2014-09-30": "50.00000", "2014-06-30": "54.40000", "2014-03-31": "60.50000", "2013-12-31": "49.60000", "2013-09-30": "52.80000", "2013-06-30": "54.10000", "2013-03-31": "44.30000", "2012-12-31": "46.30000", "2012-09-30": "40.60000", "2012-06-30": "40.30000", "2012-03-31": "45.00000", "2011-12-31": "41.40000", "2011-09-30": "38.40000", "2011-06-30": "41.10000", "2011-03-31": "39.00000", "2010-12-31": "40.10000", "2010-09-30": "38.50000", "2010-06-30": "38.10000", "2010-03-31": "39.30000", "2009-12-31": "33.50000", "2009-09-30": "30.50000", "2009-06-30": "34.70000", "2009-03-31": "38.40000", "2008-12-31": "35.50000", "2008-09-30": "39.00000", "2008-06-30": "40.90000", "2008-03-31": "39.10000", "2007-12-31": "49.80000", "2007-09-30": "42.90000", "2007-06-30": "54.30000", "2007-03-31": "45.10000", "2006-12-31": "65.00000", "2006-09-30": "59.90000", "2006-06-30": "55.30000", "2006-03-31": "44.80000"}, "Other Operating Income Or Expenses": {"2020-09-30": "", "2020-06-30": "-22.90000", "2020-03-31": "", "2019-12-31": "", "2019-09-30": "", "2019-06-30": "", "2019-03-31": "", "2018-12-31": "", "2018-09-30": "", "2018-06-30": "", "2018-03-31": "", "2017-12-31": "0.00000", "2017-09-30": "", "2017-06-30": "-9.10000", "2017-03-31": "-10.80000", "2016-12-31": "", "2016-09-30": "", "2016-06-30": "", "2016-03-31": "", "2015-12-31": "", "2015-09-30": "", "2015-06-30": "", "2015-03-31": "", "2014-12-31": "", "2014-09-30": "", "2014-06-30": "", "2014-03-31": "", "2013-12-31": "-10.70000", "2013-09-30": "-4.50000", "2013-06-30": "-6.30000", "2013-03-31": "-8.80000", "2012-12-31": "-18.10000", "2012-09-30": "218.80000", "2012-06-30": "-54.50000", "2012-03-31": "", "2011-12-31": "", "2011-09-30": "", "2011-06-30": "", "2011-03-31": "", "2010-12-31": "", "2010-09-30": "", "2010-06-30": "", "2010-03-31": "", "2009-12-31": "", "2009-09-30": "", "2009-06-30": "", "2009-03-31": "", "2008-12-31": "", "2008-09-30": "", "2008-06-30": "", "2008-03-31": "", "2007-12-31": "", "2007-09-30": "", "2007-06-30": "", "2007-03-31": "", "2006-12-31": "", "2006-09-30": "", "2006-06-30": "", "2006-03-31": ""}, "Operating Expenses": {"2020-09-30": "983.20000", "2020-06-30": "1011.60000", "2020-03-31": "1244.80000", "2019-12-31": "1863.60000", "2019-09-30": "1713.80000", "2019-06-30": "1790.10000", "2019-03-31": "1734.80000", "2018-12-31": "1591.70000", "2018-09-30": "1591.20000", "2018-06-30": "1619.30000", "2018-03-31": "1576.60000", "2017-12-31": "1497.30000", "2017-09-30": "1545.90000", "2017-06-30": "1918.20000", "2017-03-31": "1489.70000", "2016-12-31": "1408.40000", "2016-09-30": "1497.00000", "2016-06-30": "1746.60000", "2016-03-31": "1415.10000", "2015-12-31": "1403.59900", "2015-09-30": "1402.00000", "2015-06-30": "1468.40000", "2015-03-31": "1506.90000", "2014-12-31": "1847.30000", "2014-09-30": "1476.70000", "2014-06-30": "1587.10000", "2014-03-31": "1534.10000", "2013-12-31": "1815.20000", "2013-09-30": "1453.20000", "2013-06-30": "1759.20000", "2013-03-31": "1297.70000", "2012-12-31": "1327.60000", "2012-09-30": "1575.80000", "2012-06-30": "1258.50000", "2012-03-31": "1143.50000", "2011-12-31": "1116.50000", "2011-09-30": "1009.20000", "2011-06-30": "1402.00000", "2011-03-31": "980.00000", "2010-12-31": "975.19990", "2010-09-30": "919.60000", "2010-06-30": "970.29990", "2010-03-31": "950.30000", "2009-12-31": "992.80000", "2009-09-30": "922.80000", "2009-06-30": "1070.00000", "2009-03-31": "789.60000", "2008-12-31": "617.89990", "2008-09-30": "916.00000", "2008-06-30": "926.00000", "2008-03-31": "906.20000", "2007-12-31": "873.70030", "2007-09-30": "860.90000", "2007-06-30": "856.70000", "2007-03-31": "850.30000", "2006-12-31": "1092.20000", "2006-09-30": "752.20000", "2006-06-30": "799.40000", "2006-03-31": "620.20000"}, "Operating Income": {"2020-09-30": "-176.90000", "2020-06-30": "-367.00000", "2020-03-31": "-167.50000", "2019-12-31": "95.70020", "2019-09-30": "206.10010", "2019-06-30": "226.00000", "2019-03-31": "233.00000", "2018-12-31": "243.60010", "2018-09-30": "222.49990", "2018-06-30": "217.60010", "2018-03-31": "159.50000", "2017-12-31": "217.29930", "2017-09-30": "202.29990", "2017-06-30": "-92.09990", "2017-03-31": "204.39990", "2016-12-31": "161.60060", "2016-09-30": "214.40000", "2016-06-30": "83.30010", "2016-03-31": "266.50000", "2015-12-31": "205.80040", "2015-09-30": "191.60000", "2015-06-30": "230.29990", "2015-03-31": "235.29990", "2014-12-31": "-272.89970", "2014-09-30": "216.30000", "2014-06-30": "216.20000", "2014-03-31": "194.39990", "2013-12-31": "-320.79970", "2013-09-30": "50.49990", "2013-06-30": "-238.50000", "2013-03-31": "144.49990", "2012-12-31": "98.00000", "2012-09-30": "-210.49990", "2012-06-30": "82.49990", "2012-03-31": "122.30000", "2011-12-31": "102.39980", "2011-09-30": "120.49990", "2011-06-30": "63.60000", "2011-03-31": "69.60000", "2010-12-31": "95.90000", "2010-09-30": "82.40000", "2010-06-30": "85.70010", "2010-03-31": "93.00010", "2009-12-31": "84.90000", "2009-09-30": "131.00010", "2009-06-30": "-10.39990", "2009-03-31": "97.80000", "2008-12-31": "28.20020", "2008-09-30": "111.20000", "2008-06-30": "136.10000", "2008-03-31": "130.20010", "2007-12-31": "106.69980", "2007-09-30": "106.60000", "2007-06-30": "102.10000", "2007-03-31": "103.80000", "2006-12-31": "-240.20020", "2006-09-30": "77.50000", "2006-06-30": "56.00010", "2006-03-31": "50.60000"}, "Total Non-Operating Income/Expense": {"2020-09-30": "-63.00000", "2020-06-30": "-55.00000", "2020-03-31": "-81.20000", "2019-12-31": "-19.70000", "2019-09-30": "-33.10000", "2019-06-30": "-15.10000", "2019-03-31": "-29.80000", "2018-12-31": "-25.90000", "2018-09-30": "-16.80000", "2018-06-30": "-37.10000", "2018-03-31": "-7.20000", "2017-12-31": "0.60000", "2017-09-30": "0.60000", "2017-06-30": "0.30000", "2017-03-31": "1.20000", "2016-12-31": "-9.10000", "2016-09-30": "-12.50000", "2016-06-30": "-30.10000", "2016-03-31": "-13.60000", "2015-12-31": "-12.40000", "2015-09-30": "-14.20000", "2015-06-30": "-4.00000", "2015-03-31": "-24.30000", "2014-12-31": "-18.20000", "2014-09-30": "-24.40000", "2014-06-30": "-14.90000", "2014-03-31": "-34.10000", "2013-12-31": "-13.50000", "2013-09-30": "-9.60000", "2013-06-30": "-16.00000", "2013-03-31": "-27.40000", "2012-12-31": "-21.80000", "2012-09-30": "-12.10000", "2012-06-30": "-32.20000", "2012-03-31": "-14.80000", "2011-12-31": "-14.40000", "2011-09-30": "-20.60000", "2011-06-30": "-21.50000", "2011-03-31": "-19.30000", "2010-12-31": "-18.50000", "2010-09-30": "-10.30000", "2010-06-30": "-11.00000", "2010-03-31": "-19.40000", "2009-12-31": "-12.80000", "2009-09-30": "-9.10000", "2009-06-30": "-3.60000", "2009-03-31": "-5.00000", "2008-12-31": "-8.30000", "2008-09-30": "-6.20000", "2008-06-30": "-5.30000", "2008-03-31": "-2.00000", "2007-12-31": "0.70000", "2007-09-30": "-0.40000", "2007-06-30": "-0.50000", "2007-03-31": "0.80000", "2006-12-31": "-4.90000", "2006-09-30": "-4.30000", "2006-06-30": "-3.30000", "2006-03-31": "-2.70000"}, "Pre-Tax Income": {"2020-09-30": "-239.90000", "2020-06-30": "-422.00000", "2020-03-31": "-248.70000", "2019-12-31": "76.00000", "2019-09-30": "173.00000", "2019-06-30": "210.90000", "2019-03-31": "203.20000", "2018-12-31": "217.70000", "2018-09-30": "205.70000", "2018-06-30": "180.50000", "2018-03-31": "152.30000", "2017-12-31": "217.90000", "2017-09-30": "202.90000", "2017-06-30": "-91.80000", "2017-03-31": "205.60000", "2016-12-31": "152.50000", "2016-09-30": "201.90000", "2016-06-30": "53.20000", "2016-03-31": "252.90000", "2015-12-31": "193.40000", "2015-09-30": "177.40000", "2015-06-30": "226.30000", "2015-03-31": "211.00000", "2014-12-31": "-291.10000", "2014-09-30": "191.90000", "2014-06-30": "201.30000", "2014-03-31": "160.30000", "2013-12-31": "-334.30000", "2013-09-30": "40.90000", "2013-06-30": "-254.50000", "2013-03-31": "117.10000", "2012-12-31": "76.20000", "2012-09-30": "-222.60000", "2012-06-30": "50.30000", "2012-03-31": "107.50000", "2011-12-31": "88.00000", "2011-09-30": "99.90000", "2011-06-30": "42.10000", "2011-03-31": "50.30000", "2010-12-31": "77.40000", "2010-09-30": "72.10000", "2010-06-30": "74.70000", "2010-03-31": "73.60000", "2009-12-31": "72.10000", "2009-09-30": "121.90000", "2009-06-30": "-14.00000", "2009-03-31": "92.80000", "2008-12-31": "19.90000", "2008-09-30": "105.00000", "2008-06-30": "130.80000", "2008-03-31": "128.20000", "2007-12-31": "107.40000", "2007-09-30": "106.20000", "2007-06-30": "101.60000", "2007-03-31": "104.60000", "2006-12-31": "852.00000", "2006-09-30": "73.20000", "2006-06-30": "52.70000", "2006-03-31": "47.90000"}, "Income Taxes": {"2020-09-30": "-85.20000", "2020-06-30": "-167.60000", "2020-03-31": "-87.20000", "2019-12-31": "8.10000", "2019-09-30": "41.70000", "2019-06-30": "42.90000", "2019-03-31": "40.10000", "2018-12-31": "40.10000", "2018-09-30": "36.90000", "2018-06-30": "35.30000", "2018-03-31": "27.50000", "2017-12-31": "95.10000", "2017-09-30": "55.90000", "2017-06-30": "-35.00000", "2017-03-31": "64.00000", "2016-12-31": "44.30000", "2016-09-30": "57.30000", "2016-06-30": "8.60000", "2016-03-31": "81.90000", "2015-12-31": "55.40000", "2015-09-30": "-135.90000", "2015-06-30": "71.70000", "2015-03-31": "29.40000", "2014-12-31": "-184.80000", "2014-09-30": "23.90000", "2014-06-30": "58.10000", "2014-03-31": "6.90000", "2013-12-31": "253.40000", "2013-09-30": "-53.00000", "2013-06-30": "-45.00000", "2013-03-31": "35.70000", "2012-12-31": "15.30000", "2012-09-30": "-88.30000", "2012-06-30": "15.30000", "2012-03-31": "33.60000", "2011-12-31": "27.30000", "2011-09-30": "32.40000", "2011-06-30": "11.90000", "2011-03-31": "15.30000", "2010-12-31": "15.40000", "2010-09-30": "25.40000", "2010-06-30": "19.60000", "2010-03-31": "17.80000", "2009-12-31": "22.10000", "2009-09-30": "34.40000", "2009-06-30": "-5.80000", "2009-03-31": "30.20000", "2008-12-31": "0.10000", "2008-09-30": "31.00000", "2008-06-30": "44.40000", "2008-03-31": "43.00000", "2007-12-31": "31.90000", "2007-09-30": "22.60000", "2007-06-30": "33.60000", "2007-03-31": "34.80000", "2006-12-31": "-175.90000", "2006-09-30": "39.20000", "2006-06-30": "23.00000", "2006-03-31": "25.40000"}, "Income After Taxes": {"2020-09-30": "-154.70000", "2020-06-30": "-254.40000", "2020-03-31": "-161.50000", "2019-12-31": "67.90000", "2019-09-30": "131.30000", "2019-06-30": "168.00000", "2019-03-31": "163.10000", "2018-12-31": "177.60000", "2018-09-30": "168.80000", "2018-06-30": "145.20000", "2018-03-31": "124.80000", "2017-12-31": "122.80000", "2017-09-30": "147.00000", "2017-06-30": "-56.80000", "2017-03-31": "141.60000", "2016-12-31": "108.20000", "2016-09-30": "144.60000", "2016-06-30": "44.60000", "2016-03-31": "171.00000", "2015-12-31": "138.00000", "2015-09-30": "313.30000", "2015-06-30": "154.60000", "2015-03-31": "181.60000", "2014-12-31": "-106.30000", "2014-09-30": "168.00000", "2014-06-30": "143.20000", "2014-03-31": "153.40000", "2013-12-31": "-587.70010", "2013-09-30": "93.90000", "2013-06-30": "-209.50000", "2013-03-31": "81.40000", "2012-12-31": "60.90000", "2012-09-30": "-134.30000", "2012-06-30": "35.00000", "2012-03-31": "73.90000", "2011-12-31": "60.70000", "2011-09-30": "67.50000", "2011-06-30": "30.20000", "2011-03-31": "35.00000", "2010-12-31": "62.00000", "2010-09-30": "46.70000", "2010-06-30": "55.10000", "2010-03-31": "55.80000", "2009-12-31": "50.00000", "2009-09-30": "87.50000", "2009-06-30": "-8.20000", "2009-03-31": "62.60000", "2008-12-31": "19.80000", "2008-09-30": "74.00000", "2008-06-30": "86.40000", "2008-03-31": "85.20000", "2007-12-31": "75.50000", "2007-09-30": "83.60000", "2007-06-30": "68.00000", "2007-03-31": "69.80000", "2006-12-31": "852.00000", "2006-09-30": "34.00000", "2006-06-30": "29.70000", "2006-03-31": "22.50000"}, "Other Income": {"2020-09-30": "", "2020-06-30": "", "2020-03-31": "", "2019-12-31": "", "2019-09-30": "", "2019-06-30": "", "2019-03-31": "", "2018-12-31": "", "2018-09-30": "", "2018-06-30": "", "2018-03-31": "", "2017-12-31": "", "2017-09-30": "", "2017-06-30": "", "2017-03-31": "", "2016-12-31": "", "2016-09-30": "", "2016-06-30": "", "2016-03-31": "", "2015-12-31": "", "2015-09-30": "", "2015-06-30": "", "2015-03-31": "", "2014-12-31": "", "2014-09-30": "", "2014-06-30": "", "2014-03-31": "", "2013-12-31": "", "2013-09-30": "", "2013-06-30": "", "2013-03-31": "", "2012-12-31": "", "2012-09-30": "", "2012-06-30": "", "2012-03-31": "", "2011-12-31": "", "2011-09-30": "", "2011-06-30": "", "2011-03-31": "", "2010-12-31": "", "2010-09-30": "", "2010-06-30": "", "2010-03-31": "", "2009-12-31": "", "2009-09-30": "", "2009-06-30": "", "2009-03-31": "", "2008-12-31": "", "2008-09-30": "", "2008-06-30": "", "2008-03-31": "", "2007-12-31": "", "2007-09-30": "", "2007-06-30": "", "2007-03-31": "", "2006-12-31": "", "2006-09-30": "", "2006-06-30": "", "2006-03-31": ""}, "Income From Continuous Operations": {"2020-09-30": "-155.50000", "2020-06-30": "-255.90000", "2020-03-31": "-163.00000", "2019-12-31": "67.70000", "2019-09-30": "131.30000", "2019-06-30": "168.00000", "2019-03-31": "163.10000", "2018-12-31": "177.60000", "2018-09-30": "168.80000", "2018-06-30": "145.20000", "2018-03-31": "125.40000", "2017-12-31": "122.99990", "2017-09-30": "147.00000", "2017-06-30": "-56.80000", "2017-03-31": "141.70000", "2016-12-31": "108.20000", "2016-09-30": "145.10000", "2016-06-30": "44.80000", "2016-03-31": "171.60000", "2015-12-31": "138.60000", "2015-09-30": "313.30000", "2015-06-30": "154.90000", "2015-03-31": "181.90000", "2014-12-31": "-106.20000", "2014-09-30": "168.00000", "2014-06-30": "143.40000", "2014-03-31": "153.60000", "2013-12-31": "-586.90000", "2013-09-30": "93.70000", "2013-06-30": "-209.40000", "2013-03-31": "81.20000", "2012-12-31": "60.70000", "2012-09-30": "-134.40000", "2012-06-30": "34.90000", "2012-03-31": "73.60000", "2011-12-31": "60.40000", "2011-09-30": "67.30000", "2011-06-30": "30.10000", "2011-03-31": "34.60000", "2010-12-31": "61.90000", "2010-09-30": "46.40000", "2010-06-30": "55.10000", "2010-03-31": "55.50000", "2009-12-31": "50.00000", "2009-09-30": "87.30000", "2009-06-30": "-8.30000", "2009-03-31": "62.70000", "2008-12-31": "19.80000", "2008-09-30": "74.00000", "2008-06-30": "86.40000", "2008-03-31": "85.20000", "2007-12-31": "75.50000", "2007-09-30": "83.60000", "2007-06-30": "68.00000", "2007-03-31": "69.80000", "2006-12-31": "-69.00000", "2006-09-30": "34.00000", "2006-06-30": "29.70000", "2006-03-31": "22.50000"}, "Income From Discontinued Operations": {"2020-09-30": "", "2020-06-30": "", "2020-03-31": "", "2019-12-31": "", "2019-09-30": "", "2019-06-30": "", "2019-03-31": "", "2018-12-31": "", "2018-09-30": "", "2018-06-30": "", "2018-03-31": "", "2017-12-31": "", "2017-09-30": "", "2017-06-30": "", "2017-03-31": "", "2016-12-31": "", "2016-09-30": "", "2016-06-30": "", "2016-03-31": "", "2015-12-31": "", "2015-09-30": "", "2015-06-30": "", "2015-03-31": "", "2014-12-31": "", "2014-09-30": "", "2014-06-30": "", "2014-03-31": "", "2013-12-31": "", "2013-09-30": "", "2013-06-30": "", "2013-03-31": "", "2012-12-31": "", "2012-09-30": "", "2012-06-30": "", "2012-03-31": "", "2011-12-31": "", "2011-09-30": "", "2011-06-30": "", "2011-03-31": "", "2010-12-31": "", "2010-09-30": "", "2010-06-30": "", "2010-03-31": "", "2009-12-31": "", "2009-09-30": "", "2009-06-30": "", "2009-03-31": "", "2008-12-31": "", "2008-09-30": "", "2008-06-30": "", "2008-03-31": "", "2007-12-31": "", "2007-09-30": "", "2007-06-30": "", "2007-03-31": "", "2006-12-31": "0.00000", "2006-09-30": "", "2006-06-30": "", "2006-03-31": ""}, "Net Income": {"2020-09-30": "-155.50000", "2020-06-30": "-255.90000", "2020-03-31": "-163.00000", "2019-12-31": "67.70000", "2019-09-30": "131.30000", "2019-06-30": "168.00000", "2019-03-31": "163.10000", "2018-12-31": "177.60000", "2018-09-30": "168.80000", "2018-06-30": "145.20000", "2018-03-31": "125.40000", "2017-12-31": "122.80000", "2017-09-30": "147.20000", "2017-06-30": "-56.80000", "2017-03-31": "141.70000", "2016-12-31": "108.30000", "2016-09-30": "145.10000", "2016-06-30": "44.80000", "2016-03-31": "171.50000", "2015-12-31": "138.60000", "2015-09-30": "313.60000", "2015-06-30": "154.80000", "2015-03-31": "181.70000", "2014-12-31": "-104.20000", "2014-09-30": "168.00000", "2014-06-30": "142.60000", "2014-03-31": "152.40000", "2013-12-31": "-586.90000", "2013-09-30": "93.70000", "2013-06-30": "-209.40000", "2013-03-31": "81.20000", "2012-12-31": "60.30000", "2012-09-30": "-134.40000", "2012-06-30": "34.90000", "2012-03-31": "73.60000", "2011-12-31": "57.20000", "2011-09-30": "67.30000", "2011-06-30": "30.10000", "2011-03-31": "34.60000", "2010-12-31": "61.90000", "2010-09-30": "46.40000", "2010-06-30": "55.10000", "2010-03-31": "55.50000", "2009-12-31": "50.00000", "2009-09-30": "87.30000", "2009-06-30": "-8.30000", "2009-03-31": "62.70000", "2008-12-31": "19.80000", "2008-09-30": "74.00000", "2008-06-30": "86.40000", "2008-03-31": "85.20000", "2007-12-31": "75.50000", "2007-09-30": "83.60000", "2007-06-30": "68.00000", "2007-03-31": "69.80000", "2006-12-31": "-69.00000", "2006-09-30": "34.00000", "2006-06-30": "29.70000", "2006-03-31": "22.50000"}, "EBITDA": {"2020-09-30": "-99.90000", "2020-06-30": "-298.10000", "2020-03-31": "-98.30000", "2019-12-31": "161.30020", "2019-09-30": "281.90010", "2019-06-30": "278.50000", "2019-03-31": "294.30000", "2018-12-31": "303.50010", "2018-09-30": "286.49990", "2018-06-30": "290.10010", "2018-03-31": "212.00000", "2017-12-31": "273.29930", "2017-09-30": "256.79990", "2017-06-30": "-38.19990", "2017-03-31": "257.69990", "2016-12-31": "221.90060", "2016-09-30": "268.50000", "2016-06-30": "149.20000", "2016-03-31": "314.30000", "2015-12-31": "253.80040", "2015-09-30": "237.10000", "2015-06-30": "276.09990", "2015-03-31": "283.99990", "2014-12-31": "-226.59970", "2014-09-30": "261.40010", "2014-06-30": "262.40000", "2014-03-31": "256.09990", "2013-12-31": "-278.89970", "2013-09-30": "92.29990", "2013-06-30": "-196.30000", "2013-03-31": "186.59990", "2012-12-31": "138.30000", "2012-09-30": "-171.79990", "2012-06-30": "138.59990", "2012-03-31": "158.00000", "2011-12-31": "134.49980", "2011-09-30": "156.69990", "2011-06-30": "99.50000", "2011-03-31": "105.10000", "2010-12-31": "130.20000", "2010-09-30": "114.50000", "2010-06-30": "116.90010", "2010-03-31": "123.40010", "2009-12-31": "118.60000", "2009-09-30": "162.40010", "2009-06-30": "21.60010", "2009-03-31": "128.20000", "2008-12-31": "58.90020", "2008-09-30": "143.00000", "2008-06-30": "164.00000", "2008-03-31": "155.40010", "2007-12-31": "133.79980", "2007-09-30": "126.70000", "2007-06-30": "121.50000", "2007-03-31": "121.10000", "2006-12-31": "-196.60020", "2006-09-30": "90.60000", "2006-06-30": "51.30010", "2006-03-31": "63.40000"}, "EBIT": {"2020-09-30": "-176.90000", "2020-06-30": "-367.00000", "2020-03-31": "-167.50000", "2019-12-31": "95.70020", "2019-09-30": "206.10010", "2019-06-30": "226.00000", "2019-03-31": "233.00000", "2018-12-31": "243.60020", "2018-09-30": "222.49990", "2018-06-30": "217.60010", "2018-03-31": "159.50000", "2017-12-31": "217.29990", "2017-09-30": "202.29990", "2017-06-30": "-92.09990", "2017-03-31": "204.39990", "2016-12-31": "161.60020", "2016-09-30": "214.40000", "2016-06-30": "83.30010", "2016-03-31": "266.50000", "2015-12-31": "205.80070", "2015-09-30": "191.60000", "2015-06-30": "230.29990", "2015-03-31": "235.29990", "2014-12-31": "-272.89940", "2014-09-30": "216.30000", "2014-06-30": "216.20000", "2014-03-31": "194.39990", "2013-12-31": "-320.79960", "2013-09-30": "50.49990", "2013-06-30": "-238.50000", "2013-03-31": "144.49990", "2012-12-31": "98.00020", "2012-09-30": "-210.49990", "2012-06-30": "82.49990", "2012-03-31": "122.30000", "2011-12-31": "102.39970", "2011-09-30": "120.49990", "2011-06-30": "63.60000", "2011-03-31": "69.60000", "2010-12-31": "95.89980", "2010-09-30": "82.40000", "2010-06-30": "85.70010", "2010-03-31": "93.00010", "2009-12-31": "84.89990", "2009-09-30": "131.00010", "2009-06-30": "-10.39990", "2009-03-31": "97.80000", "2008-12-31": "28.20020", "2008-09-30": "111.20000", "2008-06-30": "136.10000", "2008-03-31": "130.20010", "2007-12-31": "106.70000", "2007-09-30": "106.60000", "2007-06-30": "102.10000", "2007-03-31": "103.80000", "2006-12-31": "852.00000", "2006-09-30": "77.50000", "2006-06-30": "56.00010", "2006-03-31": "50.60000"}, "Basic Shares Outstanding": {"2020-09-30": "103.90000", "2020-06-30": "103.90000", "2020-03-31": "103.70000", "2019-12-31": "103.60000", "2019-09-30": "103.50000", "2019-06-30": "103.40000", "2019-03-31": "104.00000", "2018-12-31": "108.00000", "2018-09-30": "105.10000", "2018-06-30": "110.00000", "2018-03-31": "112.90000", "2017-12-31": "116.80000", "2017-09-30": "115.80000", "2017-06-30": "118.20000", "2017-03-31": "119.50000", "2016-12-31": "126.10000", "2016-09-30": "124.40000", "2016-06-30": "128.60000", "2016-03-31": "131.60000", "2015-12-31": "138.40000", "2015-09-30": "139.30000", "2015-06-30": "139.20000", "2015-03-31": "138.90000", "2014-12-31": "140.00000", "2014-09-30": "138.60000", "2014-06-30": "140.80000", "2014-03-31": "141.60000", "2013-12-31": "141.30000", "2013-09-30": "141.40000", "2013-06-30": "141.30000", "2013-03-31": "141.00000", "2012-12-31": "140.70000", "2012-09-30": "140.10000", "2012-06-30": "139.90000", "2012-03-31": "139.50000", "2011-12-31": "139.20000", "2011-09-30": "139.40000", "2011-06-30": "139.20000", "2011-03-31": "138.60000", "2010-12-31": "137.90000", "2010-09-30": "138.30000", "2010-06-30": "137.50000", "2010-03-31": "137.30000", "2009-12-31": "137.20000", "2009-09-30": "137.20000", "2009-06-30": "137.20000", "2009-03-31": "137.10000", "2008-12-31": "134.50000", "2008-09-30": "137.00000", "2008-06-30": "137.00000", "2008-03-31": "136.80000", "2007-12-31": "134.50000", "2007-09-30": "136.70000", "2007-06-30": "134.90000", "2007-03-31": "129.70000", "2006-12-31": "120.40000", "2006-09-30": "114.00000", "2006-06-30": "114.00000", "2006-03-31": "113.90000"}, "Shares Outstanding": {"2020-09-30": "103.90000", "2020-06-30": "103.90000", "2020-03-31": "103.70000", "2019-12-31": "104.70000", "2019-09-30": "104.60000", "2019-06-30": "104.50000", "2019-03-31": "105.30000", "2018-12-31": "109.10000", "2018-09-30": "106.10000", "2018-06-30": "111.00000", "2018-03-31": "114.10000", "2017-12-31": "117.90000", "2017-09-30": "117.00000", "2017-06-30": "118.20000", "2017-03-31": "120.70000", "2016-12-31": "127.00000", "2016-09-30": "125.30000", "2016-06-30": "129.30000", "2016-03-31": "132.70000", "2015-12-31": "139.40000", "2015-09-30": "140.20000", "2015-06-30": "140.10000", "2015-03-31": "140.40000", "2014-12-31": "141.60000", "2014-09-30": "140.00000", "2014-06-30": "142.40000", "2014-03-31": "143.70000", "2013-12-31": "141.30000", "2013-09-30": "143.40000", "2013-06-30": "141.30000", "2013-03-31": "143.10000", "2012-12-31": "142.70000", "2012-09-30": "140.10000", "2012-06-30": "142.70000", "2012-03-31": "142.50000", "2011-12-31": "142.30000", "2011-09-30": "142.20000", "2011-06-30": "142.30000", "2011-03-31": "142.10000", "2010-12-31": "141.00000", "2010-09-30": "141.50000", "2010-06-30": "140.40000", "2010-03-31": "140.40000", "2009-12-31": "139.80000", "2009-09-30": "140.20000", "2009-06-30": "138.00000", "2009-03-31": "139.90000", "2008-12-31": "139.30000", "2008-09-30": "139.10000", "2008-06-30": "139.80000", "2008-03-31": "139.60000", "2007-12-31": "139.30000", "2007-09-30": "139.50000", "2007-06-30": "139.20000", "2007-03-31": "139.00000", "2006-12-31": "120.40000", "2006-09-30": "121.20000", "2006-06-30": "119.80000", "2006-03-31": "117.20000"}, "Basic EPS": {"2020-09-30": "-1.50000", "2020-06-30": "-2.46000", "2020-03-31": "-1.57000", "2019-12-31": "0.65000", "2019-09-30": "1.27000", "2019-06-30": "1.62000", "2019-03-31": "1.57000", "2018-12-31": "1.67000", "2018-09-30": "1.61000", "2018-06-30": "1.32000", "2018-03-31": "1.11000", "2017-12-31": "1.06000", "2017-09-30": "1.27000", "2017-06-30": "-0.48000", "2017-03-31": "1.19000", "2016-12-31": "0.91000", "2016-09-30": "1.16000", "2016-06-30": "0.35000", "2016-03-31": "1.30000", "2015-12-31": "1.02000", "2015-09-30": "2.25000", "2015-06-30": "1.11000", "2015-03-31": "1.31000", "2014-12-31": "-0.75000", "2014-09-30": "1.21000", "2014-06-30": "1.01000", "2014-03-31": "1.08000", "2013-12-31": "-4.16000", "2013-09-30": "0.66000", "2013-06-30": "-1.47000", "2013-03-31": "0.57000", "2012-12-31": "0.41000", "2012-09-30": "-0.94000", "2012-06-30": "0.25000", "2012-03-31": "0.52000", "2011-12-31": "0.42000", "2011-09-30": "0.48000", "2011-06-30": "0.21000", "2011-03-31": "0.25000", "2010-12-31": "0.43000", "2010-09-30": "0.33000", "2010-06-30": "0.40000", "2010-03-31": "0.40000", "2009-12-31": "0.36000", "2009-09-30": "0.63000", "2009-06-30": "-0.06000", "2009-03-31": "0.46000", "2008-12-31": "0.14000", "2008-09-30": "0.54000", "2008-06-30": "0.63000", "2008-03-31": "0.62000", "2007-12-31": "0.54000", "2007-09-30": "0.61000", "2007-06-30": "0.50000", "2007-03-31": "0.54000", "2006-12-31": "-0.58000", "2006-09-30": "0.30000", "2006-06-30": "0.26000", "2006-03-31": "0.20000"}, "EPS - Earnings Per Share": {"2020-09-30": "-1.50000", "2020-06-30": "-2.46000", "2020-03-31": "-1.57000", "2019-12-31": "0.64000", "2019-09-30": "1.26000", "2019-06-30": "1.61000", "2019-03-31": "1.55000", "2018-12-31": "1.65000", "2018-09-30": "1.59000", "2018-06-30": "1.31000", "2018-03-31": "1.10000", "2017-12-31": "1.06000", "2017-09-30": "1.26000", "2017-06-30": "-0.48000", "2017-03-31": "1.17000", "2016-12-31": "0.90000", "2016-09-30": "1.16000", "2016-06-30": "0.35000", "2016-03-31": "1.29000", "2015-12-31": "1.01000", "2015-09-30": "2.24000", "2015-06-30": "1.11000", "2015-03-31": "1.30000", "2014-12-31": "-0.75000", "2014-09-30": "1.20000", "2014-06-30": "1.01000", "2014-03-31": "1.07000", "2013-12-31": "-4.15000", "2013-09-30": "0.65000", "2013-06-30": "-1.47000", "2013-03-31": "0.57000", "2012-12-31": "0.42000", "2012-09-30": "-0.94000", "2012-06-30": "0.24000", "2012-03-31": "0.52000", "2011-12-31": "0.43000", "2011-09-30": "0.47000", "2011-06-30": "0.21000", "2011-03-31": "0.24000", "2010-12-31": "0.43000", "2010-09-30": "0.33000", "2010-06-30": "0.39000", "2010-03-31": "0.40000", "2009-12-31": "0.36000", "2009-09-30": "0.62000", "2009-06-30": "-0.06000", "2009-03-31": "0.45000", "2008-12-31": "0.15000", "2008-09-30": "0.53000", "2008-06-30": "0.62000", "2008-03-31": "0.61000", "2007-12-31": "0.54000", "2007-09-30": "0.60000", "2007-06-30": "0.49000", "2007-03-31": "0.50000", "2006-12-31": "-0.58000", "2006-09-30": "0.28000", "2006-06-30": "0.25000", "2006-03-31": "0.19000"}}, "balance sheet": {"Cash On Hand": {"2019-12-31": "2350.80000", "2018-12-31": "773.90000", "2017-12-31": "425.50000", "2016-12-31": "697.70000", "2015-12-31": "957.30000", "2014-12-31": "377.90000", "2013-12-31": "420.70000", "2012-12-31": "440.70000", "2011-12-31": "177.80000", "2010-12-31": "481.60000", "2009-12-31": "369.00000", "2008-12-31": "216.50000", "2007-12-31": "133.40000", "2006-12-31": "184.30000", "2005-12-31": "241.30000"}, "Receivables": {"2019-12-31": "546.40000", "2018-12-31": "545.10000", "2017-12-31": "722.20000", "2016-12-31": "660.50000", "2015-12-31": "537.00000", "2014-12-31": "605.60000", "2013-12-31": "550.80000", "2012-12-31": "420.70000", "2011-12-31": "267.20000", "2010-12-31": "200.20000", "2009-12-31": "205.90000", "2008-12-31": "262.00000", "2007-12-31": "279.00000", "2006-12-31": "264.90000", "2005-12-31": "98.80000"}, "Inventory": {"2019-12-31": "1118.80000", "2018-12-31": "1012.60000", "2017-12-31": "1449.90000", "2016-12-31": "1515.30000", "2015-12-31": "1774.40000", "2014-12-31": "1753.00000", "2013-12-31": "1842.60000", "2012-12-31": "2410.80000", "2011-12-31": "2630.90000", "2010-12-31": "2507.90000", "2009-12-31": "2206.90000", "2008-12-31": "1882.00000", "2007-12-31": "1342.60000", "2006-12-31": "882.20000", "2005-12-31": "510.70000"}, "Pre-Paid Expenses": {"2019-12-31": "", "2018-12-31": "", "2017-12-31": "", "2016-12-31": "", "2015-12-31": "", "2014-12-31": "", "2013-12-31": "", "2012-12-31": "", "2011-12-31": "", "2010-12-31": "", "2009-12-31": "14.20000", "2008-12-31": "10.10000", "2007-12-31": "14.20000", "2006-12-31": "20.80000", "2005-12-31": "10.20000"}, "Other Current Assets": {"2019-12-31": "627.00000", "2018-12-31": "517.70000", "2017-12-31": "53.50000", "2016-12-31": "36.90000", "2015-12-31": "30.40000", "2014-12-31": "262.40000", "2013-12-31": "103.20000", "2012-12-31": "26.10000", "2011-12-31": "27.70000", "2010-12-31": "57.40000", "2009-12-31": "1.10000", "2008-12-31": "0.60000", "2007-12-31": "6.30000", "2006-12-31": "", "2005-12-31": ""}, "Total Current Assets": {"2019-12-31": "4643.00000", "2018-12-31": "2849.30000", "2017-12-31": "2651.10000", "2016-12-31": "2910.40000", "2015-12-31": "3299.10000", "2014-12-31": "3052.10000", "2013-12-31": "2944.20000", "2012-12-31": "3355.40000", "2011-12-31": "3155.80000", "2010-12-31": "3294.70000", "2009-12-31": "2852.90000", "2008-12-31": "2433.30000", "2007-12-31": "1842.80000", "2006-12-31": "1420.50000", "2005-12-31": "862.10000"}, "Property, Plant, And Equipment": {"2019-12-31": "2271.70000", "2018-12-31": "2167.60000", "2017-12-31": "2105.30000", "2016-12-31": "1991.60000", "2015-12-31": "1950.70000", "2014-12-31": "1783.60000", "2013-12-31": "1803.30000", "2012-12-31": "1698.50000", "2011-12-31": "1615.70000", "2010-12-31": "1470.00000", "2009-12-31": "1279.30000", "2008-12-31": "1068.30000", "2007-12-31": "963.80000", "2006-12-31": "773.80000", "2005-12-31": "518.80000"}, "Long-Term Investments": {"2019-12-31": "", "2018-12-31": "", "2017-12-31": "", "2016-12-31": "", "2015-12-31": "", "2014-12-31": "", "2013-12-31": "", "2012-12-31": "", "2011-12-31": "", "2010-12-31": "", "2009-12-31": "", "2008-12-31": "", "2007-12-31": "", "2006-12-31": "", "2005-12-31": ""}, "Goodwill And Intangible Assets": {"2019-12-31": "", "2018-12-31": "", "2017-12-31": "", "2016-12-31": "", "2015-12-31": "", "2014-12-31": "", "2013-12-31": "", "2012-12-31": "", "2011-12-31": "", "2010-12-31": "", "2009-12-31": "", "2008-12-31": "", "2007-12-31": "", "2006-12-31": "", "2005-12-31": ""}, "Other Long-Term Assets": {"2019-12-31": "86.80000", "2018-12-31": "137.30000", "2017-12-31": "164.30000", "2016-12-31": "220.90000", "2015-12-31": "267.80000", "2014-12-31": "123.60000", "2013-12-31": "107.10000", "2012-12-31": "91.00000", "2011-12-31": "96.40000", "2010-12-31": "109.90000", "2009-12-31": "74.60000", "2008-12-31": "52.60000", "2007-12-31": "61.10000", "2006-12-31": "90.00000", "2005-12-31": "63.20000"}, "Total Long-Term Assets": {"2019-12-31": "2963.00000", "2018-12-31": "2836.60000", "2017-12-31": "2616.70000", "2016-12-31": "2494.80000", "2015-12-31": "2465.40000", "2014-12-31": "2110.60000", "2013-12-31": "2163.00000", "2012-12-31": "2059.90000", "2011-12-31": "1886.60000", "2010-12-31": "1807.30000", "2009-12-31": "1620.90000", "2008-12-31": "1327.00000", "2007-12-31": "1497.10000", "2006-12-31": "1301.70000", "2005-12-31": "794.50000"}, "Total Assets": {"2019-12-31": "7606.00000", "2018-12-31": "5685.90000", "2017-12-31": "5267.80000", "2016-12-31": "5405.20000", "2015-12-31": "5764.50000", "2014-12-31": "5162.70000", "2013-12-31": "5107.20000", "2012-12-31": "5415.30000", "2011-12-31": "5042.40000", "2010-12-31": "5102.00000", "2009-12-31": "4473.80000", "2008-12-31": "3760.30000", "2007-12-31": "3339.90000", "2006-12-31": "2722.20000", "2005-12-31": "1656.60000"}, "Total Current Liabilities": {"2019-12-31": "1760.70000", "2018-12-31": "1582.10000", "2017-12-31": "1621.00000", "2016-12-31": "1544.20000", "2015-12-31": "1458.30000", "2014-12-31": "1258.80000", "2013-12-31": "1335.60000", "2012-12-31": "1067.00000", "2011-12-31": "913.50000", "2010-12-31": "1164.10000", "2009-12-31": "982.20000", "2008-12-31": "743.30000", "2007-12-31": "675.00000", "2006-12-31": "569.70000", "2005-12-31": "311.50000"}, "Long Term Debt": {"2019-12-31": "2984.10000", "2018-12-31": "1864.00000", "2017-12-31": "1119.90000", "2016-12-31": "1060.00000", "2015-12-31": "1085.30000", "2014-12-31": "1144.10000", "2013-12-31": "1150.50000", "2012-12-31": "1165.90000", "2011-12-31": "1152.00000", "2010-12-31": "1187.30000", "2009-12-31": "884.70000", "2008-12-31": "580.90000", "2007-12-31": "579.00000", "2006-12-31": "594.30000", "2005-12-31": "710.00000"}, "Other Non-Current Liabilities": {"2019-12-31": "977.90000", "2018-12-31": "935.10000", "2017-12-31": "523.60000", "2016-12-31": "681.50000", "2015-12-31": "780.90000", "2014-12-31": "1037.30000", "2013-12-31": "1039.40000", "2012-12-31": "1079.10000", "2011-12-31": "893.30000", "2010-12-31": "838.20000", "2009-12-31": "908.90000", "2008-12-31": "1029.30000", "2007-12-31": "703.00000", "2006-12-31": "645.50000", "2005-12-31": "308.20000"}, "Total Long Term Liabilities": {"2019-12-31": "4083.40000", "2018-12-31": "2865.70000", "2017-12-31": "1845.30000", "2016-12-31": "1932.20000", "2015-12-31": "2186.20000", "2014-12-31": "2281.90000", "2013-12-31": "2290.60000", "2012-12-31": "2351.40000", "2011-12-31": "2164.20000", "2010-12-31": "2127.00000", "2009-12-31": "1917.80000", "2008-12-31": "1719.50000", "2007-12-31": "1398.30000", "2006-12-31": "1293.50000", "2005-12-31": "1019.30000"}, "Total Liabilities": {"2019-12-31": "5844.10000", "2018-12-31": "4447.80000", "2017-12-31": "3466.30000", "2016-12-31": "3476.40000", "2015-12-31": "3644.50000", "2014-12-31": "3540.70000", "2013-12-31": "3626.20000", "2012-12-31": "3418.40000", "2011-12-31": "3077.70000", "2010-12-31": "3291.10000", "2009-12-31": "2900.00000", "2008-12-31": "2462.80000", "2007-12-31": "2073.30000", "2006-12-31": "1863.20000", "2005-12-31": "1330.80000"}, "Common Stock Net": {"2019-12-31": "1.10000", "2018-12-31": "1.10000", "2017-12-31": "1.10000", "2016-12-31": "1.20000", "2015-12-31": "1.40000", "2014-12-31": "1.40000", "2013-12-31": "1.40000", "2012-12-31": "1.40000", "2011-12-31": "1.40000", "2010-12-31": "1.40000", "2009-12-31": "1.40000", "2008-12-31": "1.40000", "2007-12-31": "1.40000", "2006-12-31": "1.30000", "2005-12-31": "1.20000"}, "Retained Earnings (Accumulated Deficit)": {"2019-12-31": "3201.30000", "2018-12-31": "2713.20000", "2017-12-31": "2422.40000", "2016-12-31": "2113.90000", "2015-12-31": "1656.20000", "2014-12-31": "867.50000", "2013-12-31": "508.70000", "2012-12-31": "1127.90000", "2011-12-31": "1093.10000", "2010-12-31": "900.70000", "2009-12-31": "681.80000", "2008-12-31": "490.10000", "2007-12-31": "222.90000", "2006-12-31": "-73.50000", "2005-12-31": "-90.30000"}, "Comprehensive Income": {"2019-12-31": "-109.20000", "2018-12-31": "-196.60000", "2017-12-31": "-128.50000", "2016-12-31": "-186.90000", "2015-12-31": "-160.50000", "2014-12-31": "-153.80000", "2013-12-31": "-54.60000", "2012-12-31": "-145.20000", "2011-12-31": "-126.20000", "2010-12-31": "-75.30000", "2009-12-31": "-59.70000", "2008-12-31": "-134.20000", "2007-12-31": "117.70000", "2006-12-31": "72.50000", "2005-12-31": "4.20000"}, "Other Share Holders Equity": {"2019-12-31": "", "2018-12-31": "", "2017-12-31": "", "2016-12-31": "", "2015-12-31": "", "2014-12-31": "", "2013-12-31": "", "2012-12-31": "", "2011-12-31": "", "2010-12-31": "", "2009-12-31": "", "2008-12-31": "", "2007-12-31": "", "2006-12-31": "", "2005-12-31": ""}, "Share Holder Equity": {"2019-12-31": "1761.90000", "2018-12-31": "1238.10000", "2017-12-31": "1801.50000", "2016-12-31": "1928.80000", "2015-12-31": "2120.00000", "2014-12-31": "1622.00000", "2013-12-31": "1481.00000", "2012-12-31": "1996.90000", "2011-12-31": "1964.70000", "2010-12-31": "1810.90000", "2009-12-31": "1573.80000", "2008-12-31": "1297.50000", "2007-12-31": "1266.60000", "2006-12-31": "859.00000", "2005-12-31": "325.80000"}, "Total Liabilities And Share Holders Equity": {"2019-12-31": "7606.00000", "2018-12-31": "5685.90000", "2017-12-31": "5267.80000", "2016-12-31": "5405.20000", "2015-12-31": "5764.50000", "2014-12-31": "5162.70000", "2013-12-31": "5107.20000", "2012-12-31": "5415.30000", "2011-12-31": "5042.40000", "2010-12-31": "5102.00000", "2009-12-31": "4473.80000", "2008-12-31": "3760.30000", "2007-12-31": "3339.90000", "2006-12-31": "2722.20000", "2005-12-31": "1656.60000"}}, "balance sheet, quarterly": {"Cash On Hand": {"2020-09-30": "1776.20000", "2020-06-30": "1947.40000", "2020-03-31": "1833.90000", "2019-12-31": "2879.10000", "2019-09-30": "1477.60000", "2019-06-30": "1301.70000", "2019-03-31": "1785.60000", "2018-12-31": "773.90000", "2018-09-30": "683.70000", "2018-06-30": "690.80000", "2018-03-31": "438.30000", "2017-12-31": "425.50000", "2017-09-30": "729.80000", "2017-06-30": "701.30000", "2017-03-31": "677.70000", "2016-12-31": "697.70000", "2016-09-30": "670.40000", "2016-06-30": "886.90000", "2016-03-31": "822.90000", "2015-12-31": "957.30000", "2015-09-30": "1042.70000", "2015-06-30": "958.70000", "2015-03-31": "749.50000", "2014-12-31": "377.90000", "2014-09-30": "452.80000", "2014-06-30": "381.60000", "2014-03-31": "455.20000", "2013-12-31": "420.70000", "2013-09-30": "435.60000", "2013-06-30": "317.00000", "2013-03-31": "313.10000", "2012-12-31": "440.70000", "2012-09-30": "221.70000", "2012-06-30": "180.10000", "2012-03-31": "134.10000", "2011-12-31": "177.80000", "2011-09-30": "138.30000", "2011-06-30": "154.10000", "2011-03-31": "310.90000", "2010-12-31": "481.60000", "2010-09-30": "66.30000", "2010-06-30": "117.60000", "2010-03-31": "186.60000", "2009-12-31": "369.00000", "2009-09-30": "206.70000", "2009-06-30": "88.90000", "2009-03-31": "115.60000", "2008-12-31": "216.50000", "2008-09-30": "177.70000", "2008-06-30": "147.40000", "2008-03-31": "203.40000", "2007-12-31": "133.40000", "2007-09-30": "105.40000", "2007-06-30": "127.00000", "2007-03-31": "157.30000", "2006-12-31": "184.30000", "2006-09-30": "", "2006-06-30": "", "2006-03-31": ""}, "Receivables": {"2020-09-30": "388.80000", "2020-06-30": "306.00000", "2020-03-31": "508.60000", "2019-12-31": "546.40000", "2019-09-30": "708.60000", "2019-06-30": "595.50000", "2019-03-31": "618.90000", "2018-12-31": "545.10000", "2018-09-30": "685.10000", "2018-06-30": "682.90000", "2018-03-31": "672.10000", "2017-12-31": "722.20000", "2017-09-30": "851.70000", "2017-06-30": "824.30000", "2017-03-31": "818.60000", "2016-12-31": "660.50000", "2016-09-30": "748.60000", "2016-06-30": "756.30000", "2016-03-31": "683.20000", "2015-12-31": "537.00000", "2015-09-30": "575.80000", "2015-06-30": "563.20000", "2015-03-31": "601.00000", "2014-12-31": "605.60000", "2014-09-30": "809.30000", "2014-06-30": "729.10000", "2014-03-31": "746.50000", "2013-12-31": "550.80000", "2013-09-30": "623.70000", "2013-06-30": "600.60000", "2013-03-31": "587.30000", "2012-12-31": "420.70000", "2012-09-30": "514.60000", "2012-06-30": "470.20000", "2012-03-31": "414.40000", "2011-12-31": "267.20000", "2011-09-30": "333.20000", "2011-06-30": "347.90000", "2011-03-31": "285.40000", "2010-12-31": "200.20000", "2010-09-30": "290.00000", "2010-06-30": "270.10000", "2010-03-31": "235.10000", "2009-12-31": "205.90000", "2009-09-30": "270.60000", "2009-06-30": "357.50000", "2009-03-31": "351.20000", "2008-12-31": "262.00000", "2008-09-30": "294.70000", "2008-06-30": "345.10000", "2008-03-31": "379.70000", "2007-12-31": "279.00000", "2007-09-30": "339.50000", "2007-06-30": "353.00000", "2007-03-31": "315.80000", "2006-12-31": "264.90000", "2006-09-30": "", "2006-06-30": "", "2006-03-31": ""}, "Inventory": {"2020-09-30": "1183.30000", "2020-06-30": "1225.90000", "2020-03-31": "1168.70000", "2019-12-31": "1118.80000", "2019-09-30": "1015.20000", "2019-06-30": "970.70000", "2019-03-31": "991.60000", "2018-12-31": "1012.60000", "2018-09-30": "931.00000", "2018-06-30": "900.80000", "2018-03-31": "929.50000", "2017-12-31": "1449.90000", "2017-09-30": "1363.20000", "2017-06-30": "1325.70000", "2017-03-31": "1473.00000", "2016-12-31": "1515.30000", "2016-09-30": "1488.10000", "2016-06-30": "1546.60000", "2016-03-31": "1808.00000", "2015-12-31": "1774.40000", "2015-09-30": "1791.50000", "2015-06-30": "1757.80000", "2015-03-31": "1702.40000", "2014-12-31": "1753.00000", "2014-09-30": "1886.10000", "2014-06-30": "1875.40000", "2014-03-31": "1868.90000", "2013-12-31": "1842.60000", "2013-09-30": "2120.00000", "2013-06-30": "2187.00000", "2013-03-31": "2492.90000", "2012-12-31": "2410.80000", "2012-09-30": "2368.60000", "2012-06-30": "2800.80000", "2012-03-31": "2739.10000", "2011-12-31": "2630.90000", "2011-09-30": "2571.90000", "2011-06-30": "2440.20000", "2011-03-31": "2652.50000", "2010-12-31": "2507.90000", "2010-09-30": "2479.20000", "2010-06-30": "2375.30000", "2010-03-31": "2286.20000", "2009-12-31": "2206.90000", "2009-09-30": "2204.60000", "2009-06-30": "2093.10000", "2009-03-31": "2118.40000", "2008-12-31": "1882.00000", "2008-09-30": "1768.80000", "2008-06-30": "1652.80000", "2008-03-31": "1499.50000", "2007-12-31": "1342.60000", "2007-09-30": "1198.40000", "2007-06-30": "1097.50000", "2007-03-31": "947.00000", "2006-12-31": "882.20000", "2006-09-30": "", "2006-06-30": "", "2006-03-31": ""}, "Pre-Paid Expenses": {"2020-09-30": "", "2020-06-30": "", "2020-03-31": "", "2019-12-31": "", "2019-09-30": "", "2019-06-30": "", "2019-03-31": "", "2018-12-31": "", "2018-09-30": "", "2018-06-30": "", "2018-03-31": "", "2017-12-31": "", "2017-09-30": "", "2017-06-30": "", "2017-03-31": "", "2016-12-31": "", "2016-09-30": "", "2016-06-30": "", "2016-03-31": "", "2015-12-31": "", "2015-09-30": "", "2015-06-30": "", "2015-03-31": "", "2014-12-31": "", "2014-09-30": "", "2014-06-30": "", "2014-03-31": "", "2013-12-31": "", "2013-09-30": "", "2013-06-30": "", "2013-03-31": "", "2012-12-31": "", "2012-09-30": "", "2012-06-30": "", "2012-03-31": "", "2011-12-31": "", "2011-09-30": "", "2011-06-30": "", "2011-03-31": "", "2010-12-31": "", "2010-09-30": "", "2010-06-30": "", "2010-03-31": "", "2009-12-31": "14.20000", "2009-09-30": "", "2009-06-30": "", "2009-03-31": "", "2008-12-31": "10.10000", "2008-09-30": "13.10000", "2008-06-30": "15.30000", "2008-03-31": "12.10000", "2007-12-31": "14.20000", "2007-09-30": "14.80000", "2007-06-30": "", "2007-03-31": "", "2006-12-31": "20.80000", "2006-09-30": "", "2006-06-30": "", "2006-03-31": ""}, "Other Current Assets": {"2020-09-30": "259.60000", "2020-06-30": "420.90000", "2020-03-31": "514.90000", "2019-12-31": "98.70000", "2019-09-30": "637.30000", "2019-06-30": "676.00000", "2019-03-31": "31.30000", "2018-12-31": "517.70000", "2018-09-30": "548.60000", "2018-06-30": "551.50000", "2018-03-31": "563.80000", "2017-12-31": "53.50000", "2017-09-30": "67.30000", "2017-06-30": "106.50000", "2017-03-31": "28.80000", "2016-12-31": "36.90000", "2016-09-30": "25.10000", "2016-06-30": "56.90000", "2016-03-31": "27.50000", "2015-12-31": "30.40000", "2015-09-30": "98.70000", "2015-06-30": "94.90000", "2015-03-31": "69.10000", "2014-12-31": "262.40000", "2014-09-30": "47.20000", "2014-06-30": "25.30000", "2014-03-31": "22.60000", "2013-12-31": "103.20000", "2013-09-30": "19.30000", "2013-06-30": "43.70000", "2013-03-31": "24.30000", "2012-12-31": "26.10000", "2012-09-30": "173.60000", "2012-06-30": "40.40000", "2012-03-31": "15.40000", "2011-12-31": "27.70000", "2011-09-30": "33.90000", "2011-06-30": "29.90000", "2011-03-31": "27.20000", "2010-12-31": "57.40000", "2010-09-30": "12.80000", "2010-06-30": "36.70000", "2010-03-31": "17.60000", "2009-12-31": "1.10000", "2009-09-30": "16.00000", "2009-06-30": "13.20000", "2009-03-31": "11.10000", "2008-12-31": "0.60000", "2008-09-30": "67.80000", "2008-06-30": "74.90000", "2008-03-31": "72.70000", "2007-12-31": "6.30000", "2007-09-30": "59.60000", "2007-06-30": "93.60000", "2007-03-31": "78.10000", "2006-12-31": "", "2006-09-30": "", "2006-06-30": "", "2006-03-31": ""}, "Total Current Assets": {"2020-09-30": "3607.90000", "2020-06-30": "3900.20000", "2020-03-31": "4026.10000", "2019-12-31": "4643.00000", "2019-09-30": "3838.70000", "2019-06-30": "3543.90000", "2019-03-31": "3427.40000", "2018-12-31": "2849.30000", "2018-09-30": "2848.40000", "2018-06-30": "2826.00000", "2018-03-31": "2603.70000", "2017-12-31": "2651.10000", "2017-09-30": "3012.00000", "2017-06-30": "2957.80000", "2017-03-31": "2998.10000", "2016-12-31": "2910.40000", "2016-09-30": "2932.20000", "2016-06-30": "3246.70000", "2016-03-31": "3341.60000", "2015-12-31": "3299.10000", "2015-09-30": "3589.30000", "2015-06-30": "3408.30000", "2015-03-31": "3161.00000", "2014-12-31": "3052.10000", "2014-09-30": "3227.20000", "2014-06-30": "3037.70000", "2014-03-31": "3117.40000", "2013-12-31": "2944.20000", "2013-09-30": "3267.40000", "2013-06-30": "3208.90000", "2013-03-31": "3479.10000", "2012-12-31": "3355.40000", "2012-09-30": "3340.60000", "2012-06-30": "3552.00000", "2012-03-31": "3358.60000", "2011-12-31": "3155.80000", "2011-09-30": "3141.90000", "2011-06-30": "3032.20000", "2011-03-31": "3333.50000", "2010-12-31": "3294.70000", "2010-09-30": "2905.50000", "2010-06-30": "2854.70000", "2010-03-31": "2783.20000", "2009-12-31": "2852.90000", "2009-09-30": "2761.10000", "2009-06-30": "2618.10000", "2009-03-31": "2661.30000", "2008-12-31": "2433.30000", "2008-09-30": "2322.10000", "2008-06-30": "2235.50000", "2008-03-31": "2167.40000", "2007-12-31": "1842.80000", "2007-09-30": "1717.70000", "2007-06-30": "1671.10000", "2007-03-31": "1498.20000", "2006-12-31": "1420.50000", "2006-09-30": "", "2006-06-30": "", "2006-03-31": ""}, "Property, Plant, And Equipment": {"2020-09-30": "2147.40000", "2020-06-30": "2180.70000", "2020-03-31": "2253.20000", "2019-12-31": "2271.70000", "2019-09-30": "2199.80000", "2019-06-30": "2161.80000", "2019-03-31": "2183.70000", "2018-12-31": "2167.60000", "2018-09-30": "2123.00000", "2018-06-30": "2102.60000", "2018-03-31": "2105.40000", "2017-12-31": "2105.30000", "2017-09-30": "2018.70000", "2017-06-30": "1991.40000", "2017-03-31": "1986.30000", "2016-12-31": "1991.60000", "2016-09-30": "1934.70000", "2016-06-30": "1936.80000", "2016-03-31": "1947.20000", "2015-12-31": "1950.70000", "2015-09-30": "1874.90000", "2015-06-30": "1827.10000", "2015-03-31": "1776.70000", "2014-12-31": "1783.60000", "2014-09-30": "1784.90000", "2014-06-30": "1793.00000", "2014-03-31": "1800.80000", "2013-12-31": "1803.30000", "2013-09-30": "1767.00000", "2013-06-30": "1739.40000", "2013-03-31": "1718.00000", "2012-12-31": "1698.50000", "2012-09-30": "1657.00000", "2012-06-30": "1623.30000", "2012-03-31": "1625.60000", "2011-12-31": "1615.70000", "2011-09-30": "1542.40000", "2011-06-30": "1497.60000", "2011-03-31": "1479.80000", "2010-12-31": "1470.00000", "2010-09-30": "1391.60000", "2010-06-30": "1357.00000", "2010-03-31": "1320.30000", "2009-12-31": "1279.30000", "2009-09-30": "1224.00000", "2009-06-30": "1167.60000", "2009-03-31": "1107.00000", "2008-12-31": "1068.30000", "2008-09-30": "1053.20000", "2008-06-30": "1028.80000", "2008-03-31": "1001.40000", "2007-12-31": "963.80000", "2007-09-30": "937.70000", "2007-06-30": "891.60000", "2007-03-31": "841.00000", "2006-12-31": "773.80000", "2006-09-30": "", "2006-06-30": "", "2006-03-31": ""}, "Long-Term Investments": {"2020-09-30": "", "2020-06-30": "", "2020-03-31": "", "2019-12-31": "", "2019-09-30": "", "2019-06-30": "", "2019-03-31": "", "2018-12-31": "", "2018-09-30": "", "2018-06-30": "", "2018-03-31": "", "2017-12-31": "", "2017-09-30": "", "2017-06-30": "", "2017-03-31": "", "2016-12-31": "", "2016-09-30": "", "2016-06-30": "", "2016-03-31": "", "2015-12-31": "", "2015-09-30": "", "2015-06-30": "", "2015-03-31": "", "2014-12-31": "", "2014-09-30": "", "2014-06-30": "", "2014-03-31": "", "2013-12-31": "", "2013-09-30": "", "2013-06-30": "", "2013-03-31": "", "2012-12-31": "", "2012-09-30": "", "2012-06-30": "", "2012-03-31": "", "2011-12-31": "", "2011-09-30": "", "2011-06-30": "", "2011-03-31": "", "2010-12-31": "", "2010-09-30": "", "2010-06-30": "", "2010-03-31": "", "2009-12-31": "", "2009-09-30": "", "2009-06-30": "", "2009-03-31": "", "2008-12-31": "", "2008-09-30": "", "2008-06-30": "", "2008-03-31": "", "2007-12-31": "", "2007-09-30": "", "2007-06-30": "", "2007-03-31": "", "2006-12-31": "", "2006-09-30": "", "2006-06-30": "", "2006-03-31": ""}, "Goodwill And Intangible Assets": {"2020-09-30": "107.90000", "2020-06-30": "108.40000", "2020-03-31": "109.10000", "2019-12-31": "3.60000", "2019-09-30": "", "2019-06-30": "", "2019-03-31": "", "2018-12-31": "", "2018-09-30": "", "2018-06-30": "", "2018-03-31": "", "2017-12-31": "", "2017-09-30": "", "2017-06-30": "", "2017-03-31": "", "2016-12-31": "", "2016-09-30": "", "2016-06-30": "", "2016-03-31": "", "2015-12-31": "", "2015-09-30": "", "2015-06-30": "", "2015-03-31": "", "2014-12-31": "", "2014-09-30": "", "2014-06-30": "", "2014-03-31": "", "2013-12-31": "", "2013-09-30": "", "2013-06-30": "", "2013-03-31": "", "2012-12-31": "", "2012-09-30": "", "2012-06-30": "", "2012-03-31": "", "2011-12-31": "", "2011-09-30": "", "2011-06-30": "", "2011-03-31": "", "2010-12-31": "", "2010-09-30": "", "2010-06-30": "", "2010-03-31": "", "2009-12-31": "", "2009-09-30": "", "2009-06-30": "", "2009-03-31": "", "2008-12-31": "", "2008-09-30": "", "2008-06-30": "", "2008-03-31": "", "2007-12-31": "", "2007-09-30": "", "2007-06-30": "", "2007-03-31": "", "2006-12-31": "", "2006-09-30": "", "2006-06-30": "", "2006-03-31": ""}, "Other Long-Term Assets": {"2020-09-30": "155.90000", "2020-06-30": "283.30000", "2020-03-31": "90.00000", "2019-12-31": "83.20000", "2019-09-30": "228.10000", "2019-06-30": "264.20000", "2019-03-31": "301.40000", "2018-12-31": "137.30000", "2018-09-30": "338.40000", "2018-06-30": "319.50000", "2018-03-31": "304.80000", "2017-12-31": "164.30000", "2017-09-30": "197.30000", "2017-06-30": "213.20000", "2017-03-31": "193.90000", "2016-12-31": "220.90000", "2016-09-30": "238.20000", "2016-06-30": "250.10000", "2016-03-31": "255.40000", "2015-12-31": "267.80000", "2015-09-30": "250.40000", "2015-06-30": "124.80000", "2015-03-31": "124.50000", "2014-12-31": "123.60000", "2014-09-30": "116.20000", "2014-06-30": "120.60000", "2014-03-31": "121.50000", "2013-12-31": "107.10000", "2013-09-30": "91.90000", "2013-06-30": "87.10000", "2013-03-31": "83.40000", "2012-12-31": "91.00000", "2012-09-30": "92.50000", "2012-06-30": "93.20000", "2012-03-31": "93.70000", "2011-12-31": "96.40000", "2011-09-30": "97.60000", "2011-06-30": "101.30000", "2011-03-31": "106.10000", "2010-12-31": "109.90000", "2010-09-30": "80.70000", "2010-06-30": "62.30000", "2010-03-31": "72.70000", "2009-12-31": "74.60000", "2009-09-30": "71.10000", "2009-06-30": "66.10000", "2009-03-31": "48.70000", "2008-12-31": "52.60000", "2008-09-30": "84.60000", "2008-06-30": "89.60000", "2008-03-31": "99.20000", "2007-12-31": "61.10000", "2007-09-30": "138.10000", "2007-06-30": "118.50000", "2007-03-31": "115.50000", "2006-12-31": "90.00000", "2006-09-30": "", "2006-06-30": "", "2006-03-31": ""}, "Total Long-Term Assets": {"2020-09-30": "2996.50000", "2020-06-30": "3143.10000", "2020-03-31": "2975.00000", "2019-12-31": "2963.00000", "2019-09-30": "2862.90000", "2019-06-30": "2801.20000", "2019-03-31": "2870.30000", "2018-12-31": "2836.60000", "2018-09-30": "2833.70000", "2018-06-30": "2785.80000", "2018-03-31": "2766.60000", "2017-12-31": "2616.70000", "2017-09-30": "2525.20000", "2017-06-30": "2504.70000", "2017-03-31": "2471.10000", "2016-12-31": "2494.80000", "2016-09-30": "2429.00000", "2016-06-30": "2436.00000", "2016-03-31": "2445.30000", "2015-12-31": "2465.40000", "2015-09-30": "2348.40000", "2015-06-30": "2168.80000", "2015-03-31": "2111.70000", "2014-12-31": "2110.60000", "2014-09-30": "2177.90000", "2014-06-30": "2183.70000", "2014-03-31": "2184.60000", "2013-12-31": "2163.00000", "2013-09-30": "2245.10000", "2013-06-30": "2145.70000", "2013-03-31": "2054.60000", "2012-12-31": "2059.90000", "2012-09-30": "2032.90000", "2012-06-30": "1889.60000", "2012-03-31": "1891.90000", "2011-12-31": "1886.60000", "2011-09-30": "1849.90000", "2011-06-30": "1822.50000", "2011-03-31": "1799.60000", "2010-12-31": "1807.30000", "2010-09-30": "1742.40000", "2010-06-30": "1688.30000", "2010-03-31": "1658.00000", "2009-12-31": "1620.90000", "2009-09-30": "1522.60000", "2009-06-30": "1442.90000", "2009-03-31": "1361.30000", "2008-12-31": "1327.00000", "2008-09-30": "1540.60000", "2008-06-30": "1510.40000", "2008-03-31": "1534.10000", "2007-12-31": "1497.10000", "2007-09-30": "1448.30000", "2007-06-30": "1379.30000", "2007-03-31": "1341.90000", "2006-12-31": "1301.70000", "2006-09-30": "", "2006-06-30": "", "2006-03-31": ""}, "Total Assets": {"2020-09-30": "6604.40000", "2020-06-30": "7043.30000", "2020-03-31": "7001.10000", "2019-12-31": "7606.00000", "2019-09-30": "6701.60000", "2019-06-30": "6345.10000", "2019-03-31": "6297.70000", "2018-12-31": "5685.90000", "2018-09-30": "5682.10000", "2018-06-30": "5611.80000", "2018-03-31": "5370.30000", "2017-12-31": "5267.80000", "2017-09-30": "5537.20000", "2017-06-30": "5462.50000", "2017-03-31": "5469.20000", "2016-12-31": "5405.20000", "2016-09-30": "5361.20000", "2016-06-30": "5682.70000", "2016-03-31": "5786.90000", "2015-12-31": "5764.50000", "2015-09-30": "5937.70000", "2015-06-30": "5577.10000", "2015-03-31": "5272.70000", "2014-12-31": "5162.70000", "2014-09-30": "5405.10000", "2014-06-30": "5221.40000", "2014-03-31": "5302.00000", "2013-12-31": "5107.20000", "2013-09-30": "5512.50000", "2013-06-30": "5354.60000", "2013-03-31": "5533.70000", "2012-12-31": "5415.30000", "2012-09-30": "5373.50000", "2012-06-30": "5441.60000", "2012-03-31": "5250.50000", "2011-12-31": "5042.40000", "2011-09-30": "4991.80000", "2011-06-30": "4854.70000", "2011-03-31": "5133.10000", "2010-12-31": "5102.00000", "2010-09-30": "4647.90000", "2010-06-30": "4543.00000", "2010-03-31": "4441.20000", "2009-12-31": "4473.80000", "2009-09-30": "4283.70000", "2009-06-30": "4061.00000", "2009-03-31": "4022.60000", "2008-12-31": "3760.30000", "2008-09-30": "3862.70000", "2008-06-30": "3745.90000", "2008-03-31": "3701.50000", "2007-12-31": "3339.90000", "2007-09-30": "3166.00000", "2007-06-30": "3050.40000", "2007-03-31": "2840.10000", "2006-12-31": "2722.20000", "2006-09-30": "0.00000", "2006-06-30": "0.00000", "2006-03-31": "0.00000"}, "Total Current Liabilities": {"2020-09-30": "1496.30000", "2020-06-30": "1440.70000", "2020-03-31": "1434.10000", "2019-12-31": "1760.70000", "2019-09-30": "1865.70000", "2019-06-30": "1810.10000", "2019-03-31": "1756.30000", "2018-12-31": "1582.10000", "2018-09-30": "1812.20000", "2018-06-30": "1854.10000", "2018-03-31": "1701.90000", "2017-12-31": "1621.00000", "2017-09-30": "1936.00000", "2017-06-30": "1837.70000", "2017-03-31": "1601.60000", "2016-12-31": "1544.20000", "2016-09-30": "1528.30000", "2016-06-30": "1607.30000", "2016-03-31": "1538.50000", "2015-12-31": "1458.30000", "2015-09-30": "1504.00000", "2015-06-30": "1345.80000", "2015-03-31": "1227.80000", "2014-12-31": "1258.80000", "2014-09-30": "1296.10000", "2014-06-30": "1235.00000", "2014-03-31": "1327.70000", "2013-12-31": "1335.60000", "2013-09-30": "1250.60000", "2013-06-30": "1180.00000", "2013-03-31": "1136.40000", "2012-12-31": "1067.00000", "2012-09-30": "1037.20000", "2012-06-30": "1022.20000", "2012-03-31": "913.40000", "2011-12-31": "913.50000", "2011-09-30": "823.50000", "2011-06-30": "760.50000", "2011-03-31": "1134.20000", "2010-12-31": "1164.10000", "2010-09-30": "916.90000", "2010-06-30": "992.30000", "2010-03-31": "964.90000", "2009-12-31": "982.20000", "2009-09-30": "871.40000", "2009-06-30": "888.90000", "2009-03-31": "906.30000", "2008-12-31": "743.30000", "2008-09-30": "849.90000", "2008-06-30": "799.70000", "2008-03-31": "854.90000", "2007-12-31": "675.00000", "2007-09-30": "646.70000", "2007-06-30": "647.50000", "2007-03-31": "589.50000", "2006-12-31": "569.70000", "2006-09-30": "", "2006-06-30": "", "2006-03-31": ""}, "Long Term Debt": {"2020-09-30": "2659.00000", "2020-06-30": "3050.60000", "2020-03-31": "2978.20000", "2019-12-31": "2984.10000", "2019-09-30": "2132.20000", "2019-06-30": "2113.30000", "2019-03-31": "2214.90000", "2018-12-31": "1864.00000", "2018-09-30": "1869.70000", "2018-06-30": "1858.40000", "2018-03-31": "1112.60000", "2017-12-31": "1119.90000", "2017-09-30": "1060.90000", "2017-06-30": "1060.60000", "2017-03-31": "1063.90000", "2016-12-31": "1060.00000", "2016-09-30": "1071.10000", "2016-06-30": "1071.60000", "2016-03-31": "1083.40000", "2015-12-31": "1085.30000", "2015-09-30": "1105.00000", "2015-06-30": "1112.60000", "2015-03-31": "1115.10000", "2014-12-31": "1144.10000", "2014-09-30": "1147.00000", "2014-06-30": "1150.40000", "2014-03-31": "1152.80000", "2013-12-31": "1150.50000", "2013-09-30": "1152.90000", "2013-06-30": "1158.20000", "2013-03-31": "1163.30000", "2012-12-31": "1165.90000", "2012-09-30": "1168.40000", "2012-06-30": "1167.90000", "2012-03-31": "1151.60000", "2011-12-31": "1152.00000", "2011-09-30": "1189.60000", "2011-06-30": "1185.00000", "2011-03-31": "1186.20000", "2010-12-31": "1187.30000", "2010-09-30": "1015.50000", "2010-06-30": "886.50000", "2010-03-31": "887.60000", "2009-12-31": "884.70000", "2009-09-30": "876.90000", "2009-06-30": "729.70000", "2009-03-31": "655.90000", "2008-12-31": "580.90000", "2008-09-30": "583.80000", "2008-06-30": "586.20000", "2008-03-31": "653.60000", "2007-12-31": "579.00000", "2007-09-30": "582.50000", "2007-06-30": "585.20000", "2007-03-31": "590.20000", "2006-12-31": "594.30000", "2006-09-30": "", "2006-06-30": "", "2006-03-31": ""}, "Other Non-Current Liabilities": {"2020-09-30": "1147.40000", "2020-06-30": "1148.70000", "2020-03-31": "994.80000", "2019-12-31": "977.90000", "2019-09-30": "978.10000", "2019-06-30": "836.00000", "2019-03-31": "883.40000", "2018-12-31": "935.10000", "2018-09-30": "818.60000", "2018-06-30": "876.90000", "2018-03-31": "911.10000", "2017-12-31": "523.60000", "2017-09-30": "574.10000", "2017-06-30": "596.20000", "2017-03-31": "644.60000", "2016-12-31": "681.50000", "2016-09-30": "713.60000", "2016-06-30": "756.80000", "2016-03-31": "801.70000", "2015-12-31": "780.90000", "2015-09-30": "885.10000", "2015-06-30": "962.60000", "2015-03-31": "993.40000", "2014-12-31": "1037.30000", "2014-09-30": "1044.50000", "2014-06-30": "1071.50000", "2014-03-31": "1082.20000", "2013-12-31": "1039.40000", "2013-09-30": "1025.60000", "2013-06-30": "1035.70000", "2013-03-31": "1055.70000", "2012-12-31": "1079.10000", "2012-09-30": "1085.20000", "2012-06-30": "1047.50000", "2012-03-31": "1018.40000", "2011-12-31": "893.30000", "2011-09-30": "911.90000", "2011-06-30": "907.70000", "2011-03-31": "852.80000", "2010-12-31": "838.20000", "2010-09-30": "847.30000", "2010-06-30": "858.00000", "2010-03-31": "862.60000", "2009-12-31": "908.90000", "2009-09-30": "976.10000", "2009-06-30": "959.60000", "2009-03-31": "984.90000", "2008-12-31": "1029.30000", "2008-09-30": "920.40000", "2008-06-30": "916.50000", "2008-03-31": "840.80000", "2007-12-31": "703.00000", "2007-09-30": "740.20000", "2007-06-30": "762.60000", "2007-03-31": "725.10000", "2006-12-31": "645.50000", "2006-09-30": "", "2006-06-30": "", "2006-03-31": ""}, "Total Long Term Liabilities": {"2020-09-30": "3936.10000", "2020-06-30": "4333.10000", "2020-03-31": "4110.60000", "2019-12-31": "4083.40000", "2019-09-30": "3218.90000", "2019-06-30": "3066.30000", "2019-03-31": "3220.30000", "2018-12-31": "2865.70000", "2018-09-30": "2753.50000", "2018-06-30": "2803.00000", "2018-03-31": "2095.40000", "2017-12-31": "1845.30000", "2017-09-30": "1841.80000", "2017-06-30": "1813.00000", "2017-03-31": "1882.70000", "2016-12-31": "1932.20000", "2016-09-30": "2023.60000", "2016-06-30": "2076.40000", "2016-03-31": "2127.70000", "2015-12-31": "2186.20000", "2015-09-30": "2209.30000", "2015-06-30": "2270.30000", "2015-03-31": "2250.50000", "2014-12-31": "2281.90000", "2014-09-30": "2294.20000", "2014-06-30": "2324.30000", "2014-03-31": "2336.20000", "2013-12-31": "2290.60000", "2013-09-30": "2290.40000", "2013-06-30": "2305.90000", "2013-03-31": "2325.00000", "2012-12-31": "2351.40000", "2012-09-30": "2374.60000", "2012-06-30": "2335.20000", "2012-03-31": "2289.60000", "2011-12-31": "2164.20000", "2011-09-30": "2212.90000", "2011-06-30": "2203.10000", "2011-03-31": "2142.00000", "2010-12-31": "2127.00000", "2010-09-30": "1970.10000", "2010-06-30": "1850.90000", "2010-03-31": "1853.60000", "2009-12-31": "1917.80000", "2009-09-30": "1956.40000", "2009-06-30": "1797.70000", "2009-03-31": "1753.20000", "2008-12-31": "1719.50000", "2008-09-30": "1504.20000", "2008-06-30": "1502.70000", "2008-03-31": "1494.40000", "2007-12-31": "1398.30000", "2007-09-30": "1379.30000", "2007-06-30": "1347.80000", "2007-03-31": "1315.30000", "2006-12-31": "1293.50000", "2006-09-30": "", "2006-06-30": "", "2006-03-31": ""}, "Total Liabilities": {"2020-09-30": "5432.40000", "2020-06-30": "5773.80000", "2020-03-31": "5544.70000", "2019-12-31": "5844.10000", "2019-09-30": "5084.60000", "2019-06-30": "4876.40000", "2019-03-31": "4976.60000", "2018-12-31": "4447.80000", "2018-09-30": "4565.70000", "2018-06-30": "4657.10000", "2018-03-31": "3797.30000", "2017-12-31": "3466.30000", "2017-09-30": "3777.80000", "2017-06-30": "3650.70000", "2017-03-31": "3484.30000", "2016-12-31": "3476.40000", "2016-09-30": "3551.90000", "2016-06-30": "3683.70000", "2016-03-31": "3666.20000", "2015-12-31": "3644.50000", "2015-09-30": "3713.30000", "2015-06-30": "3616.10000", "2015-03-31": "3478.30000", "2014-12-31": "3540.70000", "2014-09-30": "3590.30000", "2014-06-30": "3559.30000", "2014-03-31": "3663.90000", "2013-12-31": "3626.20000", "2013-09-30": "3541.00000", "2013-06-30": "3485.90000", "2013-03-31": "3461.40000", "2012-12-31": "3418.40000", "2012-09-30": "3411.80000", "2012-06-30": "3357.40000", "2012-03-31": "3203.00000", "2011-12-31": "3077.70000", "2011-09-30": "3036.40000", "2011-06-30": "2963.60000", "2011-03-31": "3276.20000", "2010-12-31": "3291.10000", "2010-09-30": "2887.00000", "2010-06-30": "2843.20000", "2010-03-31": "2818.50000", "2009-12-31": "2900.00000", "2009-09-30": "2827.80000", "2009-06-30": "2686.60000", "2009-03-31": "2659.50000", "2008-12-31": "2462.80000", "2008-09-30": "2354.10000", "2008-06-30": "2302.40000", "2008-03-31": "2349.30000", "2007-12-31": "2073.30000", "2007-09-30": "2026.00000", "2007-06-30": "1995.30000", "2007-03-31": "1904.80000", "2006-12-31": "1863.20000", "2006-09-30": "", "2006-06-30": "", "2006-03-31": ""}, "Common Stock Net": {"2020-09-30": "1.10000", "2020-06-30": "1.10000", "2020-03-31": "1.10000", "2019-12-31": "1.10000", "2019-09-30": "1.00000", "2019-06-30": "1.00000", "2019-03-31": "1.00000", "2018-12-31": "1.10000", "2018-09-30": "1.10000", "2018-06-30": "1.10000", "2018-03-31": "1.10000", "2017-12-31": "1.10000", "2017-09-30": "1.20000", "2017-06-30": "1.20000", "2017-03-31": "1.20000", "2016-12-31": "1.20000", "2016-09-30": "1.20000", "2016-06-30": "1.30000", "2016-03-31": "1.30000", "2015-12-31": "1.40000", "2015-09-30": "1.40000", "2015-06-30": "1.40000", "2015-03-31": "1.40000", "2014-12-31": "1.40000", "2014-09-30": "1.40000", "2014-06-30": "1.40000", "2014-03-31": "1.50000", "2013-12-31": "1.40000", "2013-09-30": "1.40000", "2013-06-30": "1.40000", "2013-03-31": "1.40000", "2012-12-31": "1.40000", "2012-09-30": "1.40000", "2012-06-30": "1.40000", "2012-03-31": "1.40000", "2011-12-31": "1.40000", "2011-09-30": "1.40000", "2011-06-30": "1.40000", "2011-03-31": "1.50000", "2010-12-31": "1.40000", "2010-09-30": "1.40000", "2010-06-30": "1.50000", "2010-03-31": "1.40000", "2009-12-31": "1.40000", "2009-09-30": "1.40000", "2009-06-30": "1.40000", "2009-03-31": "1.40000", "2008-12-31": "1.40000", "2008-09-30": "1.40000", "2008-06-30": "1.40000", "2008-03-31": "1.40000", "2007-12-31": "1.40000", "2007-09-30": "1.40000", "2007-06-30": "1.40000", "2007-03-31": "1.40000", "2006-12-31": "1.30000", "2006-09-30": "", "2006-06-30": "", "2006-03-31": ""}, "Retained Earnings (Accumulated Deficit)": {"2020-09-30": "2623.50000", "2020-06-30": "2780.00000", "2020-03-31": "3036.90000", "2019-12-31": "3201.30000", "2019-09-30": "3146.20000", "2019-06-30": "3027.30000", "2019-03-31": "2871.90000", "2018-12-31": "2713.20000", "2018-09-30": "2548.70000", "2018-06-30": "2392.50000", "2018-03-31": "2260.00000", "2017-12-31": "2422.40000", "2017-09-30": "2310.90000", "2017-06-30": "2186.80000", "2017-03-31": "2243.70000", "2016-12-31": "2113.90000", "2016-09-30": "2017.70000", "2016-06-30": "1872.60000", "2016-03-31": "1827.80000", "2015-12-31": "1656.20000", "2015-09-30": "1517.90000", "2015-06-30": "1204.30000", "2015-03-31": "1049.40000", "2014-12-31": "867.50000", "2014-09-30": "973.70000", "2014-06-30": "805.70000", "2014-03-31": "662.30000", "2013-12-31": "508.70000", "2013-09-30": "1093.40000", "2013-06-30": "1003.80000", "2013-03-31": "1212.80000", "2012-12-31": "1127.90000", "2012-09-30": "1067.20000", "2012-06-30": "1201.60000", "2012-03-31": "1166.70000", "2011-12-31": "1093.10000", "2011-09-30": "1032.70000", "2011-06-30": "965.40000", "2011-03-31": "935.30000", "2010-12-31": "900.70000", "2010-09-30": "838.80000", "2010-06-30": "792.40000", "2010-03-31": "737.30000", "2009-12-31": "681.80000", "2009-09-30": "631.80000", "2009-06-30": "544.50000", "2009-03-31": "552.80000", "2008-12-31": "490.10000", "2008-09-30": "470.30000", "2008-06-30": "396.30000", "2008-03-31": "310.00000", "2007-12-31": "222.90000", "2007-09-30": "147.40000", "2007-06-30": "63.80000", "2007-03-31": "-3.70000", "2006-12-31": "-73.50000", "2006-09-30": "", "2006-06-30": "", "2006-03-31": ""}, "Comprehensive Income": {"2020-09-30": "-129.60000", "2020-06-30": "-181.30000", "2020-03-31": "-250.90000", "2019-12-31": "-109.20000", "2019-09-30": "-188.10000", "2019-06-30": "-209.60000", "2019-03-31": "-194.90000", "2018-12-31": "-196.60000", "2018-09-30": "-145.00000", "2018-06-30": "-144.40000", "2018-03-31": "-113.90000", "2017-12-31": "-128.50000", "2017-09-30": "-153.30000", "2017-06-30": "-167.10000", "2017-03-31": "-182.90000", "2016-12-31": "-186.90000", "2016-09-30": "-203.40000", "2016-06-30": "-194.90000", "2016-03-31": "-168.50000", "2015-12-31": "-160.50000", "2015-09-30": "-164.80000", "2015-06-30": "-153.40000", "2015-03-31": "-167.80000", "2014-12-31": "-153.80000", "2014-09-30": "-63.90000", "2014-06-30": "-44.40000", "2014-03-31": "-54.40000", "2013-12-31": "-54.60000", "2013-09-30": "-147.10000", "2013-06-30": "-157.90000", "2013-03-31": "-158.70000", "2012-12-31": "-145.20000", "2012-09-30": "-116.40000", "2012-06-30": "-124.70000", "2012-03-31": "-121.10000", "2011-12-31": "-126.20000", "2011-09-30": "-72.50000", "2011-06-30": "-66.00000", "2011-03-31": "-66.40000", "2010-12-31": "-75.30000", "2010-09-30": "-57.90000", "2010-06-30": "-69.00000", "2010-03-31": "-69.30000", "2009-12-31": "-59.70000", "2009-09-30": "-124.10000", "2009-06-30": "-117.60000", "2009-03-31": "-133.10000", "2008-12-31": "-134.20000", "2008-09-30": "101.30000", "2008-06-30": "113.90000", "2008-03-31": "112.70000", "2007-12-31": "117.70000", "2007-09-30": "74.00000", "2007-06-30": "76.90000", "2007-03-31": "70.40000", "2006-12-31": "72.50000", "2006-09-30": "", "2006-06-30": "", "2006-03-31": ""}, "Other Share Holders Equity": {"2020-09-30": "", "2020-06-30": "", "2020-03-31": "", "2019-12-31": "", "2019-09-30": "", "2019-06-30": "", "2019-03-31": "", "2018-12-31": "", "2018-09-30": "", "2018-06-30": "", "2018-03-31": "", "2017-12-31": "", "2017-09-30": "", "2017-06-30": "", "2017-03-31": "", "2016-12-31": "", "2016-09-30": "", "2016-06-30": "", "2016-03-31": "", "2015-12-31": "", "2015-09-30": "", "2015-06-30": "", "2015-03-31": "", "2014-12-31": "", "2014-09-30": "", "2014-06-30": "", "2014-03-31": "", "2013-12-31": "", "2013-09-30": "", "2013-06-30": "", "2013-03-31": "", "2012-12-31": "", "2012-09-30": "", "2012-06-30": "", "2012-03-31": "", "2011-12-31": "", "2011-09-30": "", "2011-06-30": "", "2011-03-31": "", "2010-12-31": "", "2010-09-30": "", "2010-06-30": "", "2010-03-31": "", "2009-12-31": "", "2009-09-30": "", "2009-06-30": "", "2009-03-31": "", "2008-12-31": "", "2008-09-30": "", "2008-06-30": "", "2008-03-31": "", "2007-12-31": "", "2007-09-30": "", "2007-06-30": "", "2007-03-31": "", "2006-12-31": "", "2006-09-30": "", "2006-06-30": "", "2006-03-31": ""}, "Share Holder Equity": {"2020-09-30": "1172.00000", "2020-06-30": "1269.50000", "2020-03-31": "1456.40000", "2019-12-31": "1761.90000", "2019-09-30": "1617.00000", "2019-06-30": "1468.70000", "2019-03-31": "1321.10000", "2018-12-31": "1238.10000", "2018-09-30": "1116.40000", "2018-06-30": "954.70000", "2018-03-31": "1573.00000", "2017-12-31": "1801.50000", "2017-09-30": "1759.40000", "2017-06-30": "1811.80000", "2017-03-31": "1984.90000", "2016-12-31": "1928.80000", "2016-09-30": "1809.30000", "2016-06-30": "1999.00000", "2016-03-31": "2120.70000", "2015-12-31": "2120.00000", "2015-09-30": "2224.40000", "2015-06-30": "1961.00000", "2015-03-31": "1794.40000", "2014-12-31": "1622.00000", "2014-09-30": "1814.80000", "2014-06-30": "1662.10000", "2014-03-31": "1638.10000", "2013-12-31": "1481.00000", "2013-09-30": "1971.50000", "2013-06-30": "1868.70000", "2013-03-31": "2072.30000", "2012-12-31": "1996.90000", "2012-09-30": "1961.70000", "2012-06-30": "2084.20000", "2012-03-31": "2047.50000", "2011-12-31": "1964.70000", "2011-09-30": "1955.40000", "2011-06-30": "1891.10000", "2011-03-31": "1856.90000", "2010-12-31": "1810.90000", "2010-09-30": "1760.90000", "2010-06-30": "1699.80000", "2010-03-31": "1622.70000", "2009-12-31": "1573.80000", "2009-09-30": "1455.90000", "2009-06-30": "1374.40000", "2009-03-31": "1363.10000", "2008-12-31": "1297.50000", "2008-09-30": "1508.60000", "2008-06-30": "1443.50000", "2008-03-31": "1352.20000", "2007-12-31": "1266.60000", "2007-09-30": "1140.00000", "2007-06-30": "1055.10000", "2007-03-31": "935.30000", "2006-12-31": "859.00000", "2006-09-30": "", "2006-06-30": "", "2006-03-31": ""}, "Total Liabilities And Share Holders Equity": {"2020-09-30": "6604.40000", "2020-06-30": "7043.30000", "2020-03-31": "7001.10000", "2019-12-31": "7606.00000", "2019-09-30": "6701.60000", "2019-06-30": "6345.10000", "2019-03-31": "6297.70000", "2018-12-31": "5685.90000", "2018-09-30": "5682.10000", "2018-06-30": "5611.80000", "2018-03-31": "5370.30000", "2017-12-31": "5267.80000", "2017-09-30": "5537.20000", "2017-06-30": "5462.50000", "2017-03-31": "5469.20000", "2016-12-31": "5405.20000", "2016-09-30": "5361.20000", "2016-06-30": "5682.70000", "2016-03-31": "5786.90000", "2015-12-31": "5764.50000", "2015-09-30": "5937.70000", "2015-06-30": "5577.10000", "2015-03-31": "5272.70000", "2014-12-31": "5162.70000", "2014-09-30": "5405.10000", "2014-06-30": "5221.40000", "2014-03-31": "5302.00000", "2013-12-31": "5107.20000", "2013-09-30": "5512.50000", "2013-06-30": "5354.60000", "2013-03-31": "5533.70000", "2012-12-31": "5415.30000", "2012-09-30": "5373.50000", "2012-06-30": "5441.60000", "2012-03-31": "5250.50000", "2011-12-31": "5042.40000", "2011-09-30": "4991.80000", "2011-06-30": "4854.70000", "2011-03-31": "5133.10000", "2010-12-31": "5102.00000", "2010-09-30": "4647.90000", "2010-06-30": "4543.00000", "2010-03-31": "4441.20000", "2009-12-31": "4473.80000", "2009-09-30": "4283.70000", "2009-06-30": "4061.00000", "2009-03-31": "4022.60000", "2008-12-31": "3760.30000", "2008-09-30": "3862.70000", "2008-06-30": "3745.90000", "2008-03-31": "3701.50000", "2007-12-31": "3339.90000", "2007-09-30": "3166.00000", "2007-06-30": "3050.40000", "2007-03-31": "2840.10000", "2006-12-31": "2722.20000", "2006-09-30": "", "2006-06-30": "", "2006-03-31": ""}}, "cash flow statement": {"Net Income/Loss": {"2019-12-31": "530.10000", "2018-12-31": "617.00000", "2017-12-31": "354.90000", "2016-12-31": "469.70000", "2015-12-31": "788.70000", "2014-12-31": "358.80000", "2013-12-31": "-621.40000", "2012-12-31": "34.80000", "2011-12-31": "192.40000", "2010-12-31": "218.90000", "2009-12-31": "191.70000", "2008-12-31": "265.40000", "2007-12-31": "296.90000", "2006-12-31": "16.80000", "2005-12-31": "-90.30000"}, "Total Depreciation And Amortization - Cash Flow": {"2019-12-31": "255.20000", "2018-12-31": "248.90000", "2017-12-31": "217.70000", "2016-12-31": "228.10000", "2015-12-31": "188.00000", "2014-12-31": "199.30000", "2013-12-31": "168.00000", "2012-12-31": "170.80000", "2011-12-31": "139.70000", "2010-12-31": "128.00000", "2009-12-31": "127.50000", "2008-12-31": "115.60000", "2007-12-31": "83.90000", "2006-12-31": "42.80000", "2005-12-31": "22.20000"}, "Other Non-Cash Items": {"2019-12-31": "145.80000", "2018-12-31": "-238.70000", "2017-12-31": "23.60000", "2016-12-31": "56.50000", "2015-12-31": "-157.00000", "2014-12-31": "466.60000", "2013-12-31": "175.00000", "2012-12-31": "-104.00000", "2011-12-31": "13.40000", "2010-12-31": "56.80000", "2009-12-31": "34.90000", "2008-12-31": "-7.60000", "2007-12-31": "-13.60000", "2006-12-31": "33.60000", "2005-12-31": "30.50000"}, "Total Non-Cash Items": {"2019-12-31": "401.00000", "2018-12-31": "10.20000", "2017-12-31": "241.30000", "2016-12-31": "284.60000", "2015-12-31": "31.00000", "2014-12-31": "665.90000", "2013-12-31": "343.00000", "2012-12-31": "66.80000", "2011-12-31": "153.10000", "2010-12-31": "184.80000", "2009-12-31": "162.40000", "2008-12-31": "108.00000", "2007-12-31": "70.30000", "2006-12-31": "76.40000", "2005-12-31": "52.70000"}, "Change In Accounts Receivable": {"2019-12-31": "12.80000", "2018-12-31": "-47.90000", "2017-12-31": "-48.50000", "2016-12-31": "-139.10000", "2015-12-31": "62.20000", "2014-12-31": "-64.70000", "2013-12-31": "-128.50000", "2012-12-31": "-151.10000", "2011-12-31": "-64.90000", "2010-12-31": "-41.60000", "2009-12-31": "-8.20000", "2008-12-31": "15.30000", "2007-12-31": "20.50000", "2006-12-31": "-41.90000", "2005-12-31": "-88.40000"}, "Change In Inventories": {"2019-12-31": "-95.40000", "2018-12-31": "-61.30000", "2017-12-31": "319.60000", "2016-12-31": "207.80000", "2015-12-31": "-44.20000", "2014-12-31": "-332.20000", "2013-12-31": "666.00000", "2012-12-31": "228.30000", "2011-12-31": "-121.60000", "2010-12-31": "-300.30000", "2009-12-31": "-320.70000", "2008-12-31": "-570.00000", "2007-12-31": "-458.90000", "2006-12-31": "-318.60000", "2005-12-31": "-31.40000"}, "Change In Accounts Payable": {"2019-12-31": "", "2018-12-31": "", "2017-12-31": "", "2016-12-31": "", "2015-12-31": "", "2014-12-31": "", "2013-12-31": "", "2012-12-31": "", "2011-12-31": "", "2010-12-31": "", "2009-12-31": "", "2008-12-31": "", "2007-12-31": "", "2006-12-31": "", "2005-12-31": ""}, "Change In Assets/Liabilities": {"2019-12-31": "83.20000", "2018-12-31": "76.70000", "2017-12-31": "-487.20000", "2016-12-31": "-109.00000", "2015-12-31": "339.20000", "2014-12-31": "-140.00000", "2013-12-31": "-20.50000", "2012-12-31": "255.40000", "2011-12-31": "-371.90000", "2010-12-31": "32.10000", "2009-12-31": "-121.10000", "2008-12-31": "423.60000", "2007-12-31": "180.50000", "2006-12-31": "393.90000", "2005-12-31": "210.60000"}, "Total Change In Assets/Liabilities": {"2019-12-31": "-8.40000", "2018-12-31": "142.70000", "2017-12-31": "-22.50000", "2016-12-31": "-37.40000", "2015-12-31": "470.00000", "2014-12-31": "-663.10000", "2013-12-31": "539.00000", "2012-12-31": "442.80000", "2011-12-31": "-392.80000", "2010-12-31": "-278.60000", "2009-12-31": "-368.00000", "2008-12-31": "-162.70000", "2007-12-31": "-187.10000", "2006-12-31": "180.40000", "2005-12-31": "261.40000"}, "Cash Flow From Operating Activities": {"2019-12-31": "922.70000", "2018-12-31": "769.90000", "2017-12-31": "573.70000", "2016-12-31": "716.90000", "2015-12-31": "1289.70000", "2014-12-31": "361.60000", "2013-12-31": "260.60000", "2012-12-31": "544.40000", "2011-12-31": "-47.30000", "2010-12-31": "125.10000", "2009-12-31": "-13.90000", "2008-12-31": "210.70000", "2007-12-31": "180.10000", "2006-12-31": "273.60000", "2005-12-31": "223.80000"}, "Net Change In Property, Plant, And Equipment": {"2019-12-31": "-232.00000", "2018-12-31": "-267.80000", "2017-12-31": "-272.70000", "2016-12-31": "-253.40000", "2015-12-31": "-357.40000", "2014-12-31": "-219.70000", "2013-12-31": "-271.90000", "2012-12-31": "-247.40000", "2011-12-31": "-249.20000", "2010-12-31": "-287.60000", "2009-12-31": "-228.00000", "2008-12-31": "-233.90000", "2007-12-31": "-287.90000", "2006-12-31": "-342.90000", "2005-12-31": "-144.60000"}, "Net Change In Intangible Assets": {"2019-12-31": "", "2018-12-31": "", "2017-12-31": "", "2016-12-31": "", "2015-12-31": "", "2014-12-31": "", "2013-12-31": "", "2012-12-31": "", "2011-12-31": "", "2010-12-31": "", "2009-12-31": "", "2008-12-31": "", "2007-12-31": "", "2006-12-31": "", "2005-12-31": ""}, "Net Acquisitions/Divestitures": {"2019-12-31": "", "2018-12-31": "", "2017-12-31": "", "2016-12-31": "", "2015-12-31": "", "2014-12-31": "", "2013-12-31": "", "2012-12-31": "", "2011-12-31": "", "2010-12-31": "", "2009-12-31": "", "2008-12-31": "", "2007-12-31": "", "2006-12-31": "-145.40000", "2005-12-31": "-885.70000"}, "Net Change In Short-term Investments": {"2019-12-31": "", "2018-12-31": "", "2017-12-31": "", "2016-12-31": "", "2015-12-31": "", "2014-12-31": "", "2013-12-31": "", "2012-12-31": "", "2011-12-31": "", "2010-12-31": "", "2009-12-31": "", "2008-12-31": "", "2007-12-31": "", "2006-12-31": "", "2005-12-31": ""}, "Net Change In Long-Term Investments": {"2019-12-31": "", "2018-12-31": "", "2017-12-31": "", "2016-12-31": "", "2015-12-31": "", "2014-12-31": "", "2013-12-31": "", "2012-12-31": "", "2011-12-31": "", "2010-12-31": "", "2009-12-31": "", "2008-12-31": "", "2007-12-31": "", "2006-12-31": "4.70000", "2005-12-31": ""}, "Net Change In Investments - Total": {"2019-12-31": "", "2018-12-31": "", "2017-12-31": "", "2016-12-31": "", "2015-12-31": "", "2014-12-31": "", "2013-12-31": "", "2012-12-31": "", "2011-12-31": "", "2010-12-31": "", "2009-12-31": "", "2008-12-31": "", "2007-12-31": "", "2006-12-31": "4.70000", "2005-12-31": ""}, "Investing Activities - Other": {"2019-12-31": "-7.90000", "2018-12-31": "", "2017-12-31": "-0.10000", "2016-12-31": "", "2015-12-31": "", "2014-12-31": "-19.90000", "2013-12-31": "3.70000", "2012-12-31": "-1.40000", "2011-12-31": "", "2010-12-31": "-0.80000", "2009-12-31": "115.60000", "2008-12-31": "114.10000", "2007-12-31": "48.80000", "2006-12-31": "10.00000", "2005-12-31": ""}, "Cash Flow From Investing Activities": {"2019-12-31": "-239.90000", "2018-12-31": "-267.80000", "2017-12-31": "-272.80000", "2016-12-31": "-253.40000", "2015-12-31": "-357.40000", "2014-12-31": "-239.60000", "2013-12-31": "-268.20000", "2012-12-31": "-248.80000", "2011-12-31": "-249.20000", "2010-12-31": "-288.40000", "2009-12-31": "-112.40000", "2008-12-31": "-119.80000", "2007-12-31": "-239.10000", "2006-12-31": "-473.60000", "2005-12-31": "-1030.30000"}, "Net Long-Term Debt": {"2019-12-31": "220.00000", "2018-12-31": "737.00000", "2017-12-31": "-27.80000", "2016-12-31": "-36.60000", "2015-12-31": "-36.40000", "2014-12-31": "-16.80000", "2013-12-31": "-10.40000", "2012-12-31": "-23.40000", "2011-12-31": "-8.00000", "2010-12-31": "290.40000", "2009-12-31": "292.70000", "2008-12-31": "-5.60000", "2007-12-31": "-24.70000", "2006-12-31": "-124.00000", "2005-12-31": "695.00000"}, "Net Current Debt": {"2019-12-31": "800.00000", "2018-12-31": "", "2017-12-31": "", "2016-12-31": "", "2015-12-31": "", "2014-12-31": "", "2013-12-31": "", "2012-12-31": "", "2011-12-31": "", "2010-12-31": "", "2009-12-31": "", "2008-12-31": "", "2007-12-31": "", "2006-12-31": "", "2005-12-31": ""}, "Debt Issuance/Retirement Net - Total": {"2019-12-31": "1020.00000", "2018-12-31": "737.00000", "2017-12-31": "-27.80000", "2016-12-31": "-36.60000", "2015-12-31": "-36.40000", "2014-12-31": "-16.80000", "2013-12-31": "-10.40000", "2012-12-31": "-23.40000", "2011-12-31": "-8.00000", "2010-12-31": "290.40000", "2009-12-31": "292.70000", "2008-12-31": "-5.60000", "2007-12-31": "-24.70000", "2006-12-31": "-124.00000", "2005-12-31": "695.00000"}, "Net Common Equity Issued/Repurchased": {"2019-12-31": "-73.20000", "2018-12-31": "-803.70000", "2017-12-31": "-496.30000", "2016-12-31": "-649.60000", "2015-12-31": "-300.00000", "2014-12-31": "-129.20000", "2013-12-31": "", "2012-12-31": "", "2011-12-31": "", "2010-12-31": "", "2009-12-31": "", "2008-12-31": "", "2007-12-31": "-1.00000", "2006-12-31": "250.40000", "2005-12-31": "374.20000"}, "Net Total Equity Issued/Repurchased": {"2019-12-31": "-73.20000", "2018-12-31": "-803.70000", "2017-12-31": "-496.30000", "2016-12-31": "-649.60000", "2015-12-31": "-300.00000", "2014-12-31": "-129.20000", "2013-12-31": "", "2012-12-31": "", "2011-12-31": "", "2010-12-31": "", "2009-12-31": "", "2008-12-31": "", "2007-12-31": "-1.00000", "2006-12-31": "250.40000", "2005-12-31": "374.20000"}, "Total Common And Preferred Stock Dividends Paid": {"2019-12-31": "-50.40000", "2018-12-31": "-48.00000", "2017-12-31": "-47.10000", "2016-12-31": "", "2015-12-31": "", "2014-12-31": "", "2013-12-31": "", "2012-12-31": "", "2011-12-31": "", "2010-12-31": "", "2009-12-31": "", "2008-12-31": "", "2007-12-31": "", "2006-12-31": "", "2005-12-31": ""}, "Financial Activities - Other": {"2019-12-31": "-12.00000", "2018-12-31": "-38.80000", "2017-12-31": "-7.50000", "2016-12-31": "-32.50000", "2015-12-31": "-14.70000", "2014-12-31": "-18.20000", "2013-12-31": "-3.50000", "2012-12-31": "-11.20000", "2011-12-31": "1.30000", "2010-12-31": "-13.00000", "2009-12-31": "-16.60000", "2008-12-31": "9.10000", "2007-12-31": "34.00000", "2006-12-31": "14.50000", "2005-12-31": "-21.40000"}, "Cash Flow From Financial Activities": {"2019-12-31": "884.40000", "2018-12-31": "-153.50000", "2017-12-31": "-578.70000", "2016-12-31": "-718.70000", "2015-12-31": "-351.10000", "2014-12-31": "-164.20000", "2013-12-31": "-13.90000", "2012-12-31": "-34.60000", "2011-12-31": "-6.70000", "2010-12-31": "277.40000", "2009-12-31": "276.10000", "2008-12-31": "3.50000", "2007-12-31": "8.30000", "2006-12-31": "140.90000", "2005-12-31": "1047.80000"}, "Net Cash Flow": {"2019-12-31": "1573.10000", "2018-12-31": "348.60000", "2017-12-31": "-272.20000", "2016-12-31": "-259.60000", "2015-12-31": "579.40000", "2014-12-31": "-42.80000", "2013-12-31": "-20.00000", "2012-12-31": "262.90000", "2011-12-31": "-303.80000", "2010-12-31": "112.60000", "2009-12-31": "152.50000", "2008-12-31": "83.10000", "2007-12-31": "-50.90000", "2006-12-31": "-57.00000", "2005-12-31": "241.30000"}, "Stock-Based Compensation": {"2019-12-31": "36.10000", "2018-12-31": "27.40000", "2017-12-31": "22.10000", "2016-12-31": "42.50000", "2015-12-31": "26.00000", "2014-12-31": "16.40000", "2013-12-31": "19.60000", "2012-12-31": "15.30000", "2011-12-31": "11.20000", "2010-12-31": "28.80000", "2009-12-31": "10.10000", "2008-12-31": "15.70000", "2007-12-31": "33.00000", "2006-12-31": "182.30000", "2005-12-31": "34.70000"}, "Common Stock Dividends Paid": {"2019-12-31": "-50.40000", "2018-12-31": "-48.00000", "2017-12-31": "-47.10000", "2016-12-31": "", "2015-12-31": "", "2014-12-31": "", "2013-12-31": "", "2012-12-31": "", "2011-12-31": "", "2010-12-31": "", "2009-12-31": "", "2008-12-31": "", "2007-12-31": "", "2006-12-31": "", "2005-12-31": ""}}, "cash flow statement, quarterly": {"Net Income/Loss": {"2020-09-30": -155.5, "2020-06-30": -255.9, "2020-03-31": "-163.00000", "2019-12-31": 67.7, "2019-09-30": 131.3, "2019-06-30": 168, "2019-03-31": "163.10000", "2018-12-31": 177.6, "2018-09-30": 168.8, "2018-06-30": 145.2, "2018-03-31": "125.40000", "2017-12-31": 122.8, "2017-09-30": 147.2, "2017-06-30": -56.8, "2017-03-31": "141.70000", "2016-12-31": 108.2, "2016-09-30": 145.1, "2016-06-30": 44.8, "2016-03-31": "171.60000", "2015-12-31": 138.3, "2015-09-30": 313.6, "2015-06-30": 154.9, "2015-03-31": "181.90000", "2014-12-31": -106.2, "2014-09-30": 168, "2014-06-30": 143.4, "2014-03-31": "153.60000", "2013-12-31": -586.9, "2013-09-30": 93.7, "2013-06-30": -209.4, "2013-03-31": "81.20000", "2012-12-31": 60.7, "2012-09-30": -134.4, "2012-06-30": 34.9, "2012-03-31": "73.60000", "2011-12-31": 60.4, "2011-09-30": 67.3, "2011-06-30": 30.1, "2011-03-31": "34.60000", "2010-12-31": 61.9, "2010-09-30": 46.4, "2010-06-30": 55.1, "2010-03-31": "55.50000", "2009-12-31": 50, "2009-09-30": 87.3, "2009-06-30": -8.3, "2009-03-31": "62.70000", "2008-12-31": 19.8, "2008-09-30": 74, "2008-06-30": 86.4, "2008-03-31": "85.20000", "2007-12-31": 75.5, "2007-09-30": 83.6, "2007-06-30": 68, "2007-03-31": "69.80000", "2006-12-31": -69.4, "2006-09-30": 34, "2006-06-30": 29.7, "2006-03-31": "22.50000"}, "Total Depreciation And Amortization - Cash Flow": {"2020-09-30": 77, "2020-06-30": 68.9, "2020-03-31": "69.20000", "2019-12-31": 65.6, "2019-09-30": 75.8, "2019-06-30": 52.5, "2019-03-31": "61.30000", "2018-12-31": 59.9, "2018-09-30": 64, "2018-06-30": 72.5, "2018-03-31": "52.50000", "2017-12-31": 56, "2017-09-30": 54.5, "2017-06-30": 53.9, "2017-03-31": "53.30000", "2016-12-31": 60.3, "2016-09-30": 54.1, "2016-06-30": 65.9, "2016-03-31": "47.80000", "2015-12-31": 48, "2015-09-30": 45.5, "2015-06-30": 45.8, "2015-03-31": "48.70000", "2014-12-31": 46.3, "2014-09-30": 45.1, "2014-06-30": 46.2, "2014-03-31": "61.70000", "2013-12-31": 41.9, "2013-09-30": 41.8, "2013-06-30": 42.2, "2013-03-31": "42.10000", "2012-12-31": 40.3, "2012-09-30": 38.7, "2012-06-30": 56.1, "2012-03-31": "35.70000", "2011-12-31": 32.1, "2011-09-30": 36.2, "2011-06-30": 35.9, "2011-03-31": "35.50000", "2010-12-31": 34.3, "2010-09-30": 32.1, "2010-06-30": 31.2, "2010-03-31": "30.40000", "2009-12-31": 33.7, "2009-09-30": 31.4, "2009-06-30": 32, "2009-03-31": "30.40000", "2008-12-31": 30.7, "2008-09-30": 31.8, "2008-06-30": 27.9, "2008-03-31": "25.20000", "2007-12-31": 27.1, "2007-09-30": 20.1, "2007-06-30": 19.4, "2007-03-31": "17.30000", "2006-12-31": 43.6, "2006-09-30": 13.1, "2006-06-30": -4.7, "2006-03-31": "12.80000"}, "Other Non-Cash Items": {"2020-09-30": 93.1, "2020-06-30": 207.6, "2020-03-31": "-8.40000", "2019-12-31": 95.5, "2019-09-30": 24, "2019-06-30": 23.4, "2019-03-31": "2.90000", "2018-12-31": -54.1, "2018-09-30": -74.8, "2018-06-30": -67.2, "2018-03-31": "-42.60000", "2017-12-31": 20.8, "2017-09-30": 9.7, "2017-06-30": -29.9, "2017-03-31": "23.00000", "2016-12-31": -18, "2016-09-30": 8.9, "2016-06-30": 22, "2016-03-31": "43.60000", "2015-12-31": 51, "2015-09-30": -203.3, "2015-06-30": -11.8, "2015-03-31": "7.10000", "2014-12-31": 477.2, "2014-09-30": 5.4, "2014-06-30": -10, "2014-03-31": "-6.00000", "2013-12-31": 280.8, "2013-09-30": -77.4, "2013-06-30": -56.1, "2013-03-31": "27.70000", "2012-12-31": -7.3, "2012-09-30": -108.3, "2012-06-30": 7.9, "2012-03-31": "3.70000", "2011-12-31": -10.2, "2011-09-30": 24.8, "2011-06-30": -6.7, "2011-03-31": "5.50000", "2010-12-31": 52.9, "2010-09-30": -5.6, "2010-06-30": 13.2, "2010-03-31": "-3.70000", "2009-12-31": 52.2, "2009-09-30": -14.5, "2009-06-30": -3, "2009-03-31": "0.20000", "2008-12-31": 0.9, "2008-09-30": -2.4, "2008-06-30": -1.5, "2008-03-31": "-4.60000", "2007-12-31": 10.3, "2007-09-30": -9.6, "2007-06-30": -21.9, "2007-03-31": "7.60000", "2006-12-31": -7.2, "2006-09-30": 16.4, "2006-06-30": 14.2, "2006-03-31": "10.20000"}, "Total Non-Cash Items": {"2020-09-30": 170.1, "2020-06-30": 276.5, "2020-03-31": "60.80000", "2019-12-31": 161.1, "2019-09-30": 99.8, "2019-06-30": 75.9, "2019-03-31": "64.20000", "2018-12-31": 5.8, "2018-09-30": -10.8, "2018-06-30": 5.3, "2018-03-31": "9.90000", "2017-12-31": 76.8, "2017-09-30": 64.2, "2017-06-30": 24, "2017-03-31": "76.30000", "2016-12-31": 42.3, "2016-09-30": 63, "2016-06-30": 87.9, "2016-03-31": "91.40000", "2015-12-31": 99, "2015-09-30": -157.8, "2015-06-30": 34, "2015-03-31": "55.80000", "2014-12-31": 523.5, "2014-09-30": 50.5, "2014-06-30": 36.2, "2014-03-31": "55.70000", "2013-12-31": 322.7, "2013-09-30": -35.6, "2013-06-30": -13.9, "2013-03-31": "69.80000", "2012-12-31": 33, "2012-09-30": -69.6, "2012-06-30": 64, "2012-03-31": "39.40000", "2011-12-31": 21.9, "2011-09-30": 61, "2011-06-30": 29.2, "2011-03-31": "41.00000", "2010-12-31": 87.2, "2010-09-30": 26.5, "2010-06-30": 44.4, "2010-03-31": "26.70000", "2009-12-31": 85.9, "2009-09-30": 16.9, "2009-06-30": 29, "2009-03-31": "30.60000", "2008-12-31": 31.6, "2008-09-30": 29.4, "2008-06-30": 26.4, "2008-03-31": "20.60000", "2007-12-31": 37.4, "2007-09-30": 10.5, "2007-06-30": -2.5, "2007-03-31": "24.90000", "2006-12-31": 2.8, "2006-09-30": 29.5, "2006-06-30": 9.5, "2006-03-31": "23.00000"}, "Change In Accounts Receivable": {"2020-09-30": -75.1, "2020-06-30": 208.3, "2020-03-31": "36.10000", "2019-12-31": 180.6, "2019-09-30": -117.7, "2019-06-30": 18.7, "2019-03-31": "-68.80000", "2018-12-31": 74.4, "2018-09-30": -5.3, "2018-06-30": -20.4, "2018-03-31": "-96.60000", "2017-12-31": 129.3, "2017-09-30": -21.3, "2017-06-30": 1.6, "2017-03-31": "-158.10000", "2016-12-31": 81.7, "2016-09-30": 3.3, "2016-06-30": -75.5, "2016-03-31": "-148.60000", "2015-12-31": 37.8, "2015-09-30": -15.7, "2015-06-30": 39.8, "2015-03-31": "0.30000", "2014-12-31": 199.5, "2014-09-30": -91.8, "2014-06-30": 24.3, "2014-03-31": "-196.70000", "2013-12-31": 78, "2013-09-30": -22.2, "2013-06-30": -16.6, "2013-03-31": "-167.70000", "2012-12-31": 91.4, "2012-09-30": -40.4, "2012-06-30": -57.7, "2012-03-31": "-144.40000", "2011-12-31": 63, "2011-09-30": 15.7, "2011-06-30": -62.1, "2011-03-31": "-81.50000", "2010-12-31": 88.9, "2010-09-30": -11, "2010-06-30": -40.6, "2010-03-31": "-78.90000", "2009-12-31": 76.4, "2009-09-30": 24.8, "2009-06-30": 12.2, "2009-03-31": "-121.60000", "2008-12-31": 43.7, "2008-09-30": 24.5, "2008-06-30": 13.5, "2008-03-31": "-66.40000", "2007-12-31": 68.5, "2007-09-30": -3.1, "2007-06-30": 9.4, "2007-03-31": "-54.30000", "2006-12-31": 21.3, "2006-09-30": 38, "2006-06-30": -25.8, "2006-03-31": "-75.40000"}, "Change In Inventories": {"2020-09-30": 49.3, "2020-06-30": -56, "2020-03-31": "-59.40000", "2019-12-31": -92.1, "2019-09-30": -42.3, "2019-06-30": 15.5, "2019-03-31": "23.50000", "2018-12-31": -88, "2018-09-30": -31.7, "2018-06-30": 13.1, "2018-03-31": "45.30000", "2017-12-31": -114.3, "2017-09-30": -5, "2017-06-30": 392.8, "2017-03-31": "46.10000", "2016-12-31": -49.5, "2016-09-30": 72.4, "2016-06-30": 235.5, "2016-03-31": "-50.60000", "2015-12-31": 9.7, "2015-09-30": -52.6, "2015-06-30": -35.1, "2015-03-31": "33.80000", "2014-12-31": -209.7, "2014-09-30": -48.9, "2014-06-30": -22, "2014-03-31": "-51.60000", "2013-12-31": 334.6, "2013-09-30": 55.2, "2013-06-30": 370.6, "2013-03-31": "-94.40000", "2012-12-31": -44.3, "2012-09-30": 444.3, "2012-06-30": -68.6, "2012-03-31": "-103.10000", "2011-12-31": -60.5, "2011-09-30": -136.7, "2011-06-30": 216, "2011-03-31": "-140.40000", "2010-12-31": -32.2, "2010-09-30": -95.9, "2010-06-30": -84.1, "2010-03-31": "-88.10000", "2009-12-31": -1.2, "2009-09-30": -116.5, "2009-06-30": 32.4, "2009-03-31": "-235.40000", "2008-12-31": -137.1, "2008-09-30": -122.7, "2008-06-30": -154.4, "2008-03-31": "-155.80000", "2007-12-31": -146.3, "2007-09-30": -100.2, "2007-06-30": -148.8, "2007-03-31": "-63.60000", "2006-12-31": -147.1, "2006-09-30": -118.3, "2006-06-30": -26.7, "2006-03-31": "-26.50000"}, "Change In Accounts Payable": {"2020-09-30": 0, "2020-06-30": 0, "2020-03-31": "", "2019-12-31": 0, "2019-09-30": 0, "2019-06-30": 0, "2019-03-31": "", "2018-12-31": 0, "2018-09-30": 0, "2018-06-30": 0, "2018-03-31": "", "2017-12-31": 0, "2017-09-30": 0, "2017-06-30": 0, "2017-03-31": "", "2016-12-31": 0, "2016-09-30": 0, "2016-06-30": 0, "2016-03-31": "", "2015-12-31": 0, "2015-09-30": 0, "2015-06-30": 0, "2015-03-31": "", "2014-12-31": 0, "2014-09-30": 0, "2014-06-30": 0, "2014-03-31": "", "2013-12-31": 0, "2013-09-30": 0, "2013-06-30": 0, "2013-03-31": "", "2012-12-31": 0, "2012-09-30": 0, "2012-06-30": 0, "2012-03-31": "", "2011-12-31": 0, "2011-09-30": 0, "2011-06-30": 0, "2011-03-31": "", "2010-12-31": 0, "2010-09-30": 0, "2010-06-30": 0, "2010-03-31": "", "2009-12-31": 0, "2009-09-30": 0, "2009-06-30": 0, "2009-03-31": "", "2008-12-31": 0, "2008-09-30": 0, "2008-06-30": 0, "2008-03-31": "", "2007-12-31": 0, "2007-09-30": 0, "2007-06-30": 0, "2007-03-31": "", "2006-12-31": 0, "2006-09-30": 0, "2006-06-30": 0, "2006-03-31": ""}, "Change In Assets/Liabilities": {"2020-09-30": -36.2, "2020-06-30": 44.3, "2020-03-31": "172.30000", "2019-12-31": 37.8, "2019-09-30": 151, "2019-06-30": -54.5, "2019-03-31": "-51.10000", "2018-12-31": 41.7, "2018-09-30": -11.2, "2018-06-30": 74.2, "2018-03-31": "-28.00000", "2017-12-31": -318.2, "2017-09-30": 23.5, "2017-06-30": -126.1, "2017-03-31": "-66.40000", "2016-12-31": -57.6, "2016-09-30": -10.2, "2016-06-30": -36.2, "2016-03-31": "-5.00000", "2015-12-31": 64.7, "2015-09-30": 110.4, "2015-06-30": 108.9, "2015-03-31": "55.20000", "2014-12-31": -149.1, "2014-09-30": 22.5, "2014-06-30": 4, "2014-03-31": "-17.40000", "2013-12-31": -29.9, "2013-09-30": 18.9, "2013-06-30": -11.7, "2013-03-31": "2.20000", "2012-12-31": 130.9, "2012-09-30": -160.5, "2012-06-30": 147.1, "2012-03-31": "137.90000", "2011-12-31": 1, "2011-09-30": -49.7, "2011-06-30": -278.8, "2011-03-31": "-44.40000", "2010-12-31": 192.3, "2010-09-30": -76.3, "2010-06-30": -18.6, "2010-03-31": "-65.30000", "2009-12-31": 0.5, "2009-09-30": -32.4, "2009-06-30": -37.5, "2009-03-31": "-51.70000", "2008-12-31": 183.3, "2008-09-30": 63.9, "2008-06-30": 97.3, "2008-03-31": "79.10000", "2007-12-31": 44.2, "2007-09-30": 41.5, "2007-06-30": 35.1, "2007-03-31": "59.70000", "2006-12-31": 123.7, "2006-09-30": 58, "2006-06-30": 110.7, "2006-03-31": "101.50000"}, "Total Change In Assets/Liabilities": {"2020-09-30": -67.7, "2020-06-30": -248.9999, "2020-03-31": "-229.10000", "2019-12-31": -24.7, "2019-09-30": 15.8, "2019-06-30": -14.4, "2019-03-31": "14.90000", "2018-12-31": 19.1, "2018-09-30": 12.2, "2018-06-30": 80.1, "2018-03-31": "31.30000", "2017-12-31": -250.5, "2017-09-30": 79.2, "2017-06-30": 255.1, "2017-03-31": "-106.30000", "2016-12-31": -8, "2016-09-30": 57.5, "2016-06-30": 82.3, "2016-03-31": "-169.20000", "2015-12-31": 83, "2015-09-30": 84.6, "2015-06-30": 116.4, "2015-03-31": "186.00000", "2014-12-31": -384, "2014-09-30": -99.7, "2014-06-30": -15.1, "2014-03-31": "-164.30000", "2013-12-31": 325.5, "2013-09-30": 126.9, "2013-06-30": 283, "2013-03-31": "-196.40000", "2012-12-31": 215.2, "2012-09-30": 306.7, "2012-06-30": 22.3, "2012-03-31": "-101.40000", "2011-12-31": 46.2, "2011-09-30": -62.2, "2011-06-30": -173.1, "2011-03-31": "-203.70000", "2010-12-31": 215, "2010-09-30": -194.6, "2010-06-30": -106.6, "2010-03-31": "-192.40000", "2009-12-31": 61.5, "2009-09-30": -99.5, "2009-06-30": -87.6, "2009-03-31": "-242.40000", "2008-12-31": 12.7, "2008-09-30": -35.2, "2008-06-30": -105.7, "2008-03-31": "-34.50000", "2007-12-31": -38.1, "2007-09-30": -53.4, "2007-06-30": -51, "2007-03-31": "-44.60000", "2006-12-31": 6.4, "2006-09-30": 49.6, "2006-06-30": 83.4, "2006-03-31": "44.50000"}, "Cash Flow From Operating Activities": {"2020-09-30": -53.1, "2020-06-30": -228.4, "2020-03-31": "-331.30000", "2019-12-31": 204.1, "2019-09-30": 246.9, "2019-06-30": 229.5, "2019-03-31": "242.20000", "2018-12-31": 202.5, "2018-09-30": 170.2, "2018-06-30": 230.6, "2018-03-31": "166.60000", "2017-12-31": -50.9, "2017-09-30": 290.6, "2017-06-30": 222.3, "2017-03-31": "111.70000", "2016-12-31": 142.5, "2016-09-30": 265.6, "2016-06-30": 215, "2016-03-31": "93.80000", "2015-12-31": 320.3, "2015-09-30": 240.4, "2015-06-30": 305.3, "2015-03-31": "423.70000", "2014-12-31": 33.3, "2014-09-30": 118.8, "2014-06-30": 164.5, "2014-03-31": "45.00000", "2013-12-31": 61.3, "2013-09-30": 185, "2013-06-30": 59.7, "2013-03-31": "-45.40000", "2012-12-31": 308.9, "2012-09-30": 102.7, "2012-06-30": 121.2, "2012-03-31": "11.60000", "2011-12-31": 128.5, "2011-09-30": 66.1, "2011-06-30": -113.8, "2011-03-31": "-128.10000", "2010-12-31": 364.1, "2010-09-30": -121.7, "2010-06-30": -7.1, "2010-03-31": "-110.20000", "2009-12-31": 197.4, "2009-09-30": 4.7, "2009-06-30": -66.9, "2009-03-31": "-149.10000", "2008-12-31": 64.1, "2008-09-30": 68.2, "2008-06-30": 7.1, "2008-03-31": "71.30000", "2007-12-31": 74.8, "2007-09-30": 40.7, "2007-06-30": 14.5, "2007-03-31": "50.10000", "2006-12-31": -52.1, "2006-09-30": 113.1, "2006-06-30": 122.6, "2006-03-31": "90.00000"}, "Net Change In Property, Plant, And Equipment": {"2020-09-30": -19.2, "2020-06-30": -20.2, "2020-03-31": "-31.00000", "2019-12-31": -113.2, "2019-09-30": -40.9, "2019-06-30": -37.1, "2019-03-31": "-40.80000", "2018-12-31": -96.9, "2018-09-30": -61.5, "2018-06-30": -61.2, "2018-03-31": "-48.20000", "2017-12-31": -134, "2017-09-30": -50.6, "2017-06-30": -47.5, "2017-03-31": "-40.60000", "2016-12-31": -97.2, "2016-09-30": -51.5, "2016-06-30": -54.3, "2016-03-31": "-50.40000", "2015-12-31": -142.7, "2015-09-30": -99.3, "2015-06-30": -75.1, "2015-03-31": "-40.30000", "2014-12-31": -86.1, "2014-09-30": -44.4, "2014-06-30": -36.3, "2014-03-31": "-52.90000", "2013-12-31": -80.5, "2013-09-30": -72.2, "2013-06-30": -39.1, "2013-03-31": "-80.10000", "2012-12-31": -78.2, "2012-09-30": -66.7, "2012-06-30": -49.6, "2012-03-31": "-52.90000", "2011-12-31": -85.4, "2011-09-30": -79.8, "2011-06-30": -42.8, "2011-03-31": "-41.20000", "2010-12-31": -104.9, "2010-09-30": -52.2, "2010-06-30": -61.3, "2010-03-31": "-69.20000", "2009-12-31": -70, "2009-09-30": -51.3, "2009-06-30": -52.3, "2009-03-31": "-54.40000", "2008-12-31": -58.7, "2008-09-30": -55.8, "2008-06-30": -53.7, "2008-03-31": "-65.70000", "2007-12-31": -60.1, "2007-09-30": -68.8, "2007-06-30": -71.5, "2007-03-31": "-87.50000", "2006-12-31": -109.8, "2006-09-30": -53.4, "2006-06-30": -86.2, "2006-03-31": "-93.80000"}, "Net Change In Intangible Assets": {"2020-09-30": 0, "2020-06-30": 0, "2020-03-31": "", "2019-12-31": 0, "2019-09-30": 0, "2019-06-30": 0, "2019-03-31": "", "2018-12-31": 0, "2018-09-30": 0, "2018-06-30": 0, "2018-03-31": "", "2017-12-31": 0, "2017-09-30": 0, "2017-06-30": 0, "2017-03-31": "", "2016-12-31": 0, "2016-09-30": 0, "2016-06-30": 0, "2016-03-31": "", "2015-12-31": 0, "2015-09-30": 0, "2015-06-30": 0, "2015-03-31": "", "2014-12-31": 0, "2014-09-30": 0, "2014-06-30": 0, "2014-03-31": "", "2013-12-31": 0, "2013-09-30": 0, "2013-06-30": 0, "2013-03-31": "", "2012-12-31": 0, "2012-09-30": 0, "2012-06-30": 0, "2012-03-31": "", "2011-12-31": 0, "2011-09-30": 0, "2011-06-30": 0, "2011-03-31": "", "2010-12-31": 0, "2010-09-30": 0, "2010-06-30": 0, "2010-03-31": "", "2009-12-31": 0, "2009-09-30": 0, "2009-06-30": 0, "2009-03-31": "", "2008-12-31": 0, "2008-09-30": 0, "2008-06-30": 0, "2008-03-31": "", "2007-12-31": 0, "2007-09-30": 0, "2007-06-30": 0, "2007-03-31": "", "2006-12-31": 0, "2006-09-30": 0, "2006-06-30": 0, "2006-03-31": ""}, "Net Acquisitions/Divestitures": {"2020-09-30": 0, "2020-06-30": 0.2, "2020-03-31": "-118.10000", "2019-12-31": 0, "2019-09-30": 0, "2019-06-30": 0, "2019-03-31": "", "2018-12-31": 0, "2018-09-30": 0, "2018-06-30": 0, "2018-03-31": "", "2017-12-31": 0, "2017-09-30": 0, "2017-06-30": 0, "2017-03-31": "", "2016-12-31": 0, "2016-09-30": 0, "2016-06-30": 0, "2016-03-31": "", "2015-12-31": 0, "2015-09-30": 0, "2015-06-30": 0, "2015-03-31": "", "2014-12-31": 0, "2014-09-30": 0, "2014-06-30": 0, "2014-03-31": "", "2013-12-31": 0, "2013-09-30": 0, "2013-06-30": 0, "2013-03-31": "", "2012-12-31": 0, "2012-09-30": 0, "2012-06-30": 0, "2012-03-31": "", "2011-12-31": 0, "2011-09-30": 0, "2011-06-30": 0, "2011-03-31": "", "2010-12-31": 0, "2010-09-30": 0, "2010-06-30": 0, "2010-03-31": "", "2009-12-31": 0, "2009-09-30": 0, "2009-06-30": 0, "2009-03-31": "", "2008-12-31": 0, "2008-09-30": 0, "2008-06-30": 0, "2008-03-31": "", "2007-12-31": 0, "2007-09-30": 0, "2007-06-30": 0, "2007-03-31": "", "2006-12-31": -10, "2006-09-30": 10, "2006-06-30": -145.4, "2006-03-31": ""}, "Net Change In Short-term Investments": {"2020-09-30": 0, "2020-06-30": 0, "2020-03-31": "", "2019-12-31": 0, "2019-09-30": 0, "2019-06-30": 0, "2019-03-31": "", "2018-12-31": 0, "2018-09-30": 0, "2018-06-30": 0, "2018-03-31": "", "2017-12-31": 0, "2017-09-30": 0, "2017-06-30": 0, "2017-03-31": "", "2016-12-31": 0, "2016-09-30": 0, "2016-06-30": 0, "2016-03-31": "", "2015-12-31": 0, "2015-09-30": 0, "2015-06-30": 0, "2015-03-31": "", "2014-12-31": 0, "2014-09-30": 0, "2014-06-30": 0, "2014-03-31": "", "2013-12-31": 0, "2013-09-30": 0, "2013-06-30": 0, "2013-03-31": "", "2012-12-31": 0, "2012-09-30": 0, "2012-06-30": 0, "2012-03-31": "", "2011-12-31": 0, "2011-09-30": 0, "2011-06-30": 0, "2011-03-31": "", "2010-12-31": 0, "2010-09-30": 0, "2010-06-30": 0, "2010-03-31": "", "2009-12-31": 0, "2009-09-30": 0, "2009-06-30": 0, "2009-03-31": "", "2008-12-31": 0, "2008-09-30": 0, "2008-06-30": 0, "2008-03-31": "", "2007-12-31": 0, "2007-09-30": 0, "2007-06-30": 0, "2007-03-31": "", "2006-12-31": 0, "2006-09-30": 0, "2006-06-30": 0, "2006-03-31": ""}, "Net Change In Long-Term Investments": {"2020-09-30": 0, "2020-06-30": 0, "2020-03-31": "", "2019-12-31": 0, "2019-09-30": 0, "2019-06-30": 0, "2019-03-31": "", "2018-12-31": 0, "2018-09-30": 0, "2018-06-30": 0, "2018-03-31": "", "2017-12-31": 0, "2017-09-30": 0, "2017-06-30": 0, "2017-03-31": "", "2016-12-31": 0, "2016-09-30": 0, "2016-06-30": 0, "2016-03-31": "", "2015-12-31": 0, "2015-09-30": 0, "2015-06-30": 0, "2015-03-31": "", "2014-12-31": 0, "2014-09-30": 0, "2014-06-30": 0, "2014-03-31": "", "2013-12-31": 0, "2013-09-30": 0, "2013-06-30": 0, "2013-03-31": "", "2012-12-31": 0, "2012-09-30": 0, "2012-06-30": 0, "2012-03-31": "", "2011-12-31": 0, "2011-09-30": 0, "2011-06-30": 0, "2011-03-31": "", "2010-12-31": 0, "2010-09-30": 0, "2010-06-30": 0, "2010-03-31": "", "2009-12-31": 0, "2009-09-30": 0, "2009-06-30": 0, "2009-03-31": "", "2008-12-31": 0, "2008-09-30": 0, "2008-06-30": 0, "2008-03-31": "", "2007-12-31": -3.1, "2007-09-30": 0.6, "2007-06-30": 1.4, "2007-03-31": "1.10000", "2006-12-31": 1.6, "2006-09-30": 1.1, "2006-06-30": 2, "2006-03-31": ""}, "Net Change In Investments - Total": {"2020-09-30": 0, "2020-06-30": 0, "2020-03-31": "", "2019-12-31": 0, "2019-09-30": 0, "2019-06-30": 0, "2019-03-31": "", "2018-12-31": 0, "2018-09-30": 0, "2018-06-30": 0, "2018-03-31": "", "2017-12-31": 0, "2017-09-30": 0, "2017-06-30": 0, "2017-03-31": "", "2016-12-31": 0, "2016-09-30": 0, "2016-06-30": 0, "2016-03-31": "", "2015-12-31": 0, "2015-09-30": 0, "2015-06-30": 0, "2015-03-31": "", "2014-12-31": 0, "2014-09-30": 0, "2014-06-30": 0, "2014-03-31": "", "2013-12-31": 0, "2013-09-30": 0, "2013-06-30": 0, "2013-03-31": "", "2012-12-31": 0, "2012-09-30": 0, "2012-06-30": 0, "2012-03-31": "", "2011-12-31": 0, "2011-09-30": 0, "2011-06-30": 0, "2011-03-31": "", "2010-12-31": 0, "2010-09-30": 0, "2010-06-30": 0, "2010-03-31": "", "2009-12-31": 0, "2009-09-30": 0, "2009-06-30": 0, "2009-03-31": "", "2008-12-31": 0, "2008-09-30": 0, "2008-06-30": 0, "2008-03-31": "", "2007-12-31": -3.1, "2007-09-30": 0.6, "2007-06-30": 1.4, "2007-03-31": "1.10000", "2006-12-31": -3.1, "2006-09-30": 1.1, "2006-06-30": 2, "2006-03-31": ""}, "Investing Activities - Other": {"2020-09-30": 2.2, "2020-06-30": 0.9, "2020-03-31": "1.80000", "2019-12-31": -8, "2019-09-30": 0, "2019-06-30": 0, "2019-03-31": "0.10000", "2018-12-31": -2.8, "2018-09-30": 2.5, "2018-06-30": 0.1, "2018-03-31": "0.20000", "2017-12-31": -0.5, "2017-09-30": 0.2, "2017-06-30": 0.2, "2017-03-31": "", "2016-12-31": 0, "2016-09-30": 0, "2016-06-30": 0, "2016-03-31": "", "2015-12-31": 0, "2015-09-30": 0, "2015-06-30": 0, "2015-03-31": "", "2014-12-31": -19.9, "2014-09-30": 0, "2014-06-30": 0, "2014-03-31": "", "2013-12-31": 4.3, "2013-09-30": 12.6, "2013-06-30": -15.3, "2013-03-31": "2.10000", "2012-12-31": -7.2, "2012-09-30": 6.7, "2012-06-30": -0.2, "2012-03-31": "-0.70000", "2011-12-31": 0, "2011-09-30": 0, "2011-06-30": 0, "2011-03-31": "", "2010-12-31": 0, "2010-09-30": 0, "2010-06-30": 0, "2010-03-31": "-0.80000", "2009-12-31": 28.9, "2009-09-30": 28.3, "2009-06-30": 29.3, "2009-03-31": "29.10000", "2008-12-31": 27.7, "2008-09-30": 28.4, "2008-06-30": 58.1, "2008-03-31": "-0.10000", "2007-12-31": 26, "2007-09-30": 11.4, "2007-06-30": 0, "2007-03-31": "11.40000", "2006-12-31": 15, "2006-09-30": 0, "2006-06-30": 0, "2006-03-31": ""}, "Cash Flow From Investing Activities": {"2020-09-30": -17, "2020-06-30": -19.1, "2020-03-31": "-147.30000", "2019-12-31": -121.2, "2019-09-30": -40.9, "2019-06-30": -37.1, "2019-03-31": "-40.70000", "2018-12-31": -99.7, "2018-09-30": -59, "2018-06-30": -61.1, "2018-03-31": "-48.00000", "2017-12-31": -134.5, "2017-09-30": -50.4, "2017-06-30": -47.3, "2017-03-31": "-40.60000", "2016-12-31": -97.2, "2016-09-30": -51.5, "2016-06-30": -54.3, "2016-03-31": "-50.40000", "2015-12-31": -142.7, "2015-09-30": -99.3, "2015-06-30": -75.1, "2015-03-31": "-40.30000", "2014-12-31": -106, "2014-09-30": -44.4, "2014-06-30": -36.3, "2014-03-31": "-52.90000", "2013-12-31": -76.2, "2013-09-30": -59.6, "2013-06-30": -54.4, "2013-03-31": "-78.00000", "2012-12-31": -85.4, "2012-09-30": -60, "2012-06-30": -49.8, "2012-03-31": "-53.60000", "2011-12-31": -85.4, "2011-09-30": -79.8, "2011-06-30": -42.8, "2011-03-31": "-41.20000", "2010-12-31": -104.9, "2010-09-30": -52.2, "2010-06-30": -61.3, "2010-03-31": "-70.00000", "2009-12-31": -41.1, "2009-09-30": -23, "2009-06-30": -23, "2009-03-31": "-25.30000", "2008-12-31": -31, "2008-09-30": -27.4, "2008-06-30": 4.4, "2008-03-31": "-65.80000", "2007-12-31": -37.2, "2007-09-30": -56.8, "2007-06-30": -70.1, "2007-03-31": "-75.00000", "2006-12-31": -107.9, "2006-09-30": -42.3, "2006-06-30": -229.6, "2006-03-31": "-93.80000"}, "Net Long-Term Debt": {"2020-09-30": -436.2, "2020-06-30": 1186.8, "2020-03-31": "-13.00000", "2019-12-31": -16.3, "2019-09-30": -6.2, "2019-06-30": -4.9, "2019-03-31": "247.40000", "2018-12-31": -1.8, "2018-09-30": -99.1, "2018-06-30": 845.8, "2018-03-31": "-7.90000", "2017-12-31": -13, "2017-09-30": -6.7, "2017-06-30": -14.9, "2017-03-31": "6.80000", "2016-12-31": -19.7, "2016-09-30": -93.3, "2016-06-30": 83.9, "2016-03-31": "-7.50000", "2015-12-31": -7.3, "2015-09-30": -11.8, "2015-06-30": -9.9, "2015-03-31": "-7.40000", "2014-12-31": -2.2, "2014-09-30": -2.7, "2014-06-30": -75.2, "2014-03-31": "63.30000", "2013-12-31": -2.4, "2013-09-30": -4, "2013-06-30": -1.4, "2013-03-31": "-2.60000", "2012-12-31": -3.7, "2012-09-30": -2.7, "2012-06-30": -14.5, "2012-03-31": "-2.50000", "2011-12-31": -2.7, "2011-09-30": -1.2, "2011-06-30": -1.9, "2011-03-31": "-2.20000", "2010-12-31": 298.4, "2010-09-30": -2.1, "2010-06-30": -3.9, "2010-03-31": "-2.00000", "2009-12-31": 5.1, "2009-09-30": 291.5, "2009-06-30": -2, "2009-03-31": "-1.90000", "2008-12-31": -2.5, "2008-09-30": -4.6, "2008-06-30": 4.7, "2008-03-31": "-3.20000", "2007-12-31": -10.3, "2007-09-30": -3.6, "2007-06-30": -6.1, "2007-03-31": "-4.70000", "2006-12-31": -113.8, "2006-09-30": -4.8, "2006-06-30": -3.6, "2006-03-31": "-1.80000"}, "Net Current Debt": {"2020-09-30": 0, "2020-06-30": -800, "2020-03-31": "", "2019-12-31": 800, "2019-09-30": 0, "2019-06-30": -100, "2019-03-31": "100.00000", "2018-12-31": 0, "2018-09-30": 0, "2018-06-30": 0, "2018-03-31": "", "2017-12-31": 0, "2017-09-30": 0, "2017-06-30": 0, "2017-03-31": "", "2016-12-31": 0, "2016-09-30": 0, "2016-06-30": 0, "2016-03-31": "", "2015-12-31": 0, "2015-09-30": 0, "2015-06-30": 0, "2015-03-31": "", "2014-12-31": 0, "2014-09-30": 0, "2014-06-30": 0, "2014-03-31": "", "2013-12-31": 0, "2013-09-30": 0, "2013-06-30": 0, "2013-03-31": "", "2012-12-31": 0, "2012-09-30": 0, "2012-06-30": 0, "2012-03-31": "", "2011-12-31": 0, "2011-09-30": 0, "2011-06-30": 0, "2011-03-31": "", "2010-12-31": -125, "2010-09-30": 125, "2010-06-30": 0, "2010-03-31": "", "2009-12-31": 0, "2009-09-30": -150, "2009-06-30": 75, "2009-03-31": "75.00000", "2008-12-31": 0, "2008-09-30": 0, "2008-06-30": -75, "2008-03-31": "75.00000", "2007-12-31": 0, "2007-09-30": 0, "2007-06-30": 0, "2007-03-31": "", "2006-12-31": 0, "2006-09-30": 0, "2006-06-30": 0, "2006-03-31": ""}, "Debt Issuance/Retirement Net - Total": {"2020-09-30": -436.2, "2020-06-30": 386.8, "2020-03-31": "-13.00000", "2019-12-31": 783.7, "2019-09-30": -6.2, "2019-06-30": -104.9, "2019-03-31": "347.40000", "2018-12-31": -1.8, "2018-09-30": -99.1, "2018-06-30": 845.8, "2018-03-31": "-7.90000", "2017-12-31": -13, "2017-09-30": -6.7, "2017-06-30": -14.9, "2017-03-31": "6.80000", "2016-12-31": -19.7, "2016-09-30": -93.3, "2016-06-30": 83.9, "2016-03-31": "-7.50000", "2015-12-31": -7.3, "2015-09-30": -11.8, "2015-06-30": -9.9, "2015-03-31": "-7.40000", "2014-12-31": -2.2, "2014-09-30": -2.7, "2014-06-30": -75.2, "2014-03-31": "63.30000", "2013-12-31": -2.4, "2013-09-30": -4, "2013-06-30": -1.4, "2013-03-31": "-2.60000", "2012-12-31": -3.7, "2012-09-30": -2.7, "2012-06-30": -14.5, "2012-03-31": "-2.50000", "2011-12-31": -2.7, "2011-09-30": -1.2, "2011-06-30": -1.9, "2011-03-31": "-2.20000", "2010-12-31": 173.4, "2010-09-30": 122.9, "2010-06-30": -3.9, "2010-03-31": "-2.00000", "2009-12-31": 5.1, "2009-09-30": 141.5, "2009-06-30": 73, "2009-03-31": "73.10000", "2008-12-31": -2.5, "2008-09-30": -4.6, "2008-06-30": -70.3, "2008-03-31": "71.80000", "2007-12-31": -10.3, "2007-09-30": -3.6, "2007-06-30": -6.1, "2007-03-31": "-4.70000", "2006-12-31": -113.8, "2006-09-30": -4.8, "2006-06-30": -3.6, "2006-03-31": "-1.80000"}, "Net Common Equity Issued/Repurchased": {"2020-09-30": 1.3, "2020-06-30": 1.4, "2020-03-31": "", "2019-12-31": 0.5, "2019-09-30": 0, "2019-06-30": 1.3, "2019-03-31": "-75.00000", "2018-12-31": 2.1, "2018-09-30": 0, "2018-06-30": -732, "2018-03-31": "-73.80000", "2017-12-31": -94.2, "2017-09-30": -194.5, "2017-06-30": -126.1, "2017-03-31": "-81.50000", "2016-12-31": 0, "2016-09-30": -332, "2016-06-30": -152.4, "2016-03-31": "-165.20000", "2015-12-31": -254.1, "2015-09-30": -45.9, "2015-06-30": 0, "2015-03-31": "", "2014-12-31": 0, "2014-09-30": -129.2, "2014-06-30": 0, "2014-03-31": "", "2013-12-31": 0, "2013-09-30": 0, "2013-06-30": 0, "2013-03-31": "", "2012-12-31": 0, "2012-09-30": 0, "2012-06-30": 0, "2012-03-31": "", "2011-12-31": 0, "2011-09-30": 0, "2011-06-30": 0, "2011-03-31": "", "2010-12-31": 0, "2010-09-30": 0, "2010-06-30": 0, "2010-03-31": "", "2009-12-31": 0, "2009-09-30": 0, "2009-06-30": 0, "2009-03-31": "", "2008-12-31": 0, "2008-09-30": 0, "2008-06-30": 0, "2008-03-31": "", "2007-12-31": 0, "2007-09-30": 0, "2007-06-30": -1, "2007-03-31": "", "2006-12-31": 249.3, "2006-09-30": 0.6, "2006-06-30": 0, "2006-03-31": "0.50000"}, "Net Total Equity Issued/Repurchased": {"2020-09-30": 1.3, "2020-06-30": 1.4, "2020-03-31": "", "2019-12-31": 0.5, "2019-09-30": 0, "2019-06-30": 1.3, "2019-03-31": "-75.00000", "2018-12-31": 2.1, "2018-09-30": 0, "2018-06-30": -732, "2018-03-31": "-73.80000", "2017-12-31": -94.2, "2017-09-30": -194.5, "2017-06-30": -126.1, "2017-03-31": "-81.50000", "2016-12-31": 0, "2016-09-30": -332, "2016-06-30": -152.4, "2016-03-31": "-165.20000", "2015-12-31": -254.1, "2015-09-30": -45.9, "2015-06-30": 0, "2015-03-31": "", "2014-12-31": 0, "2014-09-30": -129.2, "2014-06-30": 0, "2014-03-31": "", "2013-12-31": 0, "2013-09-30": 0, "2013-06-30": 0, "2013-03-31": "", "2012-12-31": 0, "2012-09-30": 0, "2012-06-30": 0, "2012-03-31": "", "2011-12-31": 0, "2011-09-30": 0, "2011-06-30": 0, "2011-03-31": "", "2010-12-31": 0, "2010-09-30": 0, "2010-06-30": 0, "2010-03-31": "", "2009-12-31": 0, "2009-09-30": 0, "2009-06-30": 0, "2009-03-31": "", "2008-12-31": 0, "2008-09-30": 0, "2008-06-30": 0, "2008-03-31": "", "2007-12-31": 0, "2007-09-30": 0, "2007-06-30": -1, "2007-03-31": "", "2006-12-31": 249.3, "2006-09-30": 0.6, "2006-06-30": 0, "2006-03-31": "0.50000"}, "Total Common And Preferred Stock Dividends Paid": {"2020-09-30": -1, "2020-06-30": -1, "2020-03-31": "-12.40000", "2019-12-31": -12.6, "2019-09-30": -12.4, "2019-06-30": -12.7, "2019-03-31": "-12.70000", "2018-12-31": -12.6, "2018-09-30": -12.6, "2018-06-30": -11.3, "2018-03-31": "-11.50000", "2017-12-31": -11.4, "2017-09-30": -11.7, "2017-06-30": -12, "2017-03-31": "-12.00000", "2016-12-31": 0, "2016-09-30": 0, "2016-06-30": 0, "2016-03-31": "", "2015-12-31": 0, "2015-09-30": 0, "2015-06-30": 0, "2015-03-31": "", "2014-12-31": 0, "2014-09-30": 0, "2014-06-30": 0, "2014-03-31": "", "2013-12-31": 0, "2013-09-30": 0, "2013-06-30": 0, "2013-03-31": "", "2012-12-31": 0, "2012-09-30": 0, "2012-06-30": 0, "2012-03-31": "", "2011-12-31": 0, "2011-09-30": 0, "2011-06-30": 0, "2011-03-31": "", "2010-12-31": 0, "2010-09-30": 0, "2010-06-30": 0, "2010-03-31": "", "2009-12-31": 0, "2009-09-30": 0, "2009-06-30": 0, "2009-03-31": "", "2008-12-31": 0, "2008-09-30": 0, "2008-06-30": 0, "2008-03-31": "", "2007-12-31": 0, "2007-09-30": 0, "2007-06-30": 0, "2007-03-31": "", "2006-12-31": 0, "2006-09-30": 0, "2006-06-30": 0, "2006-03-31": ""}, "Financial Activities - Other": {"2020-09-30": -3.2, "2020-06-30": -21.7, "2020-03-31": "-6.60000", "2019-12-31": -0.7, "2019-09-30": 0.5, "2019-06-30": -1.8, "2019-03-31": "-10.00000", "2018-12-31": -0.1, "2018-09-30": -6.4, "2018-06-30": -19.6, "2018-03-31": "-12.70000", "2017-12-31": -0.4, "2017-09-30": -0.7, "2017-06-30": -1.3, "2017-03-31": "-5.10000", "2016-12-31": 0, "2016-09-30": 81.9, "2016-06-30": -111.7, "2016-03-31": "-2.70000", "2015-12-31": 0, "2015-09-30": 0.1, "2015-06-30": -10.1, "2015-03-31": "-4.70000", "2014-12-31": 0.2, "2014-09-30": 129.3, "2014-06-30": -56.2, "2014-03-31": "-91.50000", "2013-12-31": 0.1, "2013-09-30": -4, "2013-06-30": 0.4, "2013-03-31": "", "2012-12-31": -1.1, "2012-09-30": 0.1, "2012-06-30": -10.3, "2012-03-31": "0.10000", "2011-12-31": 0.1, "2011-09-30": 0, "2011-06-30": 0.9, "2011-03-31": "0.30000", "2010-12-31": -17.7, "2010-09-30": 1.6, "2010-06-30": 3.1, "2010-03-31": "", "2009-12-31": -0.1, "2009-09-30": -6.9, "2009-06-30": -10.1, "2009-03-31": "0.50000", "2008-12-31": 14.3, "2008-09-30": 0.2, "2008-06-30": 1.4, "2008-03-31": "-6.80000", "2007-12-31": 1.1, "2007-09-30": -1.6, "2007-06-30": 31.9, "2007-03-31": "2.60000", "2006-12-31": 17.9, "2006-09-30": -3.4, "2006-06-30": 0, "2006-03-31": ""}, "Cash Flow From Financial Activities": {"2020-09-30": -439.1, "2020-06-30": 365.5, "2020-03-31": "-32.00000", "2019-12-31": 770.9, "2019-09-30": -18.1, "2019-06-30": -118.1, "2019-03-31": "249.70000", "2018-12-31": -12.4, "2018-09-30": -118.1, "2018-06-30": 82.9, "2018-03-31": "-105.90000", "2017-12-31": -119, "2017-09-30": -213.6, "2017-06-30": -154.3, "2017-03-31": "-91.80000", "2016-12-31": -19.7, "2016-09-30": -343.4, "2016-06-30": -180.2, "2016-03-31": "-175.40000", "2015-12-31": -261.4, "2015-09-30": -57.6, "2015-06-30": -20, "2015-03-31": "-12.10000", "2014-12-31": -2, "2014-09-30": -2.6, "2014-06-30": -131.4, "2014-03-31": "-28.20000", "2013-12-31": -2.3, "2013-09-30": -8, "2013-06-30": -1, "2013-03-31": "-2.60000", "2012-12-31": -4.8, "2012-09-30": -2.6, "2012-06-30": -24.8, "2012-03-31": "-2.40000", "2011-12-31": -2.6, "2011-09-30": -1.2, "2011-06-30": -1, "2011-03-31": "-1.90000", "2010-12-31": 155.7, "2010-09-30": 124.5, "2010-06-30": -0.8, "2010-03-31": "-2.00000", "2009-12-31": 5, "2009-09-30": 134.6, "2009-06-30": 62.9, "2009-03-31": "73.60000", "2008-12-31": 11.8, "2008-09-30": -4.4, "2008-06-30": -68.9, "2008-03-31": "65.00000", "2007-12-31": -9.2, "2007-09-30": -5.2, "2007-06-30": 24.8, "2007-03-31": "-2.10000", "2006-12-31": 153.4, "2006-09-30": -7.6, "2006-06-30": -3.6, "2006-03-31": "-1.30000"}, "Net Cash Flow": {"2020-09-30": -504.8, "2020-06-30": 116.5, "2020-03-31": "-516.80000", "2019-12-31": 873.2, "2019-09-30": 175.9, "2019-06-30": 73.1, "2019-03-31": "450.90000", "2018-12-31": 90.2, "2018-09-30": -6.9, "2018-06-30": 252.6, "2018-03-31": "12.70000", "2017-12-31": -304.4, "2017-09-30": 28.6, "2017-06-30": 23.6, "2017-03-31": "-20.00000", "2016-12-31": 27.3, "2016-09-30": -130.1, "2016-06-30": -22.4, "2016-03-31": "-134.40000", "2015-12-31": -85.4, "2015-09-30": 84, "2015-06-30": 209.2, "2015-03-31": "371.60000", "2014-12-31": -74.9, "2014-09-30": 71.2, "2014-06-30": -0.5, "2014-03-31": "-38.60000", "2013-12-31": -14.9, "2013-09-30": 118.6, "2013-06-30": 3.9, "2013-03-31": "-127.60000", "2012-12-31": 219, "2012-09-30": 41.6, "2012-06-30": 46, "2012-03-31": "-43.70000", "2011-12-31": 39.5, "2011-09-30": -15.8, "2011-06-30": -156.8, "2011-03-31": "-170.70000", "2010-12-31": 415.3, "2010-09-30": -51.3, "2010-06-30": -69, "2010-03-31": "-182.40000", "2009-12-31": 162.3, "2009-09-30": 117.8, "2009-06-30": -26.7, "2009-03-31": "-100.90000", "2008-12-31": 38.8, "2008-09-30": 30.3, "2008-06-30": -56, "2008-03-31": "70.00000", "2007-12-31": 28, "2007-09-30": -21.6, "2007-06-30": -30.3, "2007-03-31": "-27.00000", "2006-12-31": -4.7, "2006-09-30": 63.3, "2006-06-30": -110.5, "2006-03-31": "-5.10000"}, "Stock-Based Compensation": {"2020-09-30": 6.3, "2020-06-30": 1, "2020-03-31": "9.80000", "2019-12-31": 13.5, "2019-09-30": 7.5, "2019-06-30": 7.4, "2019-03-31": "7.70000", "2018-12-31": 7.5, "2018-09-30": 6.3, "2018-06-30": 6.5, "2018-03-31": "7.10000", "2017-12-31": 6.2, "2017-09-30": 4.9, "2017-06-30": 3, "2017-03-31": "8.00000", "2016-12-31": 6.8, "2016-09-30": 6.8, "2016-06-30": 23.6, "2016-03-31": "5.30000", "2015-12-31": 7, "2015-09-30": 7.1, "2015-06-30": 5, "2015-03-31": "6.90000", "2014-12-31": 3.7, "2014-09-30": 4.7, "2014-06-30": 4.3, "2014-03-31": "3.70000", "2013-12-31": 3.9, "2013-09-30": 3.7, "2013-06-30": 8.3, "2013-03-31": "3.70000", "2012-12-31": 3.3, "2012-09-30": 3.4, "2012-06-30": 4.6, "2012-03-31": "4.00000", "2011-12-31": 2.6, "2011-09-30": 3.4, "2011-06-30": 3, "2011-03-31": "2.20000", "2010-12-31": 5.3, "2010-09-30": 1.9, "2010-06-30": 19.3, "2010-03-31": "2.30000", "2009-12-31": 3.4, "2009-09-30": 0.7, "2009-06-30": 3.2, "2009-03-31": "2.80000", "2008-12-31": 4.1, "2008-09-30": 4.1, "2008-06-30": 3.8, "2008-03-31": "3.70000", "2007-12-31": 6.2, "2007-09-30": 5.8, "2007-06-30": 14.4, "2007-03-31": "6.60000", "2006-12-31": 141.5, "2006-09-30": 14.5, "2006-06-30": 12.9, "2006-03-31": "13.40000"}, "Common Stock Dividends Paid": {"2020-09-30": -1, "2020-06-30": -1, "2020-03-31": "-12.40000", "2019-12-31": -12.6, "2019-09-30": -12.4, "2019-06-30": -12.7, "2019-03-31": "-12.70000", "2018-12-31": -12.6, "2018-09-30": -12.6, "2018-06-30": -11.3, "2018-03-31": "-11.50000", "2017-12-31": -11.4, "2017-09-30": -11.7, "2017-06-30": -12, "2017-03-31": "-12.00000", "2016-12-31": 0, "2016-09-30": 0, "2016-06-30": 0, "2016-03-31": "", "2015-12-31": 0, "2015-09-30": 0, "2015-06-30": 0, "2015-03-31": "", "2014-12-31": 0, "2014-09-30": 0, "2014-06-30": 0, "2014-03-31": "", "2013-12-31": 0, "2013-09-30": 0, "2013-06-30": 0, "2013-03-31": "", "2012-12-31": 0, "2012-09-30": 0, "2012-06-30": 0, "2012-03-31": "", "2011-12-31": 0, "2011-09-30": 0, "2011-06-30": 0, "2011-03-31": "", "2010-12-31": 0, "2010-09-30": 0, "2010-06-30": 0, "2010-03-31": "", "2009-12-31": 0, "2009-09-30": 0, "2009-06-30": 0, "2009-03-31": "", "2008-12-31": 0, "2008-09-30": 0, "2008-06-30": 0, "2008-03-31": "", "2007-12-31": 0, "2007-09-30": 0, "2007-06-30": 0, "2007-03-31": "", "2006-12-31": 0, "2006-09-30": 0, "2006-06-30": 0, "2006-03-31": ""}}, "financial ratios": {"Current Ratio": {"2019-12-31": "2.63700", "2018-12-31": "1.80100", "2017-12-31": "1.63550", "2016-12-31": "1.88470", "2015-12-31": "2.26230", "2014-12-31": "2.42460", "2013-12-31": "2.20440", "2012-12-31": "3.14470", "2011-12-31": "3.45460", "2010-12-31": "2.83030", "2009-12-31": "2.90460", "2008-12-31": "3.27360", "2007-12-31": "2.73010", "2006-12-31": "2.49340", "2005-12-31": "2.76760"}, "Long-term Debt / Capital": {"2019-12-31": "0.62880", "2018-12-31": "0.60090", "2017-12-31": "0.38330", "2016-12-31": "0.35470", "2015-12-31": "0.33860", "2014-12-31": "0.41360", "2013-12-31": "0.43720", "2012-12-31": "0.36860", "2011-12-31": "0.36960", "2010-12-31": "0.39600", "2009-12-31": "0.35990", "2008-12-31": "0.30930", "2007-12-31": "0.31370", "2006-12-31": "0.40890", "2005-12-31": "0.68550"}, "Debt/Equity Ratio": {"2019-12-31": "1.72220", "2018-12-31": "1.53090", "2017-12-31": "0.63890", "2016-12-31": "0.56340", "2015-12-31": "0.52840", "2014-12-31": "0.71120", "2013-12-31": "0.78820", "2012-12-31": "0.58900", "2011-12-31": "0.61120", "2010-12-31": "0.66090", "2009-12-31": "0.56790", "2008-12-31": "0.45320", "2007-12-31": "0.46980", "2006-12-31": "0.71970", "2005-12-31": "2.21490"}, "Gross Margin": {"2019-12-31": "13.69310", "2018-12-31": "15.03880", "2017-12-31": "11.28030", "2016-12-31": "14.61230", "2015-12-31": "16.73110", "2014-12-31": "16.00480", "2013-12-31": "-1.65240", "2012-12-31": "2.82340", "2011-12-31": "11.34300", "2010-12-31": "13.52940", "2009-12-31": "12.18830", "2008-12-31": "16.13550", "2007-12-31": "17.18820", "2006-12-31": "8.52320", "2005-12-31": "12.52070"}, "Operating Margin": {"2019-12-31": "9.67560", "2018-12-31": "11.67540", "2017-12-31": "7.61710", "2016-12-31": "10.68470", "2015-12-31": "12.98940", "2014-12-31": "5.20650", "2013-12-31": "-6.11140", "2012-12-31": "1.71000", "2011-12-31": "7.32140", "2010-12-31": "8.55620", "2009-12-31": "7.43660", "2008-12-31": "10.75610", "2007-12-31": "10.85790", "2006-12-31": "-1.75520", "2005-12-31": "-5.61440"}, "EBIT Margin": {"2019-12-31": "9.67560", "2018-12-31": "11.67540", "2017-12-31": "7.61710", "2016-12-31": "10.68470", "2015-12-31": "12.98940", "2014-12-31": "5.20650", "2013-12-31": "-6.11140", "2012-12-31": "1.71000", "2011-12-31": "7.32140", "2010-12-31": "8.55620", "2009-12-31": "7.43660", "2008-12-31": "10.75610", "2007-12-31": "10.85790", "2006-12-31": "-1.75520", "2005-12-31": "-5.61440"}, "EBITDA Margin": {"2019-12-31": "12.92110", "2018-12-31": "15.12190", "2017-12-31": "10.73460", "2016-12-31": "14.04260", "2015-12-31": "15.81900", "2014-12-31": "8.13770", "2013-12-31": "-3.29310", "2012-12-31": "4.87430", "2011-12-31": "10.19370", "2010-12-31": "11.62400", "2009-12-31": "10.56270", "2008-12-31": "13.82100", "2007-12-31": "13.03100", "2006-12-31": "-0.42090", "2005-12-31": "-3.77610"}, "Pre-Tax Profit Margin": {"2019-12-31": "8.43310", "2018-12-31": "10.47080", "2017-12-31": "7.65570", "2016-12-31": "9.72340", "2015-12-31": "12.16300", "2014-12-31": "3.85930", "2013-12-31": "-7.22700", "2012-12-31": "0.21120", "2011-12-31": "5.76300", "2010-12-31": "7.13740", "2009-12-31": "6.68870", "2008-12-31": "10.17820", "2007-12-31": "10.87340", "2006-12-31": "-2.22900", "2005-12-31": "-6.34320"}, "Net Profit Margin": {"2019-12-31": "6.74160", "2018-12-31": "8.54330", "2017-12-31": "5.08230", "2016-12-31": "6.91460", "2015-12-31": "11.87100", "2014-12-31": "5.27710", "2013-12-31": "-10.42440", "2012-12-31": "0.63730", "2011-12-31": "3.89000", "2010-12-31": "5.24640", "2009-12-31": "4.70030", "2008-12-31": "7.03640", "2007-12-31": "7.69010", "2006-12-31": "0.52370", "2005-12-31": "-7.47760"}, "Asset Turnover": {"2019-12-31": "1.03380", "2018-12-31": "1.27020", "2017-12-31": "1.32560", "2016-12-31": "1.25670", "2015-12-31": "1.15260", "2014-12-31": "1.31700", "2013-12-31": "1.16720", "2012-12-31": "0.99680", "2011-12-31": "0.96460", "2010-12-31": "0.81780", "2009-12-31": "0.91160", "2008-12-31": "1.00310", "2007-12-31": "1.15600", "2006-12-31": "1.17830", "2005-12-31": "0.72900"}, "Inventory Turnover Ratio": {"2019-12-31": "6.06580", "2018-12-31": "6.05960", "2017-12-31": "4.27290", "2016-12-31": "3.82780", "2015-12-31": "3.11780", "2014-12-31": "3.25780", "2013-12-31": "3.28860", "2012-12-31": "2.17580", "2011-12-31": "1.63900", "2010-12-31": "1.43860", "2009-12-31": "1.62280", "2008-12-31": "1.68080", "2007-12-31": "2.38140", "2006-12-31": "3.32610", "2005-12-31": "2.06850"}, "Receiveable Turnover": {"2019-12-31": "14.39070", "2018-12-31": "13.24900", "2017-12-31": "9.66910", "2016-12-31": "10.28450", "2015-12-31": "12.37230", "2014-12-31": "11.22720", "2013-12-31": "10.82240", "2012-12-31": "12.83030", "2011-12-31": "18.20280", "2010-12-31": "20.84120", "2009-12-31": "19.80820", "2008-12-31": "14.39620", "2007-12-31": "13.83800", "2006-12-31": "12.10910", "2005-12-31": "12.22270"}, "Days Sales In Receivables": {"2019-12-31": "25.36350", "2018-12-31": "27.54940", "2017-12-31": "37.74930", "2016-12-31": "35.49040", "2015-12-31": "29.50150", "2014-12-31": "32.51030", "2013-12-31": "33.72620", "2012-12-31": "28.44830", "2011-12-31": "20.05180", "2010-12-31": "17.51340", "2009-12-31": "18.42680", "2008-12-31": "25.35390", "2007-12-31": "26.37670", "2006-12-31": "30.14260", "2005-12-31": "29.86250"}, "ROE - Return On Equity": {"2019-12-31": "30.08680", "2018-12-31": "49.83440", "2017-12-31": "19.70030", "2016-12-31": "24.35190", "2015-12-31": "37.20280", "2014-12-31": "22.12080", "2013-12-31": "-41.95810", "2012-12-31": "1.74270", "2011-12-31": "9.79280", "2010-12-31": "12.08790", "2009-12-31": "12.18070", "2008-12-31": "20.45470", "2007-12-31": "23.44070", "2006-12-31": "1.95580", "2005-12-31": "-27.71640"}, "Return On Tangible Equity": {"2019-12-31": "30.08680", "2018-12-31": "49.83440", "2017-12-31": "19.70030", "2016-12-31": "24.35190", "2015-12-31": "37.20280", "2014-12-31": "22.12080", "2013-12-31": "-41.95810", "2012-12-31": "1.74270", "2011-12-31": "9.79280", "2010-12-31": "12.08790", "2009-12-31": "12.18070", "2008-12-31": "20.45470", "2007-12-31": "23.44070", "2006-12-31": "1.95580", "2005-12-31": "-27.71640"}, "ROA - Return On Assets": {"2019-12-31": "6.96950", "2018-12-31": "10.85140", "2017-12-31": "6.73720", "2016-12-31": "8.68980", "2015-12-31": "13.68200", "2014-12-31": "6.94990", "2013-12-31": "-12.16710", "2012-12-31": "0.64260", "2011-12-31": "3.81560", "2010-12-31": "4.29050", "2009-12-31": "4.28490", "2008-12-31": "7.05790", "2007-12-31": "8.88950", "2006-12-31": "0.61710", "2005-12-31": "-5.45090"}, "ROI - Return On Investment": {"2019-12-31": "11.16940", "2018-12-31": "19.88980", "2017-12-31": "12.14830", "2016-12-31": "15.71530", "2015-12-31": "24.60610", "2014-12-31": "12.97130", "2013-12-31": "-23.61390", "2012-12-31": "1.10030", "2011-12-31": "6.17320", "2010-12-31": "7.30100", "2009-12-31": "7.79740", "2008-12-31": "14.12910", "2007-12-31": "16.08690", "2006-12-31": "1.15600", "2005-12-31": "-8.71790"}, "Book Value Per Share": {"2019-12-31": "16.79890", "2018-12-31": "11.73980", "2017-12-31": "15.74080", "2016-12-31": "15.85620", "2015-12-31": "15.63210", "2014-12-31": "11.49630", "2013-12-31": "10.51860", "2012-12-31": "13.89660", "2011-12-31": "13.75210", "2010-12-31": "12.74400", "2009-12-31": "11.18260", "2008-12-31": "9.27520", "2007-12-31": "9.07830", "2006-12-31": "6.37730", "2005-12-31": "2.65590"}, "Operating Cash Flow Per Share": {"2019-12-31": 1.756, "2018-12-31": 2.1908, "2017-12-31": -0.7789, "2016-12-31": -3.6069, "2015-12-31": 6.6981, "2014-12-31": 0.7094, "2013-12-31": -1.9707, "2012-12-31": 4.1474, "2011-12-31": -1.2196, "2010-12-31": 0.9866, "2009-12-31": -1.612, "2008-12-31": 0.2197, "2007-12-31": -0.9497, "2006-12-31": 0.2708, "2005-12-31": 1.9718}, "Free Cash Flow Per Share": {"2019-12-31": 1.9947, "2018-12-31": 2.0492, "2017-12-31": -1.0966, "2016-12-31": -3.0383, "2015-12-31": 5.6858, "2014-12-31": 1.0821, "2013-12-31": -2.1613, "2012-12-31": 4.1649, "2011-12-31": -0.9311, "2010-12-31": 0.5778, "2009-12-31": -1.5638, "2008-12-31": 0.6074, "2007-12-31": -0.2059, "2006-12-31": -1.2658, "2005-12-31": 0.6978}}, "financial ratios, quarterly": {"Current Ratio": {"2020-09-30": "2.41120", "2020-06-30": "2.70720", "2020-03-31": "2.80740", "2019-12-31": "2.63700", "2019-09-30": "2.05750", "2019-06-30": "1.95780", "2019-03-31": "1.95150", "2018-12-31": "1.80100", "2018-09-30": "1.57180", "2018-06-30": "1.52420", "2018-03-31": "1.52990", "2017-12-31": "1.63550", "2017-09-30": "1.55580", "2017-06-30": "1.60950", "2017-03-31": "1.87190", "2016-12-31": "1.88470", "2016-09-30": "1.91860", "2016-06-30": "2.02000", "2016-03-31": "2.17200", "2015-12-31": "2.26230", "2015-09-30": "2.38650", "2015-06-30": "2.53250", "2015-03-31": "2.57450", "2014-12-31": "2.42460", "2014-09-30": "2.48990", "2014-06-30": "2.45970", "2014-03-31": "2.34800", "2013-12-31": "2.20440", "2013-09-30": "2.61270", "2013-06-30": "2.71940", "2013-03-31": "3.06150", "2012-12-31": "3.14470", "2012-09-30": "3.22080", "2012-06-30": "3.47490", "2012-03-31": "3.67700", "2011-12-31": "3.45460", "2011-09-30": "3.81530", "2011-06-30": "3.98710", "2011-03-31": "2.93910", "2010-12-31": "2.83030", "2010-09-30": "3.16880", "2010-06-30": "2.87690", "2010-03-31": "2.88440", "2009-12-31": "2.90460", "2009-09-30": "3.16860", "2009-06-30": "2.94530", "2009-03-31": "2.93640", "2008-12-31": "3.27360", "2008-09-30": "2.73220", "2008-06-30": "2.79540", "2008-03-31": "2.53530", "2007-12-31": "2.73010", "2007-09-30": "2.65610", "2007-06-30": "2.58080", "2007-03-31": "2.54150", "2006-12-31": "2.49340", "2006-09-30": "", "2006-06-30": "", "2006-03-31": ""}, "Long-term Debt / Capital": {"2020-09-30": "0.69410", "2020-06-30": "0.70610", "2020-03-31": "0.67160", "2019-12-31": "0.62880", "2019-09-30": "0.56870", "2019-06-30": "0.59000", "2019-03-31": "0.62640", "2018-12-31": "0.60090", "2018-09-30": "0.62610", "2018-06-30": "0.66060", "2018-03-31": "0.41430", "2017-12-31": "0.38330", "2017-09-30": "0.37620", "2017-06-30": "0.36920", "2017-03-31": "0.34900", "2016-12-31": "0.35470", "2016-09-30": "0.37190", "2016-06-30": "0.34900", "2016-03-31": "0.33810", "2015-12-31": "0.33860", "2015-09-30": "0.33190", "2015-06-30": "0.36200", "2015-03-31": "0.38330", "2014-12-31": "0.41360", "2014-09-30": "0.38730", "2014-06-30": "0.40900", "2014-03-31": "0.41310", "2013-12-31": "0.43720", "2013-09-30": "0.36900", "2013-06-30": "0.38260", "2013-03-31": "0.35950", "2012-12-31": "0.36860", "2012-09-30": "0.37330", "2012-06-30": "0.35910", "2012-03-31": "0.36000", "2011-12-31": "0.36960", "2011-09-30": "0.37830", "2011-06-30": "0.38520", "2011-03-31": "0.38980", "2010-12-31": "0.39600", "2010-09-30": "0.36580", "2010-06-30": "0.34280", "2010-03-31": "0.35360", "2009-12-31": "0.35990", "2009-09-30": "0.37590", "2009-06-30": "0.34680", "2009-03-31": "0.32490", "2008-12-31": "0.30930", "2008-09-30": "0.27900", "2008-06-30": "0.28880", "2008-03-31": "0.32590", "2007-12-31": "0.31370", "2007-09-30": "0.33820", "2007-06-30": "0.35680", "2007-03-31": "0.38690", "2006-12-31": "0.40890", "2006-09-30": "", "2006-06-30": "", "2006-03-31": ""}, "Debt/Equity Ratio": {"2020-09-30": "2.55500", "2020-06-30": "2.68090", "2020-03-31": "2.08110", "2019-12-31": "1.72220", "2019-09-30": "1.34190", "2019-06-30": "1.46160", "2019-03-31": "1.70110", "2018-12-31": "1.53090", "2018-09-30": "1.69720", "2018-06-30": "2.08080", "2018-03-31": "0.72710", "2017-12-31": "0.63890", "2017-09-30": "0.61880", "2017-06-30": "0.60010", "2017-03-31": "0.54950", "2016-12-31": "0.56340", "2016-09-30": "0.61090", "2016-06-30": "0.59950", "2016-03-31": "0.53110", "2015-12-31": "0.52840", "2015-09-30": "0.51280", "2015-06-30": "0.58800", "2015-03-31": "0.63830", "2014-12-31": "0.71120", "2014-09-30": "0.63730", "2014-06-30": "0.69810", "2014-03-31": "0.75360", "2013-12-31": "0.78820", "2013-09-30": "0.59320", "2013-06-30": "0.62750", "2013-03-31": "0.56620", "2012-12-31": "0.58900", "2012-09-30": "0.60110", "2012-06-30": "0.56530", "2012-03-31": "0.58310", "2011-12-31": "0.61120", "2011-09-30": "0.61590", "2011-06-30": "0.63170", "2011-03-31": "0.64400", "2010-12-31": "0.66090", "2010-09-30": "0.58120", "2010-06-30": "0.52550", "2010-03-31": "0.55250", "2009-12-31": "0.56790", "2009-09-30": "0.60690", "2009-06-30": "0.53550", "2009-03-31": "0.48610", "2008-12-31": "0.45320", "2008-09-30": "0.39240", "2008-06-30": "0.41230", "2008-03-31": "0.49330", "2007-12-31": "0.46980", "2007-09-30": "0.53100", "2007-06-30": "0.57720", "2007-03-31": "0.65770", "2006-12-31": "0.71970", "2006-09-30": "", "2006-06-30": "", "2006-03-31": ""}, "Gross Margin": {"2020-09-30": "-12.04270", "2020-06-30": "-43.51540", "2020-03-31": "-3.26740", "2019-12-31": "10.30980", "2019-09-30": "14.18300", "2019-06-30": "14.52810", "2019-03-31": "15.72820", "2018-12-31": "16.38420", "2018-09-30": "14.91980", "2018-06-30": "15.77110", "2018-03-31": "12.96580", "2017-12-31": "16.45280", "2017-09-30": "14.96400", "2017-06-30": "-1.59360", "2017-03-31": "16.12070", "2016-12-31": "15.29300", "2016-09-30": "15.89340", "2016-06-30": "8.62890", "2016-03-31": "19.18410", "2015-12-31": "17.04360", "2015-09-30": "15.85090", "2015-06-30": "17.11900", "2015-03-31": "16.86950", "2014-12-31": "17.44160", "2014-09-30": "16.24340", "2014-06-30": "15.38290", "2014-03-31": "15.11140", "2013-12-31": "-16.68900", "2013-09-30": "7.66780", "2013-06-30": "-11.14620", "2013-03-31": "14.22130", "2012-12-31": "12.26860", "2012-09-30": "-27.93530", "2012-06-30": "13.73600", "2012-03-31": "13.80160", "2011-12-31": "12.50310", "2011-09-30": "14.75610", "2011-06-30": "7.57370", "2011-03-31": "11.58540", "2010-12-31": "14.22840", "2010-09-30": "13.32340", "2010-06-30": "12.91670", "2010-03-31": "13.62980", "2009-12-31": "12.38750", "2009-09-30": "16.65400", "2009-06-30": "3.58630", "2009-03-31": "16.91460", "2008-12-31": "12.22720", "2008-09-30": "15.85860", "2008-06-30": "17.66310", "2008-03-31": "17.28100", "2007-12-31": "17.48270", "2007-09-30": "16.82690", "2007-06-30": "17.74090", "2007-03-31": "16.69640", "2006-12-31": "100.00000", "2006-09-30": "18.31990", "2006-06-30": "16.29650", "2006-03-31": "20.54260"}, "Operating Margin": {"2020-09-30": "-21.93970", "2020-06-30": "-56.93450", "2020-03-31": "-15.54810", "2019-12-31": "4.88440", "2019-09-30": "10.73490", "2019-06-30": "11.20980", "2019-03-31": "11.84060", "2018-12-31": "13.27300", "2018-09-30": "12.26770", "2018-06-30": "11.84610", "2018-03-31": "9.18730", "2017-12-31": "12.67350", "2017-09-30": "11.57190", "2017-06-30": "-5.04350", "2017-03-31": "12.06540", "2016-12-31": "10.29300", "2016-09-30": "12.52780", "2016-06-30": "4.55220", "2016-03-31": "15.84800", "2015-12-31": "12.78740", "2015-09-30": "12.02310", "2015-06-30": "13.55740", "2015-03-31": "13.50590", "2014-12-31": "-17.33360", "2014-09-30": "12.77610", "2014-06-30": "11.98910", "2014-03-31": "11.24670", "2013-12-31": "-21.46680", "2013-09-30": "3.35840", "2013-06-30": "-15.68360", "2013-03-31": "10.01940", "2012-12-31": "6.87430", "2012-09-30": "-15.41790", "2012-06-30": "6.15210", "2012-03-31": "9.66190", "2011-12-31": "8.40100", "2011-09-30": "10.66650", "2011-06-30": "4.33950", "2011-03-31": "6.63110", "2010-12-31": "8.95340", "2010-09-30": "8.22360", "2010-06-30": "8.11550", "2010-03-31": "8.91400", "2009-12-31": "7.87790", "2009-09-30": "12.43120", "2009-06-30": "-0.98150", "2009-03-31": "11.02100", "2008-12-31": "4.36470", "2008-09-30": "10.82550", "2008-06-30": "12.81420", "2008-03-31": "12.56270", "2007-12-31": "10.88330", "2007-09-30": "11.01810", "2007-06-30": "10.64870", "2007-03-31": "10.87940", "2006-12-31": "-28.19250", "2006-09-30": "9.34070", "2006-06-30": "6.54670", "2006-03-31": "7.54320"}, "EBIT Margin": {"2020-09-30": "-21.93970", "2020-06-30": "-56.93450", "2020-03-31": "-15.54810", "2019-12-31": "4.88440", "2019-09-30": "10.73490", "2019-06-30": "11.20980", "2019-03-31": "11.84060", "2018-12-31": "13.27310", "2018-09-30": "12.26770", "2018-06-30": "11.84610", "2018-03-31": "9.18730", "2017-12-31": "12.67350", "2017-09-30": "11.57190", "2017-06-30": "-5.04350", "2017-03-31": "12.06540", "2016-12-31": "10.29300", "2016-09-30": "12.52780", "2016-06-30": "4.55220", "2016-03-31": "15.84800", "2015-12-31": "12.78740", "2015-09-30": "12.02310", "2015-06-30": "13.55740", "2015-03-31": "13.50590", "2014-12-31": "-17.33360", "2014-09-30": "12.77610", "2014-06-30": "11.98910", "2014-03-31": "11.24670", "2013-12-31": "-21.46680", "2013-09-30": "3.35840", "2013-06-30": "-15.68360", "2013-03-31": "10.01940", "2012-12-31": "6.87430", "2012-09-30": "-15.41790", "2012-06-30": "6.15210", "2012-03-31": "9.66190", "2011-12-31": "8.40100", "2011-09-30": "10.66650", "2011-06-30": "4.33950", "2011-03-31": "6.63110", "2010-12-31": "8.95340", "2010-09-30": "8.22360", "2010-06-30": "8.11550", "2010-03-31": "8.91400", "2009-12-31": "7.87790", "2009-09-30": "12.43120", "2009-06-30": "-0.98150", "2009-03-31": "11.02100", "2008-12-31": "4.36470", "2008-09-30": "10.82550", "2008-06-30": "12.81420", "2008-03-31": "12.56270", "2007-12-31": "10.88330", "2007-09-30": "11.01810", "2007-06-30": "10.64870", "2007-03-31": "10.87940", "2006-12-31": "100.00000", "2006-09-30": "9.34070", "2006-06-30": "6.54670", "2006-03-31": "7.54320"}, "EBITDA Margin": {"2020-09-30": "", "2020-06-30": "", "2020-03-31": "", "2019-12-31": "", "2019-09-30": "", "2019-06-30": "", "2019-03-31": "", "2018-12-31": "", "2018-09-30": "", "2018-06-30": "", "2018-03-31": "", "2017-12-31": "", "2017-09-30": "", "2017-06-30": "", "2017-03-31": "", "2016-12-31": "", "2016-09-30": "", "2016-06-30": "", "2016-03-31": "", "2015-12-31": "", "2015-09-30": "", "2015-06-30": "", "2015-03-31": "", "2014-12-31": "", "2014-09-30": "", "2014-06-30": "", "2014-03-31": "", "2013-12-31": "", "2013-09-30": "", "2013-06-30": "", "2013-03-31": "", "2012-12-31": "", "2012-09-30": "", "2012-06-30": "", "2012-03-31": "", "2011-12-31": "", "2011-09-30": "", "2011-06-30": "", "2011-03-31": "", "2010-12-31": "", "2010-09-30": "", "2010-06-30": "", "2010-03-31": "", "2009-12-31": "", "2009-09-30": "", "2009-06-30": "", "2009-03-31": "", "2008-12-31": "", "2008-09-30": "", "2008-06-30": "", "2008-03-31": "", "2007-12-31": "", "2007-09-30": "", "2007-06-30": "", "2007-03-31": "", "2006-12-31": "", "2006-09-30": "", "2006-06-30": "", "2006-03-31": ""}, "Pre-Tax Profit Margin": {"2020-09-30": "-29.75320", "2020-06-30": "-65.46700", "2020-03-31": "-23.08550", "2019-12-31": "3.87890", "2019-09-30": "9.01090", "2019-06-30": "10.46080", "2019-03-31": "10.32630", "2018-12-31": "11.86180", "2018-09-30": "11.34150", "2018-06-30": "9.82630", "2018-03-31": "8.77250", "2017-12-31": "12.70850", "2017-09-30": "11.60620", "2017-06-30": "-5.02710", "2017-03-31": "12.13620", "2016-12-31": "9.71340", "2016-09-30": "11.79740", "2016-06-30": "2.90730", "2016-03-31": "15.03930", "2015-12-31": "12.01690", "2015-09-30": "11.13200", "2015-06-30": "13.32200", "2015-03-31": "12.11110", "2014-12-31": "-18.48960", "2014-09-30": "11.33490", "2014-06-30": "11.16290", "2014-03-31": "9.27390", "2013-12-31": "-22.37020", "2013-09-30": "2.72000", "2013-06-30": "-16.73570", "2013-03-31": "8.11950", "2012-12-31": "5.34510", "2012-09-30": "-16.30410", "2012-06-30": "3.75090", "2012-03-31": "8.49270", "2011-12-31": "7.21960", "2011-09-30": "8.84310", "2011-06-30": "2.87250", "2011-03-31": "4.79230", "2010-12-31": "7.22620", "2010-09-30": "7.19560", "2010-06-30": "7.07390", "2010-03-31": "7.05450", "2009-12-31": "6.69020", "2009-09-30": "11.56770", "2009-06-30": "-1.32130", "2009-03-31": "10.45750", "2008-12-31": "3.08000", "2008-09-30": "10.22200", "2008-06-30": "12.31520", "2008-03-31": "12.36970", "2007-12-31": "10.95470", "2007-09-30": "10.97670", "2007-06-30": "10.59660", "2007-03-31": "10.96320", "2006-12-31": "100.00000", "2006-09-30": "8.82250", "2006-06-30": "6.16090", "2006-03-31": "7.14070"}, "Net Profit Margin": {"2020-09-30": "-19.28560", "2020-06-30": "-39.69900", "2020-03-31": "-15.13040", "2019-12-31": "3.45530", "2019-09-30": "6.83890", "2019-06-30": "8.33290", "2019-03-31": "8.28840", "2018-12-31": "9.67690", "2018-09-30": "9.30690", "2018-06-30": "7.90460", "2018-03-31": "7.22310", "2017-12-31": "7.16200", "2017-09-30": "8.42010", "2017-06-30": "-3.11050", "2017-03-31": "8.36430", "2016-12-31": "6.89810", "2016-09-30": "8.47840", "2016-06-30": "2.44820", "2016-03-31": "10.19860", "2015-12-31": "8.61190", "2015-09-30": "19.67870", "2015-06-30": "9.11290", "2015-03-31": "10.42930", "2014-12-31": "-6.61840", "2014-09-30": "9.92320", "2014-06-30": "7.90770", "2014-03-31": "8.81690", "2013-12-31": "-39.27330", "2013-09-30": "6.23130", "2013-06-30": "-13.77000", "2013-03-31": "5.63030", "2012-12-31": "4.22980", "2012-09-30": "-9.84400", "2012-06-30": "2.60250", "2012-03-31": "5.81450", "2011-12-31": "4.69280", "2011-09-30": "5.95730", "2011-06-30": "2.05380", "2011-03-31": "3.29650", "2010-12-31": "5.77910", "2010-09-30": "4.63070", "2010-06-30": "5.21780", "2010-03-31": "5.31970", "2009-12-31": "4.63950", "2009-09-30": "8.28430", "2009-06-30": "-0.78330", "2009-03-31": "7.06560", "2008-12-31": "3.06450", "2008-09-30": "7.20410", "2008-06-30": "8.13480", "2008-03-31": "8.22080", "2007-12-31": "7.70090", "2007-09-30": "8.64080", "2007-06-30": "7.09220", "2007-03-31": "7.31580", "2006-12-31": "-8.09860", "2006-09-30": "4.09790", "2006-06-30": "3.47210", "2006-03-31": "3.35420"}, "Asset Turnover": {"2020-09-30": "0.12210", "2020-06-30": "0.09150", "2020-03-31": "0.15390", "2019-12-31": "0.25760", "2019-09-30": "0.28650", "2019-06-30": "0.31770", "2019-03-31": "0.31250", "2018-12-31": "0.32280", "2018-09-30": "0.31920", "2018-06-30": "0.32730", "2018-03-31": "0.32330", "2017-12-31": "0.32550", "2017-09-30": "0.31570", "2017-06-30": "0.33430", "2017-03-31": "0.30980", "2016-12-31": "0.29050", "2016-09-30": "0.31920", "2016-06-30": "0.32200", "2016-03-31": "0.29060", "2015-12-31": "0.27920", "2015-09-30": "0.26840", "2015-06-30": "0.30460", "2015-03-31": "0.33040", "2014-12-31": "0.30500", "2014-09-30": "0.31320", "2014-06-30": "0.34540", "2014-03-31": "0.32600", "2013-12-31": "0.29260", "2013-09-30": "0.27280", "2013-06-30": "0.28400", "2013-03-31": "0.26060", "2012-12-31": "0.26330", "2012-09-30": "0.25410", "2012-06-30": "0.24640", "2012-03-31": "0.24110", "2011-12-31": "0.24170", "2011-09-30": "0.22630", "2011-06-30": "0.30190", "2011-03-31": "0.20450", "2010-12-31": "0.20990", "2010-09-30": "0.21560", "2010-06-30": "0.23240", "2010-03-31": "0.23490", "2009-12-31": "0.24090", "2009-09-30": "0.24600", "2009-06-30": "0.26090", "2009-03-31": "0.22060", "2008-12-31": "0.17180", "2008-09-30": "0.26590", "2008-06-30": "0.28350", "2008-03-31": "0.28000", "2007-12-31": "0.29350", "2007-09-30": "0.30560", "2007-06-30": "0.31430", "2007-03-31": "0.33590", "2006-12-31": "0.31300", "2006-09-30": "", "2006-06-30": "", "2006-03-31": ""}, "Inventory Turnover Ratio": {"2020-09-30": "0.76350", "2020-06-30": "0.75460", "2020-03-31": "0.95190", "2019-12-31": "1.57070", "2019-09-30": "1.62290", "2019-06-30": "1.77520", "2019-03-31": "1.67230", "2018-12-31": "1.51550", "2018-09-30": "1.65750", "2018-06-30": "1.71760", "2018-03-31": "1.62560", "2017-12-31": "0.98800", "2017-09-30": "1.09050", "2017-06-30": "1.39940", "2017-03-31": "0.96470", "2016-12-31": "0.87760", "2016-09-30": "0.96730", "2016-06-30": "1.08110", "2016-03-31": "0.75170", "2015-12-31": "0.75240", "2015-09-30": "0.74850", "2015-06-30": "0.80090", "2015-03-31": "0.85070", "2014-12-31": "0.74150", "2014-09-30": "0.75180", "2014-06-30": "0.81360", "2014-03-31": "0.78510", "2013-12-31": "0.94640", "2013-09-30": "0.65490", "2013-06-30": "0.77280", "2013-03-31": "0.49620", "2012-12-31": "0.51880", "2012-09-30": "0.73740", "2012-06-30": "0.41300", "2012-03-31": "0.39830", "2011-12-31": "0.40540", "2011-09-30": "0.37440", "2011-06-30": "0.55510", "2011-03-31": "0.34990", "2010-12-31": "0.36630", "2010-09-30": "0.35030", "2010-06-30": "0.38720", "2010-03-31": "0.39410", "2009-12-31": "0.42780", "2009-09-30": "0.39840", "2009-06-30": "0.48810", "2009-03-31": "0.34800", "2008-12-31": "0.30130", "2008-09-30": "0.48860", "2008-06-30": "0.52910", "2008-03-31": "0.57170", "2007-12-31": "0.60260", "2007-09-30": "0.67150", "2007-06-30": "0.71860", "2007-03-31": "0.83930", "2006-12-31": "1.14210", "2006-09-30": "", "2006-06-30": "", "2006-03-31": ""}, "Receiveable Turnover": {"2020-09-30": "2.07380", "2020-06-30": "2.10650", "2020-03-31": "2.11820", "2019-12-31": "3.58580", "2019-09-30": "2.70940", "2019-06-30": "3.38560", "2019-03-31": "3.17950", "2018-12-31": "3.36690", "2018-09-30": "2.64740", "2018-06-30": "2.68990", "2018-03-31": "2.58310", "2017-12-31": "2.37410", "2017-09-30": "2.05260", "2017-06-30": "2.21530", "2017-03-31": "2.06950", "2016-12-31": "2.37700", "2016-09-30": "2.28610", "2016-06-30": "2.41950", "2016-03-31": "2.46140", "2015-12-31": "2.99700", "2015-09-30": "2.76760", "2015-06-30": "3.01620", "2015-03-31": "2.89880", "2014-12-31": "2.59970", "2014-09-30": "2.09190", "2014-06-30": "2.47330", "2014-03-31": "2.31550", "2013-12-31": "2.71310", "2013-09-30": "2.41090", "2013-06-30": "2.53200", "2013-03-31": "2.45560", "2012-12-31": "3.38860", "2012-09-30": "2.65310", "2012-06-30": "2.85200", "2012-03-31": "3.05450", "2011-12-31": "4.56180", "2011-09-30": "3.39050", "2011-06-30": "4.21270", "2011-03-31": "3.67760", "2010-12-31": "5.35010", "2010-09-30": "3.45520", "2010-06-30": "3.90970", "2010-03-31": "4.43770", "2009-12-31": "5.23410", "2009-09-30": "3.89430", "2009-06-30": "2.96390", "2009-03-31": "2.52680", "2008-12-31": "2.46600", "2008-09-30": "3.48560", "2008-06-30": "3.07770", "2008-03-31": "2.72950", "2007-12-31": "3.51400", "2007-09-30": "2.84980", "2007-06-30": "2.71610", "2007-03-31": "3.02120", "2006-12-31": "3.21630", "2006-09-30": "", "2006-06-30": "", "2006-03-31": ""}, "Days Sales In Receivables": {"2020-09-30": "43.39820", "2020-06-30": "42.72420", "2020-03-31": "42.48960", "2019-12-31": "25.09880", "2019-09-30": "33.21740", "2019-06-30": "26.58350", "2019-03-31": "28.30620", "2018-12-31": "26.73080", "2018-09-30": "33.99630", "2018-06-30": "33.45910", "2018-03-31": "34.84190", "2017-12-31": "37.90860", "2017-09-30": "43.84680", "2017-06-30": "40.62590", "2017-03-31": "43.48860", "2016-12-31": "37.86310", "2016-09-30": "39.36780", "2016-06-30": "37.19710", "2016-03-31": "36.56520", "2015-12-31": "30.02980", "2015-09-30": "32.51880", "2015-06-30": "29.83930", "2015-03-31": "31.04700", "2014-12-31": "34.61890", "2014-09-30": "43.02250", "2014-06-30": "36.38830", "2014-03-31": "38.86900", "2013-12-31": "33.17180", "2013-09-30": "37.32990", "2013-06-30": "35.54550", "2013-03-31": "36.65030", "2012-12-31": "26.55930", "2012-09-30": "33.92220", "2012-06-30": "31.55710", "2012-03-31": "29.46440", "2011-12-31": "19.72930", "2011-09-30": "26.54510", "2011-06-30": "21.36400", "2011-03-31": "24.47220", "2010-12-31": "16.82200", "2010-09-30": "26.04790", "2010-06-30": "23.01990", "2010-03-31": "20.28080", "2009-12-31": "17.19500", "2009-09-30": "23.11070", "2009-06-30": "30.36520", "2009-03-31": "35.61870", "2008-12-31": "36.49590", "2008-09-30": "25.82070", "2008-06-30": "29.24300", "2008-03-31": "32.97280", "2007-12-31": "25.61200", "2007-09-30": "31.58140", "2007-06-30": "33.13520", "2007-03-31": "29.78930", "2006-12-31": "27.98240", "2006-09-30": "", "2006-06-30": "", "2006-03-31": ""}, "ROE - Return On Equity": {"2020-09-30": "-13.26790", "2020-06-30": "-20.15750", "2020-03-31": "-11.19200", "2019-12-31": "3.84240", "2019-09-30": "8.12000", "2019-06-30": "11.43870", "2019-03-31": "12.34580", "2018-12-31": "14.34460", "2018-09-30": "15.12000", "2018-06-30": "15.20900", "2018-03-31": "7.97200", "2017-12-31": "6.82760", "2017-09-30": "8.35510", "2017-06-30": "-3.13500", "2017-03-31": "7.13890", "2016-12-31": "5.60970", "2016-09-30": "8.01970", "2016-06-30": "2.24110", "2016-03-31": "8.09170", "2015-12-31": "6.53770", "2015-09-30": "14.08470", "2015-06-30": "7.89900", "2015-03-31": "10.13710", "2014-12-31": "-6.54750", "2014-09-30": "9.25720", "2014-06-30": "8.62760", "2014-03-31": "9.37670", "2013-12-31": "-39.62860", "2013-09-30": "4.75270", "2013-06-30": "-11.20570", "2013-03-31": "3.91840", "2012-12-31": "3.03970", "2012-09-30": "-6.85120", "2012-06-30": "1.67450", "2012-03-31": "3.59460", "2011-12-31": "3.07430", "2011-09-30": "3.44180", "2011-06-30": "1.59170", "2011-03-31": "1.86330", "2010-12-31": "3.41820", "2010-09-30": "2.63500", "2010-06-30": "3.24160", "2010-03-31": "3.42020", "2009-12-31": "3.17700", "2009-09-30": "5.99630", "2009-06-30": "-0.60390", "2009-03-31": "4.59980", "2008-12-31": "1.52600", "2008-09-30": "4.90520", "2008-06-30": "5.98550", "2008-03-31": "6.30080", "2007-12-31": "5.96080", "2007-09-30": "7.33330", "2007-06-30": "6.44490", "2007-03-31": "7.46280", "2006-12-31": "-8.03260", "2006-09-30": "", "2006-06-30": "", "2006-03-31": ""}, "Return On Tangible Equity": {"2020-09-30": "-14.61330", "2020-06-30": "-22.03940", "2020-03-31": "-12.09830", "2019-12-31": "3.85030", "2019-09-30": "8.12000", "2019-06-30": "11.43870", "2019-03-31": "12.34580", "2018-12-31": "14.34460", "2018-09-30": "15.12000", "2018-06-30": "15.20900", "2018-03-31": "7.97200", "2017-12-31": "6.82760", "2017-09-30": "8.35510", "2017-06-30": "-3.13500", "2017-03-31": "7.13890", "2016-12-31": "5.60970", "2016-09-30": "8.01970", "2016-06-30": "2.24110", "2016-03-31": "8.09170", "2015-12-31": "6.53770", "2015-09-30": "14.08470", "2015-06-30": "7.89900", "2015-03-31": "10.13710", "2014-12-31": "-6.54750", "2014-09-30": "9.25720", "2014-06-30": "8.62760", "2014-03-31": "9.37670", "2013-12-31": "-39.62860", "2013-09-30": "4.75270", "2013-06-30": "-11.20570", "2013-03-31": "3.91840", "2012-12-31": "3.03970", "2012-09-30": "-6.85120", "2012-06-30": "1.67450", "2012-03-31": "3.59460", "2011-12-31": "3.07430", "2011-09-30": "3.44180", "2011-06-30": "1.59170", "2011-03-31": "1.86330", "2010-12-31": "3.41820", "2010-09-30": "2.63500", "2010-06-30": "3.24160", "2010-03-31": "3.42020", "2009-12-31": "3.17700", "2009-09-30": "5.99630", "2009-06-30": "-0.60390", "2009-03-31": "4.59980", "2008-12-31": "1.52600", "2008-09-30": "4.90520", "2008-06-30": "5.98550", "2008-03-31": "6.30080", "2007-12-31": "5.96080", "2007-09-30": "7.33330", "2007-06-30": "6.44490", "2007-03-31": "7.46280", "2006-12-31": "-8.03260", "2006-09-30": "", "2006-06-30": "", "2006-03-31": ""}, "ROA - Return On Assets": {"2020-09-30": "-2.35450", "2020-06-30": "-3.63320", "2020-03-31": "-2.32820", "2019-12-31": "0.89010", "2019-09-30": "1.95920", "2019-06-30": "2.64770", "2019-03-31": "2.58980", "2018-12-31": "3.12350", "2018-09-30": "2.97070", "2018-06-30": "2.58740", "2018-03-31": "2.33510", "2017-12-31": "2.33490", "2017-09-30": "2.65480", "2017-06-30": "-1.03980", "2017-03-31": "2.59090", "2016-12-31": "2.00180", "2016-09-30": "2.70650", "2016-06-30": "0.78840", "2016-03-31": "2.96530", "2015-12-31": "2.40440", "2015-09-30": "5.27650", "2015-06-30": "2.77740", "2015-03-31": "3.44980", "2014-12-31": "-2.05710", "2014-09-30": "3.10820", "2014-06-30": "2.74640", "2014-03-31": "2.89700", "2013-12-31": "-11.49160", "2013-09-30": "1.69980", "2013-06-30": "-3.91070", "2013-03-31": "1.46740", "2012-12-31": "1.12090", "2012-09-30": "-2.50120", "2012-06-30": "0.64140", "2012-03-31": "1.40180", "2011-12-31": "1.19780", "2011-09-30": "1.34820", "2011-06-30": "0.62000", "2011-03-31": "0.67410", "2010-12-31": "1.21330", "2010-09-30": "0.99830", "2010-06-30": "1.21290", "2010-03-31": "1.24970", "2009-12-31": "1.11760", "2009-09-30": "2.03800", "2009-06-30": "-0.20440", "2009-03-31": "1.55870", "2008-12-31": "0.52660", "2008-09-30": "1.91580", "2008-06-30": "2.30650", "2008-03-31": "2.30180", "2007-12-31": "2.26050", "2007-09-30": "2.64060", "2007-06-30": "2.22920", "2007-03-31": "2.45770", "2006-12-31": "-2.53470", "2006-09-30": "", "2006-06-30": "", "2006-03-31": ""}, "ROI - Return On Investment": {"2020-09-30": "-4.05900", "2020-06-30": "-5.92350", "2020-03-31": "-3.67560", "2019-12-31": "1.42650", "2019-09-30": "3.50210", "2019-06-30": "4.69010", "2019-03-31": "4.61260", "2018-12-31": "5.72520", "2018-09-30": "5.65290", "2018-06-30": "5.16160", "2018-03-31": "4.66930", "2017-12-31": "4.21030", "2017-09-30": "5.21220", "2017-06-30": "-1.97740", "2017-03-31": "4.64770", "2016-12-31": "3.62020", "2016-09-30": "5.03750", "2016-06-30": "1.45900", "2016-03-31": "5.35560", "2015-12-31": "4.32410", "2015-09-30": "9.41010", "2015-06-30": "5.03970", "2015-03-31": "6.25190", "2014-12-31": "-3.83930", "2014-09-30": "5.67220", "2014-06-30": "5.09870", "2014-03-31": "5.50360", "2013-12-31": "-22.30290", "2013-09-30": "2.99900", "2013-06-30": "-6.91800", "2013-03-31": "2.50960", "2012-12-31": "1.91920", "2012-09-30": "-4.29380", "2012-06-30": "1.07320", "2012-03-31": "2.30060", "2011-12-31": "1.93790", "2011-09-30": "2.13990", "2011-06-30": "0.97850", "2011-03-31": "1.13700", "2010-12-31": "2.06460", "2010-09-30": "1.67120", "2010-06-30": "2.13050", "2010-03-31": "2.21090", "2009-12-31": "2.03380", "2009-09-30": "3.74230", "2009-06-30": "-0.39450", "2009-03-31": "3.10550", "2008-12-31": "1.05410", "2008-09-30": "3.53660", "2008-06-30": "4.25680", "2008-03-31": "4.24770", "2007-12-31": "4.09080", "2007-09-30": "4.85340", "2007-06-30": "4.14560", "2007-03-31": "4.57550", "2006-12-31": "-4.74780", "2006-09-30": "", "2006-06-30": "", "2006-03-31": ""}, "Book Value Per Share": {"2020-09-30": "11.09210", "2020-06-30": "12.01890", "2020-03-31": "13.81780", "2019-12-31": "16.79890", "2019-09-30": "15.41640", "2019-06-30": "14.00700", "2019-03-31": "12.59670", "2018-12-31": "11.73980", "2018-09-30": "10.48320", "2018-06-30": "8.96450", "2018-03-31": "13.82200", "2017-12-31": "15.74080", "2017-09-30": "15.21640", "2017-06-30": "15.30940", "2017-03-31": "16.45350", "2016-12-31": "15.85620", "2016-09-30": "14.87180", "2016-06-30": "15.48990", "2016-03-31": "16.00830", "2015-12-31": "15.63210", "2015-09-30": "16.42110", "2015-06-30": "14.28850", "2015-03-31": "13.03330", "2014-12-31": "11.49630", "2014-09-30": "13.22380", "2014-06-30": "12.47800", "2014-03-31": "11.31560", "2013-12-31": "10.51860", "2013-09-30": "13.62570", "2013-06-30": "12.91810", "2013-03-31": "14.42360", "2012-12-31": "13.89660", "2012-09-30": "13.65600", "2012-06-30": "14.50710", "2012-03-31": "14.32670", "2011-12-31": "13.75210", "2011-09-30": "13.68580", "2011-06-30": "13.24170", "2011-03-31": "13.04670", "2010-12-31": "12.74400", "2010-09-30": "12.39560", "2010-06-30": "12.03700", "2010-03-31": "11.53030", "2009-12-31": "11.18260", "2009-09-30": "10.32290", "2009-06-30": "9.74380", "2009-03-31": "9.72460", "2008-12-31": "9.27520", "2008-09-30": "10.78370", "2008-06-30": "10.31700", "2008-03-31": "9.69190", "2007-12-31": "9.07830", "2007-09-30": "8.17470", "2007-06-30": "7.55950", "2007-03-31": "6.69960", "2006-12-31": "6.37730", "2006-09-30": "", "2006-06-30": "", "2006-03-31": ""}, "Operating Cash Flow Per Share": {"2020-09-30": -0.5111, "2020-06-30": -2.1921, "2020-03-31": "-3.19480", "2019-12-31": 1.9428, "2019-09-30": 2.3561, "2019-06-30": 2.2138, "2019-03-31": "2.30010", "2018-12-31": 1.709, "2018-09-30": 1.7694, "2018-06-30": 2.1183, "2018-03-31": "1.46010", "2017-12-31": -0.4725, "2017-09-30": 2.5128, "2017-06-30": 1.9003, "2017-03-31": "0.92540", "2016-12-31": 1.0607, "2016-09-30": 2.196, "2016-06-30": 1.6813, "2016-03-31": "0.70690", "2015-12-31": 2.3374, "2015-09-30": 1.711, "2015-06-30": 2.1856, "2015-03-31": "3.01780", "2014-12-31": 0.2087, "2014-09-30": 0.8738, "2014-06-30": 1.158, "2014-03-31": "0.31320", "2013-12-31": 0.4545, "2013-09-30": 1.2886, "2013-06-30": 0.4185, "2013-03-31": "-0.31730", "2012-12-31": 2.1341, "2012-09-30": 0.7503, "2012-06-30": 0.8492, "2012-03-31": "0.08140", "2011-12-31": 0.9039, "2011-09-30": 0.4636, "2011-06-30": -0.7984, "2011-03-31": "-0.90150", "2010-12-31": 2.5762, "2010-09-30": -0.8535, "2010-06-30": -0.0506, "2010-03-31": "-0.78490", "2009-12-31": 1.4077, "2009-09-30": 0.0581, "2009-06-30": -0.4994, "2009-03-31": "-1.06580", "2008-12-31": 0.4587, "2008-09-30": 0.4931, "2008-06-30": 0.0501, "2008-03-31": "0.51070", "2007-12-31": 0.5381, "2007-09-30": 0.2907, "2007-06-30": 0.1037, "2007-03-31": "0.36040", "2006-12-31": -0.4149, "2006-09-30": 0.9127, "2006-06-30": 1.0067, "2006-03-31": "0.76790"}, "Free Cash Flow Per Share": {"2020-09-30": -0.6959, "2020-06-30": -2.386, "2020-03-31": "-3.49370", "2019-12-31": 0.8627, "2019-09-30": 1.9658, "2019-06-30": 1.8558, "2019-03-31": "1.91260", "2018-12-31": 0.8652, "2018-09-30": 1.1442, "2018-06-30": 1.5551, "2018-03-31": "1.03770", "2017-12-31": -1.6, "2017-09-30": 2.0726, "2017-06-30": 1.4913, "2017-03-31": "0.58910", "2016-12-31": 0.312, "2016-09-30": 1.7591, "2016-06-30": 1.2514, "2016-03-31": "0.32710", "2015-12-31": 1.3049, "2015-09-30": 1.0033, "2015-06-30": 1.6489, "2015-03-31": "2.73080", "2014-12-31": -0.3886, "2014-09-30": 0.5459, "2014-06-30": 0.8998, "2014-03-31": "-0.05500", "2013-12-31": -0.1351, "2013-09-30": 0.7975, "2013-06-30": 0.1346, "2013-03-31": "-0.87700", "2012-12-31": 1.6081, "2012-09-30": 0.2609, "2012-06-30": 0.5021, "2012-03-31": "-0.28980", "2011-12-31": 0.3046, "2011-09-30": -0.098, "2011-06-30": -1.0988, "2011-03-31": "-1.19140", "2010-12-31": 1.8277, "2010-09-30": -1.2152, "2010-06-30": -0.4872, "2010-03-31": "-1.27780", "2009-12-31": 0.9038, "2009-09-30": -0.2957, "2009-06-30": -0.8838, "2009-03-31": "-1.45460", "2008-12-31": 0.0391, "2008-09-30": 0.0877, "2008-06-30": -0.3334, "2008-03-31": "0.04010", "2007-12-31": 0.1042, "2007-09-30": -0.1999, "2007-06-30": -0.4091, "2007-03-31": "-0.26910", "2006-12-31": -1.3397, "2006-09-30": 0.4895, "2006-06-30": 0.3045, "2006-03-31": "-0.03240"}}, "revenue": {"Spirit Aerosystems Holdings Annual Revenue (Millions of US $)": {"2019": "$7,863", "2018": "$7,222", "2017": "$6,983", "2016": "$6,793", "2015": "$6,644", "2014": "$6,799", "2013": "$5,961", "2012": "$5,398", "2011": "$4,864", "2010": "$4,172", "2009": "$4,079", "2008": "$3,772", "2007": "$3,861", "2006": "$3,208", "2005": "$1,208"}, "Spirit Aerosystems Holdings Quarterly Revenue (Millions of US $)": {"2020-09-30": "$806", "2020-06-30": "$645", "2020-03-31": "$1,077", "2019-12-31": "$1,959", "2019-09-30": "$1,920", "2019-06-30": "$2,016", "2019-03-31": "$1,968", "2018-12-31": "$1,835", "2018-09-30": "$1,814", "2018-06-30": "$1,837", "2018-03-31": "$1,736", "2017-12-31": "$1,715", "2017-09-30": "$1,748", "2017-06-30": "$1,826", "2017-03-31": "$1,694", "2016-12-31": "$1,570", "2016-09-30": "$1,711", "2016-06-30": "$1,830", "2016-03-31": "$1,682", "2015-12-31": "$1,609", "2015-09-30": "$1,594", "2015-06-30": "$1,699", "2015-03-31": "$1,742", "2014-12-31": "$1,574", "2014-09-30": "$1,693", "2014-06-30": "$1,803", "2014-03-31": "$1,729", "2013-12-31": "$1,494", "2013-09-30": "$1,504", "2013-06-30": "$1,521", "2013-03-31": "$1,442", "2012-12-31": "$1,426", "2012-09-30": "$1,365", "2012-06-30": "$1,341", "2012-03-31": "$1,266", "2011-12-31": "$1,219", "2011-09-30": "$1,130", "2011-06-30": "$1,466", "2011-03-31": "$1,050", "2010-12-31": "$1,071", "2010-09-30": "$1,002", "2010-06-30": "$1,056", "2010-03-31": "$1,043", "2009-12-31": "$1,078", "2009-09-30": "$1,054", "2009-06-30": "$1,060", "2009-03-31": "$887", "2008-12-31": "$646", "2008-09-30": "$1,027", "2008-06-30": "$1,062", "2008-03-31": "$1,036", "2007-12-31": "$980", "2007-09-30": "$968", "2007-06-30": "$959", "2007-03-31": "$954", "2006-12-31": "$852", "2006-09-30": "$830", "2006-06-30": "$855", "2006-03-31": "$671"}}, "gross-profit": {"Spirit Aerosystems Holdings Annual Gross Profit (Millions of US $)": {"2019": "$1,077", "2018": "$1,086", "2017": "$788", "2016": "$993", "2015": "$1,112", "2014": "$1,088", "2013": "$-99", "2012": "$152", "2011": "$552", "2010": "$565", "2009": "$497", "2008": "$609", "2007": "$664", "2006": "$273", "2005": "$151"}, "Spirit Aerosystems Holdings Quarterly Gross Profit (Millions of US $)": {"2020-09-30": "$-97", "2020-06-30": "$-281", "2020-03-31": "$-35", "2019-12-31": "$202", "2019-09-30": "$272", "2019-06-30": "$293", "2019-03-31": "$310", "2018-12-31": "$301", "2018-09-30": "$271", "2018-06-30": "$290", "2018-03-31": "$225", "2017-12-31": "$282", "2017-09-30": "$262", "2017-06-30": "$-29", "2017-03-31": "$273", "2016-12-31": "$240", "2016-09-30": "$272", "2016-06-30": "$158", "2016-03-31": "$323", "2015-12-31": "$274", "2015-09-30": "$253", "2015-06-30": "$291", "2015-03-31": "$294", "2014-12-31": "$275", "2014-09-30": "$275", "2014-06-30": "$277", "2014-03-31": "$261", "2013-12-31": "$-249", "2013-09-30": "$115", "2013-06-30": "$-170", "2013-03-31": "$205", "2012-12-31": "$175", "2012-09-30": "$-381", "2012-06-30": "$184", "2012-03-31": "$175", "2011-12-31": "$152", "2011-09-30": "$167", "2011-06-30": "$111", "2011-03-31": "$122", "2010-12-31": "$152", "2010-09-30": "$134", "2010-06-30": "$136", "2010-03-31": "$142", "2009-12-31": "$134", "2009-09-30": "$176", "2009-06-30": "$38", "2009-03-31": "$150", "2008-12-31": "$79", "2008-09-30": "$163", "2008-06-30": "$188", "2008-03-31": "$179", "2007-12-31": "$171", "2007-09-30": "$163", "2007-06-30": "$170", "2007-03-31": "$159", "2006-12-31": "$-156", "2006-09-30": "$152", "2006-06-30": "$139", "2006-03-31": "$138"}}, "operating-income": {"Spirit Aerosystems Holdings Annual Operating Income (Millions of US $)": {"2019": "$761", "2018": "$843", "2017": "$532", "2016": "$726", "2015": "$863", "2014": "$354", "2013": "$-364", "2012": "$92", "2011": "$356", "2010": "$357", "2009": "$303", "2008": "$406", "2007": "$419", "2006": "$-56", "2005": "$-68"}, "Spirit Aerosystems Holdings Quarterly Operating Income (Millions of US $)": {"2020-09-30": "$-177", "2020-06-30": "$-367", "2020-03-31": "$-168", "2019-12-31": "$96", "2019-09-30": "$206", "2019-06-30": "$226", "2019-03-31": "$233", "2018-12-31": "$244", "2018-09-30": "$223", "2018-06-30": "$218", "2018-03-31": "$160", "2017-12-31": "$217", "2017-09-30": "$202", "2017-06-30": "$-92", "2017-03-31": "$204", "2016-12-31": "$162", "2016-09-30": "$214", "2016-06-30": "$83", "2016-03-31": "$267", "2015-12-31": "$206", "2015-09-30": "$192", "2015-06-30": "$230", "2015-03-31": "$235", "2014-12-31": "$-273", "2014-09-30": "$216", "2014-06-30": "$216", "2014-03-31": "$194", "2013-12-31": "$-321", "2013-09-30": "$51", "2013-06-30": "$-239", "2013-03-31": "$145", "2012-12-31": "$98", "2012-09-30": "$-211", "2012-06-30": "$83", "2012-03-31": "$122", "2011-12-31": "$102", "2011-09-30": "$121", "2011-06-30": "$64", "2011-03-31": "$70", "2010-12-31": "$96", "2010-09-30": "$82", "2010-06-30": "$86", "2010-03-31": "$93", "2009-12-31": "$85", "2009-09-30": "$131", "2009-06-30": "$-10", "2009-03-31": "$98", "2008-12-31": "$28", "2008-09-30": "$111", "2008-06-30": "$136", "2008-03-31": "$130", "2007-12-31": "$107", "2007-09-30": "$107", "2007-06-30": "$102", "2007-03-31": "$104", "2006-12-31": "$-240", "2006-09-30": "$78", "2006-06-30": "$56", "2006-03-31": "$51"}}, "ebitda": {"Spirit Aerosystems Holdings Annual EBITDA (Millions of US $)": {"2019": "$1,016", "2018": "$1,092", "2017": "$750", "2016": "$954", "2015": "$1,051", "2014": "$553", "2013": "$-196", "2012": "$263", "2011": "$496", "2010": "$485", "2009": "$431", "2008": "$521", "2007": "$503", "2006": "$-14", "2005": "$-46"}, "Spirit Aerosystems Holdings Quarterly EBITDA (Millions of US $)": {"2020-09-30": "$-100", "2020-06-30": "$-298", "2020-03-31": "$-98", "2019-12-31": "$161", "2019-09-30": "$282", "2019-06-30": "$279", "2019-03-31": "$294", "2018-12-31": "$304", "2018-09-30": "$287", "2018-06-30": "$290", "2018-03-31": "$212", "2017-12-31": "$273", "2017-09-30": "$257", "2017-06-30": "$-38", "2017-03-31": "$258", "2016-12-31": "$222", "2016-09-30": "$269", "2016-06-30": "$149", "2016-03-31": "$314", "2015-12-31": "$254", "2015-09-30": "$237", "2015-06-30": "$276", "2015-03-31": "$284", "2014-12-31": "$-227", "2014-09-30": "$261", "2014-06-30": "$262", "2014-03-31": "$256", "2013-12-31": "$-279", "2013-09-30": "$92", "2013-06-30": "$-196", "2013-03-31": "$187", "2012-12-31": "$138", "2012-09-30": "$-172", "2012-06-30": "$139", "2012-03-31": "$158", "2011-12-31": "$135", "2011-09-30": "$157", "2011-06-30": "$100", "2011-03-31": "$105", "2010-12-31": "$130", "2010-09-30": "$115", "2010-06-30": "$117", "2010-03-31": "$123", "2009-12-31": "$119", "2009-09-30": "$162", "2009-06-30": "$22", "2009-03-31": "$128", "2008-12-31": "$59", "2008-09-30": "$143", "2008-06-30": "$164", "2008-03-31": "$155", "2007-12-31": "$134", "2007-09-30": "$127", "2007-06-30": "$122", "2007-03-31": "$121", "2006-12-31": "$-197", "2006-09-30": "$91", "2006-06-30": "$51", "2006-03-31": "$63"}}, "net-income": {"Spirit Aerosystems Holdings Annual Net Income (Millions of US $)": {"2019": "$530", "2018": "$617", "2017": "$355", "2016": "$470", "2015": "$789", "2014": "$359", "2013": "$-621", "2012": "$34", "2011": "$189", "2010": "$219", "2009": "$192", "2008": "$265", "2007": "$297", "2006": "$17", "2005": "$-90"}, "Spirit Aerosystems Holdings Quarterly Net Income (Millions of US $)": {"2020-09-30": "$-156", "2020-06-30": "$-256", "2020-03-31": "$-163", "2019-12-31": "$68", "2019-09-30": "$131", "2019-06-30": "$168", "2019-03-31": "$163", "2018-12-31": "$178", "2018-09-30": "$169", "2018-06-30": "$145", "2018-03-31": "$125", "2017-12-31": "$123", "2017-09-30": "$147", "2017-06-30": "$-57", "2017-03-31": "$142", "2016-12-31": "$108", "2016-09-30": "$145", "2016-06-30": "$45", "2016-03-31": "$172", "2015-12-31": "$139", "2015-09-30": "$314", "2015-06-30": "$155", "2015-03-31": "$182", "2014-12-31": "$-104", "2014-09-30": "$168", "2014-06-30": "$143", "2014-03-31": "$152", "2013-12-31": "$-587", "2013-09-30": "$94", "2013-06-30": "$-209", "2013-03-31": "$81", "2012-12-31": "$60", "2012-09-30": "$-134", "2012-06-30": "$35", "2012-03-31": "$74", "2011-12-31": "$57", "2011-09-30": "$67", "2011-06-30": "$30", "2011-03-31": "$35", "2010-12-31": "$62", "2010-09-30": "$46", "2010-06-30": "$55", "2010-03-31": "$56", "2009-12-31": "$50", "2009-09-30": "$87", "2009-06-30": "$-8", "2009-03-31": "$63", "2008-12-31": "$20", "2008-09-30": "$74", "2008-06-30": "$86", "2008-03-31": "$85", "2007-12-31": "$76", "2007-09-30": "$84", "2007-06-30": "$68", "2007-03-31": "$70", "2006-12-31": "$-69", "2006-09-30": "$34", "2006-06-30": "$30", "2006-03-31": "$23"}}, "eps-earnings-per-share-diluted": {"Spirit Aerosystems Holdings Annual EPS": {"2019": "$5.06", "2018": "$5.65", "2017": "$3.01", "2016": "$3.70", "2015": "$5.66", "2014": "$2.53", "2013": "$-4.40", "2012": "$0.24", "2011": "$1.35", "2010": "$1.55", "2009": "$1.37", "2008": "$1.91", "2007": "$2.13", "2006": "$0.14", "2005": "$-0.80"}, "Spirit Aerosystems Holdings Quarterly EPS": {"2020-09-30": "$-1.50", "2020-06-30": "$-2.46", "2020-03-31": "$-1.57", "2019-12-31": "$0.64", "2019-09-30": "$1.26", "2019-06-30": "$1.61", "2019-03-31": "$1.55", "2018-12-31": "$1.65", "2018-09-30": "$1.59", "2018-06-30": "$1.31", "2018-03-31": "$1.10", "2017-12-31": "$1.06", "2017-09-30": "$1.26", "2017-06-30": "$-0.48", "2017-03-31": "$1.17", "2016-12-31": "$0.90", "2016-09-30": "$1.16", "2016-06-30": "$0.35", "2016-03-31": "$1.29", "2015-12-31": "$1.01", "2015-09-30": "$2.24", "2015-06-30": "$1.11", "2015-03-31": "$1.30", "2014-12-31": "$-0.75", "2014-09-30": "$1.20", "2014-06-30": "$1.01", "2014-03-31": "$1.07", "2013-12-31": "$-4.15", "2013-09-30": "$0.65", "2013-06-30": "$-1.47", "2013-03-31": "$0.57", "2012-12-31": "$0.42", "2012-09-30": "$-0.94", "2012-06-30": "$0.24", "2012-03-31": "$0.52", "2011-12-31": "$0.43", "2011-09-30": "$0.47", "2011-06-30": "$0.21", "2011-03-31": "$0.24", "2010-12-31": "$0.43", "2010-09-30": "$0.33", "2010-06-30": "$0.39", "2010-03-31": "$0.40", "2009-12-31": "$0.36", "2009-09-30": "$0.62", "2009-06-30": "$-0.06", "2009-03-31": "$0.45", "2008-12-31": "$0.15", "2008-09-30": "$0.53", "2008-06-30": "$0.62", "2008-03-31": "$0.61", "2007-12-31": "$0.54", "2007-09-30": "$0.60", "2007-06-30": "$0.49", "2007-03-31": "$0.50", "2006-12-31": "$-0.58", "2006-09-30": "$0.28", "2006-06-30": "$0.25", "2006-03-31": "$0.19"}}, "shares-outstanding": {"Spirit Aerosystems Holdings Annual Shares Outstanding (Millions of Shares)": {"2019": "105", "2018": "109", "2017": "118", "2016": "127", "2015": "139", "2014": "142", "2013": "141", "2012": "143", "2011": "142", "2010": "141", "2009": "140", "2008": "139", "2007": "139", "2006": "122", "2005": "114"}, "Spirit Aerosystems Holdings Quarterly Shares Outstanding (Millions of Shares)": {"2020-09-30": "104", "2020-06-30": "104", "2020-03-31": "104", "2019-12-31": "105", "2019-09-30": "105", "2019-06-30": "105", "2019-03-31": "105", "2018-12-31": "109", "2018-09-30": "106", "2018-06-30": "111", "2018-03-31": "114", "2017-12-31": "118", "2017-09-30": "117", "2017-06-30": "118", "2017-03-31": "121", "2016-12-31": "127", "2016-09-30": "125", "2016-06-30": "129", "2016-03-31": "133", "2015-12-31": "139", "2015-09-30": "140", "2015-06-30": "140", "2015-03-31": "140", "2014-12-31": "142", "2014-09-30": "140", "2014-06-30": "142", "2014-03-31": "144", "2013-12-31": "141", "2013-09-30": "143", "2013-06-30": "141", "2013-03-31": "143", "2012-12-31": "143", "2012-09-30": "140", "2012-06-30": "143", "2012-03-31": "143", "2011-12-31": "142", "2011-09-30": "142", "2011-06-30": "142", "2011-03-31": "142", "2010-12-31": "141", "2010-09-30": "142", "2010-06-30": "140", "2010-03-31": "140", "2009-12-31": "140", "2009-09-30": "140", "2009-06-30": "138", "2009-03-31": "140", "2008-12-31": "139", "2008-09-30": "139", "2008-06-30": "140", "2008-03-31": "140", "2007-12-31": "139", "2007-09-30": "140", "2007-06-30": "139", "2007-03-31": "139", "2006-12-31": "120", "2006-09-30": "121", "2006-06-30": "120", "2006-03-31": "117"}}, "total-assets": {"Spirit Aerosystems Holdings Annual Total Assets (Millions of US $)": {"2019": "$7,606", "2018": "$5,686", "2017": "$5,268", "2016": "$5,405", "2015": "$5,765", "2014": "$5,163", "2013": "$5,107", "2012": "$5,415", "2011": "$5,042", "2010": "$5,102", "2009": "$4,474", "2008": "$3,760", "2007": "$3,340", "2006": "$2,722", "2005": "$1,657"}, "Spirit Aerosystems Holdings Quarterly Total Assets (Millions of US $)": {"2020-09-30": "$6,604", "2020-06-30": "$7,043", "2020-03-31": "$7,001", "2019-12-31": "$7,606", "2019-09-30": "$6,702", "2019-06-30": "$6,345", "2019-03-31": "$6,298", "2018-12-31": "$5,686", "2018-09-30": "$5,682", "2018-06-30": "$5,612", "2018-03-31": "$5,370", "2017-12-31": "$5,268", "2017-09-30": "$5,537", "2017-06-30": "$5,463", "2017-03-31": "$5,469", "2016-12-31": "$5,405", "2016-09-30": "$5,361", "2016-06-30": "$5,683", "2016-03-31": "$5,787", "2015-12-31": "$5,765", "2015-09-30": "$5,938", "2015-06-30": "$5,577", "2015-03-31": "$5,273", "2014-12-31": "$5,163", "2014-09-30": "$5,405", "2014-06-30": "$5,221", "2014-03-31": "$5,302", "2013-12-31": "$5,107", "2013-09-30": "$5,513", "2013-06-30": "$5,355", "2013-03-31": "$5,534", "2012-12-31": "$5,415", "2012-09-30": "$5,374", "2012-06-30": "$5,442", "2012-03-31": "$5,251", "2011-12-31": "$5,042", "2011-09-30": "$4,992", "2011-06-30": "$4,855", "2011-03-31": "$5,133", "2010-12-31": "$5,102", "2010-09-30": "$4,648", "2010-06-30": "$4,543", "2010-03-31": "$4,441", "2009-12-31": "$4,474", "2009-09-30": "$4,284", "2009-06-30": "$4,061", "2009-03-31": "$4,023", "2008-12-31": "$3,760", "2008-09-30": "$3,863", "2008-06-30": "$3,746", "2008-03-31": "$3,702", "2007-12-31": "$3,340", "2007-09-30": "$3,166", "2007-06-30": "$3,050", "2007-03-31": "$2,840", "2006-12-31": "$2,722", "2006-09-30": "$0", "2006-06-30": "$0", "2006-03-31": "$0"}}, "cash-on-hand": {"Spirit Aerosystems Holdings Annual Cash on Hand (Millions of US $)": {"2019": "$2,351", "2018": "$774", "2017": "$426", "2016": "$698", "2015": "$957", "2014": "$378", "2013": "$421", "2012": "$441", "2011": "$178", "2010": "$482", "2009": "$369", "2008": "$217", "2007": "$133", "2006": "$184", "2005": "$241"}, "Spirit Aerosystems Holdings Quarterly Cash on Hand (Millions of US $)": {"2020-09-30": "$1,776", "2020-06-30": "$1,947", "2020-03-31": "$1,834", "2019-12-31": "$2,879", "2019-09-30": "$1,478", "2019-06-30": "$1,302", "2019-03-31": "$1,786", "2018-12-31": "$774", "2018-09-30": "$684", "2018-06-30": "$691", "2018-03-31": "$438", "2017-12-31": "$426", "2017-09-30": "$730", "2017-06-30": "$701", "2017-03-31": "$678", "2016-12-31": "$698", "2016-09-30": "$670", "2016-06-30": "$887", "2016-03-31": "$823", "2015-12-31": "$957", "2015-09-30": "$1,043", "2015-06-30": "$959", "2015-03-31": "$750", "2014-12-31": "$378", "2014-09-30": "$453", "2014-06-30": "$382", "2014-03-31": "$455", "2013-12-31": "$421", "2013-09-30": "$436", "2013-06-30": "$317", "2013-03-31": "$313", "2012-12-31": "$441", "2012-09-30": "$222", "2012-06-30": "$180", "2012-03-31": "$134", "2011-12-31": "$178", "2011-09-30": "$138", "2011-06-30": "$154", "2011-03-31": "$311", "2010-12-31": "$482", "2010-09-30": "$66", "2010-06-30": "$118", "2010-03-31": "$187", "2009-12-31": "$369", "2009-09-30": "$207", "2009-06-30": "$89", "2009-03-31": "$116", "2008-12-31": "$217", "2008-09-30": "$178", "2008-06-30": "$147", "2008-03-31": "$203", "2007-12-31": "$133", "2007-09-30": "$105", "2007-06-30": "$127", "2007-03-31": "$157", "2006-12-31": "$184", "2006-09-30": "", "2006-06-30": "", "2006-03-31": ""}}, "long-term-debt": {"Spirit Aerosystems Holdings Annual Long Term Debt (Millions of US $)": {"2019": "$2,984", "2018": "$1,864", "2017": "$1,120", "2016": "$1,060", "2015": "$1,085", "2014": "$1,144", "2013": "$1,151", "2012": "$1,166", "2011": "$1,152", "2010": "$1,187", "2009": "$885", "2008": "$581", "2007": "$579", "2006": "$594", "2005": "$710"}, "Spirit Aerosystems Holdings Quarterly Long Term Debt (Millions of US $)": {"2020-09-30": "$2,659", "2020-06-30": "$3,051", "2020-03-31": "$2,978", "2019-12-31": "$2,984", "2019-09-30": "$2,132", "2019-06-30": "$2,113", "2019-03-31": "$2,215", "2018-12-31": "$1,864", "2018-09-30": "$1,870", "2018-06-30": "$1,858", "2018-03-31": "$1,113", "2017-12-31": "$1,120", "2017-09-30": "$1,061", "2017-06-30": "$1,061", "2017-03-31": "$1,064", "2016-12-31": "$1,060", "2016-09-30": "$1,071", "2016-06-30": "$1,072", "2016-03-31": "$1,083", "2015-12-31": "$1,085", "2015-09-30": "$1,105", "2015-06-30": "$1,113", "2015-03-31": "$1,115", "2014-12-31": "$1,144", "2014-09-30": "$1,147", "2014-06-30": "$1,150", "2014-03-31": "$1,153", "2013-12-31": "$1,151", "2013-09-30": "$1,153", "2013-06-30": "$1,158", "2013-03-31": "$1,163", "2012-12-31": "$1,166", "2012-09-30": "$1,168", "2012-06-30": "$1,168", "2012-03-31": "$1,152", "2011-12-31": "$1,152", "2011-09-30": "$1,190", "2011-06-30": "$1,185", "2011-03-31": "$1,186", "2010-12-31": "$1,187", "2010-09-30": "$1,016", "2010-06-30": "$887", "2010-03-31": "$888", "2009-12-31": "$885", "2009-09-30": "$877", "2009-06-30": "$730", "2009-03-31": "$656", "2008-12-31": "$581", "2008-09-30": "$584", "2008-06-30": "$586", "2008-03-31": "$654", "2007-12-31": "$579", "2007-09-30": "$583", "2007-06-30": "$585", "2007-03-31": "$590", "2006-12-31": "$594", "2006-09-30": "", "2006-06-30": "", "2006-03-31": ""}}, "total-liabilities": {"Spirit Aerosystems Holdings Annual Total Liabilities (Millions of US $)": {"2019": "$5,844", "2018": "$4,448", "2017": "$3,466", "2016": "$3,476", "2015": "$3,645", "2014": "$3,541", "2013": "$3,626", "2012": "$3,418", "2011": "$3,078", "2010": "$3,291", "2009": "$2,900", "2008": "$2,463", "2007": "$2,073", "2006": "$1,863", "2005": "$1,331"}, "Spirit Aerosystems Holdings Quarterly Total Liabilities (Millions of US $)": {"2020-09-30": "$5,432", "2020-06-30": "$5,774", "2020-03-31": "$5,545", "2019-12-31": "$5,844", "2019-09-30": "$5,085", "2019-06-30": "$4,876", "2019-03-31": "$4,977", "2018-12-31": "$4,448", "2018-09-30": "$4,566", "2018-06-30": "$4,657", "2018-03-31": "$3,797", "2017-12-31": "$3,466", "2017-09-30": "$3,778", "2017-06-30": "$3,651", "2017-03-31": "$3,484", "2016-12-31": "$3,476", "2016-09-30": "$3,552", "2016-06-30": "$3,684", "2016-03-31": "$3,666", "2015-12-31": "$3,645", "2015-09-30": "$3,713", "2015-06-30": "$3,616", "2015-03-31": "$3,478", "2014-12-31": "$3,541", "2014-09-30": "$3,590", "2014-06-30": "$3,559", "2014-03-31": "$3,664", "2013-12-31": "$3,626", "2013-09-30": "$3,541", "2013-06-30": "$3,486", "2013-03-31": "$3,461", "2012-12-31": "$3,418", "2012-09-30": "$3,412", "2012-06-30": "$3,357", "2012-03-31": "$3,203", "2011-12-31": "$3,078", "2011-09-30": "$3,036", "2011-06-30": "$2,964", "2011-03-31": "$3,276", "2010-12-31": "$3,291", "2010-09-30": "$2,887", "2010-06-30": "$2,843", "2010-03-31": "$2,819", "2009-12-31": "$2,900", "2009-09-30": "$2,828", "2009-06-30": "$2,687", "2009-03-31": "$2,660", "2008-12-31": "$2,463", "2008-09-30": "$2,354", "2008-06-30": "$2,302", "2008-03-31": "$2,349", "2007-12-31": "$2,073", "2007-09-30": "$2,026", "2007-06-30": "$1,995", "2007-03-31": "$1,905", "2006-12-31": "$1,863", "2006-09-30": "", "2006-06-30": "", "2006-03-31": ""}}, "total-share-holder-equity": {"Spirit Aerosystems Holdings Annual Share Holder Equity (Millions of US $)": {"2019": "$1,762", "2018": "$1,238", "2017": "$1,802", "2016": "$1,929", "2015": "$2,120", "2014": "$1,622", "2013": "$1,481", "2012": "$1,997", "2011": "$1,965", "2010": "$1,811", "2009": "$1,574", "2008": "$1,298", "2007": "$1,267", "2006": "$859", "2005": "$326"}, "Spirit Aerosystems Holdings Quarterly Share Holder Equity (Millions of US $)": {"2020-09-30": "$1,172", "2020-06-30": "$1,270", "2020-03-31": "$1,456", "2019-12-31": "$1,762", "2019-09-30": "$1,617", "2019-06-30": "$1,469", "2019-03-31": "$1,321", "2018-12-31": "$1,238", "2018-09-30": "$1,116", "2018-06-30": "$955", "2018-03-31": "$1,573", "2017-12-31": "$1,802", "2017-09-30": "$1,759", "2017-06-30": "$1,812", "2017-03-31": "$1,985", "2016-12-31": "$1,929", "2016-09-30": "$1,809", "2016-06-30": "$1,999", "2016-03-31": "$2,121", "2015-12-31": "$2,120", "2015-09-30": "$2,224", "2015-06-30": "$1,961", "2015-03-31": "$1,794", "2014-12-31": "$1,622", "2014-09-30": "$1,815", "2014-06-30": "$1,662", "2014-03-31": "$1,638", "2013-12-31": "$1,481", "2013-09-30": "$1,972", "2013-06-30": "$1,869", "2013-03-31": "$2,072", "2012-12-31": "$1,997", "2012-09-30": "$1,962", "2012-06-30": "$2,084", "2012-03-31": "$2,048", "2011-12-31": "$1,965", "2011-09-30": "$1,955", "2011-06-30": "$1,891", "2011-03-31": "$1,857", "2010-12-31": "$1,811", "2010-09-30": "$1,761", "2010-06-30": "$1,700", "2010-03-31": "$1,623", "2009-12-31": "$1,574", "2009-09-30": "$1,456", "2009-06-30": "$1,374", "2009-03-31": "$1,363", "2008-12-31": "$1,298", "2008-09-30": "$1,509", "2008-06-30": "$1,444", "2008-03-31": "$1,352", "2007-12-31": "$1,267", "2007-09-30": "$1,140", "2007-06-30": "$1,055", "2007-03-31": "$935", "2006-12-31": "$859", "2006-09-30": "", "2006-06-30": "", "2006-03-31": ""}}, "profit-margins": {"current": "-11.29%"}, "gross margin": {"2020-09-30": "-4.70%", "2020-06-30": "2.82%", "2020-03-31": "10.50%", "2019-12-31": "13.70%", "2019-09-30": "15.20%", "2019-06-30": "15.39%", "2019-03-31": "15.72%", "2018-12-31": "15.05%", "2018-09-30": "15.04%", "2018-06-30": "15.05%", "2018-03-31": "10.53%", "2017-12-31": "11.28%", "2017-09-30": "10.91%", "2017-06-30": "11.12%", "2017-03-31": "13.86%", "2016-12-31": "14.62%", "2016-09-30": "15.03%", "2016-06-30": "15.01%", "2016-03-31": "17.33%", "2015-12-31": "16.74%", "2015-09-30": "16.84%", "2015-06-30": "16.92%", "2015-03-31": "16.46%", "2014-12-31": "16.00%", "2014-09-30": "8.39%", "2014-06-30": "6.19%", "2014-03-31": "-0.69%", "2013-12-31": "-1.66%", "2013-09-30": "5.52%", "2013-06-30": "-2.97%", "2013-03-31": "3.28%", "2012-12-31": "2.83%", "2012-09-30": "2.50%", "2012-06-30": "13.68%", "2012-03-31": "11.91%", "2011-12-31": "11.35%", "2011-09-30": "11.70%", "2011-06-30": "11.31%", "2011-03-31": "13.02%", "2010-12-31": "13.52%", "2010-09-30": "13.07%", "2010-06-30": "13.90%", "2010-03-31": "11.57%", "2009-12-31": "12.21%", "2009-09-30": "12.15%", "2009-06-30": "11.88%", "2009-03-31": "16.01%", "2008-12-31": "16.15%", "2008-09-30": "17.08%", "2008-06-30": "17.33%", "2008-03-31": "17.32%", "2007-12-31": "17.17%", "2007-09-30": "9.00%", "2007-06-30": "9.04%", "2007-03-31": "8.42%", "2006-12-31": "8.51%"}, "operating margin": {"2020-09-30": "-13.73%", "2020-06-30": "-4.16%", "2020-03-31": "5.16%", "2019-12-31": "9.68%", "2019-09-30": "11.75%", "2019-06-30": "12.12%", "2019-03-31": "12.30%", "2018-12-31": "11.69%", "2018-09-30": "11.50%", "2018-06-30": "11.33%", "2018-03-31": "6.93%", "2017-12-31": "7.60%", "2017-09-30": "6.96%", "2017-06-30": "7.18%", "2017-03-31": "9.74%", "2016-12-31": "10.69%", "2016-09-30": "11.27%", "2016-06-30": "11.14%", "2016-03-31": "13.59%", "2015-12-31": "12.99%", "2015-09-30": "5.81%", "2015-06-30": "6.08%", "2015-03-31": "5.78%", "2014-12-31": "5.19%", "2014-09-30": "4.54%", "2014-06-30": "2.13%", "2014-03-31": "-5.06%", "2013-12-31": "-6.14%", "2013-09-30": "0.90%", "2013-06-30": "-3.60%", "2013-03-31": "2.05%", "2012-12-31": "1.70%", "2012-09-30": "1.85%", "2012-06-30": "8.60%", "2012-03-31": "8.03%", "2011-12-31": "7.32%", "2011-09-30": "7.42%", "2011-06-30": "6.80%", "2011-03-31": "7.99%", "2010-12-31": "8.56%", "2010-09-30": "8.28%", "2010-06-30": "9.34%", "2010-03-31": "7.06%", "2009-12-31": "7.45%", "2009-09-30": "6.77%", "2009-06-30": "6.27%", "2009-03-31": "10.30%", "2008-12-31": "10.74%", "2008-09-30": "11.79%", "2008-06-30": "11.86%", "2008-03-31": "11.31%", "2007-12-31": "10.88%", "2007-09-30": "1.96%", "2007-06-30": "1.22%", "2007-03-31": "-0.06%", "2006-12-31": "-1.71%"}, "ebitda margin": {"2020-09-30": "-7.47%", "2020-06-30": "0.84%", "2020-03-31": "8.95%", "2019-12-31": "12.92%", "2019-09-30": "14.98%", "2019-06-30": "15.24%", "2019-03-31": "15.75%", "2018-12-31": "15.12%", "2018-09-30": "14.94%", "2018-06-30": "14.67%", "2018-03-31": "10.02%", "2017-12-31": "10.74%", "2017-09-30": "10.22%", "2017-06-30": "10.45%", "2017-03-31": "13.20%", "2016-12-31": "14.04%", "2016-09-30": "14.43%", "2016-06-30": "14.21%", "2016-03-31": "16.42%", "2015-12-31": "15.82%", "2015-09-30": "8.62%", "2015-06-30": "8.86%", "2015-03-31": "8.51%", "2014-12-31": "8.12%", "2014-09-30": "7.44%", "2014-06-30": "5.07%", "2014-03-31": "-2.03%", "2013-12-31": "-3.29%", "2013-09-30": "3.75%", "2013-06-30": "-0.75%", "2013-03-31": "5.24%", "2012-12-31": "4.87%", "2012-09-30": "4.99%", "2012-06-30": "11.86%", "2012-03-31": "10.80%", "2011-12-31": "10.20%", "2011-09-30": "10.43%", "2011-06-30": "9.81%", "2011-03-31": "11.17%", "2010-12-31": "11.63%", "2010-09-30": "11.34%", "2010-06-30": "12.31%", "2010-03-31": "10.06%", "2009-12-31": "10.57%", "2009-09-30": "10.17%", "2009-06-30": "9.72%", "2009-03-31": "13.64%", "2008-12-31": "13.82%", "2008-09-30": "14.52%", "2008-06-30": "14.34%", "2008-03-31": "13.64%", "2007-12-31": "13.05%", "2007-09-30": "4.63%", "2007-06-30": "3.81%", "2007-03-31": "1.89%", "2006-12-31": "0.25%"}, "pre tax profit margin": {"2020-09-30": "-18.61%", "2020-06-30": "-7.53%", "2020-03-31": "3.03%", "2019-12-31": "8.43%", "2019-09-30": "10.40%", "2019-06-30": "10.98%", "2019-03-31": "10.84%", "2018-12-31": "10.48%", "2018-09-30": "10.66%", "2018-06-30": "10.72%", "2018-03-31": "6.85%", "2017-12-31": "7.66%", "2017-09-30": "6.87%", "2017-06-30": "6.90%", "2017-03-31": "9.02%", "2016-12-31": "9.73%", "2016-09-30": "10.26%", "2016-06-30": "10.07%", "2016-03-31": "12.89%", "2015-12-31": "12.15%", "2015-09-30": "4.89%", "2015-06-30": "5.04%", "2015-03-31": "4.59%", "2014-12-31": "3.85%", "2014-09-30": "3.26%", "2014-06-30": "1.04%", "2014-03-31": "-6.21%", "2013-12-31": "-7.23%", "2013-09-30": "-0.36%", "2013-06-30": "-4.95%", "2013-03-31": "0.36%", "2012-12-31": "0.20%", "2012-09-30": "0.44%", "2012-06-30": "6.98%", "2012-03-31": "6.65%", "2011-12-31": "5.76%", "2011-09-30": "5.70%", "2011-06-30": "5.25%", "2011-03-31": "6.56%", "2010-12-31": "7.14%", "2010-09-30": "7.01%", "2010-06-30": "8.11%", "2010-03-31": "6.00%", "2009-12-31": "6.69%", "2009-09-30": "6.06%", "2009-06-30": "5.64%", "2009-03-31": "9.64%", "2008-12-31": "10.18%", "2008-09-30": "11.47%", "2008-06-30": "11.67%", "2008-03-31": "11.24%", "2007-12-31": "10.88%", "2007-09-30": "31.21%", "2007-06-30": "31.49%", "2007-03-31": "31.02%", "2006-12-31": "31.98%"}, "net profit margin": {"2020-09-30": "-11.30%", "2020-06-30": "-3.93%", "2020-03-31": "2.93%", "2019-12-31": "6.74%", "2019-09-30": "8.27%", "2019-06-30": "8.88%", "2019-03-31": "8.79%", "2018-12-31": "8.54%", "2018-09-30": "7.91%", "2018-06-30": "7.67%", "2018-03-31": "4.81%", "2017-12-31": "5.08%", "2017-09-30": "4.97%", "2017-06-30": "4.97%", "2017-03-31": "6.47%", "2016-12-31": "6.92%", "2016-09-30": "7.33%", "2016-06-30": "9.98%", "2016-03-31": "11.85%", "2015-12-31": "11.89%", "2015-09-30": "8.28%", "2015-06-30": "5.98%", "2015-03-31": "5.71%", "2014-12-31": "5.28%", "2014-09-30": "-1.85%", "2014-06-30": "-3.03%", "2014-03-31": "-8.80%", "2013-12-31": "-10.42%", "2013-09-30": "0.44%", "2013-06-30": "-3.51%", "2013-03-31": "0.75%", "2012-12-31": "0.65%", "2012-09-30": "0.62%", "2012-06-30": "4.70%", "2012-03-31": "4.49%", "2011-12-31": "3.88%", "2011-09-30": "4.11%", "2011-06-30": "3.77%", "2011-03-31": "4.74%", "2010-12-31": "5.25%", "2010-09-30": "4.95%", "2010-06-30": "5.86%", "2010-03-31": "4.37%", "2009-12-31": "4.71%", "2009-09-30": "4.44%", "2009-06-30": "4.12%", "2009-03-31": "6.71%", "2008-12-31": "7.03%", "2008-09-30": "7.82%", "2008-06-30": "8.18%", "2008-03-31": "7.94%", "2007-12-31": "7.72%", "2007-09-30": "4.10%", "2007-06-30": "2.87%", "2007-03-31": "1.86%", "2006-12-31": "0.56%"}, "pe ratio": {"current": "0.00", "2021-02-05": "0.00", "2020-09-30": "0.00", "2020-06-30": "0.00", "2020-03-31": "12.26", "2019-12-31": "14.35", "2019-09-30": "13.44", "2019-06-30": "12.60", "2019-03-31": "14.84", "2018-12-31": "12.60", "2018-09-30": "17.92", "2018-06-30": "17.94", "2018-03-31": "28.04", "2017-12-31": "28.52", "2017-09-30": "26.98", "2017-06-30": "20.82", "2017-03-31": "15.95", "2016-12-31": "15.52", "2016-09-30": "11.45", "2016-06-30": "8.61", "2016-03-31": "7.87", "2015-12-31": "8.67", "2015-09-30": "12.21", "2015-06-30": "19.01", "2015-03-31": "18.67", "2014-12-31": "16.80", "2014-09-30": "0.00", "2014-06-30": "0.00", "2014-03-31": "0.00", "2013-12-31": "0.00", "2013-09-30": "131.93", "2013-06-30": "0.00", "2013-03-31": "62.01", "2012-12-31": "66.50", "2012-09-30": "90.66", "2012-06-30": "14.15", "2012-03-31": "14.79", "2011-12-31": "15.19", "2011-09-30": "11.49", "2011-06-30": "17.67", "2011-03-31": "17.96", "2010-12-31": "13.07", "2010-09-30": "13.19", "2010-06-30": "10.55", "2010-03-31": "17.35", "2009-12-31": "14.20", "2009-09-30": "15.39", "2009-06-30": "12.70", "2009-03-31": "5.61", "2008-12-31": "5.24", "2008-09-30": "6.84", "2008-06-30": "7.93", "2008-03-31": "9.70", "2007-12-31": "15.87", "2007-09-30": "37.77"}, "price sales": {"2021-02-05": "0.89", "2020-09-30": "0.44", "2020-06-30": "0.45", "2020-03-31": "0.36", "2019-12-31": "0.97", "2019-09-30": "1.12", "2019-06-30": "1.13", "2019-03-31": "1.32", "2018-12-31": "1.09", "2018-09-30": "1.43", "2018-06-30": "1.39", "2018-03-31": "1.38", "2017-12-31": "1.46", "2017-09-30": "1.35", "2017-06-30": "1.03", "2017-03-31": "1.05", "2016-12-31": "1.08", "2016-09-30": "0.84", "2016-06-30": "0.85", "2016-03-31": "0.93", "2015-12-31": "1.03", "2015-09-30": "1.01", "2015-06-30": "1.13", "2015-03-31": "1.06", "2014-12-31": "0.88", "2014-09-30": "0.79", "2014-06-30": "0.72", "2014-03-31": "0.63", "2013-12-31": "0.80", "2013-09-30": "0.57", "2013-06-30": "0.52", "2013-03-31": "0.47", "2012-12-31": "0.44", "2012-09-30": "0.59", "2012-06-30": "0.67", "2012-03-31": "0.67", "2011-12-31": "0.60", "2011-09-30": "0.47", "2011-06-30": "0.67", "2011-03-31": "0.85", "2010-12-31": "0.69", "2010-09-30": "0.66", "2010-06-30": "0.62", "2010-03-31": "0.76", "2009-12-31": "0.67", "2009-09-30": "0.68", "2009-06-30": "0.52", "2009-03-31": "0.38", "2008-12-31": "0.37", "2008-09-30": "0.53", "2008-06-30": "0.65", "2008-03-31": "0.77", "2007-12-31": "1.22", "2007-09-30": "1.37"}, "price book": {"current": "3.47", "2021-02-05": "3.47", "2020-09-30": "1.70", "2020-06-30": "1.99", "2020-03-31": "1.73", "2019-12-31": "4.33", "2019-09-30": "5.32", "2019-06-30": "5.78", "2019-03-31": "7.22", "2018-12-31": "6.10", "2018-09-30": "8.67", "2018-06-30": "9.48", "2018-03-31": "5.98", "2017-12-31": "5.47", "2017-09-30": "5.04", "2017-06-30": "3.73", "2017-03-31": "3.46", "2016-12-31": "3.61", "2016-09-30": "2.93", "2016-06-30": "2.72", "2016-03-31": "2.78", "2015-12-31": "3.14", "2015-09-30": "2.88", "2015-06-30": "3.78", "2015-03-31": "3.92", "2014-12-31": "3.67", "2014-09-30": "2.82", "2014-06-30": "2.65", "2014-03-31": "2.44", "2013-12-31": "3.17", "2013-09-30": "1.74", "2013-06-30": "1.63", "2013-03-31": "1.29", "2012-12-31": "1.20", "2012-09-30": "1.59", "2012-06-30": "1.61", "2012-03-31": "1.67", "2011-12-31": "1.48", "2011-09-30": "1.14", "2011-06-30": "1.63", "2011-03-31": "1.93", "2010-12-31": "1.60", "2010-09-30": "1.58", "2010-06-30": "1.55", "2010-03-31": "1.99", "2009-12-31": "1.74", "2009-09-30": "1.71", "2009-06-30": "1.38", "2009-03-31": "1.00", "2008-12-31": "1.07", "2008-09-30": "1.46", "2008-06-30": "1.82", "2008-03-31": "2.24", "2007-12-31": "3.72", "2007-09-30": "4.67", "2007-06-30": "4.67", "2007-03-31": "4.66", "2006-12-31": "5.14"}, "price fcf": {"2021-02-05": "", "2020-09-30": "$-5.71", "2020-06-30": "$-3.05", "2020-03-31": "$1.19", "2019-12-31": "$6.60", "2019-09-30": "$6.60", "2019-06-30": "$5.78", "2019-03-31": "$5.48", "2018-12-31": "$4.60", "2018-09-30": "$2.14", "2018-06-30": "$3.07", "2018-03-31": "$3.00", "2017-12-31": "$2.55", "2017-09-30": "$4.47", "2017-06-30": "$4.15", "2017-03-31": "$3.91", "2016-12-31": "$3.65", "2016-09-30": "$4.64", "2016-06-30": "$3.89", "2016-03-31": "$4.28", "2015-12-31": "$6.69", "2015-09-30": "$4.99", "2015-06-30": "$4.54", "2015-03-31": "$3.79", "2014-12-31": "$1.00", "2014-09-30": "$1.26", "2014-06-30": "$1.51", "2014-03-31": "$0.74", "2013-12-31": "$-0.08", "2013-09-30": "$1.66", "2013-06-30": "$1.13", "2013-03-31": "$1.49", "2012-12-31": "$2.08", "2012-09-30": "$0.78", "2012-06-30": "$0.42", "2012-03-31": "$-1.18", "2011-12-31": "$-2.08", "2011-09-30": "$-0.56", "2011-06-30": "$-1.68", "2011-03-31": "$-1.07", "2010-12-31": "$-1.15", "2010-09-30": "$-2.08", "2010-06-30": "$-1.16", "2010-03-31": "$-1.55", "2009-12-31": "$-1.73", "2009-09-30": "$-2.60", "2009-06-30": "$-2.21", "2009-03-31": "$-1.66", "2008-12-31": "$-0.17", "2008-09-30": "$-0.10", "2008-06-30": "$-0.39", "2008-03-31": "$-0.46", "2007-12-31": "$-0.77", "2007-09-30": "$-1.46"}, "net worth": {"value": "$4.06B"}, "current ratio": {"2020-09-30": "2.41", "2020-06-30": "2.71", "2020-03-31": "2.81", "2019-12-31": "2.64", "2019-09-30": "2.06", "2019-06-30": "1.96", "2019-03-31": "1.95", "2018-12-31": "1.80", "2018-09-30": "1.57", "2018-06-30": "1.52", "2018-03-31": "1.53", "2017-12-31": "1.64", "2017-09-30": "1.56", "2017-06-30": "1.61", "2017-03-31": "1.87", "2016-12-31": "1.89", "2016-09-30": "1.92", "2016-06-30": "2.02", "2016-03-31": "2.17", "2015-12-31": "2.26", "2015-09-30": "2.39", "2015-06-30": "2.53", "2015-03-31": "2.58", "2014-12-31": "2.43", "2014-09-30": "2.49", "2014-06-30": "2.46", "2014-03-31": "2.35", "2013-12-31": "2.20", "2013-09-30": "2.61", "2013-06-30": "2.72", "2013-03-31": "3.06", "2012-12-31": "3.15", "2012-09-30": "3.22", "2012-06-30": "3.48", "2012-03-31": "3.68", "2011-12-31": "3.46", "2011-09-30": "3.82", "2011-06-30": "3.99", "2011-03-31": "2.94", "2010-12-31": "2.83", "2010-09-30": "3.17", "2010-06-30": "2.88", "2010-03-31": "2.88", "2009-12-31": "2.91", "2009-09-30": "3.17", "2009-06-30": "2.95", "2009-03-31": "2.94", "2008-12-31": "3.27", "2008-09-30": "2.73", "2008-06-30": "2.80", "2008-03-31": "2.54", "2007-12-31": "2.73", "2007-09-30": "2.66", "2007-06-30": "2.58", "2007-03-31": "2.54", "2006-12-31": "2.49", "2006-09-30": "0.00", "2006-06-30": "0.00", "2006-03-31": "0.00"}, "quick ratio": {"2020-09-30": "1.62", "2020-06-30": "1.86", "2020-03-31": "1.99", "2019-12-31": "2.00", "2019-09-30": "1.51", "2019-06-30": "1.42", "2019-03-31": "1.39", "2018-12-31": "1.16", "2018-09-30": "1.06", "2018-06-30": "1.04", "2018-03-31": "0.98", "2017-12-31": "0.74", "2017-09-30": "0.85", "2017-06-30": "0.89", "2017-03-31": "0.95", "2016-12-31": "0.90", "2016-09-30": "0.95", "2016-06-30": "1.06", "2016-03-31": "1.00", "2015-12-31": "1.05", "2015-09-30": "1.20", "2015-06-30": "1.23", "2015-03-31": "1.19", "2014-12-31": "1.03", "2014-09-30": "1.04", "2014-06-30": "0.94", "2014-03-31": "0.94", "2013-12-31": "0.83", "2013-09-30": "0.92", "2013-06-30": "0.87", "2013-03-31": "0.87", "2012-12-31": "0.89", "2012-09-30": "0.94", "2012-06-30": "0.74", "2012-03-31": "0.68", "2011-12-31": "0.58", "2011-09-30": "0.69", "2011-06-30": "0.78", "2011-03-31": "0.60", "2010-12-31": "0.68", "2010-09-30": "0.47", "2010-06-30": "0.48", "2010-03-31": "0.52", "2009-12-31": "0.66", "2009-09-30": "0.64", "2009-06-30": "0.59", "2009-03-31": "0.60", "2008-12-31": "0.74", "2008-09-30": "0.65", "2008-06-30": "0.73", "2008-03-31": "0.78", "2007-12-31": "0.74", "2007-09-30": "0.80", "2007-06-30": "0.89", "2007-03-31": "0.94", "2006-12-31": "0.95", "2006-09-30": "0.00", "2006-06-30": "0.00", "2006-03-31": "0.00"}, "debt equity ratio": {"current": "2.27", "2020-09-30": "4.64", "2020-06-30": "4.55", "2020-03-31": "3.81", "2019-12-31": "3.32", "2019-09-30": "3.14", "2019-06-30": "3.32", "2019-03-31": "3.77", "2018-12-31": "3.59", "2018-09-30": "4.09", "2018-06-30": "4.88", "2018-03-31": "2.41", "2017-12-31": "1.92", "2017-09-30": "2.15", "2017-06-30": "2.02", "2017-03-31": "1.76", "2016-12-31": "1.80", "2016-09-30": "1.96", "2016-06-30": "1.84", "2016-03-31": "1.73", "2015-12-31": "1.72", "2015-09-30": "1.67", "2015-06-30": "1.84", "2015-03-31": "1.94", "2014-12-31": "2.18", "2014-09-30": "1.98", "2014-06-30": "2.14", "2014-03-31": "2.24", "2013-12-31": "2.45", "2013-09-30": "1.80", "2013-06-30": "1.87", "2013-03-31": "1.67", "2012-12-31": "1.71", "2012-09-30": "1.74", "2012-06-30": "1.61", "2012-03-31": "1.56", "2011-12-31": "1.57", "2011-09-30": "1.55", "2011-06-30": "1.57", "2011-03-31": "1.76", "2010-12-31": "1.82", "2010-09-30": "1.64", "2010-06-30": "1.67", "2010-03-31": "1.74", "2009-12-31": "1.84", "2009-09-30": "1.94", "2009-06-30": "1.96", "2009-03-31": "1.95", "2008-12-31": "1.90", "2008-09-30": "1.56", "2008-06-30": "1.60", "2008-03-31": "1.74", "2007-12-31": "1.64", "2007-09-30": "1.78", "2007-06-30": "1.89", "2007-03-31": "2.04", "2006-12-31": "2.17", "2006-09-30": "0.00", "2006-06-30": "0.00", "2006-03-31": "0.00"}, "return on equity": {"2020-09-30": "-35.83%", "2020-06-30": "-14.41%", "2020-03-31": "12.94%", "2019-12-31": "34.37%", "2019-09-30": "45.35%", "2019-06-30": "52.72%", "2019-03-31": "56.59%", "2018-12-31": "50.55%", "2018-09-30": "41.28%", "2018-06-30": "35.47%", "2018-03-31": "19.46%", "2017-12-31": "19.30%", "2017-09-30": "18.17%", "2017-06-30": "17.94%", "2017-03-31": "22.79%", "2016-12-31": "23.92%", "2016-09-30": "24.90%", "2016-06-30": "31.66%", "2016-03-31": "37.03%", "2015-12-31": "39.02%", "2015-09-30": "28.79%", "2015-06-30": "22.30%", "2015-03-31": "22.57%", "2014-12-31": "21.32%", "2014-09-30": "-7.52%", "2014-06-30": "-11.73%", "2014-03-31": "-31.61%", "2013-12-31": "-33.59%", "2013-09-30": "1.31%", "2013-06-30": "-10.23%", "2013-03-31": "2.07%", "2012-12-31": "1.73%", "2012-09-30": "1.59%", "2012-06-30": "11.57%", "2012-03-31": "11.60%", "2011-12-31": "9.86%", "2011-09-30": "10.33%", "2011-06-30": "9.45%", "2011-03-31": "11.11%", "2010-12-31": "12.70%", "2010-09-30": "12.44%", "2010-06-30": "15.61%", "2010-03-31": "12.28%", "2009-12-31": "13.32%", "2009-09-30": "11.80%", "2009-06-30": "10.75%", "2009-03-31": "17.31%", "2008-12-31": "18.92%", "2008-09-30": "23.04%", "2008-06-30": "25.45%", "2008-03-31": "26.01%", "2007-12-31": "27.11%", "2007-09-30": "15.34%", "2007-06-30": "14.46%", "2007-03-31": "14.49%", "2006-12-31": "8.38%"}, "return on assets": {"2020-09-30": "-7.18%", "2020-06-30": "-3.10%", "2020-03-31": "2.95%", "2019-12-31": "7.87%", "2019-09-30": "10.23%", "2019-06-30": "11.29%", "2019-03-31": "11.26%", "2018-12-31": "11.04%", "2018-09-30": "10.25%", "2018-06-30": "9.91%", "2018-03-31": "6.25%", "2017-12-31": "6.53%", "2017-09-30": "6.22%", "2017-06-30": "6.23%", "2017-03-31": "8.03%", "2016-12-31": "8.45%", "2016-09-30": "8.87%", "2016-06-30": "11.57%", "2016-03-31": "13.53%", "2015-12-31": "14.01%", "2015-09-30": "9.97%", "2015-06-30": "7.49%", "2015-03-31": "7.39%", "2014-12-31": "6.81%", "2014-09-30": "-2.36%", "2014-06-30": "-3.75%", "2014-03-31": "-10.34%", "2013-12-31": "-11.55%", "2013-09-30": "0.48%", "2013-06-30": "-3.73%", "2013-03-31": "0.77%", "2012-12-31": "0.65%", "2012-09-30": "0.61%", "2012-06-30": "4.50%", "2012-03-31": "4.53%", "2011-12-31": "3.78%", "2011-09-30": "3.86%", "2011-06-30": "3.51%", "2011-03-31": "4.08%", "2010-12-31": "4.68%", "2010-09-30": "4.57%", "2010-06-30": "5.59%", "2010-03-31": "4.29%", "2009-12-31": "4.56%", "2009-09-30": "4.02%", "2009-06-30": "3.79%", "2009-03-31": "6.31%", "2008-12-31": "7.03%", "2008-09-30": "8.76%", "2008-06-30": "9.49%", "2008-03-31": "9.44%", "2007-12-31": "9.62%", "2007-09-30": "5.20%", "2007-06-30": "4.78%", "2007-03-31": "4.67%", "2006-12-31": "2.65%"}, "return on investments": {"2020-09-30": "-14.22%", "2020-06-30": "-5.40%", "2020-03-31": "8.72%", "2019-12-31": "19.50%", "2019-09-30": "26.03%", "2019-06-30": "28.02%", "2019-03-31": "29.49%", "2018-12-31": "29.14%", "2018-09-30": "28.65%", "2018-06-30": "28.36%", "2018-03-31": "17.24%", "2017-12-31": "18.21%", "2017-09-30": "16.23%", "2017-06-30": "16.56%", "2017-03-31": "22.12%", "2016-12-31": "23.91%", "2016-09-30": "24.92%", "2016-06-30": "23.36%", "2016-03-31": "27.94%", "2015-12-31": "27.58%", "2015-09-30": "12.72%", "2015-06-30": "13.93%", "2015-03-31": "13.76%", "2014-12-31": "12.46%", "2014-09-30": "10.89%", "2014-06-30": "4.89%", "2014-03-31": "-10.92%", "2013-12-31": "-12.18%", "2013-09-30": "1.69%", "2013-06-30": "-6.59%", "2013-03-31": "3.57%", "2012-12-31": "2.89%", "2012-09-30": "3.02%", "2012-06-30": "13.40%", "2012-03-31": "13.02%", "2011-12-31": "11.50%", "2011-09-30": "11.42%", "2011-06-30": "10.49%", "2011-03-31": "11.72%", "2010-12-31": "13.14%", "2010-09-30": "13.40%", "2010-06-30": "15.98%", "2010-03-31": "12.72%", "2009-12-31": "13.64%", "2009-09-30": "11.86%", "2009-06-30": "11.22%", "2009-03-31": "18.61%", "2008-12-31": "20.23%", "2008-09-30": "24.28%", "2008-06-30": "25.25%", "2008-03-31": "24.73%", "2007-12-31": "24.94%", "2007-09-30": "4.60%", "2007-06-30": "3.81%", "2007-03-31": "-0.27%", "2006-12-31": "-15.14%"}, "return on tangible equity": {"2020-09-30": "-38.05%", "2020-06-30": "-14.96%", "2020-03-31": "13.18%", "2019-12-31": "34.39%", "2019-09-30": "45.35%", "2019-06-30": "52.72%", "2019-03-31": "56.59%", "2018-12-31": "50.55%", "2018-09-30": "41.28%", "2018-06-30": "35.47%", "2018-03-31": "19.46%", "2017-12-31": "19.30%", "2017-09-30": "18.17%", "2017-06-30": "17.94%", "2017-03-31": "22.79%", "2016-12-31": "23.92%", "2016-09-30": "24.90%", "2016-06-30": "31.66%", "2016-03-31": "37.03%", "2015-12-31": "39.02%", "2015-09-30": "28.79%", "2015-06-30": "22.30%", "2015-03-31": "22.57%", "2014-12-31": "21.32%", "2014-09-30": "-7.52%", "2014-06-30": "-11.73%", "2014-03-31": "-31.61%", "2013-12-31": "-33.59%", "2013-09-30": "1.31%", "2013-06-30": "-10.23%", "2013-03-31": "2.07%", "2012-12-31": "1.73%", "2012-09-30": "1.59%", "2012-06-30": "11.57%", "2012-03-31": "11.60%", "2011-12-31": "9.86%", "2011-09-30": "10.33%", "2011-06-30": "9.45%", "2011-03-31": "11.11%", "2010-12-31": "12.70%", "2010-09-30": "12.44%", "2010-06-30": "15.61%", "2010-03-31": "12.28%", "2009-12-31": "13.32%", "2009-09-30": "11.80%", "2009-06-30": "10.75%", "2009-03-31": "17.31%", "2008-12-31": "18.92%", "2008-09-30": "23.04%", "2008-06-30": "25.45%", "2008-03-31": "26.01%", "2007-12-31": "27.11%", "2007-09-30": "15.34%", "2007-06-30": "14.46%", "2007-03-31": "14.49%", "2006-12-31": "8.38%"}, "dividend yield history": {"last payout": "$0.04", "last yield": "0.10%"}}