{"ticker": "SRC", "price": {"title": "Spirit Realty Capital Historical Annual Stock Price Data", "value": 40.08, "historical": {"2020": {"Average Stock Price": "36.5717", "Year Open": "47.7000", "Year High": "54.5500", "Year Low": "20.4700", "Year Close": "40.1700", "Annual % Change": "-18.32%"}, "2019": {"Average Stock Price": "44.0429", "Year Open": "34.6300", "Year High": "53.0500", "Year Low": "34.6300", "Year Close": "49.1800", "Annual % Change": "39.52%"}, "2018": {"Average Stock Price": "40.1412", "Year Open": "41.9000", "Year High": "43.8000", "Year Low": "34.2900", "Year Close": "35.2500", "Annual % Change": "-17.83%"}, "2017": {"Average Stock Price": "44.5706", "Year Open": "54.0000", "Year High": "56.3500", "Year Low": "33.5500", "Year Close": "42.9000", "Annual % Change": "-20.99%"}, "2016": {"Average Stock Price": "58.4117", "Year Open": "49.2000", "Year High": "69.4000", "Year Low": "45.5000", "Year Close": "54.3000", "Annual % Change": "8.38%"}, "2015": {"Average Stock Price": "53.9262", "Year Open": "60.2000", "Year High": "64.9500", "Year Low": "45.2000", "Year Close": "50.1000", "Annual % Change": "-15.73%"}, "2014": {"Average Stock Price": "56.1131", "Year Open": "49.2000", "Year High": "60.1000", "Year Low": "49.1500", "Year Close": "59.4500", "Annual % Change": "20.96%"}, "2013": {"Average Stock Price": "49.7902", "Year Open": "46.6142", "Year High": "59.7113", "Year Low": "42.2000", "Year Close": "49.1500", "Annual % Change": "5.32%"}, "2012": {"Average Stock Price": "42.6399", "Year Open": "39.3701", "Year High": "46.6667", "Year Low": "39.3701", "Year Close": "46.6667", "Annual % Change": "0.00%"}}}, "market cap": {"value": "$4.36B"}, "income statement": {"Revenue": {"2019-12-31": "516.42700", "2018-12-31": "445.12500", "2017-12-31": "431.25800", "2016-12-31": "435.34000", "2015-12-31": "667.33500", "2014-12-31": "602.87100", "2013-12-31": "419.46700", "2012-12-31": "273.11500", "2011-12-31": "263.23000", "2010-12-31": "269.15000", "2009-12-31": "275.45500", "2008-12-31": "201.00400", "2007-12-31": "89.84200", "2006-12-31": "19.52000", "2005-12-31": "0.74170"}, "Cost Of Goods Sold": {"2019-12-31": "19.48100", "2018-12-31": "21.27600", "2017-12-31": "29.92100", "2016-12-31": "26.04500", "2015-12-31": "27.71500", "2014-12-31": "23.38300", "2013-12-31": "11.76000", "2012-12-31": "5.17600", "2011-12-31": "4.69300", "2010-12-31": "36.74100", "2009-12-31": "40.72500", "2008-12-31": "26.55800", "2007-12-31": "10.65100", "2006-12-31": "2.35400", "2005-12-31": "0.03880"}, "Gross Profit": {"2019-12-31": "496.94600", "2018-12-31": "423.84900", "2017-12-31": "401.33700", "2016-12-31": "409.29500", "2015-12-31": "639.62000", "2014-12-31": "579.48800", "2013-12-31": "407.70700", "2012-12-31": "267.93900", "2011-12-31": "258.53700", "2010-12-31": "232.40900", "2009-12-31": "234.73000", "2008-12-31": "174.44600", "2007-12-31": "79.19100", "2006-12-31": "17.16600", "2005-12-31": "0.70290"}, "Research And Development Expenses": {"2019-12-31": "", "2018-12-31": "", "2017-12-31": "", "2016-12-31": "", "2015-12-31": "", "2014-12-31": "", "2013-12-31": "", "2012-12-31": "", "2011-12-31": "", "2010-12-31": "", "2009-12-31": "", "2008-12-31": "", "2007-12-31": "", "2006-12-31": "", "2005-12-31": ""}, "SG&A Expenses": {"2019-12-31": "52.42400", "2018-12-31": "52.99300", "2017-12-31": "54.99800", "2016-12-31": "48.65100", "2015-12-31": "47.73000", "2014-12-31": "42.63700", "2013-12-31": "35.14600", "2012-12-31": "36.25200", "2011-12-31": "27.85400", "2010-12-31": "6.98900", "2009-12-31": "7.02000", "2008-12-31": "5.63200", "2007-12-31": "2.01100", "2006-12-31": "0.95300", "2005-12-31": "0.15630"}, "Other Operating Income Or Expenses": {"2019-12-31": "-137.61200", "2018-12-31": "-104.27300", "2017-12-31": "-174.99100", "2016-12-31": "-182.98900", "2015-12-31": "-296.33500", "2014-12-31": "-261.29900", "2013-12-31": "-180.80000", "2012-12-31": "-166.19200", "2011-12-31": "-175.54200", "2010-12-31": "-7.94100", "2009-12-31": "-16.74100", "2008-12-31": "-3.55000", "2007-12-31": "-5.40000", "2006-12-31": "", "2005-12-31": ""}, "Operating Expenses": {"2019-12-31": "384.98200", "2018-12-31": "340.99400", "2017-12-31": "433.59600", "2016-12-31": "437.06200", "2015-12-31": "639.46900", "2014-12-31": "588.30700", "2013-12-31": "449.12100", "2012-12-31": "312.60400", "2011-12-31": "311.26800", "2010-12-31": "136.83300", "2009-12-31": "155.23600", "2008-12-31": "99.59900", "2007-12-31": "48.54400", "2006-12-31": "9.77600", "2005-12-31": "0.41640"}, "Operating Income": {"2019-12-31": "131.44500", "2018-12-31": "104.13100", "2017-12-31": "-2.33800", "2016-12-31": "-1.72200", "2015-12-31": "27.86600", "2014-12-31": "14.56400", "2013-12-31": "-29.65400", "2012-12-31": "-39.48900", "2011-12-31": "-48.03800", "2010-12-31": "132.31700", "2009-12-31": "120.21900", "2008-12-31": "101.40500", "2007-12-31": "41.29800", "2006-12-31": "9.74400", "2005-12-31": "0.32520"}, "Total Non-Operating Income/Expense": {"2019-12-31": "55.32200", "2018-12-31": "45.15200", "2017-12-31": "43.27700", "2016-12-31": "31.22800", "2015-12-31": "-3.16200", "2014-12-31": "-64.75000", "2013-12-31": "-2.40500", "2012-12-31": "-32.52200", "2011-12-31": "", "2010-12-31": "-101.88700", "2009-12-31": "-97.81300", "2008-12-31": "-76.31300", "2007-12-31": "-36.81800", "2006-12-31": "-8.39800", "2005-12-31": "-0.43980"}, "Pre-Tax Income": {"2019-12-31": "186.76700", "2018-12-31": "149.28300", "2017-12-31": "40.93900", "2016-12-31": "29.50600", "2015-12-31": "24.70400", "2014-12-31": "-50.18600", "2013-12-31": "-32.05900", "2012-12-31": "-72.01100", "2011-12-31": "-48.03800", "2010-12-31": "30.43000", "2009-12-31": "22.40600", "2008-12-31": "25.09200", "2007-12-31": "4.48000", "2006-12-31": "1.34600", "2005-12-31": "-0.11460"}, "Income Taxes": {"2019-12-31": "11.50100", "2018-12-31": "0.79200", "2017-12-31": "0.51100", "2016-12-31": "0.86800", "2015-12-31": "0.60100", "2014-12-31": "0.67300", "2013-12-31": "1.11300", "2012-12-31": "0.50400", "2011-12-31": "-0.06000", "2010-12-31": "", "2009-12-31": "", "2008-12-31": "", "2007-12-31": "", "2006-12-31": "", "2005-12-31": ""}, "Income After Taxes": {"2019-12-31": "175.26600", "2018-12-31": "148.49100", "2017-12-31": "40.42800", "2016-12-31": "28.63800", "2015-12-31": "24.10300", "2014-12-31": "-50.85900", "2013-12-31": "-33.17200", "2012-12-31": "-72.51500", "2011-12-31": "-47.97800", "2010-12-31": "30.43000", "2009-12-31": "22.40600", "2008-12-31": "25.09200", "2007-12-31": "4.48000", "2006-12-31": "1.34600", "2005-12-31": "-0.11460"}, "Other Income": {"2019-12-31": "", "2018-12-31": "", "2017-12-31": "", "2016-12-31": "", "2015-12-31": "", "2014-12-31": "", "2013-12-31": "", "2012-12-31": "", "2011-12-31": "", "2010-12-31": "", "2009-12-31": "", "2008-12-31": "", "2007-12-31": "", "2006-12-31": "", "2005-12-31": ""}, "Income From Continuous Operations": {"2019-12-31": "175.26600", "2018-12-31": "148.49100", "2017-12-31": "40.42800", "2016-12-31": "28.63800", "2015-12-31": "24.10300", "2014-12-31": "-50.85900", "2013-12-31": "-33.17200", "2012-12-31": "-72.51500", "2011-12-31": "-47.97800", "2010-12-31": "30.43000", "2009-12-31": "22.40600", "2008-12-31": "25.09200", "2007-12-31": "4.48000", "2006-12-31": "1.34600", "2005-12-31": "-0.11460"}, "Income From Discontinued Operations": {"2019-12-31": "", "2018-12-31": "-16.43900", "2017-12-31": "36.72000", "2016-12-31": "68.80800", "2015-12-31": "69.10900", "2014-12-31": "13.91400", "2013-12-31": "31.55600", "2012-12-31": "-3.71800", "2011-12-31": "-15.88500", "2010-12-31": "", "2009-12-31": "", "2008-12-31": "", "2007-12-31": "", "2006-12-31": "", "2005-12-31": ""}, "Net Income": {"2019-12-31": "164.91600", "2018-12-31": "121.70000", "2017-12-31": "74.61800", "2016-12-31": "97.44600", "2015-12-31": "93.21200", "2014-12-31": "-36.94500", "2013-12-31": "-1.61600", "2012-12-31": "-76.29600", "2011-12-31": "-63.87900", "2010-12-31": "30.43000", "2009-12-31": "22.40600", "2008-12-31": "25.09200", "2007-12-31": "4.48000", "2006-12-31": "1.34600", "2005-12-31": "-0.11460"}, "EBITDA": {"2019-12-31": "321.08500", "2018-12-31": "324.91000", "2017-12-31": "277.14900", "2016-12-31": "277.65200", "2015-12-31": "298.62600", "2014-12-31": "267.46600", "2013-12-31": "155.12100", "2012-12-31": "97.79500", "2011-12-31": "88.46300", "2010-12-31": "218.74300", "2009-12-31": "207.00800", "2008-12-31": "166.47200", "2007-12-31": "72.83800", "2006-12-31": "16.77100", "2005-12-31": "0.56650"}, "EBIT": {"2019-12-31": "131.44500", "2018-12-31": "104.13100", "2017-12-31": "-2.33800", "2016-12-31": "-1.72200", "2015-12-31": "27.86600", "2014-12-31": "14.56400", "2013-12-31": "-29.65400", "2012-12-31": "-39.48900", "2011-12-31": "-48.03800", "2010-12-31": "132.31700", "2009-12-31": "120.21900", "2008-12-31": "101.40500", "2007-12-31": "41.29800", "2006-12-31": "9.74400", "2005-12-31": "0.32520"}, "Basic Shares Outstanding": {"2019-12-31": "90.62200", "2018-12-31": "86.32100", "2017-12-31": "93.58700", "2016-12-31": "93.84400", "2015-12-31": "86.44460", "2014-12-31": "77.36200", "2013-12-31": "51.00420", "2012-12-31": "15.72500", "2011-12-31": "9.85320", "2010-12-31": "78.93420", "2009-12-31": "77.21560", "2008-12-31": "55.69560", "2007-12-31": "23.21190", "2006-12-31": "5.05760", "2005-12-31": "0.15700"}, "Shares Outstanding": {"2019-12-31": "90.86900", "2018-12-31": "86.47600", "2017-12-31": "93.58900", "2016-12-31": "93.84900", "2015-12-31": "86.50920", "2014-12-31": "77.36200", "2013-12-31": "51.00420", "2012-12-31": "15.72500", "2011-12-31": "9.85320", "2010-12-31": "78.93420", "2009-12-31": "77.21680", "2008-12-31": "55.69670", "2007-12-31": "23.21230", "2006-12-31": "5.05760", "2005-12-31": "0.15700"}, "Basic EPS": {"2019-12-31": "1.81000", "2018-12-31": "1.40000", "2017-12-31": "0.79000", "2016-12-31": "1.03000", "2015-12-31": "1.05000", "2014-12-31": "-0.50000", "2013-12-31": "-0.05000", "2012-12-31": "-4.85000", "2011-12-31": "-6.50000", "2010-12-31": "0.39370", "2009-12-31": "0.28870", "2008-12-31": "0.44620", "2007-12-31": "0.18370", "2006-12-31": "0.26250", "2005-12-31": "-0.73500"}, "EPS - Earnings Per Share": {"2019-12-31": "1.81000", "2018-12-31": "1.39000", "2017-12-31": "0.79000", "2016-12-31": "1.03000", "2015-12-31": "1.05000", "2014-12-31": "-0.50000", "2013-12-31": "-0.05000", "2012-12-31": "-4.85000", "2011-12-31": "-6.50000", "2010-12-31": "0.39370", "2009-12-31": "0.28870", "2008-12-31": "0.44620", "2007-12-31": "0.18370", "2006-12-31": "0.26250", "2005-12-31": "-0.73500"}}, "income statement, quarterly": {"Revenue": {"2020-09-30": "113.74100", "2020-06-30": "118.52400", "2020-03-31": "122.72000", "2019-12-31": "121.14200", "2019-09-30": "166.94700", "2019-06-30": "115.74500", "2019-03-31": "112.59300", "2018-12-31": "129.48300", "2018-09-30": "109.64400", "2018-06-30": "102.45900", "2018-03-31": "103.53900", "2017-12-31": "48.44500", "2017-09-30": "108.72100", "2017-06-30": "108.67000", "2017-03-31": "165.42200", "2016-12-31": "-77.25100", "2016-09-30": "172.50800", "2016-06-30": "171.72600", "2016-03-31": "168.35700", "2015-12-31": "168.68900", "2015-09-30": "168.42500", "2015-06-30": "167.93400", "2015-03-31": "162.28700", "2014-12-31": "154.81500", "2014-09-30": "152.29500", "2014-06-30": "151.78900", "2014-03-31": "143.97200", "2013-12-31": "139.23800", "2013-09-30": "136.84700", "2013-06-30": "72.41400", "2013-03-31": "70.96800", "2012-12-31": "62.52100", "2012-09-30": "68.22500", "2012-06-30": "70.80400", "2012-03-31": "71.56500", "2011-12-31": "54.76800", "2011-09-30": "69.27100", "2011-06-30": "69.37600", "2011-03-31": "69.81500", "2010-12-31": "67.87600", "2010-09-30": "66.98400", "2010-06-30": "67.63600", "2010-03-31": "66.65400", "2009-12-31": "67.87300", "2009-09-30": "72.18700", "2009-06-30": "66.98700", "2009-03-31": "68.40800", "2008-12-31": "65.12400", "2008-09-30": "51.09200", "2008-06-30": "44.10800", "2008-03-31": "40.68000", "2007-12-31": "31.88430", "2007-09-30": "26.53900", "2007-06-30": "18.82140", "2007-03-31": "12.59740", "2006-12-31": "8.37470", "2006-09-30": "4.85800", "2006-06-30": "3.71550", "2006-03-31": "2.57180", "2005-12-31": "", "2005-09-30": "0.00280"}, "Cost Of Goods Sold": {"2020-09-30": "5.64600", "2020-06-30": "7.24800", "2020-03-31": "6.95500", "2019-12-31": "4.93900", "2019-09-30": "4.73700", "2019-06-30": "4.58000", "2019-03-31": "5.22500", "2018-12-31": "5.65100", "2018-09-30": "5.19800", "2018-06-30": "4.87600", "2018-03-31": "5.55100", "2017-12-31": "6.47600", "2017-09-30": "5.18000", "2017-06-30": "7.78000", "2017-03-31": "9.05100", "2016-12-31": "5.19100", "2016-09-30": "6.91600", "2016-06-30": "6.61100", "2016-03-31": "7.32700", "2015-12-31": "7.39800", "2015-09-30": "6.49600", "2015-06-30": "6.41400", "2015-03-31": "7.40700", "2014-12-31": "6.16800", "2014-09-30": "5.35700", "2014-06-30": "6.57600", "2014-03-31": "5.28200", "2013-12-31": "5.42600", "2013-09-30": "5.06700", "2013-06-30": "0.32700", "2013-03-31": "0.94000", "2012-12-31": "-1.31700", "2012-09-30": "0.94700", "2012-06-30": "9.82700", "2012-03-31": "10.42600", "2011-12-31": "", "2011-09-30": "9.58400", "2011-06-30": "9.76100", "2011-03-31": "10.16800", "2010-12-31": "8.89700", "2010-09-30": "9.20300", "2010-06-30": "9.23400", "2010-03-31": "9.40700", "2009-12-31": "10.27100", "2009-09-30": "10.15600", "2009-06-30": "9.86200", "2009-03-31": "10.43600", "2008-12-31": "10.38200", "2008-09-30": "6.08100", "2008-06-30": "5.48500", "2008-03-31": "4.61000", "2007-12-31": "3.03120", "2007-09-30": "3.81300", "2007-06-30": "2.23760", "2007-03-31": "1.56920", "2006-12-31": "1.18700", "2006-09-30": "0.57120", "2006-06-30": "0.32980", "2006-03-31": "0.26600", "2005-12-31": "", "2005-09-30": ""}, "Gross Profit": {"2020-09-30": "108.09500", "2020-06-30": "111.27600", "2020-03-31": "115.76500", "2019-12-31": "116.20300", "2019-09-30": "162.21000", "2019-06-30": "111.16500", "2019-03-31": "107.36800", "2018-12-31": "123.83200", "2018-09-30": "104.44600", "2018-06-30": "97.58300", "2018-03-31": "97.98800", "2017-12-31": "41.96900", "2017-09-30": "103.54100", "2017-06-30": "100.89000", "2017-03-31": "156.37100", "2016-12-31": "-82.44200", "2016-09-30": "165.59200", "2016-06-30": "165.11500", "2016-03-31": "161.03000", "2015-12-31": "161.29100", "2015-09-30": "161.92900", "2015-06-30": "161.52000", "2015-03-31": "154.88000", "2014-12-31": "148.64700", "2014-09-30": "146.93800", "2014-06-30": "145.21300", "2014-03-31": "138.69000", "2013-12-31": "133.81200", "2013-09-30": "131.78000", "2013-06-30": "72.08700", "2013-03-31": "70.02800", "2012-12-31": "63.83800", "2012-09-30": "67.27800", "2012-06-30": "60.97700", "2012-03-31": "61.13900", "2011-12-31": "54.76800", "2011-09-30": "59.68700", "2011-06-30": "59.61500", "2011-03-31": "59.64700", "2010-12-31": "58.97900", "2010-09-30": "57.78100", "2010-06-30": "58.40200", "2010-03-31": "57.24700", "2009-12-31": "57.60200", "2009-09-30": "62.03100", "2009-06-30": "57.12500", "2009-03-31": "57.97200", "2008-12-31": "54.74200", "2008-09-30": "45.01100", "2008-06-30": "38.62300", "2008-03-31": "36.07000", "2007-12-31": "28.85310", "2007-09-30": "22.72600", "2007-06-30": "16.58380", "2007-03-31": "11.02810", "2006-12-31": "7.18770", "2006-09-30": "4.28680", "2006-06-30": "3.38570", "2006-03-31": "2.30580", "2005-12-31": "", "2005-09-30": "0.00280"}, "Research And Development Expenses": {"2020-09-30": "", "2020-06-30": "", "2020-03-31": "", "2019-12-31": "", "2019-09-30": "", "2019-06-30": "", "2019-03-31": "", "2018-12-31": "", "2018-09-30": "", "2018-06-30": "", "2018-03-31": "", "2017-12-31": "", "2017-09-30": "", "2017-06-30": "", "2017-03-31": "", "2016-12-31": "", "2016-09-30": "", "2016-06-30": "", "2016-03-31": "", "2015-12-31": "", "2015-09-30": "", "2015-06-30": "", "2015-03-31": "", "2014-12-31": "", "2014-09-30": "", "2014-06-30": "", "2014-03-31": "", "2013-12-31": "", "2013-09-30": "", "2013-06-30": "", "2013-03-31": "", "2012-12-31": "", "2012-09-30": "", "2012-06-30": "", "2012-03-31": "", "2011-12-31": "", "2011-09-30": "", "2011-06-30": "", "2011-03-31": "", "2010-12-31": "", "2010-09-30": "", "2010-06-30": "", "2010-03-31": "", "2009-12-31": "", "2009-09-30": "", "2009-06-30": "", "2009-03-31": "", "2008-12-31": "", "2008-09-30": "", "2008-06-30": "", "2008-03-31": "", "2007-12-31": "", "2007-09-30": "", "2007-06-30": "", "2007-03-31": "", "2006-12-31": "", "2006-09-30": "", "2006-06-30": "", "2006-03-31": "", "2005-12-31": "", "2005-09-30": ""}, "SG&A Expenses": {"2020-09-30": "10.93100", "2020-06-30": "11.97500", "2020-03-31": "13.49000", "2019-12-31": "12.68300", "2019-09-30": "12.72700", "2019-06-30": "13.83300", "2019-03-31": "13.18100", "2018-12-31": "13.15000", "2018-09-30": "11.03300", "2018-06-30": "13.52000", "2018-03-31": "15.29000", "2017-12-31": "7.00000", "2017-09-30": "12.71200", "2017-06-30": "21.86800", "2017-03-31": "13.41800", "2016-12-31": "8.04000", "2016-09-30": "15.11200", "2016-06-30": "13.85000", "2016-03-31": "11.64900", "2015-12-31": "10.99300", "2015-09-30": "12.16500", "2015-06-30": "11.97200", "2015-03-31": "12.60000", "2014-12-31": "10.73900", "2014-09-30": "10.38000", "2014-06-30": "10.45100", "2014-03-31": "11.06700", "2013-12-31": "9.08100", "2013-09-30": "9.94600", "2013-06-30": "9.15100", "2013-03-31": "6.96800", "2012-12-31": "14.79700", "2012-09-30": "17.36200", "2012-06-30": "1.84800", "2012-03-31": "2.24500", "2011-12-31": "21.67400", "2011-09-30": "2.23700", "2011-06-30": "1.94100", "2011-03-31": "2.00200", "2010-12-31": "1.35600", "2010-09-30": "1.74000", "2010-06-30": "1.84000", "2010-03-31": "2.05300", "2009-12-31": "1.75800", "2009-09-30": "1.76700", "2009-06-30": "1.54700", "2009-03-31": "1.94800", "2008-12-31": "2.03000", "2008-09-30": "1.52200", "2008-06-30": "1.11100", "2008-03-31": "0.96900", "2007-12-31": "0.74710", "2007-09-30": "0.44400", "2007-06-30": "0.50580", "2007-03-31": "0.31410", "2006-12-31": "0.14710", "2006-09-30": "0.26510", "2006-06-30": "0.33030", "2006-03-31": "0.21060", "2005-12-31": "", "2005-09-30": "0.02690"}, "Other Operating Income Or Expenses": {"2020-09-30": "-34.51000", "2020-06-30": "-47.14400", "2020-03-31": "-66.13300", "2019-12-31": "-35.45800", "2019-09-30": "-43.06800", "2019-06-30": "-28.78300", "2019-03-31": "-30.30300", "2018-12-31": "-26.58700", "2018-09-30": "-26.06300", "2018-06-30": "-25.02600", "2018-03-31": "-26.59700", "2017-12-31": "-2.87400", "2017-09-30": "-52.42600", "2017-06-30": "-38.53900", "2017-03-31": "-81.15200", "2016-12-31": "10.34100", "2016-09-30": "-64.11600", "2016-06-30": "-63.52200", "2016-03-31": "-65.69200", "2015-12-31": "-68.46100", "2015-09-30": "-76.27600", "2015-06-30": "-90.39100", "2015-03-31": "-61.20700", "2014-12-31": "-51.72400", "2014-09-30": "-67.61400", "2014-06-30": "-84.37000", "2014-03-31": "-57.59100", "2013-12-31": "-53.92000", "2013-09-30": "-50.85600", "2013-06-30": "-39.49600", "2013-03-31": "-36.52800", "2012-12-31": "-122.20500", "2012-09-30": "-42.00800", "2012-06-30": "-1.97900", "2012-03-31": "", "2011-12-31": "-172.84200", "2011-09-30": "-0.38200", "2011-06-30": "-1.95600", "2011-03-31": "-0.36200", "2010-12-31": "-1.59000", "2010-09-30": "-1.22600", "2010-06-30": "-5.12500", "2010-03-31": "", "2009-12-31": "-0.00100", "2009-09-30": "", "2009-06-30": "-13.56900", "2009-03-31": "-3.17100", "2008-12-31": "", "2008-09-30": "", "2008-06-30": "", "2008-03-31": "-3.55000", "2007-12-31": "", "2007-09-30": "", "2007-06-30": "-5.40000", "2007-03-31": "", "2006-12-31": "", "2006-09-30": "", "2006-06-30": "", "2006-03-31": "", "2005-12-31": "", "2005-09-30": ""}, "Operating Expenses": {"2020-09-30": "103.25700", "2020-06-30": "119.52700", "2020-03-31": "138.81400", "2019-12-31": "101.94700", "2019-09-30": "104.43900", "2019-06-30": "88.53800", "2019-03-31": "90.05800", "2018-12-31": "86.82500", "2018-09-30": "82.67300", "2018-06-30": "83.36400", "2018-03-31": "88.13200", "2017-12-31": "39.71700", "2017-09-30": "113.63600", "2017-06-30": "111.62800", "2017-03-31": "168.61500", "2016-12-31": "-17.68600", "2016-09-30": "154.70800", "2016-06-30": "150.05900", "2016-03-31": "149.98100", "2015-12-31": "158.98100", "2015-09-30": "159.53000", "2015-06-30": "173.44800", "2015-03-31": "147.51000", "2014-12-31": "132.02800", "2014-09-30": "145.40900", "2014-06-30": "176.38100", "2014-03-31": "134.48900", "2013-12-31": "128.33200", "2013-09-30": "159.18300", "2013-06-30": "83.69400", "2013-03-31": "77.91200", "2012-12-31": "153.57900", "2012-09-30": "86.55400", "2012-06-30": "37.60600", "2012-03-31": "34.86500", "2011-12-31": "206.76600", "2011-09-30": "34.26900", "2011-06-30": "35.64700", "2011-03-31": "34.58600", "2010-12-31": "33.17500", "2010-09-30": "32.89900", "2010-06-30": "38.26000", "2010-03-31": "32.49900", "2009-12-31": "32.95300", "2009-09-30": "39.85900", "2009-06-30": "46.12200", "2009-03-31": "36.30200", "2008-12-31": "32.12300", "2008-09-30": "24.26400", "2008-06-30": "20.71600", "2008-03-31": "22.49600", "2007-12-31": "14.61050", "2007-09-30": "13.02600", "2007-06-30": "14.75290", "2007-03-31": "6.15460", "2006-12-31": "4.07730", "2006-09-30": "2.45400", "2006-06-30": "1.93570", "2006-03-31": "1.30910", "2005-12-31": "", "2005-09-30": "0.03040"}, "Operating Income": {"2020-09-30": "10.48400", "2020-06-30": "-1.00300", "2020-03-31": "-16.09400", "2019-12-31": "19.19500", "2019-09-30": "62.50800", "2019-06-30": "27.20700", "2019-03-31": "22.53500", "2018-12-31": "42.65800", "2018-09-30": "26.97100", "2018-06-30": "19.09500", "2018-03-31": "15.40700", "2017-12-31": "8.72800", "2017-09-30": "-4.91500", "2017-06-30": "-2.95800", "2017-03-31": "-3.19300", "2016-12-31": "-59.56500", "2016-09-30": "17.80000", "2016-06-30": "21.66700", "2016-03-31": "18.37600", "2015-12-31": "9.70800", "2015-09-30": "8.89500", "2015-06-30": "-5.51400", "2015-03-31": "14.77700", "2014-12-31": "22.78700", "2014-09-30": "6.88600", "2014-06-30": "-24.59200", "2014-03-31": "9.48300", "2013-12-31": "10.90600", "2013-09-30": "-22.33600", "2013-06-30": "-11.28000", "2013-03-31": "-6.94400", "2012-12-31": "-91.05800", "2012-09-30": "-18.32900", "2012-06-30": "33.19800", "2012-03-31": "36.70000", "2011-12-31": "-151.99800", "2011-09-30": "35.00200", "2011-06-30": "33.72900", "2011-03-31": "35.22900", "2010-12-31": "34.70100", "2010-09-30": "34.08500", "2010-06-30": "29.37600", "2010-03-31": "34.15500", "2009-12-31": "34.92000", "2009-09-30": "32.32800", "2009-06-30": "20.86500", "2009-03-31": "32.10600", "2008-12-31": "33.00100", "2008-09-30": "26.82800", "2008-06-30": "23.39200", "2008-03-31": "18.18400", "2007-12-31": "17.27380", "2007-09-30": "13.51300", "2007-06-30": "4.06840", "2007-03-31": "6.44280", "2006-12-31": "4.29740", "2006-09-30": "2.40410", "2006-06-30": "1.77980", "2006-03-31": "1.26270", "2005-12-31": "", "2005-09-30": "-0.02770"}, "Total Non-Operating Income/Expense": {"2020-09-30": "3.51100", "2020-06-30": "0.65800", "2020-03-31": "0.38800", "2019-12-31": "-14.76700", "2019-09-30": "29.97600", "2019-06-30": "18.85000", "2019-03-31": "21.26300", "2018-12-31": "12.23300", "2018-09-30": "4.18600", "2018-06-30": "5.89900", "2018-03-31": "22.83400", "2017-12-31": "24.53500", "2017-09-30": "11.88100", "2017-06-30": "6.89100", "2017-03-31": "-0.03000", "2016-12-31": "30.90200", "2016-09-30": "-8.34900", "2016-06-30": "14.01600", "2016-03-31": "-5.34100", "2015-12-31": "-5.65100", "2015-09-30": "0.34200", "2015-06-30": "3.37700", "2015-03-31": "-1.23000", "2014-12-31": "-0.25400", "2014-09-30": "0.21200", "2014-06-30": "-64.70800", "2014-03-31": "", "2013-12-31": "", "2013-09-30": "", "2013-06-30": "", "2013-03-31": "", "2012-12-31": "53.34000", "2012-09-30": "-32.52200", "2012-06-30": "-26.44300", "2012-03-31": "-26.89700", "2011-12-31": "", "2011-09-30": "-22.05000", "2011-06-30": "-18.80200", "2011-03-31": "-18.49400", "2010-12-31": "-25.42500", "2010-09-30": "-25.69800", "2010-06-30": "-25.63600", "2010-03-31": "-25.12800", "2009-12-31": "-25.35600", "2009-09-30": "-25.41900", "2009-06-30": "-24.56300", "2009-03-31": "-22.47500", "2008-12-31": "-24.50400", "2008-09-30": "-17.86700", "2008-06-30": "-16.34500", "2008-03-31": "-17.59700", "2007-12-31": "-14.11070", "2007-09-30": "-10.51400", "2007-06-30": "-7.43520", "2007-03-31": "-4.75800", "2006-12-31": "-2.97950", "2006-09-30": "-2.01160", "2006-06-30": "-1.96170", "2006-03-31": "-1.44530", "2005-12-31": "", "2005-09-30": "-0.00190"}, "Pre-Tax Income": {"2020-09-30": "13.99500", "2020-06-30": "-0.34500", "2020-03-31": "-15.70600", "2019-12-31": "4.42800", "2019-09-30": "92.48400", "2019-06-30": "46.05700", "2019-03-31": "43.79800", "2018-12-31": "54.89100", "2018-09-30": "31.15700", "2018-06-30": "24.99400", "2018-03-31": "38.24100", "2017-12-31": "33.26300", "2017-09-30": "6.96600", "2017-06-30": "3.93300", "2017-03-31": "-3.22300", "2016-12-31": "-28.66300", "2016-09-30": "9.45100", "2016-06-30": "35.68300", "2016-03-31": "13.03500", "2015-12-31": "4.05700", "2015-09-30": "9.23700", "2015-06-30": "-2.13700", "2015-03-31": "13.54700", "2014-12-31": "22.53300", "2014-09-30": "7.09800", "2014-06-30": "-89.30000", "2014-03-31": "9.48300", "2013-12-31": "8.50100", "2013-09-30": "-22.33600", "2013-06-30": "-11.28000", "2013-03-31": "-6.94400", "2012-12-31": "-37.71800", "2012-09-30": "-50.85100", "2012-06-30": "6.75500", "2012-03-31": "9.80300", "2011-12-31": "-92.65200", "2011-09-30": "12.95200", "2011-06-30": "14.92700", "2011-03-31": "16.73500", "2010-12-31": "9.27600", "2010-09-30": "8.38700", "2010-06-30": "3.74000", "2010-03-31": "9.02700", "2009-12-31": "9.56400", "2009-09-30": "6.90900", "2009-06-30": "-3.69800", "2009-03-31": "9.63100", "2008-12-31": "8.49700", "2008-09-30": "8.96100", "2008-06-30": "7.04700", "2008-03-31": "0.58700", "2007-12-31": "3.16310", "2007-09-30": "2.99900", "2007-06-30": "-3.36680", "2007-03-31": "1.68470", "2006-12-31": "1.31790", "2006-09-30": "0.39250", "2006-06-30": "-0.18180", "2006-03-31": "-0.18260", "2005-12-31": "", "2005-09-30": "-0.02950"}, "Income Taxes": {"2020-09-30": "0.19700", "2020-06-30": "0.06800", "2020-03-31": "0.14100", "2019-12-31": "-0.22900", "2019-09-30": "11.19000", "2019-06-30": "0.32000", "2019-03-31": "0.22000", "2018-12-31": "0.31700", "2018-09-30": "0.13500", "2018-06-30": "0.17700", "2018-03-31": "0.16300", "2017-12-31": "0.04200", "2017-09-30": "0.14400", "2017-06-30": "0.16000", "2017-03-31": "0.16500", "2016-12-31": "-0.06400", "2016-09-30": "0.01200", "2016-06-30": "0.83900", "2016-03-31": "0.08100", "2015-12-31": "-0.10600", "2015-09-30": "0.18400", "2015-06-30": "0.16100", "2015-03-31": "0.36200", "2014-12-31": "0.08700", "2014-09-30": "0.24200", "2014-06-30": "0.12700", "2014-03-31": "0.21700", "2013-12-31": "0.16800", "2013-09-30": "0.80300", "2013-06-30": "0.06800", "2013-03-31": "0.07400", "2012-12-31": "0.43000", "2012-09-30": "0.07400", "2012-06-30": "", "2012-03-31": "", "2011-12-31": "", "2011-09-30": "", "2011-06-30": "", "2011-03-31": "", "2010-12-31": "", "2010-09-30": "", "2010-06-30": "", "2010-03-31": "", "2009-12-31": "", "2009-09-30": "", "2009-06-30": "", "2009-03-31": "", "2008-12-31": "", "2008-09-30": "", "2008-06-30": "", "2008-03-31": "", "2007-12-31": "", "2007-09-30": "", "2007-06-30": "", "2007-03-31": "", "2006-12-31": "", "2006-09-30": "", "2006-06-30": "", "2006-03-31": "", "2005-12-31": "", "2005-09-30": ""}, "Income After Taxes": {"2020-09-30": "13.79800", "2020-06-30": "-0.41300", "2020-03-31": "-15.84700", "2019-12-31": "4.65700", "2019-09-30": "81.29400", "2019-06-30": "45.73700", "2019-03-31": "43.57800", "2018-12-31": "54.57400", "2018-09-30": "31.02200", "2018-06-30": "24.81700", "2018-03-31": "38.07800", "2017-12-31": "33.22100", "2017-09-30": "6.82200", "2017-06-30": "3.77300", "2017-03-31": "-3.38800", "2016-12-31": "-28.59900", "2016-09-30": "9.43900", "2016-06-30": "34.84400", "2016-03-31": "12.95400", "2015-12-31": "4.16300", "2015-09-30": "9.05300", "2015-06-30": "-2.29800", "2015-03-31": "13.18500", "2014-12-31": "22.44600", "2014-09-30": "6.85600", "2014-06-30": "-89.42700", "2014-03-31": "9.26600", "2013-12-31": "8.33300", "2013-09-30": "-23.13900", "2013-06-30": "-11.34800", "2013-03-31": "-7.01800", "2012-12-31": "-38.14800", "2012-09-30": "-50.92500", "2012-06-30": "6.75500", "2012-03-31": "9.80300", "2011-12-31": "-92.59200", "2011-09-30": "12.95200", "2011-06-30": "14.92700", "2011-03-31": "16.73500", "2010-12-31": "9.27600", "2010-09-30": "8.38700", "2010-06-30": "3.74000", "2010-03-31": "9.02700", "2009-12-31": "9.56400", "2009-09-30": "6.90900", "2009-06-30": "-3.69800", "2009-03-31": "9.63100", "2008-12-31": "8.49700", "2008-09-30": "8.96100", "2008-06-30": "7.04700", "2008-03-31": "0.58700", "2007-12-31": "3.16310", "2007-09-30": "2.99900", "2007-06-30": "-3.36680", "2007-03-31": "1.68470", "2006-12-31": "1.31790", "2006-09-30": "0.39250", "2006-06-30": "-0.18180", "2006-03-31": "-0.18260", "2005-12-31": "", "2005-09-30": "-0.02950"}, "Other Income": {"2020-09-30": "", "2020-06-30": "", "2020-03-31": "", "2019-12-31": "", "2019-09-30": "", "2019-06-30": "", "2019-03-31": "", "2018-12-31": "", "2018-09-30": "", "2018-06-30": "", "2018-03-31": "", "2017-12-31": "", "2017-09-30": "", "2017-06-30": "", "2017-03-31": "", "2016-12-31": "", "2016-09-30": "", "2016-06-30": "", "2016-03-31": "", "2015-12-31": "", "2015-09-30": "", "2015-06-30": "", "2015-03-31": "", "2014-12-31": "", "2014-09-30": "", "2014-06-30": "", "2014-03-31": "", "2013-12-31": "", "2013-09-30": "", "2013-06-30": "", "2013-03-31": "", "2012-12-31": "", "2012-09-30": "", "2012-06-30": "", "2012-03-31": "", "2011-12-31": "", "2011-09-30": "", "2011-06-30": "", "2011-03-31": "", "2010-12-31": "", "2010-09-30": "", "2010-06-30": "", "2010-03-31": "", "2009-12-31": "", "2009-09-30": "", "2009-06-30": "", "2009-03-31": "", "2008-12-31": "", "2008-09-30": "", "2008-06-30": "", "2008-03-31": "", "2007-12-31": "", "2007-09-30": "", "2007-06-30": "", "2007-03-31": "", "2006-12-31": "", "2006-09-30": "", "2006-06-30": "", "2006-03-31": "", "2005-12-31": "", "2005-09-30": ""}, "Income From Continuous Operations": {"2020-09-30": "13.79800", "2020-06-30": "-0.41300", "2020-03-31": "-15.84700", "2019-12-31": "4.65700", "2019-09-30": "81.29400", "2019-06-30": "45.73700", "2019-03-31": "43.57800", "2018-12-31": "54.57400", "2018-09-30": "31.02200", "2018-06-30": "24.81700", "2018-03-31": "38.07800", "2017-12-31": "33.22100", "2017-09-30": "6.82200", "2017-06-30": "3.77300", "2017-03-31": "-3.38800", "2016-12-31": "-28.59900", "2016-09-30": "9.43900", "2016-06-30": "34.84400", "2016-03-31": "12.95400", "2015-12-31": "4.16300", "2015-09-30": "9.05300", "2015-06-30": "-2.29800", "2015-03-31": "13.18500", "2014-12-31": "22.44600", "2014-09-30": "6.85600", "2014-06-30": "-89.42700", "2014-03-31": "9.26600", "2013-12-31": "8.33300", "2013-09-30": "-23.13900", "2013-06-30": "-11.34800", "2013-03-31": "-7.01800", "2012-12-31": "-38.14800", "2012-09-30": "-50.92500", "2012-06-30": "6.75500", "2012-03-31": "9.80300", "2011-12-31": "-92.59200", "2011-09-30": "12.95200", "2011-06-30": "14.92700", "2011-03-31": "16.73500", "2010-12-31": "9.27600", "2010-09-30": "8.38700", "2010-06-30": "3.74000", "2010-03-31": "9.02700", "2009-12-31": "9.56400", "2009-09-30": "6.90900", "2009-06-30": "-3.69800", "2009-03-31": "9.63100", "2008-12-31": "8.49700", "2008-09-30": "8.96100", "2008-06-30": "7.04700", "2008-03-31": "0.58700", "2007-12-31": "3.16310", "2007-09-30": "2.99900", "2007-06-30": "-3.36680", "2007-03-31": "1.68470", "2006-12-31": "1.31790", "2006-09-30": "0.39250", "2006-06-30": "-0.18180", "2006-03-31": "-0.18260", "2005-12-31": "", "2005-09-30": "-0.02950"}, "Income From Discontinued Operations": {"2020-09-30": "", "2020-06-30": "", "2020-03-31": "", "2019-12-31": "", "2019-09-30": "", "2019-06-30": "", "2019-03-31": "", "2018-12-31": "-0.46000", "2018-09-30": "-0.96600", "2018-06-30": "-7.65300", "2018-03-31": "-7.36000", "2017-12-31": "2.57000", "2017-09-30": "-1.50000", "2017-06-30": "19.43300", "2017-03-31": "16.21700", "2016-12-31": "29.58700", "2016-09-30": "17.96000", "2016-06-30": "11.11500", "2016-03-31": "10.14600", "2015-12-31": "2.13800", "2015-09-30": "5.95000", "2015-06-30": "51.64300", "2015-03-31": "9.37800", "2014-12-31": "8.88200", "2014-09-30": "1.36900", "2014-06-30": "-0.91900", "2014-03-31": "4.58200", "2013-12-31": "31.96000", "2013-09-30": "1.23100", "2013-06-30": "-0.32100", "2013-03-31": "-1.31400", "2012-12-31": "-4.78400", "2012-09-30": "1.06600", "2012-06-30": "", "2012-03-31": "", "2011-12-31": "", "2011-09-30": "", "2011-06-30": "", "2011-03-31": "", "2010-12-31": "", "2010-09-30": "", "2010-06-30": "", "2010-03-31": "", "2009-12-31": "", "2009-09-30": "", "2009-06-30": "", "2009-03-31": "", "2008-12-31": "", "2008-09-30": "", "2008-06-30": "", "2008-03-31": "", "2007-12-31": "", "2007-09-30": "", "2007-06-30": "", "2007-03-31": "", "2006-12-31": "", "2006-09-30": "0.15640", "2006-06-30": "", "2006-03-31": "", "2005-12-31": "", "2005-09-30": ""}, "Net Income": {"2020-09-30": "11.21100", "2020-06-30": "-3.00100", "2020-03-31": "-18.43500", "2019-12-31": "2.07000", "2019-09-30": "78.70700", "2019-06-30": "43.14900", "2019-03-31": "40.99000", "2018-12-31": "51.52600", "2018-09-30": "27.46800", "2018-06-30": "14.57600", "2018-03-31": "28.13000", "2017-12-31": "33.26100", "2017-09-30": "5.32200", "2017-06-30": "23.20600", "2017-03-31": "12.82900", "2016-12-31": "0.98800", "2016-09-30": "27.39900", "2016-06-30": "45.95900", "2016-03-31": "23.10000", "2015-12-31": "6.30100", "2015-09-30": "15.00300", "2015-06-30": "49.34500", "2015-03-31": "22.56300", "2014-12-31": "31.32800", "2014-09-30": "8.22500", "2014-06-30": "-90.34600", "2014-03-31": "13.84800", "2013-12-31": "40.29300", "2013-09-30": "-21.90800", "2013-06-30": "-11.66900", "2013-03-31": "-8.33200", "2012-12-31": "-42.99500", "2012-09-30": "-49.85900", "2012-06-30": "6.75500", "2012-03-31": "9.80300", "2011-12-31": "-108.49300", "2011-09-30": "12.95200", "2011-06-30": "14.92700", "2011-03-31": "16.73500", "2010-12-31": "9.27600", "2010-09-30": "8.38700", "2010-06-30": "3.74000", "2010-03-31": "9.02700", "2009-12-31": "9.56400", "2009-09-30": "6.90900", "2009-06-30": "-3.69800", "2009-03-31": "9.63100", "2008-12-31": "8.49700", "2008-09-30": "8.96100", "2008-06-30": "7.04700", "2008-03-31": "0.58700", "2007-12-31": "3.16310", "2007-09-30": "2.99900", "2007-06-30": "-3.36680", "2007-03-31": "1.68470", "2006-12-31": "1.16150", "2006-09-30": "0.54890", "2006-06-30": "-0.18180", "2006-03-31": "-0.18260", "2005-12-31": "", "2005-09-30": "-0.02950"}, "EBITDA": {"2020-09-30": "65.84400", "2020-06-30": "55.55700", "2020-03-31": "39.21000", "2019-12-31": "71.12100", "2019-09-30": "109.10000", "2019-06-30": "72.24300", "2019-03-31": "68.62100", "2018-12-31": "88.63100", "2018-09-30": "71.87600", "2018-06-30": "79.33800", "2018-03-31": "85.06500", "2017-12-31": "78.39100", "2017-09-30": "64.56800", "2017-06-30": "66.92700", "2017-03-31": "67.26300", "2016-12-31": "15.52200", "2016-09-30": "85.47000", "2016-06-30": "90.66400", "2016-03-31": "85.99600", "2015-12-31": "77.44500", "2015-09-30": "75.86000", "2015-06-30": "61.72800", "2015-03-31": "83.59300", "2014-12-31": "87.92300", "2014-09-30": "70.93100", "2014-06-30": "38.56200", "2014-03-31": "70.05000", "2013-12-31": "69.40100", "2013-09-30": "28.68800", "2013-06-30": "28.77600", "2013-03-31": "28.25600", "2012-12-31": "-59.25200", "2012-09-30": "41.02300", "2012-06-30": "56.36300", "2012-03-31": "59.66100", "2011-12-31": "-83.79900", "2011-09-30": "57.77500", "2011-06-30": "56.22600", "2011-03-31": "58.26100", "2010-12-31": "56.73800", "2010-09-30": "55.32000", "2010-06-30": "51.04100", "2010-03-31": "55.64400", "2009-12-31": "56.53000", "2009-09-30": "55.79000", "2009-06-30": "42.09800", "2009-03-31": "52.59000", "2008-12-31": "53.50900", "2008-09-30": "43.31400", "2008-06-30": "37.31000", "2008-03-31": "32.33900", "2007-12-31": "28.56880", "2007-09-30": "22.42310", "2007-06-30": "10.86590", "2007-03-31": "10.98030", "2006-12-31": "7.07010", "2006-09-30": "4.35780", "2006-06-30": "3.16790", "2006-03-31": "2.17520", "2005-12-31": "", "2005-09-30": "-0.02770"}, "EBIT": {"2020-09-30": "10.48400", "2020-06-30": "-1.00300", "2020-03-31": "-16.09400", "2019-12-31": "19.19500", "2019-09-30": "62.50800", "2019-06-30": "27.20700", "2019-03-31": "22.53500", "2018-12-31": "42.65800", "2018-09-30": "26.97100", "2018-06-30": "19.09500", "2018-03-31": "15.40700", "2017-12-31": "8.72800", "2017-09-30": "-4.91500", "2017-06-30": "-2.95800", "2017-03-31": "-3.19300", "2016-12-31": "-59.56500", "2016-09-30": "17.80000", "2016-06-30": "21.66700", "2016-03-31": "18.37600", "2015-12-31": "9.70800", "2015-09-30": "8.89500", "2015-06-30": "-5.51400", "2015-03-31": "14.77700", "2014-12-31": "22.78690", "2014-09-30": "6.88600", "2014-06-30": "-24.59200", "2014-03-31": "9.48300", "2013-12-31": "10.90600", "2013-09-30": "-22.33600", "2013-06-30": "-11.28000", "2013-03-31": "-6.94400", "2012-12-31": "-91.05800", "2012-09-30": "-18.32900", "2012-06-30": "33.19800", "2012-03-31": "36.70000", "2011-12-31": "-151.99800", "2011-09-30": "35.00200", "2011-06-30": "33.72900", "2011-03-31": "35.22900", "2010-12-31": "34.70100", "2010-09-30": "34.08500", "2010-06-30": "29.37600", "2010-03-31": "34.15500", "2009-12-31": "34.92000", "2009-09-30": "32.32800", "2009-06-30": "20.86500", "2009-03-31": "32.10600", "2008-12-31": "33.00100", "2008-09-30": "26.82800", "2008-06-30": "23.39200", "2008-03-31": "18.18400", "2007-12-31": "17.27380", "2007-09-30": "13.51300", "2007-06-30": "4.06840", "2007-03-31": "6.44280", "2006-12-31": "4.29740", "2006-09-30": "2.40410", "2006-06-30": "1.77980", "2006-03-31": "1.26270", "2005-12-31": "", "2005-09-30": "-0.02770"}, "Basic Shares Outstanding": {"2020-09-30": "102.75000", "2020-06-30": "102.67900", "2020-03-31": "102.23000", "2019-12-31": "90.62200", "2019-09-30": "90.04000", "2019-06-30": "87.00200", "2019-03-31": "85.49700", "2018-12-31": "86.32100", "2018-09-30": "85.33600", "2018-06-30": "85.62700", "2018-03-31": "88.97500", "2017-12-31": "93.58700", "2017-09-30": "91.33440", "2017-06-30": "95.82040", "2017-03-31": "96.52140", "2016-12-31": "93.84400", "2016-09-30": "95.91080", "2016-06-30": "94.63220", "2016-03-31": "88.27320", "2015-12-31": "86.44460", "2015-09-30": "88.04100", "2015-06-30": "87.32380", "2015-03-31": "82.20360", "2014-12-31": "77.36200", "2014-09-30": "79.36160", "2014-06-30": "76.35500", "2014-03-31": "73.73700", "2013-12-31": "51.00420", "2013-09-30": "65.90560", "2013-06-30": "31.88600", "2013-03-31": "31.88420", "2012-12-31": "15.72500", "2012-09-30": "11.18180", "2012-06-30": "42.02860", "2012-03-31": "80.06870", "2011-12-31": "9.85320", "2011-09-30": "79.93610", "2011-06-30": "79.84430", "2011-03-31": "79.72430", "2010-12-31": "78.93420", "2010-09-30": "79.22520", "2010-06-30": "78.72690", "2010-03-31": "78.21830", "2009-12-31": "77.21560", "2009-09-30": "77.14970", "2009-06-30": "76.86060", "2009-03-31": "77.13450", "2008-12-31": "55.69560", "2008-09-30": "60.91440", "2008-06-30": "49.66080", "2008-03-31": "39.82560", "2007-12-31": "23.21190", "2007-09-30": "26.00970", "2007-06-30": "19.95050", "2007-03-31": "14.01060", "2006-12-31": "5.05760", "2006-09-30": "5.71670", "2006-06-30": "3.35320", "2006-03-31": "1.66370", "2005-12-31": "", "2005-09-30": "0.02440"}, "Shares Outstanding": {"2020-09-30": "102.93900", "2020-06-30": "102.67900", "2020-03-31": "102.23000", "2019-12-31": "90.86900", "2019-09-30": "90.39700", "2019-06-30": "87.89100", "2019-03-31": "85.50500", "2018-12-31": "86.47600", "2018-09-30": "85.57900", "2018-06-30": "85.80400", "2018-03-31": "89.02100", "2017-12-31": "93.58900", "2017-09-30": "91.33440", "2017-06-30": "95.82040", "2017-03-31": "96.52180", "2016-12-31": "93.84900", "2016-09-30": "96.11980", "2016-06-30": "94.63280", "2016-03-31": "88.27360", "2015-12-31": "86.50920", "2015-09-30": "88.07080", "2015-06-30": "87.38480", "2015-03-31": "82.32440", "2014-12-31": "77.36200", "2014-09-30": "79.52280", "2014-06-30": "76.35500", "2014-03-31": "73.87760", "2013-12-31": "51.00420", "2013-09-30": "65.90560", "2013-06-30": "31.88600", "2013-03-31": "31.88420", "2012-12-31": "15.72500", "2012-09-30": "11.18180", "2012-06-30": "42.02880", "2012-03-31": "80.06900", "2011-12-31": "9.85320", "2011-09-30": "79.93610", "2011-06-30": "79.84430", "2011-03-31": "79.72430", "2010-12-31": "78.93420", "2010-09-30": "79.22520", "2010-06-30": "78.72810", "2010-03-31": "78.21950", "2009-12-31": "77.21680", "2009-09-30": "77.15090", "2009-06-30": "76.86170", "2009-03-31": "77.13530", "2008-12-31": "55.69670", "2008-09-30": "60.91550", "2008-06-30": "49.66200", "2008-03-31": "39.82670", "2007-12-31": "23.21230", "2007-09-30": "26.00970", "2007-06-30": "19.95050", "2007-03-31": "14.01100", "2006-12-31": "5.05760", "2006-09-30": "5.71670", "2006-06-30": "3.35320", "2006-03-31": "1.66370", "2005-12-31": "", "2005-09-30": "0.02440"}, "Basic EPS": {"2020-09-30": "0.11000", "2020-06-30": "-0.03000", "2020-03-31": "-0.18000", "2019-12-31": "-0.03000", "2019-09-30": "0.87000", "2019-06-30": "0.49000", "2019-03-31": "0.48000", "2018-12-31": "0.60000", "2018-09-30": "0.32000", "2018-06-30": "0.17000", "2018-03-31": "0.31000", "2017-12-31": "0.34000", "2017-09-30": "0.05000", "2017-06-30": "0.25000", "2017-03-31": "0.15000", "2016-12-31": "-0.02000", "2016-09-30": "0.30000", "2016-06-30": "0.50000", "2016-03-31": "0.25000", "2015-12-31": "0.10000", "2015-09-30": "0.15000", "2015-06-30": "0.55000", "2015-03-31": "0.25000", "2014-12-31": "0.40000", "2014-09-30": "0.10000", "2014-06-30": "-1.20000", "2014-03-31": "0.20000", "2013-12-31": "0.95000", "2013-09-30": "-0.35000", "2013-06-30": "-0.40000", "2013-03-31": "-0.25000", "2012-12-31": "-0.68120", "2012-09-30": "-4.45000", "2012-06-30": "0.15000", "2012-03-31": "0.13120", "2011-12-31": "-7.05120", "2011-09-30": "0.15750", "2011-06-30": "0.18370", "2011-03-31": "0.21000", "2010-12-31": "0.13120", "2010-09-30": "0.10500", "2010-06-30": "0.05250", "2010-03-31": "0.10500", "2009-12-31": "0.13120", "2009-09-30": "0.07870", "2009-06-30": "-0.05250", "2009-03-31": "0.13120", "2008-12-31": "0.13120", "2008-09-30": "0.15750", "2008-06-30": "0.13120", "2008-03-31": "0.02620", "2007-12-31": "0.10500", "2007-09-30": "0.10500", "2007-06-30": "-0.15750", "2007-03-31": "0.13120", "2006-12-31": "0.31500", "2006-09-30": "0.10500", "2006-06-30": "-0.05250", "2006-03-31": "-0.10500", "2005-12-31": "", "2005-09-30": "-1.20750"}, "EPS - Earnings Per Share": {"2020-09-30": "0.11000", "2020-06-30": "-0.03000", "2020-03-31": "-0.18000", "2019-12-31": "-0.03000", "2019-09-30": "0.87000", "2019-06-30": "0.49000", "2019-03-31": "0.48000", "2018-12-31": "0.59000", "2018-09-30": "0.32000", "2018-06-30": "0.17000", "2018-03-31": "0.31000", "2017-12-31": "0.34000", "2017-09-30": "0.05000", "2017-06-30": "0.25000", "2017-03-31": "0.15000", "2016-12-31": "-0.02000", "2016-09-30": "0.30000", "2016-06-30": "0.50000", "2016-03-31": "0.25000", "2015-12-31": "0.10000", "2015-09-30": "0.15000", "2015-06-30": "0.55000", "2015-03-31": "0.25000", "2014-12-31": "0.40000", "2014-09-30": "0.10000", "2014-06-30": "-1.20000", "2014-03-31": "0.20000", "2013-12-31": "0.95000", "2013-09-30": "-0.35000", "2013-06-30": "-0.40000", "2013-03-31": "-0.25000", "2012-12-31": "-0.68120", "2012-09-30": "-4.45000", "2012-06-30": "0.15000", "2012-03-31": "0.13120", "2011-12-31": "-7.05120", "2011-09-30": "0.15750", "2011-06-30": "0.18370", "2011-03-31": "0.21000", "2010-12-31": "0.13120", "2010-09-30": "0.10500", "2010-06-30": "0.05250", "2010-03-31": "0.10500", "2009-12-31": "0.13120", "2009-09-30": "0.07870", "2009-06-30": "-0.05250", "2009-03-31": "0.13120", "2008-12-31": "0.13120", "2008-09-30": "0.15750", "2008-06-30": "0.13120", "2008-03-31": "0.02620", "2007-12-31": "0.10500", "2007-09-30": "0.10500", "2007-06-30": "-0.15750", "2007-03-31": "0.13120", "2006-12-31": "0.31500", "2006-09-30": "0.10500", "2006-06-30": "-0.05250", "2006-03-31": "-0.10500", "2005-12-31": "0.00000", "2005-09-30": "-1.20750"}}, "balance sheet": {"Cash On Hand": {"2019-12-31": "14.49200", "2018-12-31": "14.49300", "2017-12-31": "8.79200", "2016-12-31": "10.05900", "2015-12-31": "21.79000", "2014-12-31": "176.18100", "2013-12-31": "66.58800", "2012-12-31": "73.56800", "2011-12-31": "65.01600", "2010-12-31": "54.13600", "2009-12-31": "37.95300", "2008-12-31": "115.05000", "2007-12-31": "57.55000", "2006-12-31": "43.40620", "2005-12-31": "6.38890"}, "Receivables": {"2019-12-31": "", "2018-12-31": "", "2017-12-31": "", "2016-12-31": "", "2015-12-31": "", "2014-12-31": "", "2013-12-31": "", "2012-12-31": "", "2011-12-31": "57.40300", "2010-12-31": "45.61600", "2009-12-31": "33.54400", "2008-12-31": "22.21200", "2007-12-31": "8.09800", "2006-12-31": "2.43250", "2005-12-31": "0.03600"}, "Inventory": {"2019-12-31": "", "2018-12-31": "", "2017-12-31": "", "2016-12-31": "", "2015-12-31": "", "2014-12-31": "", "2013-12-31": "", "2012-12-31": "", "2011-12-31": "", "2010-12-31": "", "2009-12-31": "", "2008-12-31": "", "2007-12-31": "", "2006-12-31": "", "2005-12-31": ""}, "Pre-Paid Expenses": {"2019-12-31": "", "2018-12-31": "", "2017-12-31": "", "2016-12-31": "", "2015-12-31": "", "2014-12-31": "", "2013-12-31": "", "2012-12-31": "", "2011-12-31": "", "2010-12-31": "", "2009-12-31": "", "2008-12-31": "", "2007-12-31": "", "2006-12-31": "", "2005-12-31": ""}, "Other Current Assets": {"2019-12-31": "", "2018-12-31": "", "2017-12-31": "", "2016-12-31": "", "2015-12-31": "", "2014-12-31": "", "2013-12-31": "", "2012-12-31": "", "2011-12-31": "", "2010-12-31": "", "2009-12-31": "", "2008-12-31": "", "2007-12-31": "", "2006-12-31": "", "2005-12-31": ""}, "Total Current Assets": {"2019-12-31": "48.95700", "2018-12-31": "61.53700", "2017-12-31": "87.25800", "2016-12-31": "76.63700", "2015-12-31": "125.79300", "2014-12-31": "285.60600", "2013-12-31": "184.30900", "2012-12-31": "125.43000", "2011-12-31": "122.41900", "2010-12-31": "99.75200", "2009-12-31": "71.49700", "2008-12-31": "137.26200", "2007-12-31": "65.64800", "2006-12-31": "45.83880", "2005-12-31": "6.42490"}, "Property, Plant, And Equipment": {"2019-12-31": "5033.41000", "2018-12-31": "4136.26100", "2017-12-31": "4084.23800", "2016-12-31": "6539.22600", "2015-12-31": "6666.41500", "2014-12-31": "6441.58600", "2013-12-31": "5929.22600", "2012-12-31": "2874.48600", "2011-12-31": "3259.22100", "2010-12-31": "3154.69200", "2009-12-31": "3131.63900", "2008-12-31": "3127.33400", "2007-12-31": "1794.35200", "2006-12-31": "446.54400", "2005-12-31": "91.61830"}, "Long-Term Investments": {"2019-12-31": "", "2018-12-31": "", "2017-12-31": "", "2016-12-31": "", "2015-12-31": "", "2014-12-31": "", "2013-12-31": "", "2012-12-31": "", "2011-12-31": "", "2010-12-31": "", "2009-12-31": "", "2008-12-31": "", "2007-12-31": "", "2006-12-31": "", "2005-12-31": ""}, "Goodwill And Intangible Assets": {"2019-12-31": "610.67900", "2018-12-31": "520.06300", "2017-12-31": "531.85210", "2016-12-31": "724.61600", "2015-12-31": "791.06800", "2014-12-31": "875.92100", "2013-12-31": "909.54200", "2012-12-31": "187.36200", "2011-12-31": "", "2010-12-31": "", "2009-12-31": "", "2008-12-31": "", "2007-12-31": "", "2006-12-31": "", "2005-12-31": ""}, "Other Long-Term Assets": {"2019-12-31": "15.60900", "2018-12-31": "222.02700", "2017-12-31": "2438.21400", "2016-12-31": "196.57500", "2015-12-31": "128.58300", "2014-12-31": "175.61000", "2013-12-31": "78.37100", "2012-12-31": "5.89800", "2011-12-31": "26.07300", "2010-12-31": "203.96300", "2009-12-31": "183.32500", "2008-12-31": "139.40100", "2007-12-31": "88.24500", "2006-12-31": "4.24900", "2005-12-31": "0.01190"}, "Total Long-Term Assets": {"2019-12-31": "5783.70400", "2018-12-31": "5034.77900", "2017-12-31": "7176.25300", "2016-12-31": "7601.33400", "2015-12-31": "7765.24600", "2014-12-31": "7678.62400", "2013-12-31": "7046.73600", "2012-12-31": "3122.24700", "2011-12-31": "3307.90300", "2010-12-31": "3385.58300", "2009-12-31": "3341.60700", "2008-12-31": "3294.76600", "2007-12-31": "1902.05000", "2006-12-31": "454.58200", "2005-12-31": "92.38490"}, "Total Assets": {"2019-12-31": "5832.66100", "2018-12-31": "5096.31600", "2017-12-31": "7263.51100", "2016-12-31": "7677.97100", "2015-12-31": "7891.03900", "2014-12-31": "7964.23000", "2013-12-31": "7231.04500", "2012-12-31": "3247.67700", "2011-12-31": "3430.32200", "2010-12-31": "3485.33500", "2009-12-31": "3413.10400", "2008-12-31": "3432.02800", "2007-12-31": "1967.69800", "2006-12-31": "500.42080", "2005-12-31": "98.80980"}, "Total Current Liabilities": {"2019-12-31": "139.06000", "2018-12-31": "119.76800", "2017-12-31": "131.64200", "2016-12-31": "148.91500", "2015-12-31": "142.47500", "2014-12-31": "123.29800", "2013-12-31": "114.67900", "2012-12-31": "53.75300", "2011-12-31": "16.10000", "2010-12-31": "15.59700", "2009-12-31": "20.02300", "2008-12-31": "20.72300", "2007-12-31": "7.77700", "2006-12-31": "2.01630", "2005-12-31": "0.28280"}, "Long Term Debt": {"2019-12-31": "2153.01700", "2018-12-31": "2054.63700", "2017-12-31": "1712.84600", "2016-12-31": "3664.62800", "2015-12-31": "4092.78700", "2014-12-31": "4323.30200", "2013-12-31": "3778.21800", "2012-12-31": "1894.87800", "2011-12-31": "1767.59100", "2010-12-31": "1727.55500", "2009-12-31": "1607.47300", "2008-12-31": "1550.31400", "2007-12-31": "1055.68200", "2006-12-31": "218.26590", "2005-12-31": "71.25700"}, "Other Non-Current Liabilities": {"2019-12-31": "127.33500", "2018-12-31": "120.16200", "2017-12-31": "2099.41400", "2016-12-31": "182.32000", "2015-12-31": "193.90300", "2014-12-31": "205.96800", "2013-12-31": "220.11400", "2012-12-31": "45.60300", "2011-12-31": "160.43600", "2010-12-31": "169.57100", "2009-12-31": "175.86400", "2008-12-31": "180.96900", "2007-12-31": "101.49300", "2006-12-31": "10.38080", "2005-12-31": "2.06500"}, "Total Long Term Liabilities": {"2019-12-31": "2280.35200", "2018-12-31": "2174.79900", "2017-12-31": "3812.26000", "2016-12-31": "3846.94800", "2015-12-31": "4286.69000", "2014-12-31": "4529.27000", "2013-12-31": "3998.33200", "2012-12-31": "1940.48100", "2011-12-31": "1928.02700", "2010-12-31": "1897.12600", "2009-12-31": "1783.33700", "2008-12-31": "1731.28300", "2007-12-31": "1157.17500", "2006-12-31": "228.64670", "2005-12-31": "73.32210"}, "Total Liabilities": {"2019-12-31": "2419.41200", "2018-12-31": "2294.56700", "2017-12-31": "3943.90200", "2016-12-31": "3995.86300", "2015-12-31": "4429.16500", "2014-12-31": "4652.56800", "2013-12-31": "4113.01100", "2012-12-31": "1994.23400", "2011-12-31": "1944.12700", "2010-12-31": "1912.72300", "2009-12-31": "1803.36000", "2008-12-31": "1752.00600", "2007-12-31": "1164.95200", "2006-12-31": "230.66300", "2005-12-31": "73.60490"}, "Common Stock Net": {"2019-12-31": "5.12400", "2018-12-31": "4.28900", "2017-12-31": "4.48900", "2016-12-31": "4.83600", "2015-12-31": "4.41800", "2014-12-31": "4.11300", "2013-12-31": "3.70600", "2012-12-31": "1.61600", "2011-12-31": "2.10100", "2010-12-31": "2.09300", "2009-12-31": "2.04700", "2008-12-31": "2.02300", "2007-12-31": "0.93600", "2006-12-31": "0.30690", "2005-12-31": "0.02830"}, "Retained Earnings (Accumulated Deficit)": {"2019-12-31": "-2432.83800", "2018-12-31": "-2357.25500", "2017-12-31": "-2044.70400", "2016-12-31": "-1499.81400", "2015-12-31": "-1262.83900", "2014-12-31": "-1052.68800", "2013-12-31": "-742.91500", "2012-12-31": "-575.03400", "2011-12-31": "", "2010-12-31": "", "2009-12-31": "", "2008-12-31": "", "2007-12-31": "", "2006-12-31": "", "2005-12-31": ""}, "Comprehensive Income": {"2019-12-31": "-11.46100", "2018-12-31": "-7.15900", "2017-12-31": "0.00000", "2016-12-31": "", "2015-12-31": "-1.02800", "2014-12-31": "-1.08300", "2013-12-31": "-0.63800", "2012-12-31": "-0.77100", "2011-12-31": "-413.35900", "2010-12-31": "-319.83600", "2009-12-31": "-242.96700", "2008-12-31": "-150.47900", "2007-12-31": "-44.52600", "2006-12-31": "-7.45600", "2005-12-31": "-0.30980"}, "Other Share Holders Equity": {"2019-12-31": "", "2018-12-31": "", "2017-12-31": "", "2016-12-31": "", "2015-12-31": "", "2014-12-31": "", "2013-12-31": "", "2012-12-31": "", "2011-12-31": "", "2010-12-31": "", "2009-12-31": "", "2008-12-31": "", "2007-12-31": "", "2006-12-31": "", "2005-12-31": ""}, "Share Holder Equity": {"2019-12-31": "3413.24900", "2018-12-31": "2801.74900", "2017-12-31": "3319.60900", "2016-12-31": "3682.10800", "2015-12-31": "3461.87400", "2014-12-31": "3311.66200", "2013-12-31": "3118.03400", "2012-12-31": "1253.44300", "2011-12-31": "1486.19500", "2010-12-31": "1572.61200", "2009-12-31": "1609.74400", "2008-12-31": "1680.02200", "2007-12-31": "802.74600", "2006-12-31": "269.75800", "2005-12-31": "25.20500"}, "Total Liabilities And Share Holders Equity": {"2019-12-31": "5832.66100", "2018-12-31": "5096.31600", "2017-12-31": "7263.51100", "2016-12-31": "7677.97100", "2015-12-31": "7891.03900", "2014-12-31": "7964.23000", "2013-12-31": "7231.04500", "2012-12-31": "3247.67700", "2011-12-31": "3430.32200", "2010-12-31": "3485.33500", "2009-12-31": "3413.10400", "2008-12-31": "3432.02800", "2007-12-31": "1967.69800", "2006-12-31": "500.42080", "2005-12-31": "98.80980"}}, "balance sheet, quarterly": {"Cash On Hand": {"2020-09-30": "116.81400", "2020-06-30": "97.19000", "2020-03-31": "216.69200", "2019-12-31": "14.49200", "2019-09-30": "358.44000", "2019-06-30": "9.98400", "2019-03-31": "9.37600", "2018-12-31": "14.49300", "2018-09-30": "7.57800", "2018-06-30": "9.28900", "2018-03-31": "10.98900", "2017-12-31": "8.79200", "2017-09-30": "11.94700", "2017-06-30": "11.24600", "2017-03-31": "9.30900", "2016-12-31": "10.05900", "2016-09-30": "13.18400", "2016-06-30": "29.41000", "2016-03-31": "8.99200", "2015-12-31": "21.79000", "2015-09-30": "28.21000", "2015-06-30": "39.67400", "2015-03-31": "108.13400", "2014-12-31": "176.18100", "2014-09-30": "50.13000", "2014-06-30": "120.97600", "2014-03-31": "29.98400", "2013-12-31": "66.58800", "2013-09-30": "42.37500", "2013-06-30": "23.22800", "2013-03-31": "22.75300", "2012-12-31": "73.56800", "2012-09-30": "55.70900", "2012-06-30": "36.37800", "2012-03-31": "39.17300", "2011-12-31": "65.01600", "2011-09-30": "65.82900", "2011-06-30": "32.27500", "2011-03-31": "41.57600", "2010-12-31": "54.13600", "2010-09-30": "57.80900", "2010-06-30": "43.81800", "2010-03-31": "42.62000", "2009-12-31": "37.95300", "2009-09-30": "32.24400", "2009-06-30": "34.17200", "2009-03-31": "59.31300", "2008-12-31": "115.05000", "2008-09-30": "66.21700", "2008-06-30": "52.14980", "2008-03-31": "42.72980", "2007-12-31": "57.55000", "2007-09-30": "34.45980", "2007-06-30": "89.24660", "2007-03-31": "52.45810", "2006-12-31": "43.40620", "2006-09-30": "15.42280", "2006-06-30": "8.42830", "2006-03-31": "9.09040", "2005-12-31": "", "2005-09-30": "6.13600"}, "Receivables": {"2020-09-30": "", "2020-06-30": "", "2020-03-31": "", "2019-12-31": "", "2019-09-30": "", "2019-06-30": "", "2019-03-31": "", "2018-12-31": "", "2018-09-30": "", "2018-06-30": "", "2018-03-31": "", "2017-12-31": "", "2017-09-30": "", "2017-06-30": "", "2017-03-31": "", "2016-12-31": "", "2016-09-30": "", "2016-06-30": "", "2016-03-31": "", "2015-12-31": "", "2015-09-30": "", "2015-06-30": "", "2015-03-31": "", "2014-12-31": "", "2014-09-30": "", "2014-06-30": "", "2014-03-31": "", "2013-12-31": "", "2013-09-30": "", "2013-06-30": "63.47200", "2013-03-31": "62.98200", "2012-12-31": "", "2012-09-30": "62.51100", "2012-06-30": "60.45800", "2012-03-31": "58.67400", "2011-12-31": "57.40300", "2011-09-30": "53.11100", "2011-06-30": "50.65000", "2011-03-31": "47.05500", "2010-12-31": "45.61600", "2010-09-30": "42.30900", "2010-06-30": "37.75400", "2010-03-31": "34.62000", "2009-12-31": "33.54400", "2009-09-30": "30.15000", "2009-06-30": "26.08800", "2009-03-31": "23.24000", "2008-12-31": "22.21200", "2008-09-30": "16.45900", "2008-06-30": "12.40540", "2008-03-31": "9.92620", "2007-12-31": "8.09800", "2007-09-30": "5.83290", "2007-06-30": "4.76290", "2007-03-31": "3.58820", "2006-12-31": "2.43250", "2006-09-30": "1.12510", "2006-06-30": "0.64920", "2006-03-31": "0.34110", "2005-12-31": "", "2005-09-30": ""}, "Inventory": {"2020-09-30": "", "2020-06-30": "", "2020-03-31": "", "2019-12-31": "", "2019-09-30": "", "2019-06-30": "", "2019-03-31": "", "2018-12-31": "", "2018-09-30": "", "2018-06-30": "", "2018-03-31": "", "2017-12-31": "", "2017-09-30": "", "2017-06-30": "", "2017-03-31": "", "2016-12-31": "", "2016-09-30": "", "2016-06-30": "", "2016-03-31": "", "2015-12-31": "", "2015-09-30": "", "2015-06-30": "", "2015-03-31": "", "2014-12-31": "", "2014-09-30": "", "2014-06-30": "", "2014-03-31": "", "2013-12-31": "", "2013-09-30": "", "2013-06-30": "", "2013-03-31": "", "2012-12-31": "", "2012-09-30": "", "2012-06-30": "", "2012-03-31": "", "2011-12-31": "", "2011-09-30": "", "2011-06-30": "", "2011-03-31": "", "2010-12-31": "", "2010-09-30": "", "2010-06-30": "", "2010-03-31": "", "2009-12-31": "", "2009-09-30": "", "2009-06-30": "", "2009-03-31": "", "2008-12-31": "", "2008-09-30": "", "2008-06-30": "", "2008-03-31": "", "2007-12-31": "", "2007-09-30": "", "2007-06-30": "", "2007-03-31": "", "2006-12-31": "", "2006-09-30": "", "2006-06-30": "", "2006-03-31": "", "2005-12-31": "", "2005-09-30": ""}, "Pre-Paid Expenses": {"2020-09-30": "", "2020-06-30": "", "2020-03-31": "", "2019-12-31": "", "2019-09-30": "", "2019-06-30": "", "2019-03-31": "", "2018-12-31": "", "2018-09-30": "", "2018-06-30": "", "2018-03-31": "", "2017-12-31": "", "2017-09-30": "", "2017-06-30": "", "2017-03-31": "", "2016-12-31": "", "2016-09-30": "", "2016-06-30": "", "2016-03-31": "", "2015-12-31": "", "2015-09-30": "", "2015-06-30": "", "2015-03-31": "", "2014-12-31": "", "2014-09-30": "", "2014-06-30": "", "2014-03-31": "", "2013-12-31": "", "2013-09-30": "", "2013-06-30": "", "2013-03-31": "", "2012-12-31": "", "2012-09-30": "", "2012-06-30": "", "2012-03-31": "", "2011-12-31": "", "2011-09-30": "", "2011-06-30": "", "2011-03-31": "", "2010-12-31": "", "2010-09-30": "", "2010-06-30": "", "2010-03-31": "", "2009-12-31": "", "2009-09-30": "", "2009-06-30": "", "2009-03-31": "", "2008-12-31": "", "2008-09-30": "", "2008-06-30": "", "2008-03-31": "", "2007-12-31": "", "2007-09-30": "", "2007-06-30": "", "2007-03-31": "", "2006-12-31": "", "2006-09-30": "", "2006-06-30": "", "2006-03-31": "", "2005-12-31": "", "2005-09-30": ""}, "Other Current Assets": {"2020-09-30": "", "2020-06-30": "", "2020-03-31": "", "2019-12-31": "", "2019-09-30": "", "2019-06-30": "", "2019-03-31": "", "2018-12-31": "", "2018-09-30": "", "2018-06-30": "", "2018-03-31": "", "2017-12-31": "", "2017-09-30": "", "2017-06-30": "", "2017-03-31": "", "2016-12-31": "", "2016-09-30": "", "2016-06-30": "", "2016-03-31": "", "2015-12-31": "", "2015-09-30": "", "2015-06-30": "", "2015-03-31": "", "2014-12-31": "", "2014-09-30": "", "2014-06-30": "", "2014-03-31": "", "2013-12-31": "", "2013-09-30": "", "2013-06-30": "", "2013-03-31": "", "2012-12-31": "", "2012-09-30": "", "2012-06-30": "", "2012-03-31": "", "2011-12-31": "", "2011-09-30": "", "2011-06-30": "", "2011-03-31": "", "2010-12-31": "", "2010-09-30": "", "2010-06-30": "", "2010-03-31": "", "2009-12-31": "", "2009-09-30": "", "2009-06-30": "", "2009-03-31": "", "2008-12-31": "", "2008-09-30": "", "2008-06-30": "", "2008-03-31": "", "2007-12-31": "", "2007-09-30": "", "2007-06-30": "", "2007-03-31": "", "2006-12-31": "", "2006-09-30": "", "2006-06-30": "", "2006-03-31": "", "2005-12-31": "", "2005-09-30": ""}, "Total Current Assets": {"2020-09-30": "116.81400", "2020-06-30": "126.35300", "2020-03-31": "247.54100", "2019-12-31": "48.95700", "2019-09-30": "395.01000", "2019-06-30": "48.20400", "2019-03-31": "52.39100", "2018-12-31": "61.53700", "2018-09-30": "59.57900", "2018-06-30": "64.72700", "2018-03-31": "122.05100", "2017-12-31": "87.25800", "2017-09-30": "88.76800", "2017-06-30": "77.66100", "2017-03-31": "77.18900", "2016-12-31": "76.63700", "2016-09-30": "82.40200", "2016-06-30": "115.57500", "2016-03-31": "110.59400", "2015-12-31": "125.79300", "2015-09-30": "135.15400", "2015-06-30": "149.05100", "2015-03-31": "215.53700", "2014-12-31": "285.60600", "2014-09-30": "161.53900", "2014-06-30": "234.29700", "2014-03-31": "145.83000", "2013-12-31": "184.30900", "2013-09-30": "161.38400", "2013-06-30": "86.70000", "2013-03-31": "85.73500", "2012-12-31": "125.43000", "2012-09-30": "118.22000", "2012-06-30": "96.83600", "2012-03-31": "97.84700", "2011-12-31": "122.41900", "2011-09-30": "118.94000", "2011-06-30": "82.92500", "2011-03-31": "88.63100", "2010-12-31": "99.75200", "2010-09-30": "100.11800", "2010-06-30": "81.57200", "2010-03-31": "77.24000", "2009-12-31": "71.49700", "2009-09-30": "62.39400", "2009-06-30": "60.26000", "2009-03-31": "82.55300", "2008-12-31": "137.26200", "2008-09-30": "82.67600", "2008-06-30": "64.55520", "2008-03-31": "52.65600", "2007-12-31": "65.64800", "2007-09-30": "40.29260", "2007-06-30": "94.00950", "2007-03-31": "56.04630", "2006-12-31": "45.83880", "2006-09-30": "16.54790", "2006-06-30": "9.07750", "2006-03-31": "9.43140", "2005-12-31": "", "2005-09-30": "6.13600"}, "Property, Plant, And Equipment": {"2020-09-30": "5208.50900", "2020-06-30": "5102.34700", "2020-03-31": "5146.53000", "2019-12-31": "5033.41000", "2019-09-30": "4592.16900", "2019-06-30": "4407.29700", "2019-03-31": "4167.51500", "2018-12-31": "4136.26100", "2018-09-30": "4140.65900", "2018-06-30": "3996.74000", "2018-03-31": "6143.67900", "2017-12-31": "4084.23800", "2017-09-30": "6285.15700", "2017-06-30": "6399.50400", "2017-03-31": "6479.06300", "2016-12-31": "6539.22600", "2016-09-30": "6672.14100", "2016-06-30": "6606.41400", "2016-03-31": "6554.65100", "2015-12-31": "6666.41500", "2015-09-30": "6655.87000", "2015-06-30": "6608.58800", "2015-03-31": "6538.76000", "2014-12-31": "6441.58600", "2014-09-30": "6227.16200", "2014-06-30": "6130.87000", "2014-03-31": "6022.86300", "2013-12-31": "5929.22600", "2013-09-30": "5810.06500", "2013-06-30": "3107.68700", "2013-03-31": "3140.00600", "2012-12-31": "2874.48600", "2012-09-30": "3195.37700", "2012-06-30": "3138.39800", "2012-03-31": "3236.18000", "2011-12-31": "3259.22100", "2011-09-30": "3271.64700", "2011-06-30": "3279.44600", "2011-03-31": "3232.46100", "2010-12-31": "3154.69200", "2010-09-30": "3211.34500", "2010-06-30": "3186.27400", "2010-03-31": "3192.08800", "2009-12-31": "3131.63900", "2009-09-30": "3233.96500", "2009-06-30": "3263.23400", "2009-03-31": "3300.86900", "2008-12-31": "3127.33400", "2008-09-30": "3024.35200", "2008-06-30": "2322.83000", "2008-03-31": "2084.26100", "2007-12-31": "1794.35200", "2007-09-30": "1450.98400", "2007-06-30": "1081.22900", "2007-03-31": "728.58480", "2006-12-31": "446.54400", "2006-09-30": "322.65310", "2006-06-30": "226.53070", "2006-03-31": "169.03010", "2005-12-31": "", "2005-09-30": "3.34890"}, "Long-Term Investments": {"2020-09-30": "", "2020-06-30": "", "2020-03-31": "", "2019-12-31": "", "2019-09-30": "", "2019-06-30": "", "2019-03-31": "", "2018-12-31": "", "2018-09-30": "", "2018-06-30": "", "2018-03-31": "", "2017-12-31": "", "2017-09-30": "", "2017-06-30": "", "2017-03-31": "", "2016-12-31": "", "2016-09-30": "", "2016-06-30": "", "2016-03-31": "", "2015-12-31": "", "2015-09-30": "", "2015-06-30": "", "2015-03-31": "", "2014-12-31": "", "2014-09-30": "", "2014-06-30": "", "2014-03-31": "", "2013-12-31": "", "2013-09-30": "", "2013-06-30": "", "2013-03-31": "", "2012-12-31": "", "2012-09-30": "", "2012-06-30": "", "2012-03-31": "", "2011-12-31": "", "2011-09-30": "", "2011-06-30": "", "2011-03-31": "", "2010-12-31": "", "2010-09-30": "", "2010-06-30": "", "2010-03-31": "", "2009-12-31": "", "2009-09-30": "", "2009-06-30": "", "2009-03-31": "", "2008-12-31": "", "2008-09-30": "", "2008-06-30": "", "2008-03-31": "", "2007-12-31": "", "2007-09-30": "", "2007-06-30": "", "2007-03-31": "", "2006-12-31": "", "2006-09-30": "", "2006-06-30": "", "2006-03-31": "", "2005-12-31": "", "2005-09-30": ""}, "Goodwill And Intangible Assets": {"2020-09-30": "574.94700", "2020-06-30": "576.06600", "2020-03-31": "606.99800", "2019-12-31": "610.67900", "2019-09-30": "537.19700", "2019-06-30": "523.34900", "2019-03-31": "516.69500", "2018-12-31": "520.06300", "2018-09-30": "528.55400", "2018-06-30": "513.20700", "2018-03-31": "650.93600", "2017-12-31": "531.85210", "2017-09-30": "684.19700", "2017-06-30": "711.92000", "2017-03-31": "714.13900", "2016-12-31": "724.61600", "2016-09-30": "741.07000", "2016-06-30": "749.85800", "2016-03-31": "771.02290", "2015-12-31": "791.06800", "2015-09-30": "812.83200", "2015-06-30": "829.12800", "2015-03-31": "857.58900", "2014-12-31": "875.92100", "2014-09-30": "891.29600", "2014-06-30": "890.52800", "2014-03-31": "904.58300", "2013-12-31": "909.54200", "2013-09-30": "904.49100", "2013-06-30": "", "2013-03-31": "", "2012-12-31": "187.36200", "2012-09-30": "", "2012-06-30": "", "2012-03-31": "", "2011-12-31": "", "2011-09-30": "", "2011-06-30": "", "2011-03-31": "", "2010-12-31": "", "2010-09-30": "", "2010-06-30": "", "2010-03-31": "", "2009-12-31": "", "2009-09-30": "", "2009-06-30": "", "2009-03-31": "", "2008-12-31": "", "2008-09-30": "", "2008-06-30": "", "2008-03-31": "", "2007-12-31": "", "2007-09-30": "", "2007-06-30": "", "2007-03-31": "", "2006-12-31": "", "2006-09-30": "", "2006-06-30": "", "2006-03-31": "", "2005-12-31": "", "2005-09-30": ""}, "Other Long-Term Assets": {"2020-09-30": "41.32900", "2020-06-30": "20.00800", "2020-03-31": "10.42600", "2019-12-31": "15.60900", "2019-09-30": "19.99600", "2019-06-30": "209.22300", "2019-03-31": "298.17100", "2018-12-31": "222.02700", "2018-09-30": "251.96800", "2018-06-30": "227.23400", "2018-03-31": "44.27900", "2017-12-31": "2438.21400", "2017-09-30": "158.26500", "2017-06-30": "160.53900", "2017-03-31": "158.09200", "2016-12-31": "196.57500", "2016-09-30": "154.43800", "2016-06-30": "115.32700", "2016-03-31": "155.54900", "2015-12-31": "128.58300", "2015-09-30": "121.65900", "2015-06-30": "151.48200", "2015-03-31": "228.64600", "2014-12-31": "175.61000", "2014-09-30": "110.77400", "2014-06-30": "97.68400", "2014-03-31": "81.89000", "2013-12-31": "78.37100", "2013-09-30": "86.69100", "2013-06-30": "2.68400", "2013-03-31": "2.73300", "2012-12-31": "5.89800", "2012-09-30": "3.21300", "2012-06-30": "100.07000", "2012-03-31": "24.91300", "2011-12-31": "26.07300", "2011-09-30": "26.04200", "2011-06-30": "39.09700", "2011-03-31": "102.14600", "2010-12-31": "203.96300", "2010-09-30": "112.36800", "2010-06-30": "105.76300", "2010-03-31": "106.59700", "2009-12-31": "183.32500", "2009-09-30": "105.74900", "2009-06-30": "86.48800", "2009-03-31": "61.00800", "2008-12-31": "139.40100", "2008-09-30": "27.28500", "2008-06-30": "1.47700", "2008-03-31": "87.65840", "2007-12-31": "88.24500", "2007-09-30": "52.21660", "2007-06-30": "9.32030", "2007-03-31": "7.85280", "2006-12-31": "4.24900", "2006-09-30": "1.84710", "2006-06-30": "0.19320", "2006-03-31": "0.14920", "2005-12-31": "", "2005-09-30": "0.10760"}, "Total Long-Term Assets": {"2020-09-30": "5974.60500", "2020-06-30": "5851.48500", "2020-03-31": "5887.62700", "2019-12-31": "5783.70400", "2019-09-30": "5268.57400", "2019-06-30": "5259.82900", "2019-03-31": "5106.46600", "2018-12-31": "5034.77900", "2018-09-30": "5033.33000", "2018-06-30": "4844.45400", "2018-03-31": "7080.76900", "2017-12-31": "7176.25300", "2017-09-30": "7346.02000", "2017-06-30": "7441.66200", "2017-03-31": "7511.60700", "2016-12-31": "7601.33400", "2016-09-30": "7728.59800", "2016-06-30": "7620.09600", "2016-03-31": "7654.51800", "2015-12-31": "7765.24600", "2015-09-30": "7734.16900", "2015-06-30": "7759.44200", "2015-03-31": "7774.78400", "2014-12-31": "7678.62400", "2014-09-30": "7385.71700", "2014-06-30": "7266.61000", "2014-03-31": "7129.56500", "2013-12-31": "7046.73600", "2013-09-30": "6899.06600", "2013-06-30": "3126.02700", "2013-03-31": "3160.04600", "2012-12-31": "3122.24700", "2012-09-30": "3219.59900", "2012-06-30": "3257.90200", "2012-03-31": "3281.93600", "2011-12-31": "3307.90300", "2011-09-30": "3322.11600", "2011-06-30": "3343.49500", "2011-03-31": "3360.29000", "2010-12-31": "3385.58300", "2010-09-30": "3347.86700", "2010-06-30": "3316.35100", "2010-03-31": "3323.77800", "2009-12-31": "3341.60700", "2009-09-30": "3366.52300", "2009-06-30": "3378.02000", "2009-03-31": "3390.53200", "2008-12-31": "3294.76600", "2008-09-30": "3077.38600", "2008-06-30": "2344.16700", "2008-03-31": "2191.59200", "2007-12-31": "1902.05000", "2007-09-30": "1519.58300", "2007-06-30": "1102.96900", "2007-03-31": "742.42320", "2006-12-31": "454.58200", "2006-09-30": "327.39730", "2006-06-30": "228.59120", "2006-03-31": "170.55930", "2005-12-31": "", "2005-09-30": "3.50270"}, "Total Assets": {"2020-09-30": "6091.41900", "2020-06-30": "5977.83800", "2020-03-31": "6135.16900", "2019-12-31": "5832.66100", "2019-09-30": "5663.58400", "2019-06-30": "5308.03300", "2019-03-31": "5158.85700", "2018-12-31": "5096.31600", "2018-09-30": "5092.90900", "2018-06-30": "4909.18100", "2018-03-31": "7202.82000", "2017-12-31": "7263.51100", "2017-09-30": "7434.78700", "2017-06-30": "7519.32300", "2017-03-31": "7588.79600", "2016-12-31": "7677.97100", "2016-09-30": "7811.00000", "2016-06-30": "7735.67100", "2016-03-31": "7765.11200", "2015-12-31": "7891.03900", "2015-09-30": "7869.32300", "2015-06-30": "7908.49300", "2015-03-31": "7990.32100", "2014-12-31": "7964.23000", "2014-09-30": "7547.25600", "2014-06-30": "7500.90700", "2014-03-31": "7275.39500", "2013-12-31": "7231.04500", "2013-09-30": "7060.45100", "2013-06-30": "3212.72700", "2013-03-31": "3245.78100", "2012-12-31": "3247.67700", "2012-09-30": "3337.81900", "2012-06-30": "3354.73800", "2012-03-31": "3379.78300", "2011-12-31": "3430.32200", "2011-09-30": "3441.05600", "2011-06-30": "3426.42000", "2011-03-31": "3448.92100", "2010-12-31": "3485.33500", "2010-09-30": "3447.98500", "2010-06-30": "3397.92300", "2010-03-31": "3401.01800", "2009-12-31": "3413.10400", "2009-09-30": "3428.91700", "2009-06-30": "3438.28000", "2009-03-31": "3473.08500", "2008-12-31": "3432.02800", "2008-09-30": "3160.06200", "2008-06-30": "2408.70200", "2008-03-31": "2244.24800", "2007-12-31": "1967.69800", "2007-09-30": "1559.87600", "2007-06-30": "1196.97900", "2007-03-31": "798.46940", "2006-12-31": "500.42080", "2006-09-30": "343.94520", "2006-06-30": "237.66870", "2006-03-31": "179.99080", "2005-12-31": "0.00000", "2005-09-30": "9.63870"}, "Total Current Liabilities": {"2020-09-30": "132.55500", "2020-06-30": "136.58800", "2020-03-31": "124.08400", "2019-12-31": "139.06000", "2019-09-30": "136.78100", "2019-06-30": "134.08100", "2019-03-31": "125.18300", "2018-12-31": "119.76800", "2018-09-30": "99.67000", "2018-06-30": "121.85800", "2018-03-31": "141.89800", "2017-12-31": "131.64200", "2017-09-30": "149.85800", "2017-06-30": "147.03600", "2017-03-31": "146.83600", "2016-12-31": "148.91500", "2016-09-30": "148.26700", "2016-06-30": "138.45700", "2016-03-31": "136.74300", "2015-12-31": "142.47500", "2015-09-30": "131.42600", "2015-06-30": "120.13400", "2015-03-31": "122.97300", "2014-12-31": "123.29800", "2014-09-30": "115.56400", "2014-06-30": "111.75300", "2014-03-31": "108.90200", "2013-12-31": "114.67900", "2013-09-30": "105.50500", "2013-06-30": "17.64800", "2013-03-31": "18.02100", "2012-12-31": "53.75300", "2012-09-30": "19.42100", "2012-06-30": "18.49600", "2012-03-31": "16.14600", "2011-12-31": "16.10000", "2011-09-30": "20.05300", "2011-06-30": "16.54600", "2011-03-31": "15.12300", "2010-12-31": "15.59700", "2010-09-30": "18.19000", "2010-06-30": "18.70200", "2010-03-31": "17.79700", "2009-12-31": "20.02300", "2009-09-30": "20.98400", "2009-06-30": "19.23100", "2009-03-31": "19.45600", "2008-12-31": "20.72300", "2008-09-30": "20.02900", "2008-06-30": "9.16230", "2008-03-31": "7.55650", "2007-12-31": "7.77700", "2007-09-30": "6.79500", "2007-06-30": "4.83380", "2007-03-31": "3.18600", "2006-12-31": "2.01630", "2006-09-30": "1.26180", "2006-06-30": "1.03540", "2006-03-31": "0.68680", "2005-12-31": "", "2005-09-30": "0.01470"}, "Long Term Debt": {"2020-09-30": "2505.61700", "2020-06-30": "2038.68400", "2020-03-31": "2537.58000", "2019-12-31": "2153.01700", "2019-09-30": "2077.50800", "2019-06-30": "2126.01500", "2019-03-31": "2100.23300", "2018-12-31": "2054.63700", "2018-09-30": "2064.26800", "2018-06-30": "1832.13200", "2018-03-31": "3741.02000", "2017-12-31": "1712.84600", "2017-09-30": "3863.14500", "2017-06-30": "3846.62300", "2017-03-31": "3657.85700", "2016-12-31": "3664.62800", "2016-09-30": "3709.86300", "2016-06-30": "3636.34100", "2016-03-31": "4019.08500", "2015-12-31": "4092.78700", "2015-09-30": "4004.98400", "2015-06-30": "3995.74500", "2015-03-31": "4319.23600", "2014-12-31": "4323.30200", "2014-09-30": "4007.82800", "2014-06-30": "3910.09200", "2014-03-31": "3873.65900", "2013-12-31": "3778.21800", "2013-09-30": "3606.44300", "2013-06-30": "1755.83200", "2013-03-31": "1756.54200", "2012-12-31": "1894.87800", "2012-09-30": "1762.66600", "2012-06-30": "1747.50500", "2012-03-31": "1745.75700", "2011-12-31": "1767.59100", "2011-09-30": "1750.41700", "2011-06-30": "1722.10300", "2011-03-31": "1720.95700", "2010-12-31": "1727.55500", "2010-09-30": "1682.48500", "2010-06-30": "1623.86600", "2010-03-31": "1607.01600", "2009-12-31": "1607.47300", "2009-09-30": "1609.91000", "2009-06-30": "1618.25600", "2009-03-31": "1604.64200", "2008-12-31": "1550.31400", "2008-09-30": "1507.44300", "2008-06-30": "1038.58400", "2008-03-31": "1106.84000", "2007-12-31": "1055.68200", "2007-09-30": "842.90690", "2007-06-30": "640.73930", "2007-03-31": "389.67990", "2006-12-31": "218.26590", "2006-09-30": "167.24280", "2006-06-30": "129.98770", "2006-03-31": "118.53280", "2005-12-31": "", "2005-09-30": "2.60700"}, "Other Non-Current Liabilities": {"2020-09-30": "121.06600", "2020-06-30": "518.75800", "2020-03-31": "124.09700", "2019-12-31": "127.33500", "2019-09-30": "116.51500", "2019-06-30": "118.47700", "2019-03-31": "114.80500", "2018-12-31": "120.16200", "2018-09-30": "123.61300", "2018-06-30": "125.90500", "2018-03-31": "151.17900", "2017-12-31": "2099.41400", "2017-09-30": "162.61900", "2017-06-30": "169.83100", "2017-03-31": "175.26100", "2016-12-31": "182.32000", "2016-09-30": "186.93500", "2016-06-30": "185.81100", "2016-03-31": "187.21100", "2015-12-31": "193.90300", "2015-09-30": "200.60100", "2015-06-30": "202.02100", "2015-03-31": "204.16100", "2014-12-31": "205.96800", "2014-09-30": "219.62600", "2014-06-30": "216.71400", "2014-03-31": "219.87700", "2013-12-31": "220.11400", "2013-09-30": "213.91800", "2013-06-30": "128.16200", "2013-03-31": "135.78200", "2012-12-31": "45.60300", "2012-09-30": "143.22100", "2012-06-30": "150.43700", "2012-03-31": "154.10100", "2011-12-31": "160.43600", "2011-09-30": "162.05600", "2011-06-30": "159.64600", "2011-03-31": "161.97000", "2010-12-31": "169.57100", "2010-09-30": "167.23000", "2010-06-30": "166.09400", "2010-03-31": "170.64000", "2009-12-31": "175.86400", "2009-09-30": "174.97200", "2009-06-30": "184.41700", "2009-03-31": "188.95900", "2008-12-31": "180.96900", "2008-09-30": "152.93000", "2008-06-30": "130.21610", "2008-03-31": "141.96540", "2007-12-31": "101.49300", "2007-09-30": "49.74570", "2007-06-30": "34.72810", "2007-03-31": "23.96760", "2006-12-31": "10.38080", "2006-09-30": "9.17400", "2006-06-30": "6.83090", "2006-03-31": "5.33990", "2005-12-31": "", "2005-09-30": "1.44390"}, "Total Long Term Liabilities": {"2020-09-30": "2626.68300", "2020-06-30": "2557.44200", "2020-03-31": "2661.67700", "2019-12-31": "2280.35200", "2019-09-30": "2194.02300", "2019-06-30": "2244.49200", "2019-03-31": "2215.03800", "2018-12-31": "2174.79900", "2018-09-30": "2187.88100", "2018-06-30": "1958.03700", "2018-03-31": "3892.19900", "2017-12-31": "3812.26000", "2017-09-30": "4025.76400", "2017-06-30": "4016.45400", "2017-03-31": "3833.11800", "2016-12-31": "3846.94800", "2016-09-30": "3896.79800", "2016-06-30": "3822.15200", "2016-03-31": "4206.29600", "2015-12-31": "4286.69000", "2015-09-30": "4205.58500", "2015-06-30": "4197.76600", "2015-03-31": "4523.39700", "2014-12-31": "4529.27000", "2014-09-30": "4227.45400", "2014-06-30": "4126.80600", "2014-03-31": "4093.53600", "2013-12-31": "3998.33200", "2013-09-30": "3820.36100", "2013-06-30": "1883.99400", "2013-03-31": "1892.32400", "2012-12-31": "1940.48100", "2012-09-30": "1905.88700", "2012-06-30": "1897.94200", "2012-03-31": "1899.85800", "2011-12-31": "1928.02700", "2011-09-30": "1912.47300", "2011-06-30": "1881.74900", "2011-03-31": "1882.92700", "2010-12-31": "1897.12600", "2010-09-30": "1849.71500", "2010-06-30": "1789.96000", "2010-03-31": "1777.65600", "2009-12-31": "1783.33700", "2009-09-30": "1784.88200", "2009-06-30": "1802.67300", "2009-03-31": "1793.60100", "2008-12-31": "1731.28300", "2008-09-30": "1660.37300", "2008-06-30": "1168.80000", "2008-03-31": "1248.80500", "2007-12-31": "1157.17500", "2007-09-30": "892.65260", "2007-06-30": "675.46730", "2007-03-31": "413.64750", "2006-12-31": "228.64670", "2006-09-30": "176.41680", "2006-06-30": "136.81860", "2006-03-31": "123.87270", "2005-12-31": "", "2005-09-30": "4.05090"}, "Total Liabilities": {"2020-09-30": "2759.23800", "2020-06-30": "2694.03000", "2020-03-31": "2785.76100", "2019-12-31": "2419.41200", "2019-09-30": "2330.80400", "2019-06-30": "2378.57300", "2019-03-31": "2340.22100", "2018-12-31": "2294.56700", "2018-09-30": "2287.55100", "2018-06-30": "2079.89500", "2018-03-31": "4034.09700", "2017-12-31": "3943.90200", "2017-09-30": "4175.62200", "2017-06-30": "4163.49000", "2017-03-31": "3979.95400", "2016-12-31": "3995.86300", "2016-09-30": "4045.06500", "2016-06-30": "3960.60900", "2016-03-31": "4343.03900", "2015-12-31": "4429.16500", "2015-09-30": "4337.01100", "2015-06-30": "4317.90000", "2015-03-31": "4646.37000", "2014-12-31": "4652.56800", "2014-09-30": "4343.01800", "2014-06-30": "4238.55900", "2014-03-31": "4202.43800", "2013-12-31": "4113.01100", "2013-09-30": "3925.86600", "2013-06-30": "1901.64200", "2013-03-31": "1910.34500", "2012-12-31": "1994.23400", "2012-09-30": "1925.30800", "2012-06-30": "1916.43800", "2012-03-31": "1916.00400", "2011-12-31": "1944.12700", "2011-09-30": "1932.52600", "2011-06-30": "1898.29500", "2011-03-31": "1898.05000", "2010-12-31": "1912.72300", "2010-09-30": "1867.90500", "2010-06-30": "1808.66200", "2010-03-31": "1795.45300", "2009-12-31": "1803.36000", "2009-09-30": "1805.86600", "2009-06-30": "1821.90400", "2009-03-31": "1813.05700", "2008-12-31": "1752.00600", "2008-09-30": "1680.40200", "2008-06-30": "1177.96200", "2008-03-31": "1256.36200", "2007-12-31": "1164.95200", "2007-09-30": "899.44760", "2007-06-30": "680.30100", "2007-03-31": "416.83350", "2006-12-31": "230.66300", "2006-09-30": "177.67860", "2006-06-30": "137.85410", "2006-03-31": "124.55950", "2005-12-31": "", "2005-09-30": "4.06560"}, "Common Stock Net": {"2020-09-30": "5.29400", "2020-06-30": "5.15200", "2020-03-31": "5.14700", "2019-12-31": "5.12400", "2019-09-30": "4.98700", "2019-06-30": "4.50600", "2019-03-31": "4.34100", "2018-12-31": "4.28900", "2018-09-30": "4.28500", "2018-06-30": "4.28600", "2018-03-31": "4.36600", "2017-12-31": "4.48900", "2017-09-30": "4.55900", "2017-06-30": "4.57900", "2017-03-31": "4.84000", "2016-12-31": "4.83600", "2016-09-30": "4.83600", "2016-06-30": "4.79700", "2016-03-31": "4.43400", "2015-12-31": "4.41800", "2015-09-30": "4.41400", "2015-06-30": "4.41500", "2015-03-31": "4.18400", "2014-12-31": "4.11300", "2014-09-30": "3.99000", "2014-06-30": "3.99000", "2014-03-31": "3.71000", "2013-12-31": "3.70600", "2013-09-30": "3.70600", "2013-06-30": "2.08600", "2013-03-31": "2.08600", "2012-12-31": "1.61600", "2012-09-30": "2.10100", "2012-06-30": "2.10100", "2012-03-31": "2.10200", "2011-12-31": "2.10100", "2011-09-30": "2.10100", "2011-06-30": "2.10000", "2011-03-31": "2.09600", "2010-12-31": "2.09300", "2010-09-30": "2.08700", "2010-06-30": "2.07300", "2010-03-31": "2.06000", "2009-12-31": "2.04700", "2009-09-30": "2.03300", "2009-06-30": "2.01700", "2009-03-31": "2.03300", "2008-12-31": "2.02300", "2008-09-30": "1.74600", "2008-06-30": "1.44590", "2008-03-31": "1.16000", "2007-12-31": "0.93600", "2007-09-30": "0.76560", "2007-06-30": "0.59630", "2007-03-31": "0.43410", "2006-12-31": "0.30690", "2006-09-30": "0.18960", "2006-06-30": "0.11380", "2006-03-31": "0.06280", "2005-12-31": "", "2005-09-30": "0.00620"}, "Retained Earnings (Accumulated Deficit)": {"2020-09-30": "-2643.06300", "2020-06-30": "-2587.85000", "2020-03-31": "-2518.42800", "2019-12-31": "-2432.83800", "2019-09-30": "-2370.39200", "2019-06-30": "-2385.68500", "2019-03-31": "-2371.53100", "2018-12-31": "-2357.25500", "2018-09-30": "-2354.90800", "2018-06-30": "-2327.91200", "2018-03-31": "-2199.82400", "2017-12-31": "-2044.70400", "2017-09-30": "-1936.24300", "2017-06-30": "-1837.26000", "2017-03-31": "-1575.32500", "2016-12-31": "-1499.81400", "2016-09-30": "-1413.59900", "2016-06-30": "-1356.38400", "2016-03-31": "-1318.24600", "2015-12-31": "-1262.83900", "2015-09-30": "-1189.15000", "2015-06-30": "-1127.96500", "2015-03-31": "-1102.08300", "2014-12-31": "-1052.68800", "2014-09-30": "-1005.43400", "2014-06-30": "-946.70500", "2014-03-31": "-790.44400", "2013-12-31": "-742.91500", "2013-09-30": "-724.84300", "2013-06-30": "", "2013-03-31": "", "2012-12-31": "-575.03400", "2012-09-30": "", "2012-06-30": "", "2012-03-31": "", "2011-12-31": "", "2011-09-30": "", "2011-06-30": "", "2011-03-31": "", "2010-12-31": "", "2010-09-30": "", "2010-06-30": "", "2010-03-31": "", "2009-12-31": "", "2009-09-30": "", "2009-06-30": "", "2009-03-31": "", "2008-12-31": "", "2008-09-30": "", "2008-06-30": "", "2008-03-31": "", "2007-12-31": "", "2007-09-30": "", "2007-06-30": "", "2007-03-31": "", "2006-12-31": "", "2006-09-30": "", "2006-06-30": "", "2006-03-31": "", "2005-12-31": "", "2005-09-30": ""}, "Comprehensive Income": {"2020-09-30": "-9.35500", "2020-06-30": "-10.05700", "2020-03-31": "-10.75900", "2019-12-31": "-11.46100", "2019-09-30": "-12.16200", "2019-06-30": "-20.93400", "2019-03-31": "-12.18000", "2018-12-31": "-7.15900", "2018-09-30": "", "2018-06-30": "", "2018-03-31": "", "2017-12-31": "", "2017-09-30": "", "2017-06-30": "", "2017-03-31": "", "2016-12-31": "", "2016-09-30": "-0.00800", "2016-06-30": "-0.03600", "2016-03-31": "-1.64900", "2015-12-31": "-1.02800", "2015-09-30": "-1.71700", "2015-06-30": "-1.19700", "2015-03-31": "-1.61800", "2014-12-31": "-1.08300", "2014-09-30": "-0.69100", "2014-06-30": "-1.26100", "2014-03-31": "-0.71700", "2013-12-31": "-0.63800", "2013-09-30": "-0.29100", "2013-06-30": "-574.11400", "2013-03-31": "-549.76300", "2012-12-31": "-0.77100", "2012-09-30": "-486.96800", "2012-06-30": "-461.33500", "2012-03-31": "-436.00500", "2011-12-31": "-413.35900", "2011-09-30": "-390.47600", "2011-06-30": "-370.15000", "2011-03-31": "-344.55800", "2010-12-31": "-319.83600", "2010-09-30": "-307.55200", "2010-06-30": "-288.63000", "2010-03-31": "-259.83100", "2009-12-31": "-242.96700", "2009-09-30": "-216.30200", "2009-06-30": "-208.23600", "2009-03-31": "-179.26700", "2008-12-31": "-150.47900", "2008-09-30": "-100.25500", "2008-06-30": "-77.76850", "2008-03-31": "-62.13510", "2007-12-31": "-44.52600", "2007-09-30": "-32.58050", "2007-06-30": "-23.52740", "2007-03-31": "-11.66480", "2006-12-31": "-7.45600", "2006-09-30": "-4.57200", "2006-06-30": "-2.66240", "2006-03-31": "-1.11350", "2005-12-31": "", "2005-09-30": "-0.02950"}, "Other Share Holders Equity": {"2020-09-30": "", "2020-06-30": "", "2020-03-31": "", "2019-12-31": "", "2019-09-30": "", "2019-06-30": "", "2019-03-31": "", "2018-12-31": "", "2018-09-30": "", "2018-06-30": "", "2018-03-31": "", "2017-12-31": "", "2017-09-30": "", "2017-06-30": "", "2017-03-31": "", "2016-12-31": "", "2016-09-30": "", "2016-06-30": "", "2016-03-31": "", "2015-12-31": "", "2015-09-30": "", "2015-06-30": "", "2015-03-31": "", "2014-12-31": "", "2014-09-30": "", "2014-06-30": "", "2014-03-31": "", "2013-12-31": "", "2013-09-30": "", "2013-06-30": "", "2013-03-31": "", "2012-12-31": "", "2012-09-30": "", "2012-06-30": "", "2012-03-31": "", "2011-12-31": "", "2011-09-30": "", "2011-06-30": "", "2011-03-31": "", "2010-12-31": "", "2010-09-30": "", "2010-06-30": "", "2010-03-31": "", "2009-12-31": "", "2009-09-30": "", "2009-06-30": "", "2009-03-31": "", "2008-12-31": "", "2008-09-30": "", "2008-06-30": "", "2008-03-31": "", "2007-12-31": "", "2007-09-30": "", "2007-06-30": "", "2007-03-31": "", "2006-12-31": "", "2006-09-30": "", "2006-06-30": "", "2006-03-31": "", "2005-12-31": "", "2005-09-30": ""}, "Share Holder Equity": {"2020-09-30": "3332.18100", "2020-06-30": "3283.80800", "2020-03-31": "3349.40800", "2019-12-31": "3413.24900", "2019-09-30": "3332.78000", "2019-06-30": "2929.46000", "2019-03-31": "2818.63600", "2018-12-31": "2801.74900", "2018-09-30": "2805.35800", "2018-06-30": "2829.28600", "2018-03-31": "3168.72300", "2017-12-31": "3319.60900", "2017-09-30": "3259.16500", "2017-06-30": "3355.83300", "2017-03-31": "3608.84200", "2016-12-31": "3682.10800", "2016-09-30": "3765.93500", "2016-06-30": "3775.06200", "2016-03-31": "3422.07300", "2015-12-31": "3461.87400", "2015-09-30": "3532.31200", "2015-06-30": "3590.59300", "2015-03-31": "3343.95100", "2014-12-31": "3311.66200", "2014-09-30": "3204.23800", "2014-06-30": "3262.34800", "2014-03-31": "3072.95700", "2013-12-31": "3118.03400", "2013-09-30": "3134.58500", "2013-06-30": "1311.08500", "2013-03-31": "1335.43600", "2012-12-31": "1253.44300", "2012-09-30": "1412.51100", "2012-06-30": "1438.30000", "2012-03-31": "1463.77900", "2011-12-31": "1486.19500", "2011-09-30": "1508.53000", "2011-06-30": "1528.12500", "2011-03-31": "1550.87100", "2010-12-31": "1572.61200", "2010-09-30": "1580.08000", "2010-06-30": "1589.26100", "2010-03-31": "1605.56500", "2009-12-31": "1609.74400", "2009-09-30": "1623.06000", "2009-06-30": "1616.38000", "2009-03-31": "1660.03000", "2008-12-31": "1680.02200", "2008-09-30": "1479.66000", "2008-06-30": "1230.74100", "2008-03-31": "987.89000", "2007-12-31": "802.74600", "2007-09-30": "660.42800", "2007-06-30": "516.67790", "2007-03-31": "381.63590", "2006-12-31": "269.75800", "2006-09-30": "166.26660", "2006-06-30": "99.81460", "2006-03-31": "55.43130", "2005-12-31": "", "2005-09-30": "5.57300"}, "Total Liabilities And Share Holders Equity": {"2020-09-30": "6091.41900", "2020-06-30": "5977.83800", "2020-03-31": "6135.16900", "2019-12-31": "5832.66100", "2019-09-30": "5663.58400", "2019-06-30": "5308.03300", "2019-03-31": "5158.85700", "2018-12-31": "5096.31600", "2018-09-30": "5092.90900", "2018-06-30": "4909.18100", "2018-03-31": "7202.82000", "2017-12-31": "7263.51100", "2017-09-30": "7434.78700", "2017-06-30": "7519.32300", "2017-03-31": "7588.79600", "2016-12-31": "7677.97100", "2016-09-30": "7811.00000", "2016-06-30": "7735.67100", "2016-03-31": "7765.11200", "2015-12-31": "7891.03900", "2015-09-30": "7869.32300", "2015-06-30": "7908.49300", "2015-03-31": "7990.32100", "2014-12-31": "7964.23000", "2014-09-30": "7547.25600", "2014-06-30": "7500.90700", "2014-03-31": "7275.39500", "2013-12-31": "7231.04500", "2013-09-30": "7060.45100", "2013-06-30": "3212.72700", "2013-03-31": "3245.78100", "2012-12-31": "3247.67700", "2012-09-30": "3337.81900", "2012-06-30": "3354.73800", "2012-03-31": "3379.78300", "2011-12-31": "3430.32200", "2011-09-30": "3441.05600", "2011-06-30": "3426.42000", "2011-03-31": "3448.92100", "2010-12-31": "3485.33500", "2010-09-30": "3447.98500", "2010-06-30": "3397.92300", "2010-03-31": "3401.01800", "2009-12-31": "3413.10400", "2009-09-30": "3428.91700", "2009-06-30": "3438.28000", "2009-03-31": "3473.08500", "2008-12-31": "3432.02800", "2008-09-30": "3160.06200", "2008-06-30": "2408.70200", "2008-03-31": "2244.24800", "2007-12-31": "1967.69800", "2007-09-30": "1559.87600", "2007-06-30": "1196.97900", "2007-03-31": "798.46940", "2006-12-31": "500.42080", "2006-09-30": "343.94520", "2006-06-30": "237.66870", "2006-03-31": "179.99080", "2005-12-31": "", "2005-09-30": "9.63870"}}, "cash flow statement": {"Net Income/Loss": {"2019-12-31": "175.26600", "2018-12-31": "132.05200", "2017-12-31": "77.14800", "2016-12-31": "97.44600", "2015-12-31": "93.21200", "2014-12-31": "-36.94500", "2013-12-31": "-1.61600", "2012-12-31": "-76.23300", "2011-12-31": "-63.86300", "2010-12-31": "30.43000", "2009-12-31": "22.40600", "2008-12-31": "25.09200", "2007-12-31": "4.48000", "2006-12-31": "1.34600", "2005-12-31": "-0.11460"}, "Total Depreciation And Amortization - Cash Flow": {"2019-12-31": "189.64000", "2018-12-31": "220.77900", "2017-12-31": "279.48700", "2016-12-31": "279.37400", "2015-12-31": "270.76000", "2014-12-31": "252.90200", "2013-12-31": "184.77500", "2012-12-31": "137.28400", "2011-12-31": "136.50100", "2010-12-31": "86.42600", "2009-12-31": "86.78900", "2008-12-31": "65.06700", "2007-12-31": "31.54000", "2006-12-31": "7.02700", "2005-12-31": "0.24130"}, "Other Non-Cash Items": {"2019-12-31": "-38.28800", "2018-12-31": "-24.86700", "2017-12-31": "32.90300", "2016-12-31": "16.59600", "2015-12-31": "-10.69000", "2014-12-31": "25.90200", "2013-12-31": "-35.59400", "2012-12-31": "52.46700", "2011-12-31": "22.49500", "2010-12-31": "-1.44400", "2009-12-31": "15.77400", "2008-12-31": "5.05200", "2007-12-31": "5.39400", "2006-12-31": "0.12900", "2005-12-31": ""}, "Total Non-Cash Items": {"2019-12-31": "151.35200", "2018-12-31": "195.91200", "2017-12-31": "312.39000", "2016-12-31": "295.97000", "2015-12-31": "260.07000", "2014-12-31": "278.80400", "2013-12-31": "149.18100", "2012-12-31": "189.75100", "2011-12-31": "158.99600", "2010-12-31": "84.98200", "2009-12-31": "102.56300", "2008-12-31": "70.11900", "2007-12-31": "36.93400", "2006-12-31": "7.15600", "2005-12-31": "0.24130"}, "Change In Accounts Receivable": {"2019-12-31": "", "2018-12-31": "", "2017-12-31": "", "2016-12-31": "", "2015-12-31": "", "2014-12-31": "", "2013-12-31": "", "2012-12-31": "", "2011-12-31": "", "2010-12-31": "-11.81500", "2009-12-31": "-13.32500", "2008-12-31": "-16.04700", "2007-12-31": "-6.11300", "2006-12-31": "-2.47200", "2005-12-31": ""}, "Change In Inventories": {"2019-12-31": "", "2018-12-31": "", "2017-12-31": "", "2016-12-31": "", "2015-12-31": "", "2014-12-31": "", "2013-12-31": "", "2012-12-31": "", "2011-12-31": "", "2010-12-31": "", "2009-12-31": "", "2008-12-31": "", "2007-12-31": "", "2006-12-31": "", "2005-12-31": ""}, "Change In Accounts Payable": {"2019-12-31": "", "2018-12-31": "", "2017-12-31": "", "2016-12-31": "", "2015-12-31": "", "2014-12-31": "", "2013-12-31": "", "2012-12-31": "", "2011-12-31": "", "2010-12-31": "", "2009-12-31": "", "2008-12-31": "", "2007-12-31": "", "2006-12-31": "", "2005-12-31": ""}, "Change In Assets/Liabilities": {"2019-12-31": "2.95300", "2018-12-31": "-1.39600", "2017-12-31": "2.86600", "2016-12-31": "-12.09600", "2015-12-31": "5.32200", "2014-12-31": "-25.46600", "2013-12-31": "-7.25500", "2012-12-31": "0.41800", "2011-12-31": "-0.04200", "2010-12-31": "2.03000", "2009-12-31": "3.54100", "2008-12-31": "3.96400", "2007-12-31": "2.30400", "2006-12-31": "0.09700", "2005-12-31": "-0.01170"}, "Total Change In Assets/Liabilities": {"2019-12-31": "12.43500", "2018-12-31": "8.40100", "2017-12-31": "4.44400", "2016-12-31": "-5.78800", "2015-12-31": "18.70400", "2014-12-31": "-23.28800", "2013-12-31": "-9.46100", "2012-12-31": "-1.74500", "2011-12-31": "-0.70600", "2010-12-31": "-9.78500", "2009-12-31": "-8.09700", "2008-12-31": "0.86200", "2007-12-31": "1.95200", "2006-12-31": "-0.64100", "2005-12-31": "0.27110"}, "Cash Flow From Operating Activities": {"2019-12-31": "339.05300", "2018-12-31": "336.36500", "2017-12-31": "393.98200", "2016-12-31": "387.62800", "2015-12-31": "371.98600", "2014-12-31": "218.57100", "2013-12-31": "138.10400", "2012-12-31": "111.77300", "2011-12-31": "94.42700", "2010-12-31": "105.62700", "2009-12-31": "116.87200", "2008-12-31": "96.07300", "2007-12-31": "43.36600", "2006-12-31": "7.86100", "2005-12-31": "0.39770"}, "Net Change In Property, Plant, And Equipment": {"2019-12-31": "-1041.91900", "2018-12-31": "-163.04900", "2017-12-31": "192.56200", "2016-12-31": "-131.05900", "2015-12-31": "-379.33700", "2014-12-31": "-847.85300", "2013-12-31": "-161.65300", "2012-12-31": "-117.78100", "2011-12-31": "-21.42800", "2010-12-31": "-115.78500", "2009-12-31": "-19.12200", "2008-12-31": "-1147.76500", "2007-12-31": "-1266.16900", "2006-12-31": "-278.57700", "2005-12-31": "-81.34410"}, "Net Change In Intangible Assets": {"2019-12-31": "", "2018-12-31": "", "2017-12-31": "", "2016-12-31": "", "2015-12-31": "", "2014-12-31": "", "2013-12-31": "", "2012-12-31": "", "2011-12-31": "", "2010-12-31": "", "2009-12-31": "", "2008-12-31": "", "2007-12-31": "", "2006-12-31": "-37.57400", "2005-12-31": "-10.48280"}, "Net Acquisitions/Divestitures": {"2019-12-31": "", "2018-12-31": "", "2017-12-31": "", "2016-12-31": "", "2015-12-31": "", "2014-12-31": "", "2013-12-31": "7.34700", "2012-12-31": "", "2011-12-31": "", "2010-12-31": "", "2009-12-31": "", "2008-12-31": "", "2007-12-31": "", "2006-12-31": "", "2005-12-31": ""}, "Net Change In Short-term Investments": {"2019-12-31": "", "2018-12-31": "", "2017-12-31": "", "2016-12-31": "", "2015-12-31": "", "2014-12-31": "", "2013-12-31": "", "2012-12-31": "", "2011-12-31": "", "2010-12-31": "", "2009-12-31": "", "2008-12-31": "", "2007-12-31": "", "2006-12-31": "", "2005-12-31": ""}, "Net Change In Long-Term Investments": {"2019-12-31": "161.03700", "2018-12-31": "-5.02300", "2017-12-31": "7.77400", "2016-12-31": "3.33700", "2015-12-31": "2.80200", "2014-12-31": "6.08500", "2013-12-31": "15.26000", "2012-12-31": "13.60000", "2011-12-31": "4.82800", "2010-12-31": "1.56200", "2009-12-31": "-27.25400", "2008-12-31": "-103.87500", "2007-12-31": "-39.52700", "2006-12-31": "", "2005-12-31": ""}, "Net Change In Investments - Total": {"2019-12-31": "161.03700", "2018-12-31": "-5.02300", "2017-12-31": "7.77400", "2016-12-31": "3.33700", "2015-12-31": "2.80200", "2014-12-31": "6.08500", "2013-12-31": "15.26000", "2012-12-31": "13.60000", "2011-12-31": "4.82800", "2010-12-31": "1.56200", "2009-12-31": "-27.25400", "2008-12-31": "-103.87500", "2007-12-31": "-39.52700", "2006-12-31": "", "2005-12-31": ""}, "Investing Activities - Other": {"2019-12-31": "-14.11700", "2018-12-31": "-52.39000", "2017-12-31": "-46.10000", "2016-12-31": "-27.07800", "2015-12-31": "-9.16100", "2014-12-31": "-36.26200", "2013-12-31": "-20.54700", "2012-12-31": "-5.13300", "2011-12-31": "-7.08400", "2010-12-31": "4.01600", "2009-12-31": "0.87900", "2008-12-31": "35.56200", "2007-12-31": "-59.08100", "2006-12-31": "-4.02600", "2005-12-31": "-1.81380"}, "Cash Flow From Investing Activities": {"2019-12-31": "-894.99900", "2018-12-31": "-220.46200", "2017-12-31": "154.23600", "2016-12-31": "-154.80000", "2015-12-31": "-385.69600", "2014-12-31": "-878.03000", "2013-12-31": "-159.59300", "2012-12-31": "-109.31400", "2011-12-31": "-23.68400", "2010-12-31": "-110.20700", "2009-12-31": "-45.49700", "2008-12-31": "-1216.07800", "2007-12-31": "-1364.77700", "2006-12-31": "-320.17700", "2005-12-31": "-93.64080"}, "Net Long-Term Debt": {"2019-12-31": "103.91500", "2018-12-31": "388.02810", "2017-12-31": "3.29300", "2016-12-31": "-384.70190", "2015-12-31": "-202.66700", "2014-12-31": "635.43380", "2013-12-31": "203.72700", "2012-12-31": "-401.70200", "2011-12-31": "-97.16500", "2010-12-31": "118.23300", "2009-12-31": "-32.05800", "2008-12-31": "323.18900", "2007-12-31": "805.07200", "2006-12-31": "100.42200", "2005-12-31": "71.25700"}, "Net Current Debt": {"2019-12-31": "", "2018-12-31": "", "2017-12-31": "", "2016-12-31": "", "2015-12-31": "", "2014-12-31": "", "2013-12-31": "", "2012-12-31": "", "2011-12-31": "", "2010-12-31": "", "2009-12-31": "", "2008-12-31": "", "2007-12-31": "", "2006-12-31": "", "2005-12-31": ""}, "Debt Issuance/Retirement Net - Total": {"2019-12-31": "103.91500", "2018-12-31": "388.02810", "2017-12-31": "3.29300", "2016-12-31": "-384.70190", "2015-12-31": "-202.66700", "2014-12-31": "635.43380", "2013-12-31": "203.72700", "2012-12-31": "-401.70200", "2011-12-31": "-97.16500", "2010-12-31": "118.23300", "2009-12-31": "-32.05800", "2008-12-31": "323.18900", "2007-12-31": "805.07200", "2006-12-31": "100.42200", "2005-12-31": "71.25700"}, "Net Common Equity Issued/Repurchased": {"2019-12-31": "674.88700", "2018-12-31": "-167.59600", "2017-12-31": "-286.63100", "2016-12-31": "446.61300", "2015-12-31": "342.98500", "2014-12-31": "432.24700", "2013-12-31": "-2.46000", "2012-12-31": "457.11500", "2011-12-31": "", "2010-12-31": "-21.63800", "2009-12-31": "-48.25700", "2008-12-31": "929.74500", "2007-12-31": "607.66200", "2006-12-31": "274.71100", "2005-12-31": "28.10910"}, "Net Total Equity Issued/Repurchased": {"2019-12-31": "674.88700", "2018-12-31": "-167.61200", "2017-12-31": "-120.43800", "2016-12-31": "445.86000", "2015-12-31": "342.98500", "2014-12-31": "432.24700", "2013-12-31": "-2.46000", "2012-12-31": "456.97600", "2011-12-31": "", "2010-12-31": "-21.63800", "2009-12-31": "-48.25700", "2008-12-31": "929.74500", "2007-12-31": "607.66200", "2006-12-31": "274.71100", "2005-12-31": "28.10910"}, "Total Common And Preferred Stock Dividends Paid": {"2019-12-31": "-236.87200", "2018-12-31": "-300.57500", "2017-12-31": "-341.70400", "2016-12-31": "-323.64000", "2015-12-31": "-292.26200", "2014-12-31": "-255.77100", "2013-12-31": "-136.09100", "2012-12-31": "-0.00800", "2011-12-31": "-3.88500", "2010-12-31": "", "2009-12-31": "", "2008-12-31": "", "2007-12-31": "", "2006-12-31": "", "2005-12-31": ""}, "Financial Activities - Other": {"2019-12-31": "-37.38200", "2018-12-31": "-73.03000", "2017-12-31": "-11.56000", "2016-12-31": "-32.88300", "2015-12-31": "11.26300", "2014-12-31": "-42.85800", "2013-12-31": "-50.66700", "2012-12-31": "-33.69300", "2011-12-31": "-8.49800", "2010-12-31": "-74.64100", "2009-12-31": "-69.12800", "2008-12-31": "-69.96100", "2007-12-31": "-85.37200", "2006-12-31": "-29.82600", "2005-12-31": "-1.74800"}, "Cash Flow From Financial Activities": {"2019-12-31": "504.54800", "2018-12-31": "-153.18900", "2017-12-31": "-470.40900", "2016-12-31": "-295.36500", "2015-12-31": "-140.68100", "2014-12-31": "769.05200", "2013-12-31": "14.50900", "2012-12-31": "21.57300", "2011-12-31": "-109.54800", "2010-12-31": "21.95400", "2009-12-31": "-149.44300", "2008-12-31": "1182.97300", "2007-12-31": "1327.36200", "2006-12-31": "345.30700", "2005-12-31": "97.61820"}, "Net Cash Flow": {"2019-12-31": "-51.39800", "2018-12-31": "-37.28600", "2017-12-31": "77.80900", "2016-12-31": "-62.53700", "2015-12-31": "-154.39100", "2014-12-31": "109.59300", "2013-12-31": "-6.98000", "2012-12-31": "24.03200", "2011-12-31": "-38.80500", "2010-12-31": "17.37400", "2009-12-31": "-78.06800", "2008-12-31": "62.96800", "2007-12-31": "5.95100", "2006-12-31": "32.99100", "2005-12-31": "4.37510"}, "Stock-Based Compensation": {"2019-12-31": "14.27700", "2018-12-31": "15.11400", "2017-12-31": "16.56000", "2016-12-31": "9.57000", "2015-12-31": "13.32100", "2014-12-31": "11.34600", "2013-12-31": "8.76900", "2012-12-31": "5.93100", "2011-12-31": "", "2010-12-31": "0.00700", "2009-12-31": "0.01300", "2008-12-31": "0.00800", "2007-12-31": "0.02500", "2006-12-31": "0.05400", "2005-12-31": ""}, "Common Stock Dividends Paid": {"2019-12-31": "-226.52200", "2018-12-31": "-290.22300", "2017-12-31": "-339.17400", "2016-12-31": "-323.64000", "2015-12-31": "-292.26200", "2014-12-31": "-255.77100", "2013-12-31": "-136.09100", "2012-12-31": "-0.00800", "2011-12-31": "-3.88500", "2010-12-31": "", "2009-12-31": "", "2008-12-31": "", "2007-12-31": "", "2006-12-31": "", "2005-12-31": ""}}, "cash flow statement, quarterly": {"Net Income/Loss": {"2020-09-30": 13.798, "2020-06-30": -0.413, "2020-03-31": "-15.84700", "2019-12-31": 4.657, "2019-09-30": 81.294, "2019-06-30": 45.737, "2019-03-31": "43.57800", "2018-12-31": 54.114, "2018-09-30": 30.056, "2018-06-30": 17.164, "2018-03-31": "30.71800", "2017-12-31": 35.791, "2017-09-30": 5.322, "2017-06-30": 23.206, "2017-03-31": "12.82900", "2016-12-31": 0.988, "2016-09-30": 27.399, "2016-06-30": 45.959, "2016-03-31": "23.10000", "2015-12-31": 6.301, "2015-09-30": 15.003, "2015-06-30": 49.345, "2015-03-31": "22.56300", "2014-12-31": 31.328, "2014-09-30": 8.225, "2014-06-30": -90.346, "2014-03-31": "13.84800", "2013-12-31": 40.293, "2013-09-30": -21.908, "2013-06-30": -11.669, "2013-03-31": "-8.33200", "2012-12-31": -5.19, "2012-09-30": -87.601, "2012-06-30": 6.755, "2012-03-31": "9.80300", "2011-12-31": -108.477, "2011-09-30": 12.952, "2011-06-30": 14.927, "2011-03-31": "16.73500", "2010-12-31": 9.276, "2010-09-30": 8.387, "2010-06-30": 3.74, "2010-03-31": "9.02700", "2009-12-31": 9.564, "2009-09-30": 6.909, "2009-06-30": -3.698, "2009-03-31": "9.63100", "2008-12-31": 8.495, "2008-09-30": 8.963, "2008-06-30": 7.047, "2008-03-31": "0.58700", "2007-12-31": 3.163, "2007-09-30": 2.9991, "2007-06-30": -3.3668, "2007-03-31": "1.68470", "2006-12-31": 1.1615, "2006-09-30": 0.5489, "2006-06-30": -0.1818, "2006-03-31": "-0.18260", "2005-12-31": 0.0295, "2005-09-30": -0.0295}, "Total Depreciation And Amortization - Cash Flow": {"2020-09-30": 55.36, "2020-06-30": 56.56, "2020-03-31": "55.30400", "2019-12-31": 51.926, "2019-09-30": 46.592, "2019-06-30": 45.036, "2019-03-31": "46.08600", "2018-12-31": 45.973, "2018-09-30": 44.905, "2018-06-30": 60.243, "2018-03-31": "69.65800", "2017-12-31": 69.663, "2017-09-30": 69.483, "2017-06-30": 69.885, "2017-03-31": "70.45600", "2016-12-31": 75.087, "2016-09-30": 67.67, "2016-06-30": 68.997, "2016-03-31": "67.62000", "2015-12-31": 67.737, "2015-09-30": 66.965, "2015-06-30": 67.242, "2015-03-31": "68.81600", "2014-12-31": 65.136, "2014-09-30": 64.045, "2014-06-30": 63.154, "2014-03-31": "60.56700", "2013-12-31": 58.495, "2013-09-30": 51.024, "2013-06-30": 40.056, "2013-03-31": "35.20000", "2012-12-31": 31.806, "2012-09-30": 59.352, "2012-06-30": 23.165, "2012-03-31": "22.96100", "2011-12-31": 68.199, "2011-09-30": 22.773, "2011-06-30": 22.497, "2011-03-31": "23.03200", "2010-12-31": 22.037, "2010-09-30": 21.235, "2010-06-30": 21.665, "2010-03-31": "21.48900", "2009-12-31": 21.61, "2009-09-30": 23.462, "2009-06-30": 21.233, "2009-03-31": "20.48400", "2008-12-31": 20.508, "2008-09-30": 16.486, "2008-06-30": 13.918, "2008-03-31": "14.15500", "2007-12-31": 11.295, "2007-09-30": 8.9101, "2007-06-30": 6.7974, "2007-03-31": "4.53750", "2006-12-31": 2.7727, "2006-09-30": 1.9537, "2006-06-30": 1.3881, "2006-03-31": "0.91250", "2005-12-31": -0.0037, "2005-09-30": 0.0037}, "Other Non-Cash Items": {"2020-09-30": 6.253, "2020-06-30": 19.444, "2020-03-31": "42.81100", "2019-12-31": 22.552, "2019-09-30": -34.912, "2019-06-30": -12.374, "2019-03-31": "-13.55400", "2018-12-31": -14.328, "2018-09-30": -0.542, "2018-06-30": -4.206, "2018-03-31": "-5.79100", "2017-12-31": -11.277, "2017-09-30": 25.399, "2017-06-30": 3.4, "2017-03-31": "15.38100", "2016-12-31": 50.485, "2016-09-30": -9.639, "2016-06-30": -27.227, "2016-03-31": "2.97700", "2015-12-31": 10.528, "2015-09-30": 12.791, "2015-06-30": -24.593, "2015-03-31": "-9.41600", "2014-12-31": -15.676, "2014-09-30": 8.824, "2014-06-30": 33.76, "2014-03-31": "-1.00600", "2013-12-31": -30.436, "2013-09-30": -10.643, "2013-06-30": 2.347, "2013-03-31": "3.13800", "2012-12-31": 8.789, "2012-09-30": 41.699, "2012-06-30": 1.922, "2012-03-31": "0.05700", "2011-12-31": 44.159, "2011-09-30": -5.122, "2011-06-30": -8.09, "2011-03-31": "-8.45200", "2010-12-31": -5.991, "2010-09-30": -0.508, "2010-06-30": 4.147, "2010-03-31": "0.90800", "2009-12-31": 0.22, "2009-09-30": 0.421, "2009-06-30": 13.95, "2009-03-31": "1.18300", "2008-12-31": 1.303, "2008-09-30": -0.786, "2008-06-30": 0.745, "2008-03-31": "3.79000", "2007-12-31": 0.441, "2007-09-30": -0.6782, "2007-06-30": 5.6173, "2007-03-31": "0.01390", "2006-12-31": 0.089, "2006-09-30": 0.0138, "2006-06-30": 0.0111, "2006-03-31": "0.01510", "2005-12-31": 0, "2005-09-30": 0}, "Total Non-Cash Items": {"2020-09-30": 61.613, "2020-06-30": 76.004, "2020-03-31": "98.11500", "2019-12-31": 74.478, "2019-09-30": 11.68, "2019-06-30": 32.662, "2019-03-31": "32.53200", "2018-12-31": 31.645, "2018-09-30": 44.363, "2018-06-30": 56.037, "2018-03-31": "63.86700", "2017-12-31": 58.386, "2017-09-30": 94.882, "2017-06-30": 73.285, "2017-03-31": "85.83700", "2016-12-31": 125.572, "2016-09-30": 58.031, "2016-06-30": 41.77, "2016-03-31": "70.59700", "2015-12-31": 78.265, "2015-09-30": 79.756, "2015-06-30": 42.649, "2015-03-31": "59.40000", "2014-12-31": 49.46, "2014-09-30": 72.869, "2014-06-30": 96.914, "2014-03-31": "59.56100", "2013-12-31": 28.059, "2013-09-30": 40.381, "2013-06-30": 42.403, "2013-03-31": "38.33800", "2012-12-31": 40.595, "2012-09-30": 101.051, "2012-06-30": 25.087, "2012-03-31": "23.01800", "2011-12-31": 112.358, "2011-09-30": 17.651, "2011-06-30": 14.407, "2011-03-31": "14.58000", "2010-12-31": 16.046, "2010-09-30": 20.727, "2010-06-30": 25.812, "2010-03-31": "22.39700", "2009-12-31": 21.83, "2009-09-30": 23.883, "2009-06-30": 35.183, "2009-03-31": "21.66700", "2008-12-31": 21.811, "2008-09-30": 15.7, "2008-06-30": 14.663, "2008-03-31": "17.94500", "2007-12-31": 11.736, "2007-09-30": 8.2319, "2007-06-30": 12.4147, "2007-03-31": "4.55140", "2006-12-31": 2.8616, "2006-09-30": 1.9676, "2006-06-30": 1.3992, "2006-03-31": "0.92760", "2005-12-31": -0.0037, "2005-09-30": 0.0037}, "Change In Accounts Receivable": {"2020-09-30": 0, "2020-06-30": 0, "2020-03-31": "", "2019-12-31": 0, "2019-09-30": 0, "2019-06-30": 0, "2019-03-31": "", "2018-12-31": 0, "2018-09-30": 0, "2018-06-30": 0, "2018-03-31": "", "2017-12-31": 0, "2017-09-30": 0, "2017-06-30": 0, "2017-03-31": "", "2016-12-31": 0, "2016-09-30": 0, "2016-06-30": 0, "2016-03-31": "", "2015-12-31": 0, "2015-09-30": 0, "2015-06-30": 0, "2015-03-31": "", "2014-12-31": 0, "2014-09-30": 0, "2014-06-30": 0, "2014-03-31": "", "2013-12-31": 0, "2013-09-30": 0, "2013-06-30": 0, "2013-03-31": "", "2012-12-31": 0, "2012-09-30": 3.11, "2012-06-30": -1.782, "2012-03-31": "-1.32800", "2011-12-31": 7.422, "2011-09-30": -2.564, "2011-06-30": -3.401, "2011-03-31": "-1.45700", "2010-12-31": -3.156, "2010-09-30": -4.399, "2010-06-30": -2.895, "2010-03-31": "-1.36500", "2009-12-31": -3.357, "2009-09-30": -4.519, "2009-06-30": -3.321, "2009-03-31": "-2.12800", "2008-12-31": -7.493, "2008-09-30": -3.266, "2008-06-30": -3.222, "2008-03-31": "-2.06600", "2007-12-31": -2.12, "2007-09-30": -1.4535, "2007-06-30": -1.3839, "2007-03-31": "-1.15560", "2006-12-31": -1.3829, "2006-09-30": -0.4759, "2006-06-30": -0.3081, "2006-03-31": "-0.30510", "2005-12-31": 0, "2005-09-30": 0}, "Change In Inventories": {"2020-09-30": 0, "2020-06-30": 0, "2020-03-31": "", "2019-12-31": 0, "2019-09-30": 0, "2019-06-30": 0, "2019-03-31": "", "2018-12-31": 0, "2018-09-30": 0, "2018-06-30": 0, "2018-03-31": "", "2017-12-31": 0, "2017-09-30": 0, "2017-06-30": 0, "2017-03-31": "", "2016-12-31": 0, "2016-09-30": 0, "2016-06-30": 0, "2016-03-31": "", "2015-12-31": 0, "2015-09-30": 0, "2015-06-30": 0, "2015-03-31": "", "2014-12-31": 0, "2014-09-30": 0, "2014-06-30": 0, "2014-03-31": "", "2013-12-31": 0, "2013-09-30": 0, "2013-06-30": 0, "2013-03-31": "", "2012-12-31": 0, "2012-09-30": 0, "2012-06-30": 0, "2012-03-31": "", "2011-12-31": 0, "2011-09-30": 0, "2011-06-30": 0, "2011-03-31": "", "2010-12-31": 0, "2010-09-30": 0, "2010-06-30": 0, "2010-03-31": "", "2009-12-31": 0, "2009-09-30": 0, "2009-06-30": 0, "2009-03-31": "", "2008-12-31": 0, "2008-09-30": 0, "2008-06-30": 0, "2008-03-31": "", "2007-12-31": 0, "2007-09-30": 0, "2007-06-30": 0, "2007-03-31": "", "2006-12-31": 0, "2006-09-30": 0, "2006-06-30": 0, "2006-03-31": "", "2005-12-31": 0, "2005-09-30": 0}, "Change In Accounts Payable": {"2020-09-30": 0, "2020-06-30": 0, "2020-03-31": "", "2019-12-31": 0, "2019-09-30": 0, "2019-06-30": 0, "2019-03-31": "", "2018-12-31": 0, "2018-09-30": 0, "2018-06-30": 0, "2018-03-31": "", "2017-12-31": 0, "2017-09-30": 0, "2017-06-30": 0, "2017-03-31": "", "2016-12-31": 0, "2016-09-30": 0, "2016-06-30": 0, "2016-03-31": "", "2015-12-31": 0, "2015-09-30": 0, "2015-06-30": 0, "2015-03-31": "", "2014-12-31": 0, "2014-09-30": 0, "2014-06-30": 0, "2014-03-31": "", "2013-12-31": 0, "2013-09-30": 0, "2013-06-30": 0, "2013-03-31": "", "2012-12-31": 0, "2012-09-30": 0, "2012-06-30": 0, "2012-03-31": "", "2011-12-31": 0, "2011-09-30": 0, "2011-06-30": 0, "2011-03-31": "", "2010-12-31": 0, "2010-09-30": 0, "2010-06-30": 0, "2010-03-31": "", "2009-12-31": 0, "2009-09-30": 0, "2009-06-30": 0, "2009-03-31": "", "2008-12-31": 0, "2008-09-30": 0, "2008-06-30": 0, "2008-03-31": "", "2007-12-31": 0, "2007-09-30": 0, "2007-06-30": 0, "2007-03-31": "", "2006-12-31": 0, "2006-09-30": 0, "2006-06-30": 0, "2006-03-31": "", "2005-12-31": 0, "2005-09-30": 0}, "Change In Assets/Liabilities": {"2020-09-30": 4.244, "2020-06-30": -23.522, "2020-03-31": "-0.13600", "2019-12-31": -1.607, "2019-09-30": 5.873, "2019-06-30": -0.613, "2019-03-31": "-0.70000", "2018-12-31": 4.285, "2018-09-30": -2.427, "2018-06-30": -3.732, "2018-03-31": "0.47800", "2017-12-31": 4.55, "2017-09-30": -5.021, "2017-06-30": 2.803, "2017-03-31": "0.53400", "2016-12-31": -3.185, "2016-09-30": -8.085, "2016-06-30": 0.151, "2016-03-31": "-0.97700", "2015-12-31": 10.257, "2015-09-30": -3.294, "2015-06-30": 0.297, "2015-03-31": "-1.93800", "2014-12-31": -22.355, "2014-09-30": -0.759, "2014-06-30": -0.842, "2014-03-31": "-1.51000", "2013-12-31": 1.007, "2013-09-30": -5.978, "2013-06-30": 0.819, "2013-03-31": "-3.10300", "2012-12-31": -1.219, "2012-09-30": 3.44, "2012-06-30": 1.098, "2012-03-31": "-2.90100", "2011-12-31": 1.08, "2011-09-30": 1.835, "2011-06-30": 0.441, "2011-03-31": "-3.39800", "2010-12-31": 4.564, "2010-09-30": -1.437, "2010-06-30": 0.661, "2010-03-31": "-1.75800", "2009-12-31": 3.362, "2009-09-30": -1.901, "2009-06-30": 0.986, "2009-03-31": "1.09400", "2008-12-31": 2.045, "2008-09-30": -0.526, "2008-06-30": -0.199, "2008-03-31": "2.64400", "2007-12-31": 1.583, "2007-09-30": 0.1382, "2007-06-30": -0.675, "2007-03-31": "1.25780", "2006-12-31": 0.4079, "2006-09-30": -0.1051, "2006-06-30": -0.2878, "2006-03-31": "0.08200", "2005-12-31": -0.0057, "2005-09-30": 0.0057}, "Total Change In Assets/Liabilities": {"2020-09-30": -1.898, "2020-06-30": -9.758, "2020-03-31": "-15.09000", "2019-12-31": 0.565, "2019-09-30": 22.104, "2019-06-30": -5.477, "2019-03-31": "-4.75700", "2018-12-31": 16.794, "2018-09-30": -1.018, "2018-06-30": -5.95, "2018-03-31": "-1.42500", "2017-12-31": 0.402, "2017-09-30": -2.188, "2017-06-30": 8.094, "2017-03-31": "-1.86400", "2016-12-31": 1.777, "2016-09-30": -3.119, "2016-06-30": -0.384, "2016-03-31": "-4.06200", "2015-12-31": 16.206, "2015-09-30": 8.816, "2015-06-30": -3.96, "2015-03-31": "-2.35800", "2014-12-31": -16.929, "2014-09-30": 5.055, "2014-06-30": -3.849, "2014-03-31": "-7.56500", "2013-12-31": 0.627, "2013-09-30": -9.748, "2013-06-30": 1.434, "2013-03-31": "-1.77400", "2012-12-31": -0.509, "2012-09-30": 2.478, "2012-06-30": 0.469, "2012-03-31": "-4.18300", "2011-12-31": 3.082, "2011-09-30": 2.344, "2011-06-30": -0.885, "2011-03-31": "-5.24700", "2010-12-31": 1.912, "2010-09-30": -4.079, "2010-06-30": -2.381, "2010-03-31": "-5.23700", "2009-12-31": -0.051, "2009-09-30": -4.667, "2009-06-30": -1.078, "2009-03-31": "-2.30100", "2008-12-31": -4.755, "2008-09-30": 7.075, "2008-06-30": -1.816, "2008-03-31": "0.35800", "2007-12-31": 0.445, "2007-09-30": 0.6462, "2007-06-30": -0.4111, "2007-03-31": "1.27190", "2006-12-31": -0.22, "2006-09-30": -0.3546, "2006-06-30": -0.0229, "2006-03-31": "-0.04350", "2005-12-31": -0.0204, "2005-09-30": 0.0204}, "Cash Flow From Operating Activities": {"2020-09-30": 73.513, "2020-06-30": 65.833, "2020-03-31": "67.17800", "2019-12-31": 79.7, "2019-09-30": 115.078, "2019-06-30": 72.922, "2019-03-31": "71.35300", "2018-12-31": 102.553, "2018-09-30": 73.401, "2018-06-30": 67.251, "2018-03-31": "93.16000", "2017-12-31": 94.579, "2017-09-30": 98.016, "2017-06-30": 104.585, "2017-03-31": "96.80200", "2016-12-31": 128.337, "2016-09-30": 82.311, "2016-06-30": 87.345, "2016-03-31": "89.63500", "2015-12-31": 100.772, "2015-09-30": 103.575, "2015-06-30": 88.034, "2015-03-31": "79.60500", "2014-12-31": 63.859, "2014-09-30": 86.149, "2014-06-30": 2.719, "2014-03-31": "65.84400", "2013-12-31": 68.979, "2013-09-30": 8.725, "2013-06-30": 32.168, "2013-03-31": "28.23200", "2012-12-31": 34.896, "2012-09-30": 15.928, "2012-06-30": 32.311, "2012-03-31": "28.63800", "2011-12-31": 6.963, "2011-09-30": 32.947, "2011-06-30": 28.449, "2011-03-31": "26.06800", "2010-12-31": 27.234, "2010-09-30": 25.035, "2010-06-30": 27.171, "2010-03-31": "26.18700", "2009-12-31": 31.343, "2009-09-30": 26.125, "2009-06-30": 30.407, "2009-03-31": "28.99700", "2008-12-31": 25.551, "2008-09-30": 31.738, "2008-06-30": 19.894, "2008-03-31": "18.89000", "2007-12-31": 15.344, "2007-09-30": 11.8772, "2007-06-30": 8.6369, "2007-03-31": "7.50790", "2006-12-31": 3.8031, "2006-09-30": 2.162, "2006-06-30": 1.1944, "2006-03-31": "0.70150", "2005-12-31": 0.0055, "2005-09-30": -0.0055}, "Net Change In Property, Plant, And Equipment": {"2020-09-30": -165.07, "2020-06-30": -20.532, "2020-03-31": "-189.01800", "2019-12-31": -553.367, "2019-09-30": -178.538, "2019-06-30": -184.6, "2019-03-31": "-125.41400", "2018-12-31": 37.981, "2018-09-30": -199.316, "2018-06-30": -25.074, "2018-03-31": "23.36000", "2017-12-31": 129, "2017-09-30": 65.929, "2017-06-30": -1.463, "2017-03-31": "-0.90400", "2016-12-31": 47.488, "2016-09-30": -132.228, "2016-06-30": -63.21, "2016-03-31": "16.89100", "2015-12-31": -73.556, "2015-09-30": -99.265, "2015-06-30": -12.749, "2015-03-31": "-193.76700", "2014-12-31": -315.933, "2014-09-30": -182.495, "2014-06-30": -197.696, "2014-03-31": "-151.72900", "2013-12-31": -120.843, "2013-09-30": 49.393, "2013-06-30": -36.178, "2013-03-31": "-54.02500", "2012-12-31": -50.639, "2012-09-30": -62.968, "2012-06-30": -2.866, "2012-03-31": "-1.30800", "2011-12-31": 87.747, "2011-09-30": -15.032, "2011-06-30": -71.378, "2011-03-31": "-22.76500", "2010-12-31": -45.932, "2010-09-30": -46.533, "2010-06-30": -22.235, "2010-03-31": "-1.08500", "2009-12-31": -6.177, "2009-09-30": 0.745, "2009-06-30": -0.611, "2009-03-31": "-13.07900", "2008-12-31": -113.301, "2008-09-30": -635.049, "2008-06-30": -150.2, "2008-03-31": "-249.21500", "2007-12-31": -390.045, "2007-09-30": -313.0865, "2007-06-30": -305.5742, "2007-03-31": "-257.46330", "2006-12-31": -102.6586, "2006-09-30": -69.1101, "2006-06-30": -46.3463, "2006-03-31": "-60.46200", "2005-12-31": 3.3524, "2005-09-30": -3.3524}, "Net Change In Intangible Assets": {"2020-09-30": 0, "2020-06-30": 0, "2020-03-31": "", "2019-12-31": 0, "2019-09-30": 0, "2019-06-30": 0, "2019-03-31": "", "2018-12-31": 0, "2018-09-30": 0, "2018-06-30": 0, "2018-03-31": "", "2017-12-31": 0, "2017-09-30": 0, "2017-06-30": 0, "2017-03-31": "", "2016-12-31": 0, "2016-09-30": 0, "2016-06-30": 0, "2016-03-31": "", "2015-12-31": 0, "2015-09-30": 0, "2015-06-30": 0, "2015-03-31": "", "2014-12-31": 0, "2014-09-30": 0, "2014-06-30": 0, "2014-03-31": "", "2013-12-31": 0, "2013-09-30": 0, "2013-06-30": 0, "2013-03-31": "", "2012-12-31": 0, "2012-09-30": 0, "2012-06-30": 0, "2012-03-31": "", "2011-12-31": 0, "2011-09-30": 0, "2011-06-30": 0, "2011-03-31": "", "2010-12-31": 0, "2010-09-30": 0, "2010-06-30": 0, "2010-03-31": "", "2009-12-31": 0, "2009-09-30": 0, "2009-06-30": 0, "2009-03-31": "", "2008-12-31": 0, "2008-09-30": 12.676, "2008-06-30": -13.051, "2008-03-31": "0.37500", "2007-12-31": 85.512, "2007-09-30": -31.9457, "2007-06-30": -27.3821, "2007-03-31": "-26.18420", "2006-12-31": -15.7474, "2006-09-30": -8.7215, "2006-06-30": -3.223, "2006-03-31": "-9.88210", "2005-12-31": 0, "2005-09-30": 0}, "Net Acquisitions/Divestitures": {"2020-09-30": 0, "2020-06-30": 0, "2020-03-31": "", "2019-12-31": 0, "2019-09-30": 0, "2019-06-30": 0, "2019-03-31": "", "2018-12-31": 0, "2018-09-30": 0, "2018-06-30": 0, "2018-03-31": "", "2017-12-31": 0, "2017-09-30": 0, "2017-06-30": 0, "2017-03-31": "", "2016-12-31": 0, "2016-09-30": 0, "2016-06-30": 0, "2016-03-31": "", "2015-12-31": 0, "2015-09-30": 0, "2015-06-30": 0, "2015-03-31": "", "2014-12-31": 0, "2014-09-30": 0, "2014-06-30": 0, "2014-03-31": "", "2013-12-31": -2.053, "2013-09-30": 9.4, "2013-06-30": 0, "2013-03-31": "", "2012-12-31": 0, "2012-09-30": 0, "2012-06-30": 0, "2012-03-31": "", "2011-12-31": -19.1, "2011-09-30": 19.1, "2011-06-30": 0, "2011-03-31": "", "2010-12-31": 0, "2010-09-30": 0, "2010-06-30": 0, "2010-03-31": "", "2009-12-31": 0, "2009-09-30": 0, "2009-06-30": 0, "2009-03-31": "", "2008-12-31": 0, "2008-09-30": 0.087, "2008-06-30": -0.087, "2008-03-31": "", "2007-12-31": 0, "2007-09-30": 0, "2007-06-30": 0, "2007-03-31": "", "2006-12-31": 0, "2006-09-30": 0, "2006-06-30": 0, "2006-03-31": "", "2005-12-31": 0, "2005-09-30": 0}, "Net Change In Short-term Investments": {"2020-09-30": 0, "2020-06-30": 0, "2020-03-31": "", "2019-12-31": 0, "2019-09-30": 0, "2019-06-30": 0, "2019-03-31": "", "2018-12-31": 0, "2018-09-30": 0, "2018-06-30": 0, "2018-03-31": "", "2017-12-31": 0, "2017-09-30": 0, "2017-06-30": 0, "2017-03-31": "", "2016-12-31": 0, "2016-09-30": 0, "2016-06-30": 0, "2016-03-31": "", "2015-12-31": 0, "2015-09-30": 0, "2015-06-30": 0, "2015-03-31": "", "2014-12-31": 0, "2014-09-30": 0, "2014-06-30": 0, "2014-03-31": "", "2013-12-31": 0, "2013-09-30": 0, "2013-06-30": 0, "2013-03-31": "", "2012-12-31": 0, "2012-09-30": 0, "2012-06-30": 0, "2012-03-31": "", "2011-12-31": 0, "2011-09-30": 0, "2011-06-30": 0, "2011-03-31": "", "2010-12-31": 0, "2010-09-30": 0, "2010-06-30": 0, "2010-03-31": "", "2009-12-31": 0, "2009-09-30": 0, "2009-06-30": 0, "2009-03-31": "", "2008-12-31": 0, "2008-09-30": 0, "2008-06-30": 0, "2008-03-31": "", "2007-12-31": 0, "2007-09-30": 0, "2007-06-30": 0, "2007-03-31": "", "2006-12-31": 0, "2006-09-30": 0, "2006-06-30": 0, "2006-03-31": "", "2005-12-31": 0, "2005-09-30": 0}, "Net Change In Long-Term Investments": {"2020-09-30": 29.061, "2020-06-30": 1.547, "2020-03-31": "1.16300", "2019-12-31": 1.734, "2019-09-30": 151.223, "2019-06-30": 4.427, "2019-03-31": "3.65300", "2018-12-31": 4.569, "2018-09-30": 3.04, "2018-06-30": 19.02, "2018-03-31": "-31.65200", "2017-12-31": 4.952, "2017-09-30": 3.748, "2017-06-30": 0.923, "2017-03-31": "-1.84900", "2016-12-31": -0.155, "2016-09-30": -13.291, "2016-06-30": 14.632, "2016-03-31": "2.15100", "2015-12-31": 2.372, "2015-09-30": 1.506, "2015-06-30": -2.528, "2015-03-31": "1.45200", "2014-12-31": 1.444, "2014-09-30": 1.355, "2014-06-30": 1.967, "2014-03-31": "1.31900", "2013-12-31": 1.382, "2013-09-30": 5.848, "2013-06-30": 7.267, "2013-03-31": "0.76300", "2012-12-31": 0.715, "2012-09-30": 12.885, "2012-06-30": 0, "2012-03-31": "", "2011-12-31": -77.233, "2011-09-30": 0, "2011-06-30": 61.855, "2011-03-31": "20.20600", "2010-12-31": 1.562, "2010-09-30": 0, "2010-06-30": 0, "2010-03-31": "", "2009-12-31": 0.565, "2009-09-30": -0.005, "2009-06-30": -17.319, "2009-03-31": "-10.49500", "2008-12-31": -77.051, "2008-09-30": -26.824, "2008-06-30": 0, "2008-03-31": "", "2007-12-31": 0.001, "2007-09-30": -21.4469, "2007-06-30": -18.0811, "2007-03-31": "", "2006-12-31": 0, "2006-09-30": 0, "2006-06-30": 0, "2006-03-31": "", "2005-12-31": 0, "2005-09-30": 0}, "Net Change In Investments - Total": {"2020-09-30": 29.061, "2020-06-30": 1.547, "2020-03-31": "1.16300", "2019-12-31": 1.734, "2019-09-30": 151.223, "2019-06-30": 4.427, "2019-03-31": "3.65300", "2018-12-31": 4.569, "2018-09-30": 3.04, "2018-06-30": 19.02, "2018-03-31": "-31.65200", "2017-12-31": 4.952, "2017-09-30": 3.748, "2017-06-30": 0.923, "2017-03-31": "-1.84900", "2016-12-31": -0.155, "2016-09-30": -13.291, "2016-06-30": 14.632, "2016-03-31": "2.15100", "2015-12-31": 2.372, "2015-09-30": 1.506, "2015-06-30": -2.528, "2015-03-31": "1.45200", "2014-12-31": 1.444, "2014-09-30": 1.355, "2014-06-30": 1.967, "2014-03-31": "1.31900", "2013-12-31": 1.382, "2013-09-30": 5.848, "2013-06-30": 7.267, "2013-03-31": "0.76300", "2012-12-31": 0.715, "2012-09-30": 12.885, "2012-06-30": 0, "2012-03-31": "", "2011-12-31": -77.233, "2011-09-30": 0, "2011-06-30": 61.855, "2011-03-31": "20.20600", "2010-12-31": 1.562, "2010-09-30": 0, "2010-06-30": 0, "2010-03-31": "", "2009-12-31": 0.565, "2009-09-30": -0.005, "2009-06-30": -17.319, "2009-03-31": "-10.49500", "2008-12-31": -77.051, "2008-09-30": -26.824, "2008-06-30": 0, "2008-03-31": "", "2007-12-31": 0.001, "2007-09-30": -21.4469, "2007-06-30": -18.0811, "2007-03-31": "", "2006-12-31": 0, "2006-09-30": 0, "2006-06-30": 0, "2006-03-31": "", "2005-12-31": 0, "2005-09-30": 0}, "Investing Activities - Other": {"2020-09-30": -9.917, "2020-06-30": 7.81, "2020-03-31": "-7.81000", "2019-12-31": -14.75, "2019-09-30": 0.633, "2019-06-30": 19.612, "2019-03-31": "-19.61200", "2018-12-31": -25.621, "2018-09-30": -26.769, "2018-06-30": 9.89, "2018-03-31": "-9.89000", "2017-12-31": -11.161, "2017-09-30": -34.939, "2017-06-30": 13.312, "2017-03-31": "-13.31200", "2016-12-31": -73.012, "2016-09-30": 15.907, "2016-06-30": 24.29, "2016-03-31": "5.73700", "2015-12-31": -39.349, "2015-09-30": 29.955, "2015-06-30": -35.816, "2015-03-31": "36.04900", "2014-12-31": -33.562, "2014-09-30": -8.18, "2014-06-30": -8.959, "2014-03-31": "14.43900", "2013-12-31": -27.565, "2013-09-30": -3.571, "2013-06-30": -3.492, "2013-03-31": "14.08100", "2012-12-31": -3.02, "2012-09-30": -7.351, "2012-06-30": 1.609, "2012-03-31": "3.62900", "2011-12-31": -8.852, "2011-09-30": 1.323, "2011-06-30": -1.222, "2011-03-31": "1.66700", "2010-12-31": 1.535, "2010-09-30": 0.524, "2010-06-30": 1.208, "2010-03-31": "0.74900", "2009-12-31": 0.286, "2009-09-30": -1.705, "2009-06-30": 0.025, "2009-03-31": "2.27300", "2008-12-31": 27.984, "2008-09-30": 1.138, "2008-06-30": 10.71, "2008-03-31": "-4.27000", "2007-12-31": -38.313, "2007-09-30": -15.3797, "2007-06-30": 3.4945, "2007-03-31": "-8.88280", "2006-12-31": 0.3685, "2006-09-30": -1.1249, "2006-06-30": -1.0874, "2006-03-31": "-2.18220", "2005-12-31": 1.4135, "2005-09-30": -1.4135}, "Cash Flow From Investing Activities": {"2020-09-30": -145.926, "2020-06-30": -11.175, "2020-03-31": "-195.66500", "2019-12-31": -566.383, "2019-09-30": -26.682, "2019-06-30": -160.561, "2019-03-31": "-141.37300", "2018-12-31": 16.929, "2018-09-30": -223.045, "2018-06-30": 3.836, "2018-03-31": "-18.18200", "2017-12-31": 122.791, "2017-09-30": 34.738, "2017-06-30": 12.772, "2017-03-31": "-16.06500", "2016-12-31": -25.679, "2016-09-30": -129.612, "2016-06-30": -24.288, "2016-03-31": "24.77900", "2015-12-31": -110.533, "2015-09-30": -67.804, "2015-06-30": -51.093, "2015-03-31": "-156.26600", "2014-12-31": -348.051, "2014-09-30": -189.32, "2014-06-30": -204.688, "2014-03-31": "-135.97100", "2013-12-31": -149.079, "2013-09-30": 61.07, "2013-06-30": -32.403, "2013-03-31": "-39.18100", "2012-12-31": -52.944, "2012-09-30": -57.434, "2012-06-30": -1.257, "2012-03-31": "2.32100", "2011-12-31": -17.438, "2011-09-30": 5.391, "2011-06-30": -10.745, "2011-03-31": "-0.89200", "2010-12-31": -42.835, "2010-09-30": -46.009, "2010-06-30": -21.027, "2010-03-31": "-0.33600", "2009-12-31": -5.326, "2009-09-30": -0.965, "2009-06-30": -17.905, "2009-03-31": "-21.30100", "2008-12-31": -162.368, "2008-09-30": -647.972, "2008-06-30": -152.628, "2008-03-31": "-253.11000", "2007-12-31": -342.845, "2007-09-30": -381.8588, "2007-06-30": -347.543, "2007-03-31": "-292.53020", "2006-12-31": -118.0375, "2006-09-30": -78.9565, "2006-06-30": -50.6567, "2006-03-31": "-72.52630", "2005-12-31": 4.7659, "2005-09-30": -4.7659}, "Net Long-Term Debt": {"2020-09-30": 67.9171, "2020-06-30": -101.004, "2020-03-31": "382.48300", "2019-12-31": 73.0961, "2019-09-30": -48.798, "2019-06-30": 22.3229, "2019-03-31": "57.29400", "2018-12-31": -13.5479, "2018-09-30": 62.829, "2018-06-30": 210.002, "2018-03-31": "128.74500", "2017-12-31": -220.304, "2017-09-30": 16.356, "2017-06-30": 183.576, "2017-03-31": "23.66500", "2016-12-31": -42.6118, "2016-09-30": 73.6759, "2016-06-30": -352.034, "2016-03-31": "-63.73200", "2015-12-31": 84.756, "2015-09-30": -292.242, "2015-06-30": 2.022, "2015-03-31": "2.79700", "2014-12-31": 349.7218, "2014-09-30": -452.196, "2014-06-30": 641.538, "2014-03-31": "96.37000", "2013-12-31": 171.529, "2013-09-30": -29.434, "2013-06-30": 36.271, "2013-03-31": "25.36100", "2012-12-31": -43.929, "2012-09-30": -335.723, "2012-06-30": 0.254, "2012-03-31": "-22.30400", "2011-12-31": -118.63, "2011-09-30": 27.856, "2011-06-30": 0.685, "2011-03-31": "-7.07600", "2010-12-31": 44.591, "2010-09-30": 59.064, "2010-06-30": 16.709, "2010-03-31": "-2.13100", "2009-12-31": -2.797, "2009-09-30": -8.816, "2009-06-30": 13.167, "2009-03-31": "-33.61200", "2008-12-31": -28.122, "2008-09-30": 393.824, "2008-06-30": -68.93, "2008-03-31": "26.41700", "2007-12-31": 213.274, "2007-09-30": 173.6843, "2007-06-30": 220.0263, "2007-03-31": "198.08740", "2006-12-31": 41.192, "2006-09-30": 16.4441, "2006-06-30": 2.7449, "2006-03-31": "40.04100", "2005-12-31": -2.607, "2005-09-30": 2.607}, "Net Current Debt": {"2020-09-30": 0, "2020-06-30": 0, "2020-03-31": "", "2019-12-31": 0, "2019-09-30": 0, "2019-06-30": 0, "2019-03-31": "", "2018-12-31": 0, "2018-09-30": 164.883, "2018-06-30": -164.883, "2018-03-31": "", "2017-12-31": 0, "2017-09-30": 0, "2017-06-30": 0, "2017-03-31": "", "2016-12-31": 0, "2016-09-30": 0, "2016-06-30": 0, "2016-03-31": "", "2015-12-31": 0, "2015-09-30": 321.884, "2015-06-30": -321.884, "2015-03-31": "", "2014-12-31": 0, "2014-09-30": 553.882, "2014-06-30": -553.882, "2014-03-31": "", "2013-12-31": 0, "2013-09-30": 21.511, "2013-06-30": -21.511, "2013-03-31": "", "2012-12-31": 31.594, "2012-09-30": -31.594, "2012-06-30": 0, "2012-03-31": "", "2011-12-31": 0, "2011-09-30": 0, "2011-06-30": 0, "2011-03-31": "", "2010-12-31": 0, "2010-09-30": 0, "2010-06-30": 0, "2010-03-31": "", "2009-12-31": 0, "2009-09-30": 0, "2009-06-30": 0, "2009-03-31": "", "2008-12-31": 0, "2008-09-30": 0, "2008-06-30": 0, "2008-03-31": "", "2007-12-31": 0, "2007-09-30": 0, "2007-06-30": 30.1981, "2007-03-31": "-30.19810", "2006-12-31": 0, "2006-09-30": 0, "2006-06-30": 0, "2006-03-31": "", "2005-12-31": 0, "2005-09-30": 0}, "Debt Issuance/Retirement Net - Total": {"2020-09-30": 67.9171, "2020-06-30": -101.004, "2020-03-31": "382.48300", "2019-12-31": 73.0961, "2019-09-30": -48.798, "2019-06-30": 22.3229, "2019-03-31": "57.29400", "2018-12-31": -13.5479, "2018-09-30": 227.712, "2018-06-30": 45.119, "2018-03-31": "128.74500", "2017-12-31": -220.304, "2017-09-30": 16.356, "2017-06-30": 183.576, "2017-03-31": "23.66500", "2016-12-31": -42.6118, "2016-09-30": 73.6759, "2016-06-30": -352.034, "2016-03-31": "-63.73200", "2015-12-31": 84.756, "2015-09-30": 29.642, "2015-06-30": -319.862, "2015-03-31": "2.79700", "2014-12-31": 349.7218, "2014-09-30": 101.686, "2014-06-30": 87.656, "2014-03-31": "96.37000", "2013-12-31": 171.529, "2013-09-30": -7.923, "2013-06-30": 14.76, "2013-03-31": "25.36100", "2012-12-31": -12.335, "2012-09-30": -367.317, "2012-06-30": 0.254, "2012-03-31": "-22.30400", "2011-12-31": -118.63, "2011-09-30": 27.856, "2011-06-30": 0.685, "2011-03-31": "-7.07600", "2010-12-31": 44.591, "2010-09-30": 59.064, "2010-06-30": 16.709, "2010-03-31": "-2.13100", "2009-12-31": -2.797, "2009-09-30": -8.816, "2009-06-30": 13.167, "2009-03-31": "-33.61200", "2008-12-31": -28.122, "2008-09-30": 393.824, "2008-06-30": -68.93, "2008-03-31": "26.41700", "2007-12-31": 213.274, "2007-09-30": 173.6843, "2007-06-30": 250.2244, "2007-03-31": "167.88930", "2006-12-31": 41.192, "2006-09-30": 16.4441, "2006-06-30": 2.7449, "2006-03-31": "40.04100", "2005-12-31": -2.607, "2005-09-30": 2.607}, "Net Common Equity Issued/Repurchased": {"2020-09-30": 99.778, "2020-06-30": -2.155, "2020-03-31": "15.32800", "2019-12-31": 139.424, "2019-09-30": 374.575, "2019-06-30": 129.213, "2019-03-31": "31.67500", "2018-12-31": 2.916, "2018-09-30": -0.691, "2018-06-30": -65.295, "2018-03-31": "-104.52600", "2017-12-31": -60.883, "2017-09-30": -21.921, "2017-06-30": -203.023, "2017-03-31": "-0.80400", "2016-12-31": 0.739, "2016-09-30": 44.66, "2016-06-30": 388.029, "2016-03-31": "13.18500", "2015-12-31": 344.639, "2015-09-30": -348.235, "2015-06-30": 268.749, "2015-03-31": "77.83200", "2014-12-31": 147.53, "2014-09-30": -3.06, "2014-06-30": 287.698, "2014-03-31": "0.07900", "2013-12-31": -0.518, "2013-09-30": -1.649, "2013-06-30": -0.293, "2013-03-31": "", "2012-12-31": 56.2, "2012-09-30": 429.808, "2012-06-30": -14.539, "2012-03-31": "-14.35400", "2011-12-31": 38.381, "2011-09-30": -14.261, "2011-06-30": -12.217, "2011-03-31": "-11.90300", "2010-12-31": -10.288, "2010-09-30": -5.53, "2010-06-30": -3.002, "2010-03-31": "-2.81800", "2009-12-31": -2.663, "2009-09-30": -2.374, "2009-06-30": -33.421, "2009-03-31": "-9.79900", "2008-12-31": 158.468, "2008-09-30": 284.085, "2008-06-30": 273.393, "2008-03-31": "213.79900", "2007-12-31": 162.368, "2007-09-30": 162.6836, "2007-06-30": 158.341, "2007-03-31": "124.26940", "2006-12-31": 115.3817, "2006-09-30": 74.766, "2006-06-30": 50.1393, "2006-03-31": "34.42400", "2005-12-31": -5.9884, "2005-09-30": 5.9884}, "Net Total Equity Issued/Repurchased": {"2020-09-30": 99.778, "2020-06-30": -2.155, "2020-03-31": "15.32800", "2019-12-31": 139.424, "2019-09-30": 374.575, "2019-06-30": 129.213, "2019-03-31": "31.67500", "2018-12-31": 2.9, "2018-09-30": -0.691, "2018-06-30": -65.295, "2018-03-31": "-104.52600", "2017-12-31": 105.31, "2017-09-30": -21.921, "2017-06-30": -203.023, "2017-03-31": "-0.80400", "2016-12-31": -0.014, "2016-09-30": 44.66, "2016-06-30": 388.029, "2016-03-31": "13.18500", "2015-12-31": 344.639, "2015-09-30": -348.235, "2015-06-30": 268.749, "2015-03-31": "77.83200", "2014-12-31": 147.53, "2014-09-30": -3.06, "2014-06-30": 287.698, "2014-03-31": "0.07900", "2013-12-31": -0.518, "2013-09-30": -1.649, "2013-06-30": -0.293, "2013-03-31": "", "2012-12-31": 56.061, "2012-09-30": 429.808, "2012-06-30": -14.539, "2012-03-31": "-14.35400", "2011-12-31": 38.381, "2011-09-30": -14.261, "2011-06-30": -12.217, "2011-03-31": "-11.90300", "2010-12-31": -10.288, "2010-09-30": -5.53, "2010-06-30": -3.002, "2010-03-31": "-2.81800", "2009-12-31": -2.663, "2009-09-30": -2.374, "2009-06-30": -33.421, "2009-03-31": "-9.79900", "2008-12-31": 158.468, "2008-09-30": 284.085, "2008-06-30": 273.393, "2008-03-31": "213.79900", "2007-12-31": 162.368, "2007-09-30": 162.6836, "2007-06-30": 158.341, "2007-03-31": "124.26940", "2006-12-31": 115.3817, "2006-09-30": 74.766, "2006-06-30": 50.1393, "2006-03-31": "34.42400", "2005-12-31": -5.9884, "2005-09-30": 5.9884}, "Total Common And Preferred Stock Dividends Paid": {"2020-09-30": -66.989, "2020-06-30": -68.134, "2020-03-31": "-66.95000", "2019-12-31": -64.918, "2019-09-30": -58.906, "2019-06-30": -56.845, "2019-03-31": "-56.20300", "2018-12-31": -56.148, "2018-09-30": -79.717, "2018-06-30": -81.301, "2018-03-31": "-83.40900", "2017-12-31": -84.592, "2017-09-30": -82.419, "2017-06-30": -87.475, "2017-03-31": "-87.21800", "2016-12-31": -84.714, "2016-09-30": -83.944, "2016-06-30": -154.982, "2016-03-31": "", "2015-12-31": -76.031, "2015-09-30": -75.057, "2015-06-30": -71.128, "2015-03-31": "-70.04600", "2014-12-31": -66.261, "2014-09-30": -66.303, "2014-06-30": -61.634, "2014-03-31": "-61.57300", "2013-12-31": -50.194, "2013-09-30": -31.14, "2013-06-30": -26.51, "2013-03-31": "-28.24700", "2012-12-31": 0, "2012-09-30": -0.008, "2012-06-30": 0, "2012-03-31": "", "2011-12-31": -3.885, "2011-09-30": 0, "2011-06-30": 0, "2011-03-31": "", "2010-12-31": 0, "2010-09-30": 0, "2010-06-30": 0, "2010-03-31": "", "2009-12-31": 0, "2009-09-30": 0, "2009-06-30": 0, "2009-03-31": "", "2008-12-31": 0, "2008-09-30": 0, "2008-06-30": 0, "2008-03-31": "", "2007-12-31": 0, "2007-09-30": 0, "2007-06-30": 0, "2007-03-31": "", "2006-12-31": 0, "2006-09-30": 0, "2006-06-30": 0, "2006-03-31": "", "2005-12-31": 0, "2005-09-30": 0}, "Financial Activities - Other": {"2020-09-30": -8.189, "2020-06-30": -2.377, "2020-03-31": "", "2019-12-31": -4.562, "2019-09-30": -6.59, "2019-06-30": -13.955, "2019-03-31": "-12.27500", "2018-12-31": -0.564, "2018-09-30": -0.019, "2018-06-30": -70.106, "2018-03-31": "-2.34100", "2017-12-31": -11.368, "2017-09-30": 0, "2017-06-30": 0.403, "2017-03-31": "-0.59500", "2016-12-31": -29.249, "2016-09-30": -3.317, "2016-06-30": 76.348, "2016-03-31": "-76.66500", "2015-12-31": -350.023, "2015-09-30": 346.415, "2015-06-30": 16.84, "2015-03-31": "-1.96900", "2014-12-31": -20.748, "2014-09-30": 0.002, "2014-06-30": -20.759, "2014-03-31": "-1.35300", "2013-12-31": -16.504, "2013-09-30": -24.739, "2013-06-30": -5.046, "2013-03-31": "-4.37800", "2012-12-31": 2.489, "2012-09-30": 0.701, "2012-06-30": -18.773, "2012-03-31": "-18.11000", "2011-12-31": 47.011, "2011-09-30": -18.815, "2011-06-30": -18.934, "2011-03-31": "-17.76000", "2010-12-31": -21.599, "2010-09-30": -18.769, "2010-06-30": -18.153, "2010-03-31": "-16.12000", "2009-12-31": -17.171, "2009-09-30": -15.939, "2009-06-30": -17.807, "2009-03-31": "-18.21100", "2008-12-31": 54.337, "2008-09-30": -46.858, "2008-06-30": -52.063, "2008-03-31": "-25.37700", "2007-12-31": -25.981, "2007-09-30": -23.0474, "2007-06-30": -29.3763, "2007-03-31": "-6.96730", "2006-12-31": -13.9876, "2006-09-30": -8.546, "2006-06-30": -5.1715, "2006-03-31": "-2.12090", "2005-12-31": -0.7484, "2005-09-30": 0.7484}, "Cash Flow From Financial Activities": {"2020-09-30": 92.517, "2020-06-30": -173.67, "2020-03-31": "330.86100", "2019-12-31": 143.04, "2019-09-30": 260.281, "2019-06-30": 80.736, "2019-03-31": "20.49100", "2018-12-31": -67.36, "2018-09-30": 147.285, "2018-06-30": -171.583, "2018-03-31": "-61.53100", "2017-12-31": -210.954, "2017-09-30": -87.984, "2017-06-30": -106.519, "2017-03-31": "-64.95200", "2016-12-31": -156.589, "2016-09-30": 31.075, "2016-06-30": -42.639, "2016-03-31": "-127.21200", "2015-12-31": 3.341, "2015-09-30": -47.235, "2015-06-30": -105.401, "2015-03-31": "8.61400", "2014-12-31": 410.243, "2014-09-30": 32.325, "2014-06-30": 292.961, "2014-03-31": "33.52300", "2013-12-31": 104.313, "2013-09-30": -65.451, "2013-06-30": -17.089, "2013-03-31": "-7.26400", "2012-12-31": 46.215, "2012-09-30": 63.184, "2012-06-30": -33.058, "2012-03-31": "-54.76800", "2011-12-31": -37.123, "2011-09-30": -5.22, "2011-06-30": -30.466, "2011-03-31": "-36.73900", "2010-12-31": 12.704, "2010-09-30": 34.765, "2010-06-30": -4.446, "2010-03-31": "-21.06900", "2009-12-31": -22.631, "2009-09-30": -27.129, "2009-06-30": -38.061, "2009-03-31": "-61.62200", "2008-12-31": 184.683, "2008-09-30": 631.051, "2008-06-30": 152.4, "2008-03-31": "214.83900", "2007-12-31": 349.661, "2007-09-30": 313.3205, "2007-06-30": 379.1891, "2007-03-31": "285.19140", "2006-12-31": 142.5861, "2006-09-30": 82.6641, "2006-06-30": 47.7127, "2006-03-31": "72.34410", "2005-12-31": -9.3438, "2005-09-30": 9.3438}, "Net Cash Flow": {"2020-09-30": 20.104, "2020-06-30": -119.012, "2020-03-31": "202.37400", "2019-12-31": -343.643, "2019-09-30": 348.677, "2019-06-30": -6.903, "2019-03-31": "-49.52900", "2018-12-31": 52.122, "2018-09-30": -2.359, "2018-06-30": -100.496, "2018-03-31": "13.44700", "2017-12-31": 6.416, "2017-09-30": 44.77, "2017-06-30": 10.838, "2017-03-31": "15.78500", "2016-12-31": -53.931, "2016-09-30": -16.226, "2016-06-30": 20.418, "2016-03-31": "-12.79800", "2015-12-31": -6.42, "2015-09-30": -11.464, "2015-06-30": -68.46, "2015-03-31": "-68.04700", "2014-12-31": 126.051, "2014-09-30": -70.846, "2014-06-30": 90.992, "2014-03-31": "-36.60400", "2013-12-31": 24.213, "2013-09-30": 4.344, "2013-06-30": -17.324, "2013-03-31": "-18.21300", "2012-12-31": 28.167, "2012-09-30": 21.678, "2012-06-30": -2.004, "2012-03-31": "-23.80900", "2011-12-31": -47.598, "2011-09-30": 33.118, "2011-06-30": -12.762, "2011-03-31": "-11.56300", "2010-12-31": -2.897, "2010-09-30": 13.791, "2010-06-30": 1.698, "2010-03-31": "4.78200", "2009-12-31": 3.386, "2009-09-30": -1.969, "2009-06-30": -25.559, "2009-03-31": "-53.92600", "2008-12-31": 47.866, "2008-09-30": 14.817, "2008-06-30": 19.666, "2008-03-31": "-19.38100", "2007-12-31": 22.16, "2007-09-30": -56.6611, "2007-06-30": 40.283, "2007-03-31": "0.16910", "2006-12-31": 28.3517, "2006-09-30": 5.8696, "2006-06-30": -1.7495, "2006-03-31": "0.51920", "2005-12-31": -4.5725, "2005-09-30": 4.5725}, "Stock-Based Compensation": {"2020-09-30": 2.966, "2020-06-30": 3.309, "2020-03-31": "3.45100", "2019-12-31": 3.282, "2019-09-30": 3.534, "2019-06-30": 3.883, "2019-03-31": "3.57800", "2018-12-31": 2.925, "2018-09-30": 3.085, "2018-06-30": 4.738, "2018-03-31": "4.36600", "2017-12-31": 2.782, "2017-09-30": 2.34, "2017-06-30": 9.192, "2017-03-31": "2.24600", "2016-12-31": 2.38, "2016-09-30": 3.4, "2016-06-30": 1.485, "2016-03-31": "2.30500", "2015-12-31": 2.564, "2015-09-30": 3.469, "2015-06-30": 3.461, "2015-03-31": "3.82700", "2014-12-31": 2.843, "2014-09-30": 3.019, "2014-06-30": 3.032, "2014-03-31": "2.45200", "2013-12-31": 1.868, "2013-09-30": 2.799, "2013-06-30": 2.33, "2013-03-31": "1.77200", "2012-12-31": 1.81, "2012-09-30": 4.121, "2012-06-30": 0, "2012-03-31": "", "2011-12-31": 0, "2011-09-30": 0, "2011-06-30": 0, "2011-03-31": "", "2010-12-31": 0, "2010-09-30": 0, "2010-06-30": 0.003, "2010-03-31": "0.00400", "2009-12-31": 0.004, "2009-09-30": 0.004, "2009-06-30": 0.003, "2009-03-31": "0.00200", "2008-12-31": 0.002, "2008-09-30": 0.002, "2008-06-30": 0.002, "2008-03-31": "0.00200", "2007-12-31": -0.006, "2007-09-30": 0.009, "2007-06-30": 0.0081, "2007-03-31": "0.01390", "2006-12-31": 0.014, "2006-09-30": 0.0138, "2006-06-30": 0.0111, "2006-03-31": "0.01510", "2005-12-31": 0, "2005-09-30": 0}, "Common Stock Dividends Paid": {"2020-09-30": -64.402, "2020-06-30": -65.546, "2020-03-31": "-64.36200", "2019-12-31": -62.331, "2019-09-30": -56.319, "2019-06-30": -54.257, "2019-03-31": "-53.61500", "2018-12-31": -53.56, "2018-09-30": -77.129, "2018-06-30": -78.713, "2018-03-31": "-80.82100", "2017-12-31": -82.062, "2017-09-30": -82.419, "2017-06-30": -87.475, "2017-03-31": "-87.21800", "2016-12-31": -84.714, "2016-09-30": -83.944, "2016-06-30": -154.982, "2016-03-31": "", "2015-12-31": -76.031, "2015-09-30": -75.057, "2015-06-30": -71.128, "2015-03-31": "-70.04600", "2014-12-31": -66.261, "2014-09-30": -66.303, "2014-06-30": -61.634, "2014-03-31": "-61.57300", "2013-12-31": -50.194, "2013-09-30": -31.14, "2013-06-30": -26.51, "2013-03-31": "-28.24700", "2012-12-31": 0, "2012-09-30": -0.008, "2012-06-30": 0, "2012-03-31": "", "2011-12-31": -3.885, "2011-09-30": 0, "2011-06-30": 0, "2011-03-31": "", "2010-12-31": 0, "2010-09-30": 0, "2010-06-30": 0, "2010-03-31": "", "2009-12-31": 0, "2009-09-30": 0, "2009-06-30": 0, "2009-03-31": "", "2008-12-31": 0, "2008-09-30": 0, "2008-06-30": 0, "2008-03-31": "", "2007-12-31": 0, "2007-09-30": 0, "2007-06-30": 0, "2007-03-31": "", "2006-12-31": 0, "2006-09-30": 0, "2006-06-30": 0, "2006-03-31": "", "2005-12-31": 0, "2005-09-30": 0}}, "financial ratios": {"Current Ratio": {"2019-12-31": "", "2018-12-31": "", "2017-12-31": "", "2016-12-31": "", "2015-12-31": "", "2014-12-31": "", "2013-12-31": "", "2012-12-31": "", "2011-12-31": "", "2010-12-31": "", "2009-12-31": "", "2008-12-31": "", "2007-12-31": "", "2006-12-31": "", "2005-12-31": ""}, "Long-term Debt / Capital": {"2019-12-31": "0.38680", "2018-12-31": "0.42310", "2017-12-31": "0.34040", "2016-12-31": "0.49880", "2015-12-31": "0.54180", "2014-12-31": "0.56630", "2013-12-31": "0.54790", "2012-12-31": "0.60190", "2011-12-31": "0.54320", "2010-12-31": "0.52350", "2009-12-31": "0.49960", "2008-12-31": "0.47990", "2007-12-31": "0.56810", "2006-12-31": "0.44720", "2005-12-31": "0.73870"}, "Debt/Equity Ratio": {"2019-12-31": "0.63080", "2018-12-31": "0.73330", "2017-12-31": "0.51600", "2016-12-31": "0.99530", "2015-12-31": "1.18220", "2014-12-31": "1.30550", "2013-12-31": "1.21170", "2012-12-31": "1.51170", "2011-12-31": "1.18930", "2010-12-31": "1.09850", "2009-12-31": "0.99860", "2008-12-31": "0.92280", "2007-12-31": "1.31510", "2006-12-31": "0.80910", "2005-12-31": "2.82710"}, "Gross Margin": {"2019-12-31": "", "2018-12-31": "", "2017-12-31": "", "2016-12-31": "", "2015-12-31": "", "2014-12-31": "", "2013-12-31": "", "2012-12-31": "", "2011-12-31": "", "2010-12-31": "", "2009-12-31": "", "2008-12-31": "", "2007-12-31": "", "2006-12-31": "", "2005-12-31": ""}, "Operating Margin": {"2019-12-31": "25.45280", "2018-12-31": "23.39370", "2017-12-31": "-0.54210", "2016-12-31": "-0.39560", "2015-12-31": "4.17570", "2014-12-31": "2.41580", "2013-12-31": "-7.06940", "2012-12-31": "-14.45880", "2011-12-31": "-18.24940", "2010-12-31": "49.16110", "2009-12-31": "43.64380", "2008-12-31": "50.44930", "2007-12-31": "45.96740", "2006-12-31": "49.91800", "2005-12-31": "43.85220"}, "EBIT Margin": {"2019-12-31": "25.45280", "2018-12-31": "23.39370", "2017-12-31": "-0.54210", "2016-12-31": "-0.39560", "2015-12-31": "4.17570", "2014-12-31": "2.41580", "2013-12-31": "-7.06940", "2012-12-31": "-14.45880", "2011-12-31": "-18.24940", "2010-12-31": "49.16110", "2009-12-31": "43.64380", "2008-12-31": "50.44930", "2007-12-31": "45.96740", "2006-12-31": "49.91800", "2005-12-31": "43.85220"}, "EBITDA Margin": {"2019-12-31": "62.17430", "2018-12-31": "72.99300", "2017-12-31": "64.26520", "2016-12-31": "63.77820", "2015-12-31": "44.74900", "2014-12-31": "44.36540", "2013-12-31": "36.98050", "2012-12-31": "35.80730", "2011-12-31": "33.60670", "2010-12-31": "81.27180", "2009-12-31": "75.15130", "2008-12-31": "82.82020", "2007-12-31": "81.07340", "2006-12-31": "85.91700", "2005-12-31": "76.38220"}, "Pre-Tax Profit Margin": {"2019-12-31": "36.16520", "2018-12-31": "33.53730", "2017-12-31": "9.49290", "2016-12-31": "6.77770", "2015-12-31": "3.70190", "2014-12-31": "-8.32450", "2013-12-31": "-7.64280", "2012-12-31": "-26.36660", "2011-12-31": "-18.24940", "2010-12-31": "11.30600", "2009-12-31": "8.13420", "2008-12-31": "12.48330", "2007-12-31": "4.98650", "2006-12-31": "6.89550", "2005-12-31": "-15.45040"}, "Net Profit Margin": {"2019-12-31": "31.93400", "2018-12-31": "27.34060", "2017-12-31": "17.30240", "2016-12-31": "22.38390", "2015-12-31": "13.96780", "2014-12-31": "-6.12820", "2013-12-31": "-0.38530", "2012-12-31": "-27.93550", "2011-12-31": "-24.26740", "2010-12-31": "11.30600", "2009-12-31": "8.13420", "2008-12-31": "12.48330", "2007-12-31": "4.98650", "2006-12-31": "6.89550", "2005-12-31": "-15.45040"}, "Asset Turnover": {"2019-12-31": "0.08850", "2018-12-31": "0.08730", "2017-12-31": "0.05940", "2016-12-31": "0.05670", "2015-12-31": "0.08460", "2014-12-31": "0.07570", "2013-12-31": "0.05800", "2012-12-31": "0.08410", "2011-12-31": "0.07670", "2010-12-31": "0.07720", "2009-12-31": "0.08070", "2008-12-31": "0.05860", "2007-12-31": "0.04570", "2006-12-31": "0.03900", "2005-12-31": "0.00750"}, "Inventory Turnover Ratio": {"2019-12-31": "", "2018-12-31": "", "2017-12-31": "", "2016-12-31": "", "2015-12-31": "", "2014-12-31": "", "2013-12-31": "", "2012-12-31": "", "2011-12-31": "", "2010-12-31": "", "2009-12-31": "", "2008-12-31": "", "2007-12-31": "", "2006-12-31": "", "2005-12-31": ""}, "Receiveable Turnover": {"2019-12-31": "", "2018-12-31": "", "2017-12-31": "", "2016-12-31": "", "2015-12-31": "", "2014-12-31": "", "2013-12-31": "", "2012-12-31": "", "2011-12-31": "", "2010-12-31": "", "2009-12-31": "", "2008-12-31": "", "2007-12-31": "", "2006-12-31": "", "2005-12-31": ""}, "Days Sales In Receivables": {"2019-12-31": "", "2018-12-31": "", "2017-12-31": "", "2016-12-31": "", "2015-12-31": "", "2014-12-31": "", "2013-12-31": "", "2012-12-31": "", "2011-12-31": "", "2010-12-31": "", "2009-12-31": "", "2008-12-31": "", "2007-12-31": "", "2006-12-31": "", "2005-12-31": ""}, "ROE - Return On Equity": {"2019-12-31": "5.39770", "2018-12-31": "5.63410", "2017-12-31": "1.28200", "2016-12-31": "0.77780", "2015-12-31": "0.69620", "2014-12-31": "-1.53580", "2013-12-31": "-1.06390", "2012-12-31": "-5.78530", "2011-12-31": "-3.26000", "2010-12-31": "1.95020", "2009-12-31": "1.47220", "2008-12-31": "1.55370", "2007-12-31": "0.57360", "2006-12-31": "0.50560", "2005-12-31": "-0.45460"}, "Return On Tangible Equity": {"2019-12-31": "6.25380", "2018-12-31": "6.50800", "2017-12-31": "1.45020", "2016-12-31": "0.96830", "2015-12-31": "0.90250", "2014-12-31": "-2.08800", "2013-12-31": "-1.50200", "2012-12-31": "-6.80200", "2011-12-31": "-3.22820", "2010-12-31": "1.93500", "2009-12-31": "1.39190", "2008-12-31": "1.49360", "2007-12-31": "0.55810", "2006-12-31": "0.49900", "2005-12-31": "-0.45460"}, "ROA - Return On Assets": {"2019-12-31": "3.00490", "2018-12-31": "2.91370", "2017-12-31": "0.55660", "2016-12-31": "0.37300", "2015-12-31": "0.30540", "2014-12-31": "-0.63860", "2013-12-31": "-0.45870", "2012-12-31": "-2.23280", "2011-12-31": "-1.39860", "2010-12-31": "0.87310", "2009-12-31": "0.65650", "2008-12-31": "0.73110", "2007-12-31": "0.22770", "2006-12-31": "0.26900", "2005-12-31": "-0.11600"}, "ROI - Return On Investment": {"2019-12-31": "3.14870", "2018-12-31": "3.05760", "2017-12-31": "0.80330", "2016-12-31": "0.38980", "2015-12-31": "0.31900", "2014-12-31": "-0.66610", "2013-12-31": "-0.48100", "2012-12-31": "-2.30330", "2011-12-31": "-1.47450", "2010-12-31": "0.92210", "2009-12-31": "0.69640", "2008-12-31": "0.77680", "2007-12-31": "0.24110", "2006-12-31": "0.27580", "2005-12-31": "-0.11880"}, "Book Value Per Share": {"2019-12-31": "33.30780", "2018-12-31": "32.65940", "2017-12-31": "36.97740", "2016-12-31": "38.06790", "2015-12-31": "39.17740", "2014-12-31": "40.25360", "2013-12-31": "42.09420", "2012-12-31": "38.77630", "2011-12-31": "18.56360", "2010-12-31": "19.72140", "2009-12-31": "20.64610", "2008-12-31": "21.79950", "2007-12-31": "22.50740", "2006-12-31": "23.07190", "2005-12-31": "23.36220"}, "Operating Cash Flow Per Share": {"2019-12-31": -0.1585, "2018-12-31": -0.32, "2017-12-31": 0.0794, "2016-12-31": -0.1697, "2015-12-31": 1.4747, "2014-12-31": 0.1176, "2013-12-31": -4.4003, "2012-12-31": -2.4754, "2011-12-31": 8.2452, "2010-12-31": -0.1754, "2009-12-31": -0.2113, "2008-12-31": -0.1433, "2007-12-31": 0.3139, "2006-12-31": -0.9798, "2005-12-31": 2.5341}, "Free Cash Flow Per Share": {"2019-12-31": -9.7391, "2018-12-31": -4.263, "2017-12-31": 3.5334, "2016-12-31": 2.8188, "2015-12-31": 8.0493, "2014-12-31": -7.6726, "2013-12-31": -0.0796, "2012-12-31": -7.7908, "2011-12-31": 7.5374, "2010-12-31": -1.3946, "2009-12-31": 20.1484, "2008-12-31": 33.7967, "2007-12-31": 0.8471, "2006-12-31": 462.2019, "2005-12-31": -515.7282}}, "financial ratios, quarterly": {"Current Ratio": {"2020-09-30": "", "2020-06-30": "", "2020-03-31": "", "2019-12-31": "", "2019-09-30": "", "2019-06-30": "", "2019-03-31": "", "2018-12-31": "", "2018-09-30": "", "2018-06-30": "", "2018-03-31": "", "2017-12-31": "", "2017-09-30": "", "2017-06-30": "", "2017-03-31": "", "2016-12-31": "", "2016-09-30": "", "2016-06-30": "", "2016-03-31": "", "2015-12-31": "", "2015-09-30": "", "2015-06-30": "", "2015-03-31": "", "2014-12-31": "", "2014-09-30": "", "2014-06-30": "", "2014-03-31": "", "2013-12-31": "", "2013-09-30": "", "2013-06-30": "", "2013-03-31": "", "2012-12-31": "", "2012-09-30": "", "2012-06-30": "", "2012-03-31": "", "2011-12-31": "", "2011-09-30": "", "2011-06-30": "", "2011-03-31": "", "2010-12-31": "", "2010-09-30": "", "2010-06-30": "", "2010-03-31": "", "2009-12-31": "", "2009-09-30": "", "2009-06-30": "", "2009-03-31": "", "2008-12-31": "", "2008-09-30": "", "2008-06-30": "", "2008-03-31": "", "2007-12-31": "", "2007-09-30": "", "2007-06-30": "", "2007-03-31": "", "2006-12-31": "", "2006-09-30": "", "2006-06-30": "", "2006-03-31": "", "2005-12-31": "", "2005-09-30": ""}, "Long-term Debt / Capital": {"2020-09-30": "0.42920", "2020-06-30": "0.38300", "2020-03-31": "0.43100", "2019-12-31": "0.38680", "2019-09-30": "0.38400", "2019-06-30": "0.42050", "2019-03-31": "0.42700", "2018-12-31": "0.42310", "2018-09-30": "0.42390", "2018-06-30": "0.39300", "2018-03-31": "0.54140", "2017-12-31": "0.34040", "2017-09-30": "0.54240", "2017-06-30": "0.53410", "2017-03-31": "0.50340", "2016-12-31": "0.49880", "2016-09-30": "0.49620", "2016-06-30": "0.49060", "2016-03-31": "0.54010", "2015-12-31": "0.54180", "2015-09-30": "0.53140", "2015-06-30": "0.52670", "2015-03-31": "0.56360", "2014-12-31": "0.56630", "2014-09-30": "0.55570", "2014-06-30": "0.54520", "2014-03-31": "0.55760", "2013-12-31": "0.54790", "2013-09-30": "0.53500", "2013-06-30": "0.57250", "2013-03-31": "0.56810", "2012-12-31": "0.60190", "2012-09-30": "0.55510", "2012-06-30": "0.54850", "2012-03-31": "0.54390", "2011-12-31": "0.54320", "2011-09-30": "0.53710", "2011-06-30": "0.52980", "2011-03-31": "0.52600", "2010-12-31": "0.52350", "2010-09-30": "0.51570", "2010-06-30": "0.50540", "2010-03-31": "0.50020", "2009-12-31": "0.49960", "2009-09-30": "0.49800", "2009-06-30": "0.50030", "2009-03-31": "0.49150", "2008-12-31": "0.47990", "2008-09-30": "0.50470", "2008-06-30": "0.45770", "2008-03-31": "0.52840", "2007-12-31": "0.56810", "2007-09-30": "0.56070", "2007-06-30": "0.55360", "2007-03-31": "0.50520", "2006-12-31": "0.44720", "2006-09-30": "0.50150", "2006-06-30": "0.56570", "2006-03-31": "0.68140", "2005-12-31": "", "2005-09-30": "0.31870"}, "Debt/Equity Ratio": {"2020-09-30": "0.75190", "2020-06-30": "0.62080", "2020-03-31": "0.75760", "2019-12-31": "0.63080", "2019-09-30": "0.62340", "2019-06-30": "0.72570", "2019-03-31": "0.74510", "2018-12-31": "0.73330", "2018-09-30": "0.73580", "2018-06-30": "0.64760", "2018-03-31": "1.18060", "2017-12-31": "0.51600", "2017-09-30": "1.18530", "2017-06-30": "1.14630", "2017-03-31": "1.01360", "2016-12-31": "0.99530", "2016-09-30": "0.98510", "2016-06-30": "0.96330", "2016-03-31": "1.17450", "2015-12-31": "1.18220", "2015-09-30": "1.13380", "2015-06-30": "1.11280", "2015-03-31": "1.29170", "2014-12-31": "1.30550", "2014-09-30": "1.25080", "2014-06-30": "1.19860", "2014-03-31": "1.26060", "2013-12-31": "1.21170", "2013-09-30": "1.15050", "2013-06-30": "1.33920", "2013-03-31": "1.31530", "2012-12-31": "1.51170", "2012-09-30": "1.24790", "2012-06-30": "1.21500", "2012-03-31": "1.19260", "2011-12-31": "1.18930", "2011-09-30": "1.16030", "2011-06-30": "1.12690", "2011-03-31": "1.10970", "2010-12-31": "1.09850", "2010-09-30": "1.06480", "2010-06-30": "1.02180", "2010-03-31": "1.00090", "2009-12-31": "0.99860", "2009-09-30": "0.99190", "2009-06-30": "1.00120", "2009-03-31": "0.96660", "2008-12-31": "0.92280", "2008-09-30": "1.01880", "2008-06-30": "0.84390", "2008-03-31": "1.12040", "2007-12-31": "1.31510", "2007-09-30": "1.27630", "2007-06-30": "1.24010", "2007-03-31": "1.02110", "2006-12-31": "0.80910", "2006-09-30": "1.00590", "2006-06-30": "1.30230", "2006-03-31": "2.13840", "2005-12-31": "", "2005-09-30": "0.46780"}, "Gross Margin": {"2020-09-30": "", "2020-06-30": "", "2020-03-31": "", "2019-12-31": "", "2019-09-30": "", "2019-06-30": "", "2019-03-31": "", "2018-12-31": "", "2018-09-30": "", "2018-06-30": "", "2018-03-31": "", "2017-12-31": "", "2017-09-30": "", "2017-06-30": "", "2017-03-31": "", "2016-12-31": "", "2016-09-30": "", "2016-06-30": "", "2016-03-31": "", "2015-12-31": "", "2015-09-30": "", "2015-06-30": "", "2015-03-31": "", "2014-12-31": "", "2014-09-30": "", "2014-06-30": "", "2014-03-31": "", "2013-12-31": "", "2013-09-30": "", "2013-06-30": "", "2013-03-31": "", "2012-12-31": "", "2012-09-30": "", "2012-06-30": "", "2012-03-31": "", "2011-12-31": "", "2011-09-30": "", "2011-06-30": "", "2011-03-31": "", "2010-12-31": "", "2010-09-30": "", "2010-06-30": "", "2010-03-31": "", "2009-12-31": "", "2009-09-30": "", "2009-06-30": "", "2009-03-31": "", "2008-12-31": "", "2008-09-30": "", "2008-06-30": "", "2008-03-31": "", "2007-12-31": "", "2007-09-30": "", "2007-06-30": "", "2007-03-31": "", "2006-12-31": "", "2006-09-30": "", "2006-06-30": "", "2006-03-31": "", "2005-12-31": "", "2005-09-30": ""}, "Operating Margin": {"2020-09-30": "9.21740", "2020-06-30": "-0.84620", "2020-03-31": "-13.11440", "2019-12-31": "15.84500", "2019-09-30": "37.44180", "2019-06-30": "23.50600", "2019-03-31": "20.01460", "2018-12-31": "32.94490", "2018-09-30": "24.59870", "2018-06-30": "18.63670", "2018-03-31": "14.88040", "2017-12-31": "18.01630", "2017-09-30": "-4.52070", "2017-06-30": "-2.72200", "2017-03-31": "-1.93020", "2016-12-31": "77.10580", "2016-09-30": "10.31840", "2016-06-30": "12.61720", "2016-03-31": "10.91490", "2015-12-31": "5.75500", "2015-09-30": "5.28130", "2015-06-30": "-3.28340", "2015-03-31": "9.10550", "2014-12-31": "14.71880", "2014-09-30": "4.52150", "2014-06-30": "-16.20140", "2014-03-31": "6.58670", "2013-12-31": "7.83260", "2013-09-30": "-16.32190", "2013-06-30": "-15.57710", "2013-03-31": "-9.78470", "2012-12-31": "-145.64400", "2012-09-30": "-26.86550", "2012-06-30": "46.88720", "2012-03-31": "51.28210", "2011-12-31": "-277.53060", "2011-09-30": "50.52910", "2011-06-30": "48.61770", "2011-03-31": "50.46050", "2010-12-31": "51.12410", "2010-09-30": "50.88530", "2010-06-30": "43.43250", "2010-03-31": "51.24220", "2009-12-31": "51.44900", "2009-09-30": "44.78370", "2009-06-30": "31.14780", "2009-03-31": "46.93310", "2008-12-31": "50.67410", "2008-09-30": "52.50920", "2008-06-30": "53.03350", "2008-03-31": "44.70010", "2007-12-31": "54.17650", "2007-09-30": "50.91750", "2007-06-30": "21.61610", "2007-03-31": "51.14390", "2006-12-31": "51.31430", "2006-09-30": "49.48660", "2006-06-30": "47.90250", "2006-03-31": "49.09810", "2005-12-31": "", "2005-09-30": "-1002.49900"}, "EBIT Margin": {"2020-09-30": "9.21740", "2020-06-30": "-0.84620", "2020-03-31": "-13.11440", "2019-12-31": "15.84500", "2019-09-30": "37.44180", "2019-06-30": "23.50600", "2019-03-31": "20.01460", "2018-12-31": "32.94490", "2018-09-30": "24.59870", "2018-06-30": "18.63670", "2018-03-31": "14.88040", "2017-12-31": "18.01630", "2017-09-30": "-4.52070", "2017-06-30": "-2.72200", "2017-03-31": "-1.93020", "2016-12-31": "77.10580", "2016-09-30": "10.31840", "2016-06-30": "12.61720", "2016-03-31": "10.91490", "2015-12-31": "5.75500", "2015-09-30": "5.28130", "2015-06-30": "-3.28340", "2015-03-31": "9.10550", "2014-12-31": "14.71880", "2014-09-30": "4.52150", "2014-06-30": "-16.20140", "2014-03-31": "6.58670", "2013-12-31": "7.83270", "2013-09-30": "-16.32190", "2013-06-30": "-15.57710", "2013-03-31": "-9.78470", "2012-12-31": "-145.64390", "2012-09-30": "-26.86550", "2012-06-30": "46.88720", "2012-03-31": "51.28210", "2011-12-31": "-277.53060", "2011-09-30": "50.52910", "2011-06-30": "48.61770", "2011-03-31": "50.46050", "2010-12-31": "51.12410", "2010-09-30": "50.88530", "2010-06-30": "43.43250", "2010-03-31": "51.24220", "2009-12-31": "51.44900", "2009-09-30": "44.78370", "2009-06-30": "31.14780", "2009-03-31": "46.93310", "2008-12-31": "50.67410", "2008-09-30": "52.50920", "2008-06-30": "53.03350", "2008-03-31": "44.70010", "2007-12-31": "54.17650", "2007-09-30": "50.91750", "2007-06-30": "21.61610", "2007-03-31": "51.14390", "2006-12-31": "51.31430", "2006-09-30": "49.48660", "2006-06-30": "47.90250", "2006-03-31": "49.09810", "2005-12-31": "", "2005-09-30": "-1002.49900"}, "EBITDA Margin": {"2020-09-30": "", "2020-06-30": "", "2020-03-31": "", "2019-12-31": "", "2019-09-30": "", "2019-06-30": "", "2019-03-31": "", "2018-12-31": "", "2018-09-30": "", "2018-06-30": "", "2018-03-31": "", "2017-12-31": "", "2017-09-30": "", "2017-06-30": "", "2017-03-31": "", "2016-12-31": "", "2016-09-30": "", "2016-06-30": "", "2016-03-31": "", "2015-12-31": "", "2015-09-30": "", "2015-06-30": "", "2015-03-31": "", "2014-12-31": "", "2014-09-30": "", "2014-06-30": "", "2014-03-31": "", "2013-12-31": "", "2013-09-30": "", "2013-06-30": "", "2013-03-31": "", "2012-12-31": "", "2012-09-30": "", "2012-06-30": "", "2012-03-31": "", "2011-12-31": "", "2011-09-30": "", "2011-06-30": "", "2011-03-31": "", "2010-12-31": "", "2010-09-30": "", "2010-06-30": "", "2010-03-31": "", "2009-12-31": "", "2009-09-30": "", "2009-06-30": "", "2009-03-31": "", "2008-12-31": "", "2008-09-30": "", "2008-06-30": "", "2008-03-31": "", "2007-12-31": "", "2007-09-30": "", "2007-06-30": "", "2007-03-31": "", "2006-12-31": "", "2006-09-30": "", "2006-06-30": "", "2006-03-31": "", "2005-12-31": "", "2005-09-30": ""}, "Pre-Tax Profit Margin": {"2020-09-30": "12.30430", "2020-06-30": "-0.29110", "2020-03-31": "-12.79820", "2019-12-31": "3.65520", "2019-09-30": "55.39720", "2019-06-30": "39.79180", "2019-03-31": "38.89940", "2018-12-31": "42.39240", "2018-09-30": "28.41650", "2018-06-30": "24.39420", "2018-03-31": "36.93390", "2017-12-31": "68.66140", "2017-09-30": "6.40720", "2017-06-30": "3.61920", "2017-03-31": "-1.94840", "2016-12-31": "37.10370", "2016-09-30": "5.47860", "2016-06-30": "20.77900", "2016-03-31": "7.74250", "2015-12-31": "2.40500", "2015-09-30": "5.48430", "2015-06-30": "-1.27250", "2015-03-31": "8.34760", "2014-12-31": "14.55480", "2014-09-30": "4.66070", "2014-06-30": "-58.83170", "2014-03-31": "6.58670", "2013-12-31": "6.10540", "2013-09-30": "-16.32190", "2013-06-30": "-15.57710", "2013-03-31": "-9.78470", "2012-12-31": "-60.32860", "2012-09-30": "-74.53430", "2012-06-30": "9.54040", "2012-03-31": "13.69800", "2011-12-31": "-169.17180", "2011-09-30": "18.69760", "2011-06-30": "21.51610", "2011-03-31": "23.97050", "2010-12-31": "13.66610", "2010-09-30": "12.52090", "2010-06-30": "5.52960", "2010-03-31": "13.54310", "2009-12-31": "14.09100", "2009-09-30": "9.57100", "2009-06-30": "-5.52050", "2009-03-31": "14.07880", "2008-12-31": "13.04740", "2008-09-30": "17.53900", "2008-06-30": "15.97670", "2008-03-31": "1.44300", "2007-12-31": "9.92040", "2007-09-30": "11.30040", "2007-06-30": "-17.88810", "2007-03-31": "13.37370", "2006-12-31": "15.73700", "2006-09-30": "8.07960", "2006-06-30": "-4.89430", "2006-03-31": "-7.09970", "2005-12-31": "", "2005-09-30": "-1070.01100"}, "Net Profit Margin": {"2020-09-30": "9.85660", "2020-06-30": "-2.53200", "2020-03-31": "-15.02200", "2019-12-31": "1.70870", "2019-09-30": "47.14490", "2019-06-30": "37.27940", "2019-03-31": "36.40550", "2018-12-31": "39.79360", "2018-09-30": "25.05200", "2018-06-30": "14.22620", "2018-03-31": "27.16850", "2017-12-31": "68.65720", "2017-09-30": "4.89510", "2017-06-30": "21.35460", "2017-03-31": "7.75530", "2016-12-31": "-1.27890", "2016-09-30": "15.88270", "2016-06-30": "26.76300", "2016-03-31": "13.72080", "2015-12-31": "3.73530", "2015-09-30": "8.90780", "2015-06-30": "29.38360", "2015-03-31": "13.90320", "2014-12-31": "20.23580", "2014-09-30": "5.40070", "2014-06-30": "-59.52080", "2014-03-31": "9.61850", "2013-12-31": "28.93820", "2013-09-30": "-16.00910", "2013-06-30": "-16.11430", "2013-03-31": "-11.74050", "2012-12-31": "-68.76890", "2012-09-30": "-73.08030", "2012-06-30": "9.54040", "2012-03-31": "13.69800", "2011-12-31": "-198.09560", "2011-09-30": "18.69760", "2011-06-30": "21.51610", "2011-03-31": "23.97050", "2010-12-31": "13.66610", "2010-09-30": "12.52090", "2010-06-30": "5.52960", "2010-03-31": "13.54310", "2009-12-31": "14.09100", "2009-09-30": "9.57100", "2009-06-30": "-5.52050", "2009-03-31": "14.07880", "2008-12-31": "13.04740", "2008-09-30": "17.53900", "2008-06-30": "15.97670", "2008-03-31": "1.44300", "2007-12-31": "9.92040", "2007-09-30": "11.30040", "2007-06-30": "-17.88810", "2007-03-31": "13.37370", "2006-12-31": "13.86910", "2006-09-30": "11.29970", "2006-06-30": "-4.89430", "2006-03-31": "-7.09970", "2005-12-31": "", "2005-09-30": "-1070.01100"}, "Asset Turnover": {"2020-09-30": "0.01870", "2020-06-30": "0.01980", "2020-03-31": "0.02000", "2019-12-31": "0.02080", "2019-09-30": "0.02950", "2019-06-30": "0.02180", "2019-03-31": "0.02180", "2018-12-31": "0.02540", "2018-09-30": "0.02150", "2018-06-30": "0.02090", "2018-03-31": "0.01440", "2017-12-31": "0.00670", "2017-09-30": "0.01460", "2017-06-30": "0.01450", "2017-03-31": "0.02180", "2016-12-31": "-0.01010", "2016-09-30": "0.02210", "2016-06-30": "0.02220", "2016-03-31": "0.02170", "2015-12-31": "0.02140", "2015-09-30": "0.02140", "2015-06-30": "0.02120", "2015-03-31": "0.02030", "2014-12-31": "0.01940", "2014-09-30": "0.02020", "2014-06-30": "0.02020", "2014-03-31": "0.01980", "2013-12-31": "0.01930", "2013-09-30": "0.01940", "2013-06-30": "0.02250", "2013-03-31": "0.02190", "2012-12-31": "0.01930", "2012-09-30": "0.02040", "2012-06-30": "0.02110", "2012-03-31": "0.02120", "2011-12-31": "0.01600", "2011-09-30": "0.02010", "2011-06-30": "0.02020", "2011-03-31": "0.02020", "2010-12-31": "0.01950", "2010-09-30": "0.01940", "2010-06-30": "0.01990", "2010-03-31": "0.01960", "2009-12-31": "0.01990", "2009-09-30": "0.02110", "2009-06-30": "0.01950", "2009-03-31": "0.01970", "2008-12-31": "0.01900", "2008-09-30": "0.01620", "2008-06-30": "0.01830", "2008-03-31": "0.01810", "2007-12-31": "0.01620", "2007-09-30": "0.01700", "2007-06-30": "0.01570", "2007-03-31": "0.01580", "2006-12-31": "0.01670", "2006-09-30": "0.01410", "2006-06-30": "0.01560", "2006-03-31": "0.01430", "2005-12-31": "", "2005-09-30": "0.00030"}, "Inventory Turnover Ratio": {"2020-09-30": "", "2020-06-30": "", "2020-03-31": "", "2019-12-31": "", "2019-09-30": "", "2019-06-30": "", "2019-03-31": "", "2018-12-31": "", "2018-09-30": "", "2018-06-30": "", "2018-03-31": "", "2017-12-31": "", "2017-09-30": "", "2017-06-30": "", "2017-03-31": "", "2016-12-31": "", "2016-09-30": "", "2016-06-30": "", "2016-03-31": "", "2015-12-31": "", "2015-09-30": "", "2015-06-30": "", "2015-03-31": "", "2014-12-31": "", "2014-09-30": "", "2014-06-30": "", "2014-03-31": "", "2013-12-31": "", "2013-09-30": "", "2013-06-30": "", "2013-03-31": "", "2012-12-31": "", "2012-09-30": "", "2012-06-30": "", "2012-03-31": "", "2011-12-31": "", "2011-09-30": "", "2011-06-30": "", "2011-03-31": "", "2010-12-31": "", "2010-09-30": "", "2010-06-30": "", "2010-03-31": "", "2009-12-31": "", "2009-09-30": "", "2009-06-30": "", "2009-03-31": "", "2008-12-31": "", "2008-09-30": "", "2008-06-30": "", "2008-03-31": "", "2007-12-31": "", "2007-09-30": "", "2007-06-30": "", "2007-03-31": "", "2006-12-31": "", "2006-09-30": "", "2006-06-30": "", "2006-03-31": "", "2005-12-31": "", "2005-09-30": ""}, "Receiveable Turnover": {"2020-09-30": "", "2020-06-30": "", "2020-03-31": "", "2019-12-31": "", "2019-09-30": "", "2019-06-30": "", "2019-03-31": "", "2018-12-31": "", "2018-09-30": "", "2018-06-30": "", "2018-03-31": "", "2017-12-31": "", "2017-09-30": "", "2017-06-30": "", "2017-03-31": "", "2016-12-31": "", "2016-09-30": "", "2016-06-30": "", "2016-03-31": "", "2015-12-31": "", "2015-09-30": "", "2015-06-30": "", "2015-03-31": "", "2014-12-31": "", "2014-09-30": "", "2014-06-30": "", "2014-03-31": "", "2013-12-31": "", "2013-09-30": "", "2013-06-30": "", "2013-03-31": "", "2012-12-31": "", "2012-09-30": "", "2012-06-30": "", "2012-03-31": "", "2011-12-31": "", "2011-09-30": "", "2011-06-30": "", "2011-03-31": "", "2010-12-31": "", "2010-09-30": "", "2010-06-30": "", "2010-03-31": "", "2009-12-31": "", "2009-09-30": "", "2009-06-30": "", "2009-03-31": "", "2008-12-31": "", "2008-09-30": "", "2008-06-30": "", "2008-03-31": "", "2007-12-31": "", "2007-09-30": "", "2007-06-30": "", "2007-03-31": "", "2006-12-31": "", "2006-09-30": "", "2006-06-30": "", "2006-03-31": "", "2005-12-31": "", "2005-09-30": ""}, "Days Sales In Receivables": {"2020-09-30": "", "2020-06-30": "", "2020-03-31": "", "2019-12-31": "", "2019-09-30": "", "2019-06-30": "", "2019-03-31": "", "2018-12-31": "", "2018-09-30": "", "2018-06-30": "", "2018-03-31": "", "2017-12-31": "", "2017-09-30": "", "2017-06-30": "", "2017-03-31": "", "2016-12-31": "", "2016-09-30": "", "2016-06-30": "", "2016-03-31": "", "2015-12-31": "", "2015-09-30": "", "2015-06-30": "", "2015-03-31": "", "2014-12-31": "", "2014-09-30": "", "2014-06-30": "", "2014-03-31": "", "2013-12-31": "", "2013-09-30": "", "2013-06-30": "", "2013-03-31": "", "2012-12-31": "", "2012-09-30": "", "2012-06-30": "", "2012-03-31": "", "2011-12-31": "", "2011-09-30": "", "2011-06-30": "", "2011-03-31": "", "2010-12-31": "", "2010-09-30": "", "2010-06-30": "", "2010-03-31": "", "2009-12-31": "", "2009-09-30": "", "2009-06-30": "", "2009-03-31": "", "2008-12-31": "", "2008-09-30": "", "2008-06-30": "", "2008-03-31": "", "2007-12-31": "", "2007-09-30": "", "2007-06-30": "", "2007-03-31": "", "2006-12-31": "", "2006-09-30": "", "2006-06-30": "", "2006-03-31": "", "2005-12-31": "", "2005-09-30": ""}, "ROE - Return On Equity": {"2020-09-30": "0.43580", "2020-06-30": "-0.01320", "2020-03-31": "-0.49780", "2019-12-31": "0.14340", "2019-09-30": "2.56720", "2019-06-30": "1.65520", "2019-03-31": "1.64290", "2018-12-31": "2.07070", "2018-09-30": "1.17540", "2018-06-30": "0.93190", "2018-03-31": "1.26820", "2017-12-31": "1.05350", "2017-09-30": "0.20930", "2017-06-30": "0.11240", "2017-03-31": "-0.09390", "2016-12-31": "-0.77670", "2016-09-30": "0.25060", "2016-06-30": "0.92300", "2016-03-31": "0.37850", "2015-12-31": "0.12030", "2015-09-30": "0.25630", "2015-06-30": "-0.06400", "2015-03-31": "0.39430", "2014-12-31": "0.67780", "2014-09-30": "0.21400", "2014-06-30": "-2.74120", "2014-03-31": "0.30150", "2013-12-31": "0.26730", "2013-09-30": "-0.73820", "2013-06-30": "-0.86550", "2013-03-31": "-0.52550", "2012-12-31": "-3.04350", "2012-09-30": "-3.64190", "2012-06-30": "0.47440", "2012-03-31": "0.67640", "2011-12-31": "-6.29140", "2011-09-30": "0.86690", "2011-06-30": "0.98490", "2011-03-31": "1.08780", "2010-12-31": "0.59450", "2010-09-30": "0.53430", "2010-06-30": "0.25330", "2010-03-31": "0.59980", "2009-12-31": "0.62840", "2009-09-30": "0.44610", "2009-06-30": "-0.23760", "2009-03-31": "0.60740", "2008-12-31": "0.52610", "2008-09-30": "0.62730", "2008-06-30": "0.59110", "2008-03-31": "0.06120", "2007-12-31": "0.40500", "2007-09-30": "0.46470", "2007-06-30": "-0.66430", "2007-03-31": "0.44880", "2006-12-31": "0.49500", "2006-09-30": "0.23870", "2006-06-30": "-0.18360", "2006-03-31": "-0.32990", "2005-12-31": "", "2005-09-30": "-0.53010"}, "Return On Tangible Equity": {"2020-09-30": "0.50040", "2020-06-30": "-0.01530", "2020-03-31": "-0.57780", "2019-12-31": "0.16620", "2019-09-30": "2.90790", "2019-06-30": "1.90090", "2019-03-31": "1.89310", "2018-12-31": "2.39180", "2018-09-30": "1.36250", "2018-06-30": "1.07150", "2018-03-31": "1.51240", "2017-12-31": "1.19170", "2017-09-30": "0.26490", "2017-06-30": "0.14270", "2017-03-31": "-0.11700", "2016-12-31": "-0.96700", "2016-09-30": "0.31200", "2016-06-30": "1.15180", "2016-03-31": "0.48860", "2015-12-31": "0.15590", "2015-09-30": "0.33290", "2015-06-30": "-0.08320", "2015-03-31": "0.53030", "2014-12-31": "0.92150", "2014-09-30": "0.29640", "2014-06-30": "-3.77040", "2014-03-31": "0.42730", "2013-12-31": "0.37730", "2013-09-30": "-1.03760", "2013-06-30": "-0.86550", "2013-03-31": "-0.52550", "2012-12-31": "-3.57830", "2012-09-30": "-3.60530", "2012-06-30": "0.46970", "2012-03-31": "0.66970", "2011-12-31": "-6.23010", "2011-09-30": "0.85860", "2011-06-30": "0.97680", "2011-03-31": "1.07910", "2010-12-31": "0.58980", "2010-09-30": "0.53080", "2010-06-30": "0.23530", "2010-03-31": "0.56220", "2009-12-31": "0.59410", "2009-09-30": "0.42570", "2009-06-30": "-0.22880", "2009-03-31": "0.58020", "2008-12-31": "0.50580", "2008-09-30": "0.60560", "2008-06-30": "0.57260", "2008-03-31": "0.05940", "2007-12-31": "0.39400", "2007-09-30": "0.45410", "2007-06-30": "-0.65160", "2007-03-31": "0.44140", "2006-12-31": "0.48860", "2006-09-30": "0.23610", "2006-06-30": "-0.18220", "2006-03-31": "-0.32940", "2005-12-31": "", "2005-09-30": "-0.53010"}, "ROA - Return On Assets": {"2020-09-30": "0.22650", "2020-06-30": "-0.00690", "2020-03-31": "-0.25830", "2019-12-31": "0.07980", "2019-09-30": "1.43540", "2019-06-30": "0.86170", "2019-03-31": "0.84470", "2018-12-31": "1.07090", "2018-09-30": "0.60910", "2018-06-30": "0.50550", "2018-03-31": "0.52870", "2017-12-31": "0.45740", "2017-09-30": "0.09180", "2017-06-30": "0.05020", "2017-03-31": "-0.04460", "2016-12-31": "-0.37250", "2016-09-30": "0.12080", "2016-06-30": "0.45040", "2016-03-31": "0.16680", "2015-12-31": "0.05280", "2015-09-30": "0.11500", "2015-06-30": "-0.02910", "2015-03-31": "0.16500", "2014-12-31": "0.28180", "2014-09-30": "0.09080", "2014-06-30": "-1.19220", "2014-03-31": "0.12740", "2013-12-31": "0.11520", "2013-09-30": "-0.32770", "2013-06-30": "-0.35320", "2013-03-31": "-0.21620", "2012-12-31": "-1.17460", "2012-09-30": "-1.52570", "2012-06-30": "0.20140", "2012-03-31": "0.29000", "2011-12-31": "-2.69920", "2011-09-30": "0.37640", "2011-06-30": "0.43560", "2011-03-31": "0.48520", "2010-12-31": "0.26610", "2010-09-30": "0.24320", "2010-06-30": "0.11010", "2010-03-31": "0.26540", "2009-12-31": "0.28020", "2009-09-30": "0.20150", "2009-06-30": "-0.10760", "2009-03-31": "0.27730", "2008-12-31": "0.24760", "2008-09-30": "0.28360", "2008-06-30": "0.29260", "2008-03-31": "0.02620", "2007-12-31": "0.16070", "2007-09-30": "0.19230", "2007-06-30": "-0.28130", "2007-03-31": "0.21100", "2006-12-31": "0.26340", "2006-09-30": "0.11410", "2006-06-30": "-0.07650", "2006-03-31": "-0.10140", "2005-12-31": "", "2005-09-30": "-0.30650"}, "ROI - Return On Investment": {"2020-09-30": "0.23640", "2020-06-30": "-0.00780", "2020-03-31": "-0.26920", "2019-12-31": "0.08370", "2019-09-30": "1.50260", "2019-06-30": "0.90470", "2019-03-31": "0.88590", "2018-12-31": "1.12380", "2018-09-30": "0.63710", "2018-06-30": "0.53240", "2018-03-31": "0.55110", "2017-12-31": "0.66010", "2017-09-30": "0.09580", "2017-06-30": "0.05240", "2017-03-31": "-0.04660", "2016-12-31": "-0.38930", "2016-09-30": "0.12630", "2016-06-30": "0.47010", "2016-03-31": "0.17410", "2015-12-31": "0.05510", "2015-09-30": "0.12010", "2015-06-30": "-0.03030", "2015-03-31": "0.17210", "2014-12-31": "0.29400", "2014-09-30": "0.09510", "2014-06-30": "-1.24680", "2014-03-31": "0.13340", "2013-12-31": "0.12080", "2013-09-30": "-0.34330", "2013-06-30": "-0.37000", "2013-03-31": "-0.22700", "2012-12-31": "-1.21170", "2012-09-30": "-1.60380", "2012-06-30": "0.21200", "2012-03-31": "0.30540", "2011-12-31": "-2.84570", "2011-09-30": "0.39740", "2011-06-30": "0.45930", "2011-03-31": "0.51150", "2010-12-31": "0.28110", "2010-09-30": "0.25710", "2010-06-30": "0.11640", "2010-03-31": "0.28100", "2009-12-31": "0.29730", "2009-09-30": "0.21370", "2009-06-30": "-0.11430", "2009-03-31": "0.29500", "2008-12-31": "0.26300", "2008-09-30": "0.30000", "2008-06-30": "0.31050", "2008-03-31": "0.02800", "2007-12-31": "0.17020", "2007-09-30": "0.19950", "2007-06-30": "-0.29090", "2007-03-31": "0.21840", "2006-12-31": "0.27010", "2006-09-30": "0.11770", "2006-06-30": "-0.07910", "2006-03-31": "-0.10500", "2005-12-31": "", "2005-09-30": "-0.36120"}, "Book Value Per Share": {"2020-09-30": "31.46980", "2020-06-30": "31.86830", "2020-03-31": "32.53690", "2019-12-31": "33.30780", "2019-09-30": "33.41800", "2019-06-30": "32.50950", "2019-03-31": "32.46830", "2018-12-31": "32.65940", "2018-09-30": "32.73620", "2018-06-30": "33.00840", "2018-03-31": "36.29180", "2017-12-31": "36.97740", "2017-09-30": "35.74430", "2017-06-30": "36.64350", "2017-03-31": "37.27940", "2016-12-31": "38.06790", "2016-09-30": "38.93920", "2016-06-30": "39.35000", "2016-03-31": "38.58590", "2015-12-31": "39.17740", "2015-09-30": "40.01160", "2015-06-30": "40.66240", "2015-03-31": "39.96110", "2014-12-31": "40.25360", "2014-09-30": "40.19710", "2014-06-30": "40.90070", "2014-03-31": "41.44450", "2013-12-31": "42.09420", "2013-09-30": "42.31880", "2013-06-30": "31.42810", "2013-03-31": "16.80590", "2012-12-31": "38.77630", "2012-09-30": "17.64630", "2012-06-30": "17.96660", "2012-03-31": "18.28260", "2011-12-31": "18.56360", "2011-09-30": "18.84640", "2011-06-30": "19.10380", "2011-03-31": "19.41770", "2010-12-31": "19.72140", "2010-09-30": "19.87420", "2010-06-30": "20.12060", "2010-03-31": "20.45830", "2009-12-31": "20.64610", "2009-09-30": "20.96210", "2009-06-30": "21.03750", "2009-03-31": "21.43740", "2008-12-31": "21.79950", "2008-09-30": "22.24940", "2008-06-30": "22.34350", "2008-03-31": "22.35410", "2007-12-31": "22.50740", "2007-09-30": "22.64260", "2007-06-30": "22.74290", "2007-03-31": "23.07920", "2006-12-31": "23.07190", "2006-09-30": "23.01420", "2006-06-30": "23.03370", "2006-03-31": "23.18050", "2005-12-31": "", "2005-09-30": "23.59510"}, "Operating Cash Flow Per Share": {"2020-09-30": 0.7109, "2020-06-30": 0.6383, "2020-03-31": "0.65710", "2019-12-31": 0.8622, "2019-09-30": 1.2275, "2019-06-30": 0.807, "2019-03-31": "0.83450", "2018-12-31": 1.1576, "2018-09-30": 0.8626, "2018-06-30": 0.823, "2018-03-31": "1.04650", "2017-12-31": 0.9316, "2017-09-30": 1.1764, "2017-06-30": 1.0988, "2017-03-31": "1.00290", "2016-12-31": 1.4327, "2016-09-30": 0.8274, "2016-06-30": 0.8548, "2016-03-31": "1.01540", "2015-12-31": 1.2205, "2015-09-30": 1.1611, "2015-06-30": 0.9514, "2015-03-31": "0.96700", "2014-12-31": 0.8798, "2014-09-30": 1.0475, "2014-06-30": 0.0067, "2014-03-31": "0.89130", "2013-12-31": 1.6589, "2013-09-30": -0.8454, "2013-06-30": 1.0087, "2013-03-31": "0.88550", "2012-12-31": 0.2328, "2012-09-30": 5.425, "2012-06-30": 1.0925, "2012-03-31": "0.35770", "2011-12-31": 8.4892, "2011-09-30": 0.4114, "2011-06-30": 0.3558, "2011-03-31": "0.32700", "2010-12-31": 0.3487, "2010-09-30": 0.3117, "2010-06-30": 0.343, "2010-03-31": "0.33480", "2009-12-31": 0.405, "2009-09-30": 0.3357, "2009-06-30": 0.397, "2009-03-31": "0.37590", "2008-12-31": 0.5672, "2008-09-30": 0.3767, "2008-06-30": 0.3067, "2008-03-31": "0.47430", "2007-12-31": 0.7908, "2007-09-30": 0.2682, "2007-06-30": 0.2733, "2007-03-31": "0.53590", "2006-12-31": 0.8445, "2006-09-30": 0.1444, "2006-06-30": 0.1437, "2006-03-31": "0.42170", "2005-12-31": 0.2235, "2005-09-30": -0.2235}, "Free Cash Flow Per Share": {"2020-09-30": -0.8876, "2020-06-30": 0.4464, "2020-03-31": "-1.19180", "2019-12-31": -5.1994, "2019-09-30": -0.6498, "2019-06-30": -1.2534, "2019-03-31": "-0.63230", "2018-12-31": 1.6211, "2018-09-30": -1.4664, "2018-06-30": 0.5406, "2018-03-31": "1.30890", "2017-12-31": 2.2932, "2017-09-30": 1.897, "2017-06-30": 1.0835, "2017-03-31": "0.99350", "2016-12-31": 1.8938, "2016-09-30": -0.5407, "2016-06-30": 0.1739, "2016-03-31": "1.20680", "2015-12-31": 0.3075, "2015-09-30": 0.0524, "2015-06-30": 0.9418, "2015-03-31": "-1.38670", "2014-12-31": -3.3909, "2014-09-30": -1.065, "2014-06-30": -2.5159, "2014-03-31": "-1.16250", "2013-12-31": -0.8913, "2013-09-30": 1.3643, "2013-06-30": -0.1257, "2013-03-31": "-0.80900", "2012-12-31": -1.2527, "2012-09-30": -0.4803, "2012-06-30": 1.0096, "2012-03-31": "0.34130", "2011-12-31": 7.6803, "2011-09-30": 0.2247, "2011-06-30": -0.5377, "2011-03-31": "0.04140", "2010-12-31": -0.2365, "2010-09-30": -0.2737, "2010-06-30": 0.0606, "2010-03-31": "0.32090", "2009-12-31": 0.3251, "2009-09-30": 0.346, "2009-06-30": 0.3884, "2009-03-31": "0.20640", "2008-12-31": -3.0582, "2008-09-30": -8.5626, "2008-06-30": -1.4785, "2008-03-31": "-5.78320", "2007-12-31": -20.072, "2007-09-30": -5.1947, "2007-06-30": -9.5725, "2007-03-31": "-17.84000", "2006-12-31": -23.4633, "2006-09-30": 1.2242, "2006-06-30": 4.6341, "2006-03-31": "-35.92130", "2005-12-31": 137.7218, "2005-09-30": -137.7218}}, "revenue": {"Spirit Realty Capital Annual Revenue (Millions of US $)": {"2019": "$516", "2018": "$445", "2017": "$431", "2016": "$435", "2015": "$667", "2014": "$603", "2013": "$419", "2012": "$273", "2011": "$263", "2010": "$269", "2009": "$275", "2008": "$201", "2007": "$90", "2006": "$20", "2005": "$1"}, "Spirit Realty Capital Quarterly Revenue (Millions of US $)": {"2020-09-30": "$114", "2020-06-30": "$119", "2020-03-31": "$123", "2019-12-31": "$121", "2019-09-30": "$167", "2019-06-30": "$116", "2019-03-31": "$113", "2018-12-31": "$129", "2018-09-30": "$110", "2018-06-30": "$102", "2018-03-31": "$104", "2017-12-31": "$48", "2017-09-30": "$109", "2017-06-30": "$109", "2017-03-31": "$165", "2016-12-31": "$-77", "2016-09-30": "$173", "2016-06-30": "$172", "2016-03-31": "$168", "2015-12-31": "$169", "2015-09-30": "$168", "2015-06-30": "$168", "2015-03-31": "$162", "2014-12-31": "$155", "2014-09-30": "$152", "2014-06-30": "$152", "2014-03-31": "$144", "2013-12-31": "$139", "2013-09-30": "$137", "2013-06-30": "$72", "2013-03-31": "$71", "2012-12-31": "$63", "2012-09-30": "$68", "2012-06-30": "$71", "2012-03-31": "$72", "2011-12-31": "$55", "2011-09-30": "$69", "2011-06-30": "$69", "2011-03-31": "$70", "2010-12-31": "$68", "2010-09-30": "$67", "2010-06-30": "$68", "2010-03-31": "$67", "2009-12-31": "$68", "2009-09-30": "$72", "2009-06-30": "$67", "2009-03-31": "$68", "2008-12-31": "$65", "2008-09-30": "$51", "2008-06-30": "$44", "2008-03-31": "$41", "2007-12-31": "$32", "2007-09-30": "$27", "2007-06-30": "$19", "2007-03-31": "$13", "2006-12-31": "$8", "2006-09-30": "$5", "2006-06-30": "$4", "2006-03-31": "$3", "2005-12-31": "", "2005-09-30": "$0"}}, "gross-profit": {"Spirit Realty Capital Annual Gross Profit (Millions of US $)": {"2019": "$497", "2018": "$424", "2017": "$401", "2016": "$409", "2015": "$640", "2014": "$579", "2013": "$408", "2012": "$268", "2011": "$259", "2010": "$232", "2009": "$235", "2008": "$174", "2007": "$79", "2006": "$17", "2005": "$1"}, "Spirit Realty Capital Quarterly Gross Profit (Millions of US $)": {"2020-09-30": "$108", "2020-06-30": "$111", "2020-03-31": "$116", "2019-12-31": "$116", "2019-09-30": "$162", "2019-06-30": "$111", "2019-03-31": "$107", "2018-12-31": "$124", "2018-09-30": "$104", "2018-06-30": "$98", "2018-03-31": "$98", "2017-12-31": "$42", "2017-09-30": "$104", "2017-06-30": "$101", "2017-03-31": "$156", "2016-12-31": "$-82", "2016-09-30": "$166", "2016-06-30": "$165", "2016-03-31": "$161", "2015-12-31": "$161", "2015-09-30": "$162", "2015-06-30": "$162", "2015-03-31": "$155", "2014-12-31": "$149", "2014-09-30": "$147", "2014-06-30": "$145", "2014-03-31": "$139", "2013-12-31": "$134", "2013-09-30": "$132", "2013-06-30": "$72", "2013-03-31": "$70", "2012-12-31": "$64", "2012-09-30": "$67", "2012-06-30": "$61", "2012-03-31": "$61", "2011-12-31": "$55", "2011-09-30": "$60", "2011-06-30": "$60", "2011-03-31": "$60", "2010-12-31": "$59", "2010-09-30": "$58", "2010-06-30": "$58", "2010-03-31": "$57", "2009-12-31": "$58", "2009-09-30": "$62", "2009-06-30": "$57", "2009-03-31": "$58", "2008-12-31": "$55", "2008-09-30": "$45", "2008-06-30": "$39", "2008-03-31": "$36", "2007-12-31": "$29", "2007-09-30": "$23", "2007-06-30": "$17", "2007-03-31": "$11", "2006-12-31": "$7", "2006-09-30": "$4", "2006-06-30": "$3", "2006-03-31": "$2", "2005-12-31": "", "2005-09-30": "$0"}}, "operating-income": {"Spirit Realty Capital Annual Operating Income (Millions of US $)": {"2019": "$131", "2018": "$104", "2017": "$-2", "2016": "$-2", "2015": "$28", "2014": "$15", "2013": "$-30", "2012": "$-39", "2011": "$-48", "2010": "$132", "2009": "$120", "2008": "$101", "2007": "$41", "2006": "$10", "2005": "$0"}, "Spirit Realty Capital Quarterly Operating Income (Millions of US $)": {"2020-09-30": "$10", "2020-06-30": "$-1", "2020-03-31": "$-16", "2019-12-31": "$19", "2019-09-30": "$63", "2019-06-30": "$27", "2019-03-31": "$23", "2018-12-31": "$43", "2018-09-30": "$27", "2018-06-30": "$19", "2018-03-31": "$15", "2017-12-31": "$9", "2017-09-30": "$-5", "2017-06-30": "$-3", "2017-03-31": "$-3", "2016-12-31": "$-60", "2016-09-30": "$18", "2016-06-30": "$22", "2016-03-31": "$18", "2015-12-31": "$10", "2015-09-30": "$9", "2015-06-30": "$-6", "2015-03-31": "$15", "2014-12-31": "$23", "2014-09-30": "$7", "2014-06-30": "$-25", "2014-03-31": "$9", "2013-12-31": "$11", "2013-09-30": "$-22", "2013-06-30": "$-11", "2013-03-31": "$-7", "2012-12-31": "$-91", "2012-09-30": "$-18", "2012-06-30": "$33", "2012-03-31": "$37", "2011-12-31": "$-152", "2011-09-30": "$35", "2011-06-30": "$34", "2011-03-31": "$35", "2010-12-31": "$35", "2010-09-30": "$34", "2010-06-30": "$29", "2010-03-31": "$34", "2009-12-31": "$35", "2009-09-30": "$32", "2009-06-30": "$21", "2009-03-31": "$32", "2008-12-31": "$33", "2008-09-30": "$27", "2008-06-30": "$23", "2008-03-31": "$18", "2007-12-31": "$17", "2007-09-30": "$14", "2007-06-30": "$4", "2007-03-31": "$6", "2006-12-31": "$4", "2006-09-30": "$2", "2006-06-30": "$2", "2006-03-31": "$1", "2005-12-31": "", "2005-09-30": "$-0"}}, "ebitda": {"Spirit Realty Capital Annual EBITDA (Millions of US $)": {"2019": "$321", "2018": "$325", "2017": "$277", "2016": "$278", "2015": "$299", "2014": "$267", "2013": "$155", "2012": "$98", "2011": "$88", "2010": "$219", "2009": "$207", "2008": "$166", "2007": "$73", "2006": "$17", "2005": "$1"}, "Spirit Realty Capital Quarterly EBITDA (Millions of US $)": {"2020-09-30": "$66", "2020-06-30": "$56", "2020-03-31": "$39", "2019-12-31": "$71", "2019-09-30": "$109", "2019-06-30": "$72", "2019-03-31": "$69", "2018-12-31": "$89", "2018-09-30": "$72", "2018-06-30": "$79", "2018-03-31": "$85", "2017-12-31": "$78", "2017-09-30": "$65", "2017-06-30": "$67", "2017-03-31": "$67", "2016-12-31": "$16", "2016-09-30": "$85", "2016-06-30": "$91", "2016-03-31": "$86", "2015-12-31": "$77", "2015-09-30": "$76", "2015-06-30": "$62", "2015-03-31": "$84", "2014-12-31": "$88", "2014-09-30": "$71", "2014-06-30": "$39", "2014-03-31": "$70", "2013-12-31": "$69", "2013-09-30": "$29", "2013-06-30": "$29", "2013-03-31": "$28", "2012-12-31": "$-59", "2012-09-30": "$41", "2012-06-30": "$56", "2012-03-31": "$60", "2011-12-31": "$-84", "2011-09-30": "$58", "2011-06-30": "$56", "2011-03-31": "$58", "2010-12-31": "$57", "2010-09-30": "$55", "2010-06-30": "$51", "2010-03-31": "$56", "2009-12-31": "$57", "2009-09-30": "$56", "2009-06-30": "$42", "2009-03-31": "$53", "2008-12-31": "$54", "2008-09-30": "$43", "2008-06-30": "$37", "2008-03-31": "$32", "2007-12-31": "$29", "2007-09-30": "$22", "2007-06-30": "$11", "2007-03-31": "$11", "2006-12-31": "$7", "2006-09-30": "$4", "2006-06-30": "$3", "2006-03-31": "$2", "2005-12-31": "", "2005-09-30": "$-0"}}, "net-income": {"Spirit Realty Capital Annual Net Income (Millions of US $)": {"2019": "$165", "2018": "$122", "2017": "$75", "2016": "$97", "2015": "$93", "2014": "$-37", "2013": "$-2", "2012": "$-76", "2011": "$-64", "2010": "$30", "2009": "$22", "2008": "$25", "2007": "$4", "2006": "$1", "2005": "$-0"}, "Spirit Realty Capital Quarterly Net Income (Millions of US $)": {"2020-09-30": "$11", "2020-06-30": "$-3", "2020-03-31": "$-18", "2019-12-31": "$2", "2019-09-30": "$79", "2019-06-30": "$43", "2019-03-31": "$41", "2018-12-31": "$52", "2018-09-30": "$27", "2018-06-30": "$15", "2018-03-31": "$28", "2017-12-31": "$33", "2017-09-30": "$5", "2017-06-30": "$23", "2017-03-31": "$13", "2016-12-31": "$1", "2016-09-30": "$27", "2016-06-30": "$46", "2016-03-31": "$23", "2015-12-31": "$6", "2015-09-30": "$15", "2015-06-30": "$49", "2015-03-31": "$23", "2014-12-31": "$31", "2014-09-30": "$8", "2014-06-30": "$-90", "2014-03-31": "$14", "2013-12-31": "$40", "2013-09-30": "$-22", "2013-06-30": "$-12", "2013-03-31": "$-8", "2012-12-31": "$-43", "2012-09-30": "$-50", "2012-06-30": "$7", "2012-03-31": "$10", "2011-12-31": "$-108", "2011-09-30": "$13", "2011-06-30": "$15", "2011-03-31": "$17", "2010-12-31": "$9", "2010-09-30": "$8", "2010-06-30": "$4", "2010-03-31": "$9", "2009-12-31": "$10", "2009-09-30": "$7", "2009-06-30": "$-4", "2009-03-31": "$10", "2008-12-31": "$8", "2008-09-30": "$9", "2008-06-30": "$7", "2008-03-31": "$1", "2007-12-31": "$3", "2007-09-30": "$3", "2007-06-30": "$-3", "2007-03-31": "$2", "2006-12-31": "$1", "2006-09-30": "$1", "2006-06-30": "$-0", "2006-03-31": "$-0", "2005-12-31": "", "2005-09-30": "$-0"}}, "eps-earnings-per-share-diluted": {"Spirit Realty Capital Annual EPS": {"2019": "$1.81", "2018": "$1.39", "2017": "$0.79", "2016": "$1.03", "2015": "$1.05", "2014": "$-0.50", "2013": "$-0.05", "2012": "$-4.85", "2011": "$-6.50", "2010": "$0.39", "2009": "$0.29", "2008": "$0.45", "2007": "$0.18", "2006": "$0.26", "2005": "$-0.74"}, "Spirit Realty Capital Quarterly EPS": {"2020-09-30": "$0.11", "2020-06-30": "$-0.03", "2020-03-31": "$-0.18", "2019-12-31": "$-0.03", "2019-09-30": "$0.87", "2019-06-30": "$0.49", "2019-03-31": "$0.48", "2018-12-31": "$0.59", "2018-09-30": "$0.32", "2018-06-30": "$0.17", "2018-03-31": "$0.31", "2017-12-31": "$0.34", "2017-09-30": "$0.05", "2017-06-30": "$0.25", "2017-03-31": "$0.15", "2016-12-31": "$-0.02", "2016-09-30": "$0.30", "2016-06-30": "$0.50", "2016-03-31": "$0.25", "2015-12-31": "$0.10", "2015-09-30": "$0.15", "2015-06-30": "$0.55", "2015-03-31": "$0.25", "2014-12-31": "$0.40", "2014-09-30": "$0.10", "2014-06-30": "$-1.20", "2014-03-31": "$0.20", "2013-12-31": "$0.95", "2013-09-30": "$-0.35", "2013-06-30": "$-0.40", "2013-03-31": "$-0.25", "2012-12-31": "$-0.68", "2012-09-30": "$-4.45", "2012-06-30": "$0.15", "2012-03-31": "$0.13", "2011-12-31": "$-7.05", "2011-09-30": "$0.16", "2011-06-30": "$0.18", "2011-03-31": "$0.21", "2010-12-31": "$0.13", "2010-09-30": "$0.11", "2010-06-30": "$0.05", "2010-03-31": "$0.11", "2009-12-31": "$0.13", "2009-09-30": "$0.08", "2009-06-30": "$-0.05", "2009-03-31": "$0.13", "2008-12-31": "$0.13", "2008-09-30": "$0.16", "2008-06-30": "$0.13", "2008-03-31": "$0.03", "2007-12-31": "$0.11", "2007-09-30": "$0.11", "2007-06-30": "$-0.16", "2007-03-31": "$0.13", "2006-12-31": "$0.32", "2006-09-30": "$0.11", "2006-06-30": "$-0.05", "2006-03-31": "$-0.11", "2005-12-31": "$0.00", "2005-09-30": "$-1.21"}}, "shares-outstanding": {"Spirit Realty Capital Annual Shares Outstanding (Millions of Shares)": {"2019": "91", "2018": "86", "2017": "94", "2016": "94", "2015": "87", "2014": "77", "2013": "51", "2012": "16", "2011": "10", "2010": "79", "2009": "77", "2008": "56", "2007": "23", "2006": "5", "2005": "0"}, "Spirit Realty Capital Quarterly Shares Outstanding (Millions of Shares)": {"2020-09-30": "103", "2020-06-30": "103", "2020-03-31": "102", "2019-12-31": "91", "2019-09-30": "90", "2019-06-30": "88", "2019-03-31": "86", "2018-12-31": "86", "2018-09-30": "86", "2018-06-30": "86", "2018-03-31": "89", "2017-12-31": "94", "2017-09-30": "91", "2017-06-30": "96", "2017-03-31": "97", "2016-12-31": "94", "2016-09-30": "96", "2016-06-30": "95", "2016-03-31": "88", "2015-12-31": "87", "2015-09-30": "88", "2015-06-30": "87", "2015-03-31": "82", "2014-12-31": "77", "2014-09-30": "80", "2014-06-30": "76", "2014-03-31": "74", "2013-12-31": "51", "2013-09-30": "66", "2013-06-30": "32", "2013-03-31": "32", "2012-12-31": "16", "2012-09-30": "11", "2012-06-30": "42", "2012-03-31": "80", "2011-12-31": "10", "2011-09-30": "80", "2011-06-30": "80", "2011-03-31": "80", "2010-12-31": "79", "2010-09-30": "79", "2010-06-30": "79", "2010-03-31": "78", "2009-12-31": "77", "2009-09-30": "77", "2009-06-30": "77", "2009-03-31": "77", "2008-12-31": "56", "2008-09-30": "61", "2008-06-30": "50", "2008-03-31": "40", "2007-12-31": "23", "2007-09-30": "26", "2007-06-30": "20", "2007-03-31": "14", "2006-12-31": "5", "2006-09-30": "6", "2006-06-30": "3", "2006-03-31": "2", "2005-12-31": "", "2005-09-30": "0"}}, "total-assets": {"Spirit Realty Capital Annual Total Assets (Millions of US $)": {"2019": "$5,833", "2018": "$5,096", "2017": "$7,264", "2016": "$7,678", "2015": "$7,891", "2014": "$7,964", "2013": "$7,231", "2012": "$3,248", "2011": "$3,430", "2010": "$3,485", "2009": "$3,413", "2008": "$3,432", "2007": "$1,968", "2006": "$500", "2005": "$99"}, "Spirit Realty Capital Quarterly Total Assets (Millions of US $)": {"2020-09-30": "$6,091", "2020-06-30": "$5,978", "2020-03-31": "$6,135", "2019-12-31": "$5,833", "2019-09-30": "$5,664", "2019-06-30": "$5,308", "2019-03-31": "$5,159", "2018-12-31": "$5,096", "2018-09-30": "$5,093", "2018-06-30": "$4,909", "2018-03-31": "$7,203", "2017-12-31": "$7,264", "2017-09-30": "$7,435", "2017-06-30": "$7,519", "2017-03-31": "$7,589", "2016-12-31": "$7,678", "2016-09-30": "$7,811", "2016-06-30": "$7,736", "2016-03-31": "$7,765", "2015-12-31": "$7,891", "2015-09-30": "$7,869", "2015-06-30": "$7,908", "2015-03-31": "$7,990", "2014-12-31": "$7,964", "2014-09-30": "$7,547", "2014-06-30": "$7,501", "2014-03-31": "$7,275", "2013-12-31": "$7,231", "2013-09-30": "$7,060", "2013-06-30": "$3,213", "2013-03-31": "$3,246", "2012-12-31": "$3,248", "2012-09-30": "$3,338", "2012-06-30": "$3,355", "2012-03-31": "$3,380", "2011-12-31": "$3,430", "2011-09-30": "$3,441", "2011-06-30": "$3,426", "2011-03-31": "$3,449", "2010-12-31": "$3,485", "2010-09-30": "$3,448", "2010-06-30": "$3,398", "2010-03-31": "$3,401", "2009-12-31": "$3,413", "2009-09-30": "$3,429", "2009-06-30": "$3,438", "2009-03-31": "$3,473", "2008-12-31": "$3,432", "2008-09-30": "$3,160", "2008-06-30": "$2,409", "2008-03-31": "$2,244", "2007-12-31": "$1,968", "2007-09-30": "$1,560", "2007-06-30": "$1,197", "2007-03-31": "$798", "2006-12-31": "$500", "2006-09-30": "$344", "2006-06-30": "$238", "2006-03-31": "$180", "2005-12-31": "$0", "2005-09-30": "$10"}}, "cash-on-hand": {"Spirit Realty Capital Annual Cash on Hand (Millions of US $)": {"2019": "$14", "2018": "$14", "2017": "$9", "2016": "$10", "2015": "$22", "2014": "$176", "2013": "$67", "2012": "$74", "2011": "$65", "2010": "$54", "2009": "$38", "2008": "$115", "2007": "$58", "2006": "$43", "2005": "$6"}, "Spirit Realty Capital Quarterly Cash on Hand (Millions of US $)": {"2020-09-30": "$117", "2020-06-30": "$97", "2020-03-31": "$217", "2019-12-31": "$14", "2019-09-30": "$358", "2019-06-30": "$10", "2019-03-31": "$9", "2018-12-31": "$14", "2018-09-30": "$8", "2018-06-30": "$9", "2018-03-31": "$11", "2017-12-31": "$9", "2017-09-30": "$12", "2017-06-30": "$11", "2017-03-31": "$9", "2016-12-31": "$10", "2016-09-30": "$13", "2016-06-30": "$29", "2016-03-31": "$9", "2015-12-31": "$22", "2015-09-30": "$28", "2015-06-30": "$40", "2015-03-31": "$108", "2014-12-31": "$176", "2014-09-30": "$50", "2014-06-30": "$121", "2014-03-31": "$30", "2013-12-31": "$67", "2013-09-30": "$42", "2013-06-30": "$23", "2013-03-31": "$23", "2012-12-31": "$74", "2012-09-30": "$56", "2012-06-30": "$36", "2012-03-31": "$39", "2011-12-31": "$65", "2011-09-30": "$66", "2011-06-30": "$32", "2011-03-31": "$42", "2010-12-31": "$54", "2010-09-30": "$58", "2010-06-30": "$44", "2010-03-31": "$43", "2009-12-31": "$38", "2009-09-30": "$32", "2009-06-30": "$34", "2009-03-31": "$59", "2008-12-31": "$115", "2008-09-30": "$66", "2008-06-30": "$52", "2008-03-31": "$43", "2007-12-31": "$58", "2007-09-30": "$34", "2007-06-30": "$89", "2007-03-31": "$52", "2006-12-31": "$43", "2006-09-30": "$15", "2006-06-30": "$8", "2006-03-31": "$9", "2005-12-31": "", "2005-09-30": "$6"}}, "long-term-debt": {"Spirit Realty Capital Annual Long Term Debt (Millions of US $)": {"2019": "$2,153", "2018": "$2,055", "2017": "$1,713", "2016": "$3,665", "2015": "$4,093", "2014": "$4,323", "2013": "$3,778", "2012": "$1,895", "2011": "$1,768", "2010": "$1,728", "2009": "$1,607", "2008": "$1,550", "2007": "$1,056", "2006": "$218", "2005": "$71"}, "Spirit Realty Capital Quarterly Long Term Debt (Millions of US $)": {"2020-09-30": "$2,506", "2020-06-30": "$2,039", "2020-03-31": "$2,538", "2019-12-31": "$2,153", "2019-09-30": "$2,078", "2019-06-30": "$2,126", "2019-03-31": "$2,100", "2018-12-31": "$2,055", "2018-09-30": "$2,064", "2018-06-30": "$1,832", "2018-03-31": "$3,741", "2017-12-31": "$1,713", "2017-09-30": "$3,863", "2017-06-30": "$3,847", "2017-03-31": "$3,658", "2016-12-31": "$3,665", "2016-09-30": "$3,710", "2016-06-30": "$3,636", "2016-03-31": "$4,019", "2015-12-31": "$4,093", "2015-09-30": "$4,005", "2015-06-30": "$3,996", "2015-03-31": "$4,319", "2014-12-31": "$4,323", "2014-09-30": "$4,008", "2014-06-30": "$3,910", "2014-03-31": "$3,874", "2013-12-31": "$3,778", "2013-09-30": "$3,606", "2013-06-30": "$1,756", "2013-03-31": "$1,757", "2012-12-31": "$1,895", "2012-09-30": "$1,763", "2012-06-30": "$1,748", "2012-03-31": "$1,746", "2011-12-31": "$1,768", "2011-09-30": "$1,750", "2011-06-30": "$1,722", "2011-03-31": "$1,721", "2010-12-31": "$1,728", "2010-09-30": "$1,682", "2010-06-30": "$1,624", "2010-03-31": "$1,607", "2009-12-31": "$1,607", "2009-09-30": "$1,610", "2009-06-30": "$1,618", "2009-03-31": "$1,605", "2008-12-31": "$1,550", "2008-09-30": "$1,507", "2008-06-30": "$1,039", "2008-03-31": "$1,107", "2007-12-31": "$1,056", "2007-09-30": "$843", "2007-06-30": "$641", "2007-03-31": "$390", "2006-12-31": "$218", "2006-09-30": "$167", "2006-06-30": "$130", "2006-03-31": "$119", "2005-12-31": "", "2005-09-30": "$3"}}, "total-liabilities": {"Spirit Realty Capital Annual Total Liabilities (Millions of US $)": {"2019": "$2,419", "2018": "$2,295", "2017": "$3,944", "2016": "$3,996", "2015": "$4,429", "2014": "$4,653", "2013": "$4,113", "2012": "$1,994", "2011": "$1,944", "2010": "$1,913", "2009": "$1,803", "2008": "$1,752", "2007": "$1,165", "2006": "$231", "2005": "$74"}, "Spirit Realty Capital Quarterly Total Liabilities (Millions of US $)": {"2020-09-30": "$2,759", "2020-06-30": "$2,694", "2020-03-31": "$2,786", "2019-12-31": "$2,419", "2019-09-30": "$2,331", "2019-06-30": "$2,379", "2019-03-31": "$2,340", "2018-12-31": "$2,295", "2018-09-30": "$2,288", "2018-06-30": "$2,080", "2018-03-31": "$4,034", "2017-12-31": "$3,944", "2017-09-30": "$4,176", "2017-06-30": "$4,163", "2017-03-31": "$3,980", "2016-12-31": "$3,996", "2016-09-30": "$4,045", "2016-06-30": "$3,961", "2016-03-31": "$4,343", "2015-12-31": "$4,429", "2015-09-30": "$4,337", "2015-06-30": "$4,318", "2015-03-31": "$4,646", "2014-12-31": "$4,653", "2014-09-30": "$4,343", "2014-06-30": "$4,239", "2014-03-31": "$4,202", "2013-12-31": "$4,113", "2013-09-30": "$3,926", "2013-06-30": "$1,902", "2013-03-31": "$1,910", "2012-12-31": "$1,994", "2012-09-30": "$1,925", "2012-06-30": "$1,916", "2012-03-31": "$1,916", "2011-12-31": "$1,944", "2011-09-30": "$1,933", "2011-06-30": "$1,898", "2011-03-31": "$1,898", "2010-12-31": "$1,913", "2010-09-30": "$1,868", "2010-06-30": "$1,809", "2010-03-31": "$1,795", "2009-12-31": "$1,803", "2009-09-30": "$1,806", "2009-06-30": "$1,822", "2009-03-31": "$1,813", "2008-12-31": "$1,752", "2008-09-30": "$1,680", "2008-06-30": "$1,178", "2008-03-31": "$1,256", "2007-12-31": "$1,165", "2007-09-30": "$899", "2007-06-30": "$680", "2007-03-31": "$417", "2006-12-31": "$231", "2006-09-30": "$178", "2006-06-30": "$138", "2006-03-31": "$125", "2005-12-31": "", "2005-09-30": "$4"}}, "total-share-holder-equity": {"Spirit Realty Capital Annual Share Holder Equity (Millions of US $)": {"2019": "$3,413", "2018": "$2,802", "2017": "$3,320", "2016": "$3,682", "2015": "$3,462", "2014": "$3,312", "2013": "$3,118", "2012": "$1,253", "2011": "$1,486", "2010": "$1,573", "2009": "$1,610", "2008": "$1,680", "2007": "$803", "2006": "$270", "2005": "$25"}, "Spirit Realty Capital Quarterly Share Holder Equity (Millions of US $)": {"2020-09-30": "$3,332", "2020-06-30": "$3,284", "2020-03-31": "$3,349", "2019-12-31": "$3,413", "2019-09-30": "$3,333", "2019-06-30": "$2,929", "2019-03-31": "$2,819", "2018-12-31": "$2,802", "2018-09-30": "$2,805", "2018-06-30": "$2,829", "2018-03-31": "$3,169", "2017-12-31": "$3,320", "2017-09-30": "$3,259", "2017-06-30": "$3,356", "2017-03-31": "$3,609", "2016-12-31": "$3,682", "2016-09-30": "$3,766", "2016-06-30": "$3,775", "2016-03-31": "$3,422", "2015-12-31": "$3,462", "2015-09-30": "$3,532", "2015-06-30": "$3,591", "2015-03-31": "$3,344", "2014-12-31": "$3,312", "2014-09-30": "$3,204", "2014-06-30": "$3,262", "2014-03-31": "$3,073", "2013-12-31": "$3,118", "2013-09-30": "$3,135", "2013-06-30": "$1,311", "2013-03-31": "$1,335", "2012-12-31": "$1,253", "2012-09-30": "$1,413", "2012-06-30": "$1,438", "2012-03-31": "$1,464", "2011-12-31": "$1,486", "2011-09-30": "$1,509", "2011-06-30": "$1,528", "2011-03-31": "$1,551", "2010-12-31": "$1,573", "2010-09-30": "$1,580", "2010-06-30": "$1,589", "2010-03-31": "$1,606", "2009-12-31": "$1,610", "2009-09-30": "$1,623", "2009-06-30": "$1,616", "2009-03-31": "$1,660", "2008-12-31": "$1,680", "2008-09-30": "$1,480", "2008-06-30": "$1,231", "2008-03-31": "$988", "2007-12-31": "$803", "2007-09-30": "$660", "2007-06-30": "$517", "2007-03-31": "$382", "2006-12-31": "$270", "2006-09-30": "$166", "2006-06-30": "$100", "2006-03-31": "$55", "2005-12-31": "", "2005-09-30": "$6"}}, "profit-margins": {"current": "0.46%"}, "gross margin": {"2020-09-30": "94.55%", "2020-06-30": "95.28%", "2020-03-31": "95.83%", "2019-12-31": "95.94%", "2019-09-30": "96.00%", "2019-06-30": "95.30%", "2019-03-31": "95.37%", "2018-12-31": "95.28%", "2018-09-30": "93.96%", "2018-06-30": "94.21%", "2018-03-31": "93.24%", "2017-12-31": "93.50%", "2017-09-30": "91.18%", "2017-06-30": "92.16%", "2017-03-31": "93.53%", "2016-12-31": "94.04%", "2016-09-30": "95.75%", "2016-06-30": "95.86%", "2016-03-31": "95.99%", "2015-12-31": "95.95%", "2015-09-30": "96.17%", "2015-06-30": "96.23%", "2015-03-31": "95.97%", "2014-12-31": "96.19%", "2014-09-30": "96.25%", "2014-06-30": "96.15%", "2014-03-31": "96.95%", "2013-12-31": "97.37%", "2013-09-30": "98.54%", "2013-06-30": "99.64%", "2013-03-31": "95.97%", "2012-12-31": "92.34%", "2012-09-30": "91.73%", "2012-06-30": "88.76%", "2012-03-31": "89.06%", "2011-12-31": "89.35%", "2011-09-30": "86.59%", "2011-06-30": "86.50%", "2011-03-31": "86.08%", "2010-12-31": "85.93%", "2010-09-30": "85.56%", "2010-06-30": "85.45%", "2010-03-31": "85.40%", "2009-12-31": "85.45%", "2009-09-30": "85.29%", "2009-06-30": "85.66%", "2009-03-31": "86.40%", "2008-12-31": "87.06%", "2008-09-30": "88.69%", "2008-06-30": "88.19%", "2008-03-31": "88.24%", "2007-12-31": "87.91%", "2007-09-30": "86.57%", "2007-06-30": "86.67%", "2007-03-31": "83.33%", "2006-12-31": "80.00%", "2006-06-30": "71.43%"}, "operating margin": {"2020-09-30": "2.52%", "2020-06-30": "12.26%", "2020-03-31": "17.65%", "2019-12-31": "25.53%", "2019-09-30": "29.71%", "2019-06-30": "25.64%", "2019-03-31": "24.67%", "2018-12-31": "23.37%", "2018-09-30": "19.23%", "2018-06-30": "10.47%", "2018-03-31": "4.32%", "2017-12-31": "-0.46%", "2017-09-30": "-23.20%", "2017-06-30": "-12.97%", "2017-03-31": "-5.31%", "2016-12-31": "-0.46%", "2016-09-30": "9.97%", "2016-06-30": "8.71%", "2016-03-31": "4.61%", "2015-12-31": "4.20%", "2015-09-30": "6.28%", "2015-06-30": "6.12%", "2015-03-31": "3.22%", "2014-12-31": "2.32%", "2014-09-30": "0.34%", "2014-06-30": "-4.72%", "2014-03-31": "-2.64%", "2013-12-31": "-6.92%", "2013-09-30": "-38.19%", "2013-06-30": "-46.35%", "2013-03-31": "-30.40%", "2012-12-31": "-14.23%", "2012-09-30": "-37.59%", "2012-06-30": "-17.60%", "2012-03-31": "-17.36%", "2011-12-31": "-18.25%", "2011-09-30": "50.36%", "2011-06-30": "50.36%", "2011-03-31": "48.72%", "2010-12-31": "48.89%", "2010-09-30": "48.89%", "2010-06-30": "47.27%", "2010-03-31": "44.53%", "2009-12-31": "43.64%", "2009-09-30": "43.38%", "2009-06-30": "45.02%", "2009-03-31": "50.44%", "2008-12-31": "50.25%", "2008-09-30": "50.60%", "2008-06-30": "50.00%", "2008-03-31": "44.54%", "2007-12-31": "45.05%", "2007-09-30": "41.79%", "2007-06-30": "35.56%", "2007-03-31": "46.67%", "2006-12-31": "45.00%", "2006-06-30": "42.86%"}, "ebitda margin": {"2020-09-30": "48.64%", "2020-06-30": "51.89%", "2020-03-31": "55.22%", "2019-12-31": "62.09%", "2019-09-30": "64.57%", "2019-06-30": "64.53%", "2019-03-31": "68.06%", "2018-12-31": "73.03%", "2018-09-30": "86.26%", "2018-06-30": "84.57%", "2018-03-31": "79.73%", "2017-12-31": "64.27%", "2017-09-30": "70.26%", "2017-06-30": "63.51%", "2017-03-31": "59.82%", "2016-12-31": "63.76%", "2016-09-30": "49.71%", "2016-06-30": "48.74%", "2016-03-31": "44.73%", "2015-12-31": "44.83%", "2015-09-30": "47.47%", "2015-06-30": "47.88%", "2015-03-31": "45.41%", "2014-12-31": "44.44%", "2014-09-30": "42.42%", "2014-06-30": "36.19%", "2014-03-31": "40.04%", "2013-12-31": "36.99%", "2013-09-30": "7.87%", "2013-06-30": "14.23%", "2013-03-31": "24.18%", "2012-12-31": "35.77%", "2012-09-30": "27.44%", "2012-06-30": "33.71%", "2012-03-31": "33.96%", "2011-12-31": "33.46%", "2011-09-30": "82.97%", "2011-06-30": "82.48%", "2011-03-31": "80.95%", "2010-12-31": "81.11%", "2010-09-30": "81.11%", "2010-06-30": "80.00%", "2010-03-31": "77.01%", "2009-12-31": "75.64%", "2009-09-30": "75.37%", "2009-06-30": "76.49%", "2009-03-31": "82.02%", "2008-12-31": "82.59%", "2008-09-30": "83.93%", "2008-06-30": "83.33%", "2008-03-31": "78.99%", "2007-12-31": "80.22%", "2007-09-30": "76.12%", "2007-06-30": "73.33%", "2007-03-31": "83.33%", "2006-12-31": "80.00%", "2006-06-30": "71.43%"}, "pre tax profit margin": {"2020-09-30": "0.42%", "2020-06-30": "15.09%", "2020-03-31": "23.91%", "2019-12-31": "35.98%", "2019-09-30": "45.14%", "2019-06-30": "37.61%", "2019-03-31": "34.14%", "2018-12-31": "33.48%", "2018-09-30": "34.89%", "2018-06-30": "28.37%", "2018-03-31": "22.16%", "2017-12-31": "9.51%", "2017-09-30": "-6.86%", "2017-06-30": "-5.14%", "2017-03-31": "3.00%", "2016-12-31": "6.65%", "2016-09-30": "9.09%", "2016-06-30": "9.16%", "2016-03-31": "3.57%", "2015-12-31": "3.75%", "2015-09-30": "6.74%", "2015-06-30": "6.59%", "2015-03-31": "-7.25%", "2014-12-31": "-8.29%", "2014-09-30": "-10.90%", "2014-06-30": "-16.26%", "2014-03-31": "-3.05%", "2013-12-31": "-7.40%", "2013-09-30": "-22.74%", "2013-06-30": "-39.05%", "2013-03-31": "-32.60%", "2012-12-31": "-26.28%", "2012-09-30": "-47.74%", "2012-06-30": "-23.60%", "2012-03-31": "-20.75%", "2011-12-31": "-18.25%", "2011-09-30": "19.57%", "2011-06-30": "17.88%", "2011-03-31": "13.92%", "2010-12-31": "11.11%", "2010-09-30": "11.48%", "2010-06-30": "10.91%", "2010-03-31": "8.03%", "2009-12-31": "8.36%", "2009-09-30": "7.72%", "2009-06-30": "9.16%", "2009-03-31": "14.91%", "2008-12-31": "12.44%", "2008-09-30": "11.90%", "2008-06-30": "9.72%", "2008-03-31": "3.36%", "2007-12-31": "5.49%", "2007-09-30": "4.48%", "2007-06-30": "0.00%", "2007-03-31": "10.00%", "2006-12-31": "5.00%", "2006-06-30": "0.00%"}, "net profit margin": {"2020-09-30": "-1.68%", "2020-06-30": "11.32%", "2020-03-31": "20.11%", "2019-12-31": "31.91%", "2019-09-30": "40.95%", "2019-06-30": "34.83%", "2019-03-31": "29.74%", "2018-12-31": "27.42%", "2018-09-30": "28.30%", "2018-06-30": "22.31%", "2018-03-31": "24.05%", "2017-12-31": "17.17%", "2017-09-30": "13.73%", "2017-06-30": "17.30%", "2017-03-31": "20.09%", "2016-12-31": "22.25%", "2016-09-30": "14.96%", "2016-06-30": "13.29%", "2016-03-31": "13.82%", "2015-12-31": "13.94%", "2015-09-30": "18.07%", "2015-06-30": "17.43%", "2015-03-31": "-4.51%", "2014-12-31": "-6.14%", "2014-09-30": "-4.77%", "2014-06-30": "-10.14%", "2014-03-31": "4.07%", "2013-12-31": "-0.48%", "2013-09-30": "-24.78%", "2013-06-30": "-41.24%", "2013-03-31": "-34.43%", "2012-12-31": "-27.74%", "2012-09-30": "-53.01%", "2012-06-30": "-29.21%", "2012-03-31": "-26.42%", "2011-12-31": "-23.95%", "2011-09-30": "19.57%", "2011-06-30": "17.88%", "2011-03-31": "13.92%", "2010-12-31": "11.11%", "2010-09-30": "11.48%", "2010-06-30": "10.91%", "2010-03-31": "8.03%", "2009-12-31": "8.36%", "2009-09-30": "7.72%", "2009-06-30": "9.16%", "2009-03-31": "14.91%", "2008-12-31": "12.44%", "2008-09-30": "11.90%", "2008-06-30": "9.72%", "2008-03-31": "3.36%", "2007-12-31": "5.49%", "2007-09-30": "4.48%", "2007-06-30": "2.22%", "2007-03-31": "13.33%", "2006-12-31": "10.00%", "2006-06-30": "0.00%"}, "pe ratio": {"current": "13.49", "2021-02-05": "0.00", "2020-09-30": "0.00", "2020-06-30": "49.56", "2020-03-31": "20.70", "2019-12-31": "24.53", "2019-09-30": "17.97", "2019-06-30": "20.63", "2019-03-31": "23.14", "2018-12-31": "22.90", "2018-09-30": "31.57", "2018-06-30": "40.06", "2018-03-31": "30.40", "2017-12-31": "39.00", "2017-09-30": "67.83", "2017-06-30": "36.91", "2017-03-31": "36.32", "2016-12-31": "33.04", "2016-09-30": "35.08", "2016-06-30": "36.07", "2016-03-31": "26.69", "2015-12-31": "23.40", "2015-09-30": "17.70", "2015-06-30": "19.61", "2015-03-31": "0.00", "2014-12-31": "0.00", "2014-09-30": "0.00", "2014-06-30": "0.00", "2014-03-31": "0.00", "2013-12-31": "0.00", "2013-09-30": "0.00", "2013-06-30": "0.00"}, "price sales": {"2021-02-05": "8.36", "2020-09-30": "6.93", "2020-06-30": "6.09", "2020-03-31": "4.36", "2019-12-31": "7.85", "2019-09-30": "7.33", "2019-06-30": "7.13", "2019-03-31": "6.69", "2018-12-31": "6.02", "2018-09-30": "8.35", "2018-06-30": "8.38", "2018-03-31": "7.21", "2017-12-31": "6.85", "2017-09-30": "9.49", "2017-06-30": "6.76", "2017-03-31": "7.67", "2016-12-31": "7.74", "2016-09-30": "5.87", "2016-06-30": "5.47", "2016-03-31": "4.68", "2015-12-31": "4.07", "2015-09-30": "3.63", "2015-06-30": "3.77", "2015-03-31": "4.59", "2014-12-31": "4.46", "2014-09-30": "3.72", "2014-06-30": "3.72", "2014-03-31": "3.43", "2013-12-31": "2.94", "2013-09-30": "2.38", "2013-06-30": "1.71"}, "price book": {"current": "1.38", "2021-02-05": "1.27", "2020-09-30": "1.06", "2020-06-30": "1.06", "2020-03-31": "0.76", "2019-12-31": "1.37", "2019-09-30": "1.31", "2019-06-30": "1.19", "2019-03-31": "1.09", "2018-12-31": "0.95", "2018-09-30": "1.06", "2018-06-30": "1.03", "2018-03-31": "0.80", "2017-12-31": "0.84", "2017-09-30": "0.85", "2017-06-30": "0.71", "2017-03-31": "0.93", "2016-12-31": "0.95", "2016-09-30": "1.13", "2016-06-30": "1.05", "2016-03-31": "0.93", "2015-12-31": "0.81", "2015-09-30": "0.71", "2015-06-30": "0.72", "2015-03-31": "0.90", "2014-12-31": "0.87", "2014-09-30": "0.79", "2014-06-30": "0.80", "2014-03-31": "0.75", "2013-12-31": "0.65", "2013-09-30": "0.59", "2013-06-30": "0.79", "2013-03-31": "1.56", "2012-12-31": "0.62", "2012-09-30": "1.17"}, "price fcf": {"2021-02-05": "", "2020-09-30": "$-6.83", "2020-06-30": "$-6.59", "2020-03-31": "$-8.29", "2019-12-31": "$-7.73", "2019-09-30": "$-0.91", "2019-06-30": "$-1.73", "2019-03-31": "$0.06", "2018-12-31": "$2.00", "2018-09-30": "$2.68", "2018-06-30": "$6.04", "2018-03-31": "$6.58", "2017-12-31": "$6.27", "2017-09-30": "$5.87", "2017-06-30": "$3.43", "2017-03-31": "$2.52", "2016-12-31": "$2.73", "2016-09-30": "$1.15", "2016-06-30": "$1.74", "2016-03-31": "$2.51", "2015-12-31": "$-0.09", "2015-09-30": "$-3.78", "2015-06-30": "$-4.90", "2015-03-31": "$-8.36", "2014-12-31": "$-8.13", "2014-09-30": "$-5.63", "2014-06-30": "$-3.21", "2014-03-31": "$-0.82", "2013-12-31": "$-0.46", "2013-09-30": "$-0.82", "2013-06-30": "$-1.32"}, "net worth": {"value": "$4.36B"}, "current ratio": {"2020-09-30": "0.88", "2020-06-30": "0.93", "2020-03-31": "2.00", "2019-12-31": "0.35", "2019-09-30": "2.89", "2019-06-30": "0.36", "2019-03-31": "0.42", "2018-12-31": "0.51", "2018-09-30": "0.60", "2018-06-30": "0.53", "2018-03-31": "0.86", "2017-12-31": "0.66", "2017-09-30": "0.59", "2017-06-30": "0.53", "2017-03-31": "0.53", "2016-12-31": "0.52", "2016-09-30": "0.56", "2016-06-30": "0.84", "2016-03-31": "0.81", "2015-12-31": "0.88", "2015-09-30": "1.03", "2015-06-30": "1.24", "2015-03-31": "1.75", "2014-12-31": "2.32", "2014-09-30": "1.40", "2014-06-30": "2.10", "2014-03-31": "1.34", "2013-12-31": "1.61", "2013-09-30": "1.53", "2013-06-30": "4.91", "2013-03-31": "4.76", "2012-12-31": "2.33", "2012-09-30": "6.09", "2012-06-30": "5.24", "2012-03-31": "6.06", "2011-12-31": "7.60", "2011-09-30": "5.93", "2011-06-30": "5.01", "2011-03-31": "5.86", "2010-12-31": "6.40", "2010-09-30": "5.50", "2010-06-30": "4.36", "2010-03-31": "4.34", "2009-12-31": "3.57", "2009-09-30": "2.97", "2009-06-30": "3.13", "2009-03-31": "4.24", "2008-12-31": "6.62", "2008-09-30": "4.13", "2008-06-30": "7.05", "2008-03-31": "6.97", "2007-12-31": "8.44", "2007-09-30": "5.93", "2007-06-30": "19.45", "2007-03-31": "17.59", "2006-12-31": "22.73", "2006-09-30": "13.12", "2006-06-30": "8.77", "2006-03-31": "13.73", "2005-12-31": "0.00", "2005-09-30": "417.42"}, "quick ratio": {"2020-09-30": "0.00", "2020-06-30": "0.00", "2020-03-31": "0.00", "2019-12-31": "0.00", "2019-09-30": "0.00", "2019-06-30": "0.00", "2019-03-31": "0.00", "2018-12-31": "0.00", "2018-09-30": "0.00", "2018-06-30": "0.00", "2018-03-31": "0.00", "2017-12-31": "0.00", "2017-09-30": "0.00", "2017-06-30": "0.00", "2017-03-31": "0.00", "2016-12-31": "0.00", "2016-09-30": "0.00", "2016-06-30": "0.00", "2016-03-31": "0.00", "2015-12-31": "0.00", "2015-09-30": "0.00", "2015-06-30": "0.00", "2015-03-31": "0.00", "2014-12-31": "0.00", "2014-09-30": "0.00", "2014-06-30": "0.00", "2014-03-31": "0.00", "2013-12-31": "0.00", "2013-09-30": "0.00", "2013-06-30": "0.00", "2013-03-31": "0.00", "2012-12-31": "0.00", "2012-09-30": "0.00", "2012-06-30": "0.00", "2012-03-31": "0.00", "2011-12-31": "0.00", "2011-09-30": "0.00", "2011-06-30": "0.00", "2011-03-31": "0.00", "2010-12-31": "0.00", "2010-09-30": "0.00", "2010-06-30": "0.00", "2010-03-31": "0.00", "2009-12-31": "0.00", "2009-09-30": "0.00", "2009-06-30": "0.00", "2009-03-31": "0.00", "2008-12-31": "0.00", "2008-09-30": "0.00", "2008-06-30": "0.00", "2008-03-31": "0.00", "2007-12-31": "0.00", "2007-09-30": "0.00", "2007-06-30": "0.00", "2007-03-31": "0.00", "2006-12-31": "0.00", "2006-09-30": "0.00", "2006-06-30": "0.00", "2006-03-31": "0.00", "2005-12-31": "0.00", "2005-09-30": "0.00"}, "debt equity ratio": {"current": "0.79", "2020-09-30": "0.83", "2020-06-30": "0.82", "2020-03-31": "0.83", "2019-12-31": "0.71", "2019-09-30": "0.70", "2019-06-30": "0.81", "2019-03-31": "0.83", "2018-12-31": "0.82", "2018-09-30": "0.82", "2018-06-30": "0.74", "2018-03-31": "1.27", "2017-12-31": "1.19", "2017-09-30": "1.28", "2017-06-30": "1.24", "2017-03-31": "1.10", "2016-12-31": "1.09", "2016-09-30": "1.07", "2016-06-30": "1.05", "2016-03-31": "1.27", "2015-12-31": "1.28", "2015-09-30": "1.23", "2015-06-30": "1.20", "2015-03-31": "1.39", "2014-12-31": "1.41", "2014-09-30": "1.36", "2014-06-30": "1.30", "2014-03-31": "1.37", "2013-12-31": "1.32", "2013-09-30": "1.25", "2013-06-30": "1.45", "2013-03-31": "1.43", "2012-12-31": "1.59", "2012-09-30": "1.36", "2012-06-30": "1.33", "2012-03-31": "1.31", "2011-12-31": "1.31", "2011-09-30": "1.28", "2011-06-30": "1.24", "2011-03-31": "1.22", "2010-12-31": "1.22", "2010-09-30": "1.18", "2010-06-30": "1.14", "2010-03-31": "1.12", "2009-12-31": "1.12", "2009-09-30": "1.11", "2009-06-30": "1.13", "2009-03-31": "1.09", "2008-12-31": "1.04", "2008-09-30": "1.14", "2008-06-30": "0.96", "2008-03-31": "1.27", "2007-12-31": "1.45", "2007-09-30": "1.36", "2007-06-30": "1.32", "2007-03-31": "1.09", "2006-12-31": "0.86", "2006-09-30": "1.07", "2006-06-30": "1.38", "2006-03-31": "2.25", "2005-12-31": "0.00", "2005-09-30": "0.73"}, "return on equity": {"2020-09-30": "-0.24%", "2020-06-30": "1.79%", "2020-03-31": "3.26%", "2019-12-31": "5.28%", "2019-09-30": "7.24%", "2019-06-30": "5.74%", "2019-03-31": "4.80%", "2018-12-31": "4.21%", "2018-09-30": "3.40%", "2018-06-30": "2.58%", "2018-03-31": "2.72%", "2017-12-31": "2.19%", "2017-09-30": "1.21%", "2017-06-30": "1.78%", "2017-03-31": "2.35%", "2016-12-31": "2.65%", "2016-09-30": "2.83%", "2016-06-30": "2.54%", "2016-03-31": "2.66%", "2015-12-31": "2.67%", "2015-09-30": "3.43%", "2015-06-30": "3.30%", "2015-03-31": "-0.85%", "2014-12-31": "-1.15%", "2014-09-30": "-0.88%", "2014-06-30": "-1.84%", "2014-03-31": "0.75%", "2013-12-31": "-0.09%", "2013-09-30": "-4.83%", "2013-06-30": "-8.51%", "2013-03-31": "-6.91%", "2012-12-31": "-5.46%", "2012-09-30": "-9.72%", "2012-06-30": "-5.29%", "2012-03-31": "-4.68%", "2011-12-31": "-4.15%", "2011-09-30": "3.51%", "2011-06-30": "3.15%", "2011-03-31": "2.42%", "2010-12-31": "1.89%", "2010-09-30": "1.94%", "2010-06-30": "1.87%", "2010-03-31": "1.36%", "2009-12-31": "1.41%", "2009-09-30": "1.28%", "2009-06-30": "1.43%", "2009-03-31": "2.25%", "2008-12-31": "1.86%", "2008-09-30": "1.78%", "2008-06-30": "1.52%", "2008-03-31": "0.54%", "2007-12-31": "0.85%", "2007-09-30": "0.66%", "2007-06-30": "0.30%", "2007-03-31": "1.74%", "2006-12-31": "1.35%", "2006-06-30": "0.00%"}, "return on assets": {"2020-09-30": "-0.13%", "2020-06-30": "1.02%", "2020-03-31": "1.85%", "2019-12-31": "3.00%", "2019-09-30": "4.05%", "2019-06-30": "3.16%", "2019-03-31": "2.67%", "2018-12-31": "2.19%", "2018-09-30": "1.68%", "2018-06-30": "1.21%", "2018-03-31": "1.21%", "2017-12-31": "0.99%", "2017-09-30": "0.56%", "2017-06-30": "0.84%", "2017-03-31": "1.13%", "2016-12-31": "1.25%", "2016-09-30": "1.31%", "2016-06-30": "1.15%", "2016-03-31": "1.18%", "2015-12-31": "1.18%", "2015-09-30": "1.49%", "2015-06-30": "1.41%", "2015-03-31": "-0.36%", "2014-12-31": "-0.49%", "2014-09-30": "-0.38%", "2014-06-30": "-0.80%", "2014-03-31": "0.32%", "2013-12-31": "-0.04%", "2013-09-30": "-2.03%", "2013-06-30": "-3.46%", "2013-03-31": "-2.85%", "2012-12-31": "-2.28%", "2012-09-30": "-4.18%", "2012-06-30": "-2.29%", "2012-03-31": "-2.05%", "2011-12-31": "-1.83%", "2011-09-30": "1.57%", "2011-06-30": "1.42%", "2011-03-31": "1.10%", "2010-12-31": "0.87%", "2010-09-30": "0.91%", "2010-06-30": "0.88%", "2010-03-31": "0.64%", "2009-12-31": "0.67%", "2009-09-30": "0.61%", "2009-06-30": "0.68%", "2009-03-31": "1.09%", "2008-12-31": "0.89%", "2008-09-30": "0.82%", "2008-06-30": "0.68%", "2008-03-31": "0.23%", "2007-12-31": "0.36%", "2007-09-30": "0.30%", "2007-06-30": "0.14%", "2007-03-31": "0.85%", "2006-12-31": "0.63%", "2006-06-30": "0.00%"}, "return on investments": {"2020-09-30": "0.21%", "2020-06-30": "1.17%", "2020-03-31": "1.70%", "2019-12-31": "2.52%", "2019-09-30": "3.08%", "2019-06-30": "2.44%", "2019-03-31": "2.32%", "2018-12-31": "1.95%", "2018-09-30": "1.30%", "2018-06-30": "0.64%", "2018-03-31": "0.24%", "2017-12-31": "-0.03%", "2017-09-30": "-0.98%", "2017-06-30": "-0.66%", "2017-03-31": "-0.31%", "2016-12-31": "-0.03%", "2016-09-30": "0.91%", "2016-06-30": "0.79%", "2016-03-31": "0.41%", "2015-12-31": "0.37%", "2015-09-30": "0.54%", "2015-06-30": "0.52%", "2015-03-31": "0.27%", "2014-12-31": "0.19%", "2014-09-30": "0.03%", "2014-06-30": "-0.39%", "2014-03-31": "-0.22%", "2013-12-31": "-0.59%", "2013-09-30": "-3.27%", "2013-06-30": "-4.07%", "2013-03-31": "-2.63%", "2012-12-31": "-1.23%", "2012-09-30": "-3.12%", "2012-06-30": "-1.46%", "2012-03-31": "-1.42%", "2011-12-31": "-1.47%", "2011-09-30": "4.25%", "2011-06-30": "4.22%", "2011-03-31": "4.08%", "2010-12-31": "4.06%", "2010-09-30": "4.09%", "2010-06-30": "4.04%", "2010-03-31": "3.78%", "2009-12-31": "3.71%", "2009-09-30": "3.64%", "2009-06-30": "3.55%", "2009-03-31": "3.91%", "2008-12-31": "3.82%", "2008-09-30": "3.69%", "2008-06-30": "3.73%", "2008-03-31": "3.21%", "2007-12-31": "3.10%", "2007-09-30": "2.86%", "2007-06-30": "2.33%", "2007-03-31": "3.07%", "2006-12-31": "2.94%", "2006-06-30": "2.91%"}, "return on tangible equity": {"2020-09-30": "-0.29%", "2020-06-30": "2.17%", "2020-03-31": "3.95%", "2019-12-31": "6.40%", "2019-09-30": "8.79%", "2019-06-30": "7.04%", "2019-03-31": "5.88%", "2018-12-31": "5.20%", "2018-09-30": "4.16%", "2018-06-30": "3.18%", "2018-03-31": "3.38%", "2017-12-31": "2.72%", "2017-09-30": "1.52%", "2017-06-30": "2.22%", "2017-03-31": "2.92%", "2016-12-31": "3.33%", "2016-09-30": "3.59%", "2016-06-30": "3.25%", "2016-03-31": "3.44%", "2015-12-31": "3.50%", "2015-09-30": "4.54%", "2015-06-30": "4.44%", "2015-03-31": "-1.17%", "2014-12-31": "-1.59%", "2014-09-30": "-1.24%", "2014-06-30": "-2.58%", "2014-03-31": "1.01%", "2013-12-31": "-0.11%", "2013-09-30": "-5.72%", "2013-06-30": "-8.82%", "2013-03-31": "-7.16%", "2012-12-31": "-5.65%", "2012-09-30": "-9.72%", "2012-06-30": "-5.29%", "2012-03-31": "-4.68%", "2011-12-31": "-4.15%", "2011-09-30": "3.51%", "2011-06-30": "3.15%", "2011-03-31": "2.42%", "2010-12-31": "1.89%", "2010-09-30": "1.94%", "2010-06-30": "1.87%", "2010-03-31": "1.36%", "2009-12-31": "1.41%", "2009-09-30": "1.28%", "2009-06-30": "1.43%", "2009-03-31": "2.25%", "2008-12-31": "1.86%", "2008-09-30": "1.78%", "2008-06-30": "1.52%", "2008-03-31": "0.54%", "2007-12-31": "0.85%", "2007-09-30": "0.66%", "2007-06-30": "0.30%", "2007-03-31": "1.74%", "2006-12-31": "1.35%", "2006-06-30": "0.00%"}, "dividend yield history": {"last payout": "$2.50", "last yield": "6.24%"}}