{"ticker": "SFM", "price": {"title": "Sprouts Farmers Market Historical Annual Stock Price Data", "value": 22.31, "historical": {"2020": {"Average Stock Price": "21.0491", "Year Open": "18.5900", "Year High": "27.4100", "Year Low": "13.3200", "Year Close": "20.1000", "Annual % Change": "3.88%"}, "2019": {"Average Stock Price": "20.4698", "Year Open": "23.4900", "Year High": "24.9500", "Year Low": "16.9300", "Year Close": "19.3500", "Annual % Change": "-17.69%"}, "2018": {"Average Stock Price": "24.6904", "Year Open": "24.9100", "Year High": "29.1100", "Year Low": "20.8300", "Year Close": "23.5100", "Annual % Change": "-3.45%"}, "2017": {"Average Stock Price": "21.5283", "Year Open": "19.4900", "Year High": "24.9200", "Year Low": "17.6300", "Year Close": "24.3500", "Annual % Change": "28.70%"}, "2016": {"Average Stock Price": "23.6286", "Year Open": "26.7800", "Year High": "29.7500", "Year Low": "18.9200", "Year Close": "18.9200", "Annual % Change": "-28.85%"}, "2015": {"Average Stock Price": "28.0840", "Year Open": "34.0200", "Year High": "38.3800", "Year Low": "19.5900", "Year Close": "26.5900", "Annual % Change": "-21.75%"}, "2014": {"Average Stock Price": "32.2887", "Year Open": "37.5100", "Year High": "39.6300", "Year Low": "26.2600", "Year Close": "33.9800", "Annual % Change": "-11.58%"}, "2013": {"Average Stock Price": "41.2429", "Year Open": "40.1100", "Year High": "49.1100", "Year Low": "36.0100", "Year Close": "38.4300", "Annual % Change": "0.00%"}}}, "market cap": {"value": "$2.63B"}, "income statement": {"Revenue": {"2019-12-31": "5634.83500", "2018-12-31": "5207.33600", "2017-12-31": "4664.61200", "2016-12-31": "4046.38500", "2015-12-31": "3593.03100", "2014-12-31": "2967.42400", "2013-12-31": "2437.91100", "2012-12-31": "1794.82300", "2011-12-31": "1105.87900", "2010-12-31": "516.81600"}, "Cost Of Goods Sold": {"2019-12-31": "3740.01700", "2018-12-31": "3459.86100", "2017-12-31": "3097.58200", "2016-12-31": "2682.93700", "2015-12-31": "2541.40300", "2014-12-31": "2082.22100", "2013-12-31": "1712.64400", "2012-12-31": "1264.51400", "2011-12-31": "794.90500", "2010-12-31": "366.94700"}, "Gross Profit": {"2019-12-31": "1894.81800", "2018-12-31": "1747.47500", "2017-12-31": "1567.03000", "2016-12-31": "1363.44800", "2015-12-31": "1051.62800", "2014-12-31": "885.20310", "2013-12-31": "725.26680", "2012-12-31": "530.30900", "2011-12-31": "310.97400", "2010-12-31": "149.86900"}, "Research And Development Expenses": {"2019-12-31": "", "2018-12-31": "", "2017-12-31": "", "2016-12-31": "", "2015-12-31": "", "2014-12-31": "", "2013-12-31": "", "2012-12-31": "", "2011-12-31": "", "2010-12-31": ""}, "SG&A Expenses": {"2019-12-31": "1549.70700", "2018-12-31": "1404.44300", "2017-12-31": "1245.64000", "2016-12-31": "1071.99500", "2015-12-31": "106.41200", "2014-12-31": "95.39700", "2013-12-31": "81.79500", "2012-12-31": "86.36400", "2011-12-31": "58.52800", "2010-12-31": "23.27700"}, "Other Operating Income Or Expenses": {"2019-12-31": "-7.26000", "2018-12-31": "-12.07600", "2017-12-31": "-1.12600", "2016-12-31": "-0.22800", "2015-12-31": "-716.46200", "2014-12-31": "-590.09500", "2013-12-31": "-503.96800", "2012-12-31": "-373.26000", "2011-12-31": "-245.96500", "2010-12-31": "-117.15800"}, "Operating Expenses": {"2019-12-31": "5417.47500", "2018-12-31": "4984.42500", "2017-12-31": "4438.54200", "2016-12-31": "3833.45300", "2015-12-31": "3364.27700", "2014-12-31": "2767.71300", "2013-12-31": "2298.40700", "2012-12-31": "1724.13800", "2011-12-31": "1131.60000", "2010-12-31": "508.24900"}, "Operating Income": {"2019-12-31": "217.36040", "2018-12-31": "222.91060", "2017-12-31": "226.06980", "2016-12-31": "212.93190", "2015-12-31": "228.75390", "2014-12-31": "199.71120", "2013-12-31": "139.50390", "2012-12-31": "70.68490", "2011-12-31": "-25.72110", "2010-12-31": "8.56700"}, "Total Non-Operating Income/Expense": {"2019-12-31": "-21.19200", "2018-12-31": "-27.11500", "2017-12-31": "-20.55200", "2016-12-31": "-14.34000", "2015-12-31": "-22.76100", "2014-12-31": "-25.60500", "2013-12-31": "-55.43700", "2012-12-31": "-35.91800", "2011-12-31": "-19.45500", "2010-12-31": "-0.38600"}, "Pre-Tax Income": {"2019-12-31": "196.16800", "2018-12-31": "195.79600", "2017-12-31": "205.51800", "2016-12-31": "198.59200", "2015-12-31": "205.99300", "2014-12-31": "174.10600", "2013-12-31": "84.06700", "2012-12-31": "34.76700", "2011-12-31": "-45.17600", "2010-12-31": "8.18100"}, "Income Taxes": {"2019-12-31": "46.53900", "2018-12-31": "37.26000", "2017-12-31": "47.07800", "2016-12-31": "74.28600", "2015-12-31": "77.00200", "2014-12-31": "66.41400", "2013-12-31": "32.74100", "2012-12-31": "15.26700", "2011-12-31": "-17.73100", "2010-12-31": "3.32000"}, "Income After Taxes": {"2019-12-31": "149.62900", "2018-12-31": "158.53600", "2017-12-31": "158.44000", "2016-12-31": "124.30600", "2015-12-31": "128.99100", "2014-12-31": "107.69200", "2013-12-31": "51.32600", "2012-12-31": "19.50000", "2011-12-31": "-27.44500", "2010-12-31": "4.86100"}, "Other Income": {"2019-12-31": "", "2018-12-31": "", "2017-12-31": "", "2016-12-31": "", "2015-12-31": "", "2014-12-31": "", "2013-12-31": "", "2012-12-31": "", "2011-12-31": "", "2010-12-31": ""}, "Income From Continuous Operations": {"2019-12-31": "149.62900", "2018-12-31": "158.53600", "2017-12-31": "158.44000", "2016-12-31": "124.30600", "2015-12-31": "128.99100", "2014-12-31": "107.69200", "2013-12-31": "51.32600", "2012-12-31": "19.50000", "2011-12-31": "-27.44500", "2010-12-31": "4.86100"}, "Income From Discontinued Operations": {"2019-12-31": "", "2018-12-31": "", "2017-12-31": "", "2016-12-31": "", "2015-12-31": "", "2014-12-31": "", "2013-12-31": "", "2012-12-31": "", "2011-12-31": "", "2010-12-31": ""}, "Net Income": {"2019-12-31": "149.62900", "2018-12-31": "158.53600", "2017-12-31": "158.44000", "2016-12-31": "124.30600", "2015-12-31": "128.99100", "2014-12-31": "107.69200", "2013-12-31": "51.32600", "2012-12-31": "19.50000", "2011-12-31": "-27.44500", "2010-12-31": "4.86100"}, "EBITDA": {"2019-12-31": "422.00630", "2018-12-31": "333.65960", "2017-12-31": "323.05680", "2016-12-31": "294.11790", "2015-12-31": "298.66490", "2014-12-31": "261.56720", "2013-12-31": "189.20290", "2012-12-31": "109.04790", "2011-12-31": "30.46990", "2010-12-31": "22.73000"}, "EBIT": {"2019-12-31": "217.36040", "2018-12-31": "222.91060", "2017-12-31": "226.06980", "2016-12-31": "212.93190", "2015-12-31": "228.75390", "2014-12-31": "199.71120", "2013-12-31": "139.50390", "2012-12-31": "70.68490", "2011-12-31": "-25.72110", "2010-12-31": "8.56700"}, "Basic Shares Outstanding": {"2019-12-31": "119.36800", "2018-12-31": "128.82700", "2017-12-31": "135.16900", "2016-12-31": "147.31100", "2015-12-31": "153.09900", "2014-12-31": "149.75100", "2013-12-31": "134.62200", "2012-12-31": "119.42700", "2011-12-31": "96.95400", "2010-12-31": "64.35000"}, "Shares Outstanding": {"2019-12-31": "119.74200", "2018-12-31": "129.77600", "2017-12-31": "137.88400", "2016-12-31": "149.65300", "2015-12-31": "155.87700", "2014-12-31": "154.32800", "2013-12-31": "139.76500", "2012-12-31": "121.78100", "2011-12-31": "96.95400", "2010-12-31": "64.35000"}, "Basic EPS": {"2019-12-31": "1.25000", "2018-12-31": "1.23000", "2017-12-31": "1.17000", "2016-12-31": "0.84000", "2015-12-31": "0.84000", "2014-12-31": "0.72000", "2013-12-31": "0.38000", "2012-12-31": "0.16000", "2011-12-31": "-0.28000", "2010-12-31": "0.08000"}, "EPS - Earnings Per Share": {"2019-12-31": "1.25000", "2018-12-31": "1.22000", "2017-12-31": "1.15000", "2016-12-31": "0.83000", "2015-12-31": "0.83000", "2014-12-31": "0.70000", "2013-12-31": "0.37000", "2012-12-31": "0.16000", "2011-12-31": "-0.28000", "2010-12-31": "0.08000"}}, "income statement, quarterly": {"Revenue": {"2020-09-30": "1577.59800", "2020-06-30": "1642.78800", "2020-03-31": "1646.53900", "2019-12-31": "1364.99000", "2019-09-30": "1440.22200", "2019-06-30": "1415.73600", "2019-03-31": "1413.88700", "2018-12-31": "1269.33800", "2018-09-30": "1329.10900", "2018-06-30": "1321.69300", "2018-03-31": "1287.19600", "2017-12-31": "1143.93300", "2017-09-30": "1206.05900", "2017-06-30": "1183.97500", "2017-03-31": "1130.64500", "2016-12-31": "985.70000", "2016-09-30": "1035.80100", "2016-06-30": "1031.64300", "2016-03-31": "993.24100", "2015-12-31": "930.30290", "2015-09-30": "903.06900", "2015-06-30": "902.15300", "2015-03-31": "857.50600", "2014-12-31": "734.59300", "2014-09-30": "766.41500", "2014-06-30": "743.81000", "2014-03-31": "722.60600", "2013-12-31": "608.23600", "2013-09-30": "633.61400", "2013-06-30": "622.36700", "2013-03-31": "573.69400", "2012-12-31": "478.94100", "2012-09-30": "510.05000", "2012-06-30": "430.11200", "2012-03-31": "375.72000", "2011-12-31": "", "2010-12-31": ""}, "Cost Of Goods Sold": {"2020-09-30": "992.82900", "2020-06-30": "1030.12900", "2020-03-31": "1052.70700", "2019-12-31": "896.02800", "2019-09-30": "963.49700", "2019-06-30": "950.95400", "2019-03-31": "929.53800", "2018-12-31": "848.36910", "2018-09-30": "885.69300", "2018-06-30": "883.21200", "2018-03-31": "842.58700", "2017-12-31": "602.58410", "2017-09-30": "859.65000", "2017-06-30": "841.98900", "2017-03-31": "793.35900", "2016-12-31": "526.07980", "2016-09-30": "744.28800", "2016-06-30": "725.84100", "2016-03-31": "686.72800", "2015-12-31": "661.56410", "2015-09-30": "641.61200", "2015-06-30": "638.51400", "2015-03-31": "599.71300", "2014-12-31": "523.34500", "2014-09-30": "540.36700", "2014-06-30": "519.76200", "2014-03-31": "498.74700", "2013-12-31": "434.02110", "2013-09-30": "443.50900", "2013-06-30": "435.34000", "2013-03-31": "399.77400", "2012-12-31": "342.56000", "2012-09-30": "363.64100", "2012-06-30": "299.38100", "2012-03-31": "258.93300", "2011-12-31": "", "2010-12-31": ""}, "Gross Profit": {"2020-09-30": "584.76900", "2020-06-30": "612.65890", "2020-03-31": "593.83190", "2019-12-31": "468.96200", "2019-09-30": "476.72500", "2019-06-30": "464.78200", "2019-03-31": "484.34890", "2018-12-31": "420.96910", "2018-09-30": "443.41600", "2018-06-30": "438.48100", "2018-03-31": "444.60910", "2017-12-31": "541.34850", "2017-09-30": "346.40890", "2017-06-30": "341.98600", "2017-03-31": "337.28600", "2016-12-31": "459.62020", "2016-09-30": "291.51300", "2016-06-30": "305.80190", "2016-03-31": "306.51300", "2015-12-31": "268.73880", "2015-09-30": "261.45700", "2015-06-30": "263.63900", "2015-03-31": "257.79300", "2014-12-31": "211.24800", "2014-09-30": "226.04800", "2014-06-30": "224.04800", "2014-03-31": "223.85900", "2013-12-31": "174.21490", "2013-09-30": "190.10500", "2013-06-30": "187.02700", "2013-03-31": "173.92000", "2012-12-31": "136.38100", "2012-09-30": "146.40900", "2012-06-30": "130.73100", "2012-03-31": "116.78700", "2011-12-31": "", "2010-12-31": ""}, "Research And Development Expenses": {"2020-09-30": "", "2020-06-30": "", "2020-03-31": "", "2019-12-31": "", "2019-09-30": "", "2019-06-30": "", "2019-03-31": "", "2018-12-31": "", "2018-09-30": "", "2018-06-30": "", "2018-03-31": "", "2017-12-31": "", "2017-09-30": "", "2017-06-30": "", "2017-03-31": "", "2016-12-31": "", "2016-09-30": "", "2016-06-30": "", "2016-03-31": "", "2015-12-31": "", "2015-09-30": "", "2015-06-30": "", "2015-03-31": "", "2014-12-31": "", "2014-09-30": "", "2014-06-30": "", "2014-03-31": "", "2013-12-31": "", "2013-09-30": "", "2013-06-30": "", "2013-03-31": "", "2012-12-31": "0.00000", "2012-09-30": "", "2012-06-30": "", "2012-03-31": "", "2011-12-31": "", "2010-12-31": ""}, "SG&A Expenses": {"2020-09-30": "475.05300", "2020-06-30": "488.87700", "2020-03-31": "436.30400", "2019-12-31": "387.48000", "2019-09-30": "404.28500", "2019-06-30": "383.11600", "2019-03-31": "374.82600", "2018-12-31": "352.67210", "2018-09-30": "362.58400", "2018-06-30": "350.41300", "2018-03-31": "338.77400", "2017-12-31": "1135.32800", "2017-09-30": "39.95500", "2017-06-30": "38.18900", "2017-03-31": "32.16800", "2016-12-31": "980.51310", "2016-09-30": "29.66400", "2016-06-30": "30.92200", "2016-03-31": "30.89600", "2015-12-31": "31.92000", "2015-09-30": "27.07500", "2015-06-30": "23.39000", "2015-03-31": "24.02700", "2014-12-31": "25.80300", "2014-09-30": "24.01500", "2014-06-30": "23.10000", "2014-03-31": "22.47900", "2013-12-31": "21.53600", "2013-09-30": "22.80700", "2013-06-30": "20.72800", "2013-03-31": "16.72400", "2012-12-31": "120.89000", "2012-09-30": "25.17500", "2012-06-30": "22.58400", "2012-03-31": "17.08700", "2011-12-31": "", "2010-12-31": ""}, "Other Operating Income Or Expenses": {"2020-09-30": "-0.26800", "2020-06-30": "-0.47000", "2020-03-31": "1.08200", "2019-12-31": "-3.86400", "2019-09-30": "-2.11900", "2019-06-30": "-0.76900", "2019-03-31": "-0.50800", "2018-12-31": "-11.57900", "2018-09-30": "-0.46100", "2018-06-30": "-0.02600", "2018-03-31": "-0.01000", "2017-12-31": "725.25700", "2017-09-30": "-253.45000", "2017-06-30": "-240.32600", "2017-03-31": "-232.60700", "2016-12-31": "629.37300", "2016-09-30": "-220.40200", "2016-06-30": "-211.41800", "2016-03-31": "-197.78100", "2015-12-31": "-189.08500", "2015-09-30": "-179.98200", "2015-06-30": "-180.20300", "2015-03-31": "-167.19200", "2014-12-31": "-152.63190", "2014-09-30": "-152.37700", "2014-06-30": "-145.37500", "2014-03-31": "-139.71100", "2013-12-31": "-129.98000", "2013-09-30": "-130.61700", "2013-06-30": "-126.22100", "2013-03-31": "-117.15000", "2012-12-31": "-99.35900", "2012-09-30": "-107.93900", "2012-06-30": "-90.49500", "2012-03-31": "-75.46700", "2011-12-31": "", "2010-12-31": ""}, "Operating Expenses": {"2020-09-30": "1499.21700", "2020-06-30": "1550.02500", "2020-03-31": "1518.95000", "2019-12-31": "1318.07400", "2019-09-30": "1400.66500", "2019-06-30": "1364.40400", "2019-03-31": "1334.33100", "2018-12-31": "1240.58600", "2018-09-30": "1276.33100", "2018-06-30": "1259.99200", "2018-03-31": "1207.51600", "2017-12-31": "1106.84900", "2017-09-30": "1153.05500", "2017-06-30": "1120.50400", "2017-03-31": "1058.13400", "2016-12-31": "955.51310", "2016-09-30": "994.35400", "2016-06-30": "968.18100", "2016-03-31": "915.40500", "2015-12-31": "882.56920", "2015-09-30": "848.66900", "2015-06-30": "842.10700", "2015-03-31": "790.93200", "2014-12-31": "701.77980", "2014-09-30": "716.75900", "2014-06-30": "688.23700", "2014-03-31": "660.93700", "2013-12-31": "585.53700", "2013-09-30": "596.93300", "2013-06-30": "582.28900", "2013-03-31": "533.64800", "2012-12-31": "463.45000", "2012-09-30": "496.75500", "2012-06-30": "412.46000", "2012-03-31": "351.48700", "2011-12-31": "", "2010-12-31": ""}, "Operating Income": {"2020-09-30": "78.38110", "2020-06-30": "92.76310", "2020-03-31": "127.58900", "2019-12-31": "46.91550", "2019-09-30": "39.55700", "2019-06-30": "51.33190", "2019-03-31": "79.55590", "2018-12-31": "28.75180", "2018-09-30": "52.77800", "2018-06-30": "61.70110", "2018-03-31": "79.68010", "2017-12-31": "37.08370", "2017-09-30": "53.00390", "2017-06-30": "63.47100", "2017-03-31": "72.51100", "2016-12-31": "30.18700", "2016-09-30": "41.44700", "2016-06-30": "63.46190", "2016-03-31": "77.83600", "2015-12-31": "47.73360", "2015-09-30": "54.40000", "2015-06-30": "60.04600", "2015-03-31": "66.57400", "2014-12-31": "32.81320", "2014-09-30": "49.65590", "2014-06-30": "55.57300", "2014-03-31": "61.66900", "2013-12-31": "22.69890", "2013-09-30": "36.68100", "2013-06-30": "40.07800", "2013-03-31": "40.04600", "2012-12-31": "15.49100", "2012-09-30": "13.29500", "2012-06-30": "17.65200", "2012-03-31": "24.23300", "2011-12-31": "", "2010-12-31": ""}, "Total Non-Operating Income/Expense": {"2020-09-30": "-3.11700", "2020-06-30": "-3.73700", "2020-03-31": "-4.82700", "2019-12-31": "-5.19500", "2019-09-30": "-5.55700", "2019-06-30": "-5.43800", "2019-03-31": "-5.00200", "2018-12-31": "-7.42000", "2018-09-30": "-7.41100", "2018-06-30": "-6.42700", "2018-03-31": "-5.85700", "2017-12-31": "-5.49300", "2017-09-30": "-5.44700", "2017-06-30": "-4.96900", "2017-03-31": "-4.64300", "2016-12-31": "-3.68100", "2016-09-30": "-3.58800", "2016-06-30": "-3.57100", "2016-03-31": "-3.50000", "2015-12-31": "-3.63500", "2015-09-30": "-3.51400", "2015-06-30": "-9.80600", "2015-03-31": "-5.80600", "2014-12-31": "-5.80000", "2014-09-30": "-7.01400", "2014-06-30": "-6.42000", "2014-03-31": "-6.37100", "2013-12-31": "-7.85600", "2013-09-30": "-18.09400", "2013-06-30": "-19.45500", "2013-03-31": "-10.03200", "2012-12-31": "-9.72000", "2012-09-30": "-10.81000", "2012-06-30": "-8.32100", "2012-03-31": "-7.07400", "2011-12-31": "", "2010-12-31": ""}, "Pre-Tax Income": {"2020-09-30": "75.26400", "2020-06-30": "89.02600", "2020-03-31": "122.76200", "2019-12-31": "41.72000", "2019-09-30": "34.00000", "2019-06-30": "45.89400", "2019-03-31": "74.55400", "2018-12-31": "21.33200", "2018-09-30": "45.36700", "2018-06-30": "55.27400", "2018-03-31": "73.82300", "2017-12-31": "31.59100", "2017-09-30": "47.55700", "2017-06-30": "58.50200", "2017-03-31": "67.86800", "2016-12-31": "26.50600", "2016-09-30": "37.85900", "2016-06-30": "59.89100", "2016-03-31": "74.33600", "2015-12-31": "44.09900", "2015-09-30": "50.88600", "2015-06-30": "50.24000", "2015-03-31": "60.76800", "2014-12-31": "27.01300", "2014-09-30": "42.64200", "2014-06-30": "49.15300", "2014-03-31": "55.29800", "2013-12-31": "14.84300", "2013-09-30": "18.58700", "2013-06-30": "20.62300", "2013-03-31": "30.01400", "2012-12-31": "5.80000", "2012-09-30": "2.48500", "2012-06-30": "9.33100", "2012-03-31": "17.15900", "2011-12-31": "", "2010-12-31": ""}, "Income Taxes": {"2020-09-30": "15.02300", "2020-06-30": "22.02400", "2020-03-31": "30.95200", "2019-12-31": "10.08600", "2019-09-30": "7.74000", "2019-06-30": "10.55100", "2019-03-31": "18.16200", "2018-12-31": "8.62900", "2018-09-30": "7.86700", "2018-06-30": "13.56500", "2018-03-31": "7.19900", "2017-12-31": "-8.10800", "2017-09-30": "16.07100", "2017-06-30": "17.53400", "2017-03-31": "21.58100", "2016-12-31": "9.50100", "2016-09-30": "13.97400", "2016-06-30": "22.68200", "2016-03-31": "28.12900", "2015-12-31": "15.88300", "2015-09-30": "18.90000", "2015-06-30": "18.91800", "2015-03-31": "23.30100", "2014-12-31": "9.27000", "2014-09-30": "16.57700", "2014-06-30": "19.00200", "2014-03-31": "21.56500", "2013-12-31": "5.56300", "2013-09-30": "7.12600", "2013-06-30": "8.15500", "2013-03-31": "11.89700", "2012-12-31": "2.46000", "2012-09-30": "1.17800", "2012-06-30": "4.02500", "2012-03-31": "7.61300", "2011-12-31": "", "2010-12-31": ""}, "Income After Taxes": {"2020-09-30": "60.24100", "2020-06-30": "67.00200", "2020-03-31": "91.81000", "2019-12-31": "31.63400", "2019-09-30": "26.26000", "2019-06-30": "35.34300", "2019-03-31": "56.39200", "2018-12-31": "12.70300", "2018-09-30": "37.50000", "2018-06-30": "41.70900", "2018-03-31": "66.62400", "2017-12-31": "39.69900", "2017-09-30": "31.48600", "2017-06-30": "40.96800", "2017-03-31": "46.28700", "2016-12-31": "17.00500", "2016-09-30": "23.88500", "2016-06-30": "37.20900", "2016-03-31": "46.20700", "2015-12-31": "28.21600", "2015-09-30": "31.98600", "2015-06-30": "31.32200", "2015-03-31": "37.46700", "2014-12-31": "17.74300", "2014-09-30": "26.06500", "2014-06-30": "30.15100", "2014-03-31": "33.73300", "2013-12-31": "9.28000", "2013-09-30": "11.46100", "2013-06-30": "12.46800", "2013-03-31": "18.11700", "2012-12-31": "3.34000", "2012-09-30": "1.30700", "2012-06-30": "5.30600", "2012-03-31": "9.54600", "2011-12-31": "", "2010-12-31": ""}, "Other Income": {"2020-09-30": "", "2020-06-30": "", "2020-03-31": "", "2019-12-31": "", "2019-09-30": "", "2019-06-30": "", "2019-03-31": "", "2018-12-31": "", "2018-09-30": "", "2018-06-30": "", "2018-03-31": "", "2017-12-31": "", "2017-09-30": "", "2017-06-30": "", "2017-03-31": "", "2016-12-31": "", "2016-09-30": "", "2016-06-30": "", "2016-03-31": "", "2015-12-31": "", "2015-09-30": "", "2015-06-30": "", "2015-03-31": "", "2014-12-31": "", "2014-09-30": "", "2014-06-30": "", "2014-03-31": "", "2013-12-31": "", "2013-09-30": "", "2013-06-30": "", "2013-03-31": "", "2012-12-31": "0.00000", "2012-09-30": "", "2012-06-30": "", "2012-03-31": "", "2011-12-31": "", "2010-12-31": ""}, "Income From Continuous Operations": {"2020-09-30": "60.24100", "2020-06-30": "67.00200", "2020-03-31": "91.81000", "2019-12-31": "31.63400", "2019-09-30": "26.26000", "2019-06-30": "35.34300", "2019-03-31": "56.39200", "2018-12-31": "12.70300", "2018-09-30": "37.50000", "2018-06-30": "41.70900", "2018-03-31": "66.62400", "2017-12-31": "39.69900", "2017-09-30": "31.48600", "2017-06-30": "40.96800", "2017-03-31": "46.28700", "2016-12-31": "17.00500", "2016-09-30": "23.88500", "2016-06-30": "37.20900", "2016-03-31": "46.20700", "2015-12-31": "28.21600", "2015-09-30": "31.98600", "2015-06-30": "31.32200", "2015-03-31": "37.46700", "2014-12-31": "17.74300", "2014-09-30": "26.06500", "2014-06-30": "30.15100", "2014-03-31": "33.73300", "2013-12-31": "9.28000", "2013-09-30": "11.46100", "2013-06-30": "12.46800", "2013-03-31": "18.11700", "2012-12-31": "3.34100", "2012-09-30": "1.30700", "2012-06-30": "5.30600", "2012-03-31": "9.54600", "2011-12-31": "", "2010-12-31": ""}, "Income From Discontinued Operations": {"2020-09-30": "", "2020-06-30": "", "2020-03-31": "", "2019-12-31": "", "2019-09-30": "", "2019-06-30": "", "2019-03-31": "", "2018-12-31": "", "2018-09-30": "", "2018-06-30": "", "2018-03-31": "", "2017-12-31": "", "2017-09-30": "", "2017-06-30": "", "2017-03-31": "", "2016-12-31": "", "2016-09-30": "", "2016-06-30": "", "2016-03-31": "", "2015-12-31": "", "2015-09-30": "", "2015-06-30": "", "2015-03-31": "", "2014-12-31": "", "2014-09-30": "", "2014-06-30": "", "2014-03-31": "", "2013-12-31": "", "2013-09-30": "", "2013-06-30": "", "2013-03-31": "", "2012-12-31": "0.00000", "2012-09-30": "", "2012-06-30": "", "2012-03-31": "", "2011-12-31": "", "2010-12-31": ""}, "Net Income": {"2020-09-30": "60.24100", "2020-06-30": "67.00200", "2020-03-31": "91.81000", "2019-12-31": "31.63400", "2019-09-30": "26.26000", "2019-06-30": "35.34300", "2019-03-31": "56.39200", "2018-12-31": "12.70300", "2018-09-30": "37.50000", "2018-06-30": "41.70900", "2018-03-31": "66.62400", "2017-12-31": "39.69900", "2017-09-30": "31.48600", "2017-06-30": "40.96800", "2017-03-31": "46.28700", "2016-12-31": "17.00500", "2016-09-30": "23.88500", "2016-06-30": "37.20900", "2016-03-31": "46.20700", "2015-12-31": "28.21600", "2015-09-30": "31.98600", "2015-06-30": "31.32200", "2015-03-31": "37.46700", "2014-12-31": "17.74300", "2014-09-30": "26.06500", "2014-06-30": "30.15100", "2014-03-31": "33.73300", "2013-12-31": "9.28000", "2013-09-30": "11.46100", "2013-06-30": "12.46800", "2013-03-31": "18.11700", "2012-12-31": "3.34100", "2012-09-30": "1.30700", "2012-06-30": "5.30600", "2012-03-31": "9.54600", "2011-12-31": "", "2010-12-31": ""}, "EBITDA": {"2020-09-30": "134.89210", "2020-06-30": "148.02810", "2020-03-31": "182.32600", "2019-12-31": "97.76450", "2019-09-30": "92.66600", "2019-06-30": "101.29390", "2019-03-31": "130.28190", "2018-12-31": "57.54180", "2018-09-30": "80.90800", "2018-06-30": "88.64110", "2018-03-31": "106.56910", "2017-12-31": "62.84870", "2017-09-30": "77.85290", "2017-06-30": "87.10590", "2017-03-31": "95.24900", "2016-12-31": "51.02900", "2016-09-30": "62.74700", "2016-06-30": "83.55790", "2016-03-31": "96.78400", "2015-12-31": "66.36260", "2015-09-30": "72.36500", "2015-06-30": "77.17100", "2015-03-31": "82.76600", "2014-12-31": "52.93120", "2014-09-30": "64.53800", "2014-06-30": "69.00900", "2014-03-31": "75.08900", "2013-12-31": "35.49690", "2013-09-30": "49.46400", "2013-06-30": "52.41200", "2013-03-31": "51.83000", "2012-12-31": "26.18700", "2012-09-30": "24.37400", "2012-06-30": "26.05400", "2012-03-31": "32.41600", "2011-12-31": "", "2010-12-31": ""}, "EBIT": {"2020-09-30": "78.38110", "2020-06-30": "92.76310", "2020-03-31": "127.58900", "2019-12-31": "46.91550", "2019-09-30": "39.55700", "2019-06-30": "51.33190", "2019-03-31": "79.55590", "2018-12-31": "28.75160", "2018-09-30": "52.77800", "2018-06-30": "61.70110", "2018-03-31": "79.68010", "2017-12-31": "37.08400", "2017-09-30": "53.00390", "2017-06-30": "63.47100", "2017-03-31": "72.51100", "2016-12-31": "30.18700", "2016-09-30": "41.44700", "2016-06-30": "63.46190", "2016-03-31": "77.83600", "2015-12-31": "47.73400", "2015-09-30": "54.40000", "2015-06-30": "60.04600", "2015-03-31": "66.57400", "2014-12-31": "32.81320", "2014-09-30": "49.65590", "2014-06-30": "55.57300", "2014-03-31": "61.66900", "2013-12-31": "22.69890", "2013-09-30": "36.68100", "2013-06-30": "40.07800", "2013-03-31": "40.04600", "2012-12-31": "15.49100", "2012-09-30": "13.29500", "2012-06-30": "17.65200", "2012-03-31": "24.23300", "2011-12-31": "", "2010-12-31": ""}, "Basic Shares Outstanding": {"2020-09-30": "117.94700", "2020-06-30": "117.83200", "2020-03-31": "117.54500", "2019-12-31": "119.36800", "2019-09-30": "118.02900", "2019-06-30": "118.25100", "2019-03-31": "123.25800", "2018-12-31": "128.82700", "2018-09-30": "126.85500", "2018-06-30": "129.42300", "2018-03-31": "132.42300", "2017-12-31": "135.16900", "2017-09-30": "134.32000", "2017-06-30": "136.79600", "2017-03-31": "137.06900", "2016-12-31": "147.31100", "2016-09-30": "147.74300", "2016-06-30": "149.17000", "2016-03-31": "150.72300", "2015-12-31": "153.09900", "2015-09-30": "153.58500", "2015-06-30": "153.39300", "2015-03-31": "152.23500", "2014-12-31": "149.75100", "2014-09-30": "150.24100", "2014-06-30": "149.68100", "2014-03-31": "147.75900", "2013-12-31": "134.62200", "2013-09-30": "139.68700", "2013-06-30": "125.95800", "2013-03-31": "125.96900", "2012-12-31": "125.95700", "2012-09-30": "125.79400", "2012-06-30": "115.96400", "2012-03-31": "110.00000", "2011-12-31": "", "2010-12-31": ""}, "Shares Outstanding": {"2020-09-30": "118.45000", "2020-06-30": "118.18900", "2020-03-31": "117.74800", "2019-12-31": "119.74200", "2019-09-30": "118.17400", "2019-06-30": "118.43600", "2019-03-31": "123.92600", "2018-12-31": "129.77600", "2018-09-30": "127.62700", "2018-06-30": "130.01200", "2018-03-31": "133.75200", "2017-12-31": "137.88400", "2017-09-30": "136.77000", "2017-06-30": "139.49300", "2017-03-31": "140.14700", "2016-12-31": "149.65300", "2016-09-30": "150.02400", "2016-06-30": "151.49800", "2016-03-31": "153.14400", "2015-12-31": "155.87700", "2015-09-30": "155.95200", "2015-06-30": "155.94900", "2015-03-31": "155.48200", "2014-12-31": "154.32800", "2014-09-30": "154.30600", "2014-06-30": "154.03900", "2014-03-31": "153.29400", "2013-12-31": "139.76500", "2013-09-30": "144.71000", "2013-06-30": "129.71600", "2013-03-31": "129.18400", "2012-12-31": "128.95800", "2012-09-30": "127.82000", "2012-06-30": "117.52500", "2012-03-31": "111.46300", "2011-12-31": "", "2010-12-31": ""}, "Basic EPS": {"2020-09-30": "0.51000", "2020-06-30": "0.57000", "2020-03-31": "0.78000", "2019-12-31": "0.27000", "2019-09-30": "0.22000", "2019-06-30": "0.30000", "2019-03-31": "0.46000", "2018-12-31": "0.11000", "2018-09-30": "0.30000", "2018-06-30": "0.32000", "2018-03-31": "0.50000", "2017-12-31": "0.30000", "2017-09-30": "0.23000", "2017-06-30": "0.30000", "2017-03-31": "0.34000", "2016-12-31": "0.12000", "2016-09-30": "0.16000", "2016-06-30": "0.25000", "2016-03-31": "0.31000", "2015-12-31": "0.18000", "2015-09-30": "0.21000", "2015-06-30": "0.20000", "2015-03-31": "0.25000", "2014-12-31": "0.12000", "2014-09-30": "0.17000", "2014-06-30": "0.20000", "2014-03-31": "0.23000", "2013-12-31": "0.06000", "2013-09-30": "0.08000", "2013-06-30": "0.10000", "2013-03-31": "0.14000", "2012-12-31": "0.03000", "2012-09-30": "0.01000", "2012-06-30": "0.05000", "2012-03-31": "0.09000", "2011-12-31": "", "2010-12-31": ""}, "EPS - Earnings Per Share": {"2020-09-30": "0.51000", "2020-06-30": "0.57000", "2020-03-31": "0.78000", "2019-12-31": "0.27000", "2019-09-30": "0.22000", "2019-06-30": "0.30000", "2019-03-31": "0.46000", "2018-12-31": "0.11000", "2018-09-30": "0.29000", "2018-06-30": "0.32000", "2018-03-31": "0.50000", "2017-12-31": "0.30000", "2017-09-30": "0.23000", "2017-06-30": "0.29000", "2017-03-31": "0.33000", "2016-12-31": "0.12000", "2016-09-30": "0.16000", "2016-06-30": "0.25000", "2016-03-31": "0.30000", "2015-12-31": "0.18000", "2015-09-30": "0.21000", "2015-06-30": "0.20000", "2015-03-31": "0.24000", "2014-12-31": "0.11000", "2014-09-30": "0.17000", "2014-06-30": "0.20000", "2014-03-31": "0.22000", "2013-12-31": "0.05000", "2013-09-30": "0.08000", "2013-06-30": "0.10000", "2013-03-31": "0.14000", "2012-12-31": "0.03000", "2012-09-30": "0.01000", "2012-06-30": "0.05000", "2012-03-31": "0.09000", "2011-12-31": "0.00000", "2010-12-31": "0.00000"}}, "balance sheet": {"Cash On Hand": {"2019-12-31": "85.31400", "2018-12-31": "1.58800", "2017-12-31": "19.47900", "2016-12-31": "12.46500", "2015-12-31": "136.06900", "2014-12-31": "130.51300", "2013-12-31": "77.65200", "2012-12-31": "67.21100", "2011-12-31": "14.54200", "2010-12-31": ""}, "Receivables": {"2019-12-31": "15.71300", "2018-12-31": "40.56400", "2017-12-31": "25.89300", "2016-12-31": "25.22800", "2015-12-31": "20.42400", "2014-12-31": "14.09100", "2013-12-31": "9.52400", "2012-12-31": "8.41500", "2011-12-31": "3.76300", "2010-12-31": ""}, "Inventory": {"2019-12-31": "275.97900", "2018-12-31": "264.36600", "2017-12-31": "229.54200", "2016-12-31": "204.46400", "2015-12-31": "165.43400", "2014-12-31": "142.79300", "2013-12-31": "118.25600", "2012-12-31": "98.38200", "2011-12-31": "63.61800", "2010-12-31": ""}, "Pre-Paid Expenses": {"2019-12-31": "10.83300", "2018-12-31": "27.32300", "2017-12-31": "24.59300", "2016-12-31": "21.86900", "2015-12-31": "23.28800", "2014-12-31": "11.15200", "2013-12-31": "8.04900", "2012-12-31": "4.52100", "2011-12-31": "5.66100", "2010-12-31": ""}, "Other Current Assets": {"2019-12-31": "", "2018-12-31": "", "2017-12-31": "", "2016-12-31": "", "2015-12-31": "", "2014-12-31": "", "2013-12-31": "", "2012-12-31": "", "2011-12-31": "", "2010-12-31": ""}, "Total Current Assets": {"2019-12-31": "387.83900", "2018-12-31": "333.84100", "2017-12-31": "299.50700", "2016-12-31": "264.02600", "2015-12-31": "345.21500", "2014-12-31": "334.12900", "2013-12-31": "231.62700", "2012-12-31": "203.12100", "2011-12-31": "103.46400", "2010-12-31": ""}, "Property, Plant, And Equipment": {"2019-12-31": "741.50800", "2018-12-31": "766.42900", "2017-12-31": "713.03100", "2016-12-31": "604.66000", "2015-12-31": "494.06700", "2014-12-31": "454.88900", "2013-12-31": "348.83000", "2012-12-31": "303.16600", "2011-12-31": "221.34300", "2010-12-31": ""}, "Long-Term Investments": {"2019-12-31": "", "2018-12-31": "", "2017-12-31": "", "2016-12-31": "", "2015-12-31": "", "2014-12-31": "", "2013-12-31": "", "2012-12-31": "", "2011-12-31": "", "2010-12-31": ""}, "Goodwill And Intangible Assets": {"2019-12-31": "553.47300", "2018-12-31": "562.88100", "2017-12-31": "564.28300", "2016-12-31": "565.68600", "2015-12-31": "566.67900", "2014-12-31": "562.25400", "2013-12-31": "563.54500", "2012-12-31": "564.85000", "2011-12-31": "389.82200", "2010-12-31": "0.00000"}, "Other Long-Term Assets": {"2019-12-31": "11.72690", "2018-12-31": "12.46300", "2017-12-31": "4.78200", "2016-12-31": "5.52100", "2015-12-31": "19.00300", "2014-12-31": "17.80100", "2013-12-31": "13.13500", "2012-12-31": "9.52100", "2011-12-31": "3.77000", "2010-12-31": ""}, "Total Long-Term Assets": {"2019-12-31": "2335.14400", "2018-12-31": "1341.77300", "2017-12-31": "1282.09600", "2016-12-31": "1175.86700", "2015-12-31": "1081.14900", "2014-12-31": "1034.94400", "2013-12-31": "940.77700", "2012-12-31": "900.11500", "2011-12-31": "658.18210", "2010-12-31": ""}, "Total Assets": {"2019-12-31": "2722.98300", "2018-12-31": "1675.61400", "2017-12-31": "1581.60300", "2016-12-31": "1439.89300", "2015-12-31": "1426.36400", "2014-12-31": "1369.07300", "2013-12-31": "1172.40400", "2012-12-31": "1103.23600", "2011-12-31": "761.64600", "2010-12-31": "0.00000"}, "Total Current Liabilities": {"2019-12-31": "416.81200", "2018-12-31": "310.00000", "2017-12-31": "299.71400", "2016-12-31": "259.15500", "2015-12-31": "230.42200", "2014-12-31": "220.84000", "2013-12-31": "175.62100", "2012-12-31": "136.84600", "2011-12-31": "90.64000", "2010-12-31": ""}, "Long Term Debt": {"2019-12-31": "549.41890", "2018-12-31": "572.64200", "2017-12-31": "473.48900", "2016-12-31": "372.36600", "2015-12-31": "275.50000", "2014-12-31": "370.17300", "2013-12-31": "421.59500", "2012-12-31": "529.01600", "2011-12-31": "367.35200", "2010-12-31": ""}, "Other Non-Current Liabilities": {"2019-12-31": "41.51700", "2018-12-31": "153.37700", "2017-12-31": "130.64000", "2016-12-31": "116.20000", "2015-12-31": "97.45000", "2014-12-31": "74.07100", "2013-12-31": "61.41700", "2012-12-31": "50.61900", "2011-12-31": "36.20100", "2010-12-31": ""}, "Total Long Term Liabilities": {"2019-12-31": "1724.21900", "2018-12-31": "776.41800", "2017-12-31": "631.19500", "2016-12-31": "507.82900", "2015-12-31": "372.95000", "2014-12-31": "462.84400", "2013-12-31": "483.01200", "2012-12-31": "579.63500", "2011-12-31": "403.55300", "2010-12-31": ""}, "Total Liabilities": {"2019-12-31": "2141.03100", "2018-12-31": "1086.41800", "2017-12-31": "930.90900", "2016-12-31": "766.98400", "2015-12-31": "603.37200", "2014-12-31": "683.68400", "2013-12-31": "658.63300", "2012-12-31": "716.48100", "2011-12-31": "494.19300", "2010-12-31": "0.00000"}, "Common Stock Net": {"2019-12-31": "0.11700", "2018-12-31": "0.12400", "2017-12-31": "0.13200", "2016-12-31": "0.14000", "2015-12-31": "0.15300", "2014-12-31": "0.15200", "2013-12-31": "0.14700", "2012-12-31": "0.12600", "2011-12-31": "0.11000", "2010-12-31": "0.00000"}, "Retained Earnings (Accumulated Deficit)": {"2019-12-31": "-84.44900", "2018-12-31": "-69.20200", "2017-12-31": "30.55800", "2016-12-31": "75.50000", "2015-12-31": "245.44600", "2014-12-31": "142.18900", "2013-12-31": "34.49700", "2012-12-31": "-8.85100", "2011-12-31": "-28.35100", "2010-12-31": ""}, "Comprehensive Income": {"2019-12-31": "-4.68200", "2018-12-31": "1.13400", "2017-12-31": "-0.78400", "2016-12-31": "0.00000", "2015-12-31": "", "2014-12-31": "", "2013-12-31": "", "2012-12-31": "", "2011-12-31": "", "2010-12-31": ""}, "Other Share Holders Equity": {"2019-12-31": "", "2018-12-31": "", "2017-12-31": "", "2016-12-31": "", "2015-12-31": "", "2014-12-31": "", "2013-12-31": "", "2012-12-31": "", "2011-12-31": "", "2010-12-31": "0.00000"}, "Share Holder Equity": {"2019-12-31": "581.95200", "2018-12-31": "589.19600", "2017-12-31": "650.69400", "2016-12-31": "672.90900", "2015-12-31": "822.99200", "2014-12-31": "685.38900", "2013-12-31": "513.77100", "2012-12-31": "386.75500", "2011-12-31": "267.45300", "2010-12-31": "0.00000"}, "Total Liabilities And Share Holders Equity": {"2019-12-31": "2722.98300", "2018-12-31": "1675.61400", "2017-12-31": "1581.60300", "2016-12-31": "1439.89300", "2015-12-31": "1426.36400", "2014-12-31": "1369.07300", "2013-12-31": "1172.40400", "2012-12-31": "1103.23600", "2011-12-31": "761.64600", "2010-12-31": "0.00000"}}, "balance sheet, quarterly": {"Cash On Hand": {"2020-09-30": "137.51800", "2020-06-30": "328.11600", "2020-03-31": "247.10100", "2019-12-31": "85.31400", "2019-09-30": "79.91200", "2019-06-30": "58.63900", "2019-03-31": "19.50200", "2018-12-31": "1.58800", "2018-09-30": "17.17500", "2018-06-30": "23.17400", "2018-03-31": "21.35600", "2017-12-31": "19.47900", "2017-09-30": "18.89200", "2017-06-30": "14.81400", "2017-03-31": "21.32600", "2016-12-31": "12.46500", "2016-09-30": "50.29000", "2016-06-30": "78.44400", "2016-03-31": "145.65000", "2015-12-31": "136.06900", "2015-09-30": "132.00000", "2015-06-30": "97.25800", "2015-03-31": "177.71900", "2014-12-31": "130.51300", "2014-09-30": "118.44700", "2014-06-30": "184.27300", "2014-03-31": "149.04800", "2013-12-31": "77.65200", "2013-09-30": "91.73500", "2013-06-30": "65.62800", "2013-03-31": "100.79500", "2012-12-31": "67.21100", "2012-09-30": "", "2012-06-30": "", "2012-03-31": "", "2011-12-31": "14.54000", "2010-12-31": ""}, "Receivables": {"2020-09-30": "24.25800", "2020-06-30": "14.74200", "2020-03-31": "12.41100", "2019-12-31": "15.71300", "2019-09-30": "14.21200", "2019-06-30": "13.17000", "2019-03-31": "25.19000", "2018-12-31": "40.56400", "2018-09-30": "34.63100", "2018-06-30": "27.58000", "2018-03-31": "26.74600", "2017-12-31": "25.89300", "2017-09-30": "23.23100", "2017-06-30": "19.78200", "2017-03-31": "24.69800", "2016-12-31": "25.22800", "2016-09-30": "21.76200", "2016-06-30": "17.71900", "2016-03-31": "14.95300", "2015-12-31": "20.42400", "2015-09-30": "24.99700", "2015-06-30": "18.72200", "2015-03-31": "26.33200", "2014-12-31": "14.09100", "2014-09-30": "14.07700", "2014-06-30": "11.28300", "2014-03-31": "14.08900", "2013-12-31": "9.52400", "2013-09-30": "8.96200", "2013-06-30": "9.97400", "2013-03-31": "7.94900", "2012-12-31": "8.41500", "2012-09-30": "", "2012-06-30": "", "2012-03-31": "", "2011-12-31": "3.76000", "2010-12-31": ""}, "Inventory": {"2020-09-30": "257.25500", "2020-06-30": "255.35200", "2020-03-31": "253.19100", "2019-12-31": "275.97900", "2019-09-30": "285.71500", "2019-06-30": "269.46300", "2019-03-31": "257.86600", "2018-12-31": "264.36600", "2018-09-30": "253.04500", "2018-06-30": "250.56400", "2018-03-31": "239.61100", "2017-12-31": "229.54200", "2017-09-30": "222.21600", "2017-06-30": "218.40400", "2017-03-31": "204.26700", "2016-12-31": "204.46400", "2016-09-30": "195.21700", "2016-06-30": "189.16500", "2016-03-31": "172.55200", "2015-12-31": "165.43400", "2015-09-30": "161.78900", "2015-06-30": "158.17900", "2015-03-31": "148.75300", "2014-12-31": "142.79300", "2014-09-30": "140.10400", "2014-06-30": "134.65500", "2014-03-31": "121.45400", "2013-12-31": "118.25600", "2013-09-30": "114.76500", "2013-06-30": "109.14300", "2013-03-31": "102.29900", "2012-12-31": "98.38200", "2012-09-30": "", "2012-06-30": "", "2012-03-31": "", "2011-12-31": "63.61000", "2010-12-31": ""}, "Pre-Paid Expenses": {"2020-09-30": "18.94800", "2020-06-30": "14.64800", "2020-03-31": "18.07900", "2019-12-31": "10.83300", "2019-09-30": "32.11100", "2019-06-30": "38.77600", "2019-03-31": "30.64400", "2018-12-31": "27.32300", "2018-09-30": "37.52300", "2018-06-30": "28.69600", "2018-03-31": "27.30100", "2017-12-31": "24.59300", "2017-09-30": "25.59400", "2017-06-30": "23.40900", "2017-03-31": "23.21800", "2016-12-31": "21.86900", "2016-09-30": "24.50000", "2016-06-30": "19.95400", "2016-03-31": "18.74100", "2015-12-31": "23.28800", "2015-09-30": "11.27900", "2015-06-30": "9.03500", "2015-03-31": "15.24800", "2014-12-31": "11.15200", "2014-09-30": "6.40600", "2014-06-30": "2.52300", "2014-03-31": "6.73400", "2013-12-31": "8.04900", "2013-09-30": "14.07800", "2013-06-30": "3.55700", "2013-03-31": "3.57400", "2012-12-31": "4.52100", "2012-09-30": "", "2012-06-30": "", "2012-03-31": "", "2011-12-31": "", "2010-12-31": ""}, "Other Current Assets": {"2020-09-30": "", "2020-06-30": "", "2020-03-31": "", "2019-12-31": "", "2019-09-30": "", "2019-06-30": "", "2019-03-31": "", "2018-12-31": "", "2018-09-30": "", "2018-06-30": "", "2018-03-31": "", "2017-12-31": "", "2017-09-30": "", "2017-06-30": "", "2017-03-31": "", "2016-12-31": "", "2016-09-30": "", "2016-06-30": "", "2016-03-31": "", "2015-12-31": "", "2015-09-30": "", "2015-06-30": "", "2015-03-31": "", "2014-12-31": "", "2014-09-30": "", "2014-06-30": "", "2014-03-31": "", "2013-12-31": "", "2013-09-30": "", "2013-06-30": "", "2013-03-31": "", "2012-12-31": "", "2012-09-30": "", "2012-06-30": "", "2012-03-31": "", "2011-12-31": "21.54000", "2010-12-31": ""}, "Total Current Assets": {"2020-09-30": "437.97900", "2020-06-30": "612.85800", "2020-03-31": "530.78200", "2019-12-31": "387.83900", "2019-09-30": "411.95000", "2019-06-30": "380.04800", "2019-03-31": "333.20200", "2018-12-31": "333.84100", "2018-09-30": "342.37400", "2018-06-30": "330.01400", "2018-03-31": "315.01400", "2017-12-31": "299.50700", "2017-09-30": "289.93300", "2017-06-30": "276.40900", "2017-03-31": "273.50900", "2016-12-31": "264.02600", "2016-09-30": "291.76900", "2016-06-30": "305.28200", "2016-03-31": "351.89600", "2015-12-31": "345.21500", "2015-09-30": "361.87100", "2015-06-30": "318.09200", "2015-03-31": "401.98200", "2014-12-31": "334.12900", "2014-09-30": "287.80900", "2014-06-30": "340.77200", "2014-03-31": "303.72700", "2013-12-31": "231.62700", "2013-09-30": "239.26800", "2013-06-30": "202.38200", "2013-03-31": "232.92100", "2012-12-31": "203.12100", "2012-09-30": "", "2012-06-30": "", "2012-03-31": "", "2011-12-31": "103.46000", "2010-12-31": ""}, "Property, Plant, And Equipment": {"2020-09-30": "735.67000", "2020-06-30": "740.07500", "2020-03-31": "734.50400", "2019-12-31": "741.50800", "2019-09-30": "742.23500", "2019-06-30": "728.44100", "2019-03-31": "694.18300", "2018-12-31": "766.42900", "2018-09-30": "773.34800", "2018-06-30": "776.32300", "2018-03-31": "738.65600", "2017-12-31": "713.03100", "2017-09-30": "690.76300", "2017-06-30": "681.06500", "2017-03-31": "653.36000", "2016-12-31": "604.66000", "2016-09-30": "577.40900", "2016-06-30": "549.72600", "2016-03-31": "507.39800", "2015-12-31": "494.06700", "2015-09-30": "482.31700", "2015-06-30": "474.94900", "2015-03-31": "454.72300", "2014-12-31": "454.88900", "2014-09-30": "416.91600", "2014-06-30": "399.32800", "2014-03-31": "371.68900", "2013-12-31": "348.83000", "2013-09-30": "348.17700", "2013-06-30": "347.05400", "2013-03-31": "321.00700", "2012-12-31": "303.16600", "2012-09-30": "", "2012-06-30": "", "2012-03-31": "", "2011-12-31": "270.37000", "2010-12-31": ""}, "Long-Term Investments": {"2020-09-30": "", "2020-06-30": "", "2020-03-31": "", "2019-12-31": "", "2019-09-30": "", "2019-06-30": "", "2019-03-31": "", "2018-12-31": "", "2018-09-30": "", "2018-06-30": "", "2018-03-31": "", "2017-12-31": "", "2017-09-30": "", "2017-06-30": "", "2017-03-31": "", "2016-12-31": "", "2016-09-30": "", "2016-06-30": "", "2016-03-31": "", "2015-12-31": "", "2015-09-30": "", "2015-06-30": "", "2015-03-31": "", "2014-12-31": "", "2014-09-30": "", "2014-06-30": "", "2014-03-31": "", "2013-12-31": "", "2013-09-30": "", "2013-06-30": "", "2013-03-31": "", "2012-12-31": "", "2012-09-30": "", "2012-06-30": "", "2012-03-31": "", "2011-12-31": "", "2010-12-31": ""}, "Goodwill And Intangible Assets": {"2020-09-30": "553.83800", "2020-06-30": "553.83800", "2020-03-31": "553.42800", "2019-12-31": "553.47300", "2019-09-30": "553.51800", "2019-06-30": "553.56300", "2019-03-31": "553.60800", "2018-12-31": "562.88100", "2018-09-30": "563.23200", "2018-06-30": "563.58200", "2018-03-31": "563.93300", "2017-12-31": "564.28300", "2017-09-30": "564.63400", "2017-06-30": "564.98400", "2017-03-31": "565.33500", "2016-12-31": "565.68600", "2016-09-30": "566.03600", "2016-06-30": "566.38700", "2016-03-31": "566.37800", "2015-12-31": "566.67900", "2015-09-30": "561.28500", "2015-06-30": "561.60800", "2015-03-31": "561.93100", "2014-12-31": "562.25400", "2014-09-30": "562.57700", "2014-06-30": "562.89900", "2014-03-31": "563.22200", "2013-12-31": "563.54500", "2013-09-30": "563.86800", "2013-06-30": "564.19000", "2013-03-31": "564.52700", "2012-12-31": "564.85000", "2012-09-30": "0.00000", "2012-06-30": "0.00000", "2012-03-31": "0.00000", "2011-12-31": "389.82000", "2010-12-31": "0.00000"}, "Other Long-Term Assets": {"2020-09-30": "14.40700", "2020-06-30": "14.71590", "2020-03-31": "11.97600", "2019-12-31": "11.72700", "2019-09-30": "12.01990", "2019-06-30": "12.13790", "2019-03-31": "11.25400", "2018-12-31": "12.46300", "2018-09-30": "16.01000", "2018-06-30": "13.85000", "2018-03-31": "9.54100", "2017-12-31": "4.78200", "2017-09-30": "5.88600", "2017-06-30": "7.75100", "2017-03-31": "5.43500", "2016-12-31": "5.52100", "2016-09-30": "20.13800", "2016-06-30": "23.73400", "2016-03-31": "23.76400", "2015-12-31": "19.00300", "2015-09-30": "19.08200", "2015-06-30": "24.65400", "2015-03-31": "24.01700", "2014-12-31": "17.80100", "2014-09-30": "18.21000", "2014-06-30": "13.58000", "2014-03-31": "13.72500", "2013-12-31": "13.13500", "2013-09-30": "13.11800", "2013-06-30": "11.08900", "2013-03-31": "9.05400", "2012-12-31": "9.52100", "2012-09-30": "", "2012-06-30": "", "2012-03-31": "", "2011-12-31": "3.77000", "2010-12-31": ""}, "Total Long-Term Assets": {"2020-09-30": "2344.24400", "2020-06-30": "2350.33100", "2020-03-31": "2324.41800", "2019-12-31": "2335.14400", "2019-09-30": "2352.91700", "2019-06-30": "2312.44300", "2019-03-31": "2283.39400", "2018-12-31": "1341.77300", "2018-09-30": "1352.59000", "2018-06-30": "1353.75500", "2018-03-31": "1312.13000", "2017-12-31": "1282.09600", "2017-09-30": "1261.28300", "2017-06-30": "1253.80000", "2017-03-31": "1224.13000", "2016-12-31": "1175.86700", "2016-09-30": "1163.58300", "2016-06-30": "1139.84700", "2016-03-31": "1097.54000", "2015-12-31": "1081.14900", "2015-09-30": "1062.68400", "2015-06-30": "1061.21100", "2015-03-31": "1040.67100", "2014-12-31": "1034.94400", "2014-09-30": "1009.27400", "2014-06-30": "990.15600", "2014-03-31": "963.18400", "2013-12-31": "940.77700", "2013-09-30": "942.53500", "2013-06-30": "941.35300", "2013-03-31": "912.52000", "2012-12-31": "900.11500", "2012-09-30": "", "2012-06-30": "", "2012-03-31": "", "2011-12-31": "707.20000", "2010-12-31": ""}, "Total Assets": {"2020-09-30": "2782.22300", "2020-06-30": "2963.18900", "2020-03-31": "2855.20000", "2019-12-31": "2722.98300", "2019-09-30": "2764.86700", "2019-06-30": "2692.49100", "2019-03-31": "2616.59600", "2018-12-31": "1675.61400", "2018-09-30": "1694.96400", "2018-06-30": "1683.76900", "2018-03-31": "1627.14400", "2017-12-31": "1581.60300", "2017-09-30": "1551.21600", "2017-06-30": "1530.20900", "2017-03-31": "1497.63900", "2016-12-31": "1439.89300", "2016-09-30": "1455.35200", "2016-06-30": "1445.12900", "2016-03-31": "1449.43600", "2015-12-31": "1426.36400", "2015-09-30": "1424.55500", "2015-06-30": "1379.30300", "2015-03-31": "1442.65300", "2014-12-31": "1369.07300", "2014-09-30": "1297.08300", "2014-06-30": "1330.92800", "2014-03-31": "1266.91100", "2013-12-31": "1172.40400", "2013-09-30": "1181.80300", "2013-06-30": "1143.73500", "2013-03-31": "1145.44100", "2012-12-31": "1103.23600", "2012-09-30": "0.00000", "2012-06-30": "0.00000", "2012-03-31": "0.00000", "2011-12-31": "761.64000", "2010-12-31": "0.00000"}, "Total Current Liabilities": {"2020-09-30": "509.58100", "2020-06-30": "572.75600", "2020-03-31": "547.39500", "2019-12-31": "416.81200", "2019-09-30": "472.11600", "2019-06-30": "449.60500", "2019-03-31": "377.73200", "2018-12-31": "310.00000", "2018-09-30": "296.75900", "2018-06-30": "318.35000", "2018-03-31": "315.91800", "2017-12-31": "299.71400", "2017-09-30": "290.16000", "2017-06-30": "281.84300", "2017-03-31": "300.12400", "2016-12-31": "259.15500", "2016-09-30": "244.95500", "2016-06-30": "253.38900", "2016-03-31": "245.24200", "2015-12-31": "230.42200", "2015-09-30": "217.79400", "2015-06-30": "208.81600", "2015-03-31": "229.51700", "2014-12-31": "220.84000", "2014-09-30": "197.18900", "2014-06-30": "226.89900", "2014-03-31": "210.31100", "2013-12-31": "175.62100", "2013-09-30": "172.91900", "2013-06-30": "162.61400", "2013-03-31": "152.97900", "2012-12-31": "136.84600", "2012-09-30": "", "2012-06-30": "", "2012-03-31": "", "2011-12-31": "90.64000", "2010-12-31": ""}, "Long Term Debt": {"2020-09-30": "285.70400", "2020-06-30": "461.94700", "2020-03-31": "462.18500", "2019-12-31": "549.41900", "2019-09-30": "526.69900", "2019-06-30": "526.86100", "2019-03-31": "512.01790", "2018-12-31": "572.64200", "2018-09-30": "555.67000", "2018-06-30": "579.64700", "2018-03-31": "490.83300", "2017-12-31": "473.48900", "2017-09-30": "475.80600", "2017-06-30": "434.74900", "2017-03-31": "404.37300", "2016-12-31": "372.36600", "2016-09-30": "320.42600", "2016-06-30": "275.88100", "2016-03-31": "273.94200", "2015-12-31": "275.50000", "2015-09-30": "276.66800", "2015-06-30": "279.27100", "2015-03-31": "367.51100", "2014-12-31": "370.17300", "2014-09-30": "374.50200", "2014-06-30": "421.62500", "2014-03-31": "423.88100", "2013-12-31": "421.59500", "2013-09-30": "463.72600", "2013-06-30": "796.11800", "2013-03-31": "533.14300", "2012-12-31": "529.01600", "2012-09-30": "", "2012-06-30": "", "2012-03-31": "", "2011-12-31": "367.35000", "2010-12-31": ""}, "Other Non-Current Liabilities": {"2020-09-30": "50.14000", "2020-06-30": "47.34900", "2020-03-31": "45.99300", "2019-12-31": "41.51700", "2019-09-30": "43.93200", "2019-06-30": "40.60100", "2019-03-31": "39.11000", "2018-12-31": "153.37700", "2018-09-30": "144.40100", "2018-06-30": "139.98400", "2018-03-31": "134.21500", "2017-12-31": "130.64000", "2017-09-30": "126.12700", "2017-06-30": "123.95700", "2017-03-31": "121.06800", "2016-12-31": "116.20000", "2016-09-30": "111.90700", "2016-06-30": "109.46100", "2016-03-31": "106.19900", "2015-12-31": "97.45000", "2015-09-30": "95.46900", "2015-06-30": "89.80400", "2015-03-31": "87.05300", "2014-12-31": "74.07100", "2014-09-30": "74.83200", "2014-06-30": "70.75400", "2014-03-31": "64.99700", "2013-12-31": "61.41700", "2013-09-30": "59.52400", "2013-06-30": "56.55600", "2013-03-31": "53.32300", "2012-12-31": "50.61900", "2012-09-30": "", "2012-06-30": "", "2012-03-31": "", "2011-12-31": "36.20000", "2010-12-31": ""}, "Total Long Term Liabilities": {"2020-09-30": "1464.69600", "2020-06-30": "1647.15600", "2020-03-31": "1637.08300", "2019-12-31": "1724.21900", "2019-09-30": "1732.83000", "2019-06-30": "1711.23700", "2019-03-31": "1682.34300", "2018-12-31": "776.41800", "2018-09-30": "756.91000", "2018-06-30": "764.24700", "2018-03-31": "662.74300", "2017-12-31": "631.19500", "2017-09-30": "644.44100", "2017-06-30": "596.00800", "2017-03-31": "553.58100", "2016-12-31": "507.82900", "2016-09-30": "451.05200", "2016-06-30": "397.53200", "2016-03-31": "386.15100", "2015-12-31": "372.95000", "2015-09-30": "390.11700", "2015-06-30": "388.61300", "2015-03-31": "473.17000", "2014-12-31": "462.84400", "2014-09-30": "449.33400", "2014-06-30": "492.37900", "2014-03-31": "488.87800", "2013-12-31": "483.01200", "2013-09-30": "523.25000", "2013-06-30": "852.67400", "2013-03-31": "586.46600", "2012-12-31": "579.63500", "2012-09-30": "", "2012-06-30": "", "2012-03-31": "", "2011-12-31": "403.55000", "2010-12-31": ""}, "Total Liabilities": {"2020-09-30": "1974.27700", "2020-06-30": "2219.91200", "2020-03-31": "2184.47800", "2019-12-31": "2141.03100", "2019-09-30": "2204.94600", "2019-06-30": "2160.84200", "2019-03-31": "2060.07500", "2018-12-31": "1086.41800", "2018-09-30": "1053.66900", "2018-06-30": "1082.59700", "2018-03-31": "978.66100", "2017-12-31": "930.90900", "2017-09-30": "934.60100", "2017-06-30": "877.85100", "2017-03-31": "853.70500", "2016-12-31": "766.98400", "2016-09-30": "696.00700", "2016-06-30": "650.92100", "2016-03-31": "631.39300", "2015-12-31": "603.37200", "2015-09-30": "607.91100", "2015-06-30": "597.42900", "2015-03-31": "702.68700", "2014-12-31": "683.68400", "2014-09-30": "646.52300", "2014-06-30": "719.27800", "2014-03-31": "699.18900", "2013-12-31": "658.63300", "2013-09-30": "696.16900", "2013-06-30": "1015.28800", "2013-03-31": "739.44500", "2012-12-31": "716.48100", "2012-09-30": "0.00000", "2012-06-30": "0.00000", "2012-03-31": "0.00000", "2011-12-31": "494.19000", "2010-12-31": "0.00000"}, "Common Stock Net": {"2020-09-30": "0.11700", "2020-06-30": "0.11700", "2020-03-31": "0.11700", "2019-12-31": "0.11700", "2019-09-30": "0.11800", "2019-06-30": "0.11800", "2019-03-31": "0.12000", "2018-12-31": "0.12400", "2018-09-30": "0.12700", "2018-06-30": "0.12600", "2018-03-31": "0.13100", "2017-12-31": "0.13200", "2017-09-30": "0.13300", "2017-06-30": "0.13600", "2017-03-31": "0.13700", "2016-12-31": "0.14000", "2016-09-30": "0.14500", "2016-06-30": "0.14800", "2016-03-31": "0.15100", "2015-12-31": "0.15300", "2015-09-30": "0.15400", "2015-06-30": "0.15400", "2015-03-31": "0.15300", "2014-12-31": "0.15200", "2014-09-30": "0.15000", "2014-06-30": "0.14900", "2014-03-31": "0.14900", "2013-12-31": "0.14700", "2013-09-30": "0.14600", "2013-06-30": "0.12600", "2013-03-31": "0.12600", "2012-12-31": "0.12600", "2012-09-30": "0.00000", "2012-06-30": "0.00000", "2012-03-31": "0.00000", "2011-12-31": "0.11000", "2010-12-31": "0.00000"}, "Retained Earnings (Accumulated Deficit)": {"2020-09-30": "134.60400", "2020-06-30": "74.36300", "2020-03-31": "7.36100", "2019-12-31": "-84.44900", "2019-09-30": "-103.08400", "2019-06-30": "-129.34400", "2019-03-31": "-103.37100", "2018-12-31": "-69.20200", "2018-09-30": "-16.90800", "2018-06-30": "-39.10100", "2018-03-31": "14.18500", "2017-12-31": "30.55800", "2017-09-30": "2.25000", "2017-06-30": "42.76100", "2017-03-31": "41.79100", "2016-12-31": "75.50000", "2016-09-30": "164.91900", "2016-06-30": "204.60200", "2016-03-31": "232.34700", "2015-12-31": "245.44600", "2015-09-30": "242.96400", "2015-06-30": "210.97800", "2015-03-31": "179.65600", "2014-12-31": "142.18900", "2014-09-30": "124.44600", "2014-06-30": "98.38100", "2014-03-31": "68.23000", "2013-12-31": "34.49700", "2013-09-30": "25.21700", "2013-06-30": "13.75600", "2013-03-31": "9.26600", "2012-12-31": "-8.85100", "2012-09-30": "", "2012-06-30": "", "2012-03-31": "", "2011-12-31": "-28.35000", "2010-12-31": ""}, "Comprehensive Income": {"2020-09-30": "-9.48400", "2020-06-30": "-10.23900", "2020-03-31": "-10.12200", "2019-12-31": "-4.68200", "2019-09-30": "-5.63500", "2019-06-30": "-4.57900", "2019-03-31": "-1.48200", "2018-12-31": "1.13400", "2018-09-30": "4.56700", "2018-06-30": "3.70200", "2018-03-31": "2.53600", "2017-12-31": "-0.78400", "2017-09-30": "", "2017-06-30": "", "2017-03-31": "", "2016-12-31": "", "2016-09-30": "", "2016-06-30": "", "2016-03-31": "", "2015-12-31": "", "2015-09-30": "", "2015-06-30": "", "2015-03-31": "", "2014-12-31": "", "2014-09-30": "", "2014-06-30": "", "2014-03-31": "", "2013-12-31": "", "2013-09-30": "", "2013-06-30": "", "2013-03-31": "", "2012-12-31": "", "2012-09-30": "", "2012-06-30": "", "2012-03-31": "", "2011-12-31": "", "2010-12-31": ""}, "Other Share Holders Equity": {"2020-09-30": "", "2020-06-30": "", "2020-03-31": "", "2019-12-31": "", "2019-09-30": "", "2019-06-30": "", "2019-03-31": "", "2018-12-31": "", "2018-09-30": "", "2018-06-30": "", "2018-03-31": "", "2017-12-31": "", "2017-09-30": "", "2017-06-30": "", "2017-03-31": "", "2016-12-31": "", "2016-09-30": "", "2016-06-30": "", "2016-03-31": "", "2015-12-31": "", "2015-09-30": "", "2015-06-30": "", "2015-03-31": "", "2014-12-31": "", "2014-09-30": "", "2014-06-30": "", "2014-03-31": "", "2013-12-31": "", "2013-09-30": "", "2013-06-30": "", "2013-03-31": "", "2012-12-31": "", "2012-09-30": "0.00000", "2012-06-30": "0.00000", "2012-03-31": "0.00000", "2011-12-31": "0.00000", "2010-12-31": "0.00000"}, "Share Holder Equity": {"2020-09-30": "807.94600", "2020-06-30": "743.27700", "2020-03-31": "670.72200", "2019-12-31": "581.95200", "2019-09-30": "559.92100", "2019-06-30": "531.64900", "2019-03-31": "556.52100", "2018-12-31": "589.19600", "2018-09-30": "641.29500", "2018-06-30": "601.17200", "2018-03-31": "648.48300", "2017-12-31": "650.69400", "2017-09-30": "616.61500", "2017-06-30": "652.35800", "2017-03-31": "643.93400", "2016-12-31": "672.90900", "2016-09-30": "759.34500", "2016-06-30": "794.20800", "2016-03-31": "818.04300", "2015-12-31": "822.99200", "2015-09-30": "816.64400", "2015-06-30": "781.87400", "2015-03-31": "739.96600", "2014-12-31": "685.38900", "2014-09-30": "650.56000", "2014-06-30": "611.65000", "2014-03-31": "567.72200", "2013-12-31": "513.77100", "2013-09-30": "485.63400", "2013-06-30": "128.44700", "2013-03-31": "405.99600", "2012-12-31": "386.75500", "2012-09-30": "0.00000", "2012-06-30": "0.00000", "2012-03-31": "0.00000", "2011-12-31": "267.45000", "2010-12-31": "0.00000"}, "Total Liabilities And Share Holders Equity": {"2020-09-30": "2782.22300", "2020-06-30": "2963.18900", "2020-03-31": "2855.20000", "2019-12-31": "2722.98300", "2019-09-30": "2764.86700", "2019-06-30": "2692.49100", "2019-03-31": "2616.59600", "2018-12-31": "1675.61400", "2018-09-30": "1694.96400", "2018-06-30": "1683.76900", "2018-03-31": "1627.14400", "2017-12-31": "1581.60300", "2017-09-30": "1551.21600", "2017-06-30": "1530.20900", "2017-03-31": "1497.63900", "2016-12-31": "1439.89300", "2016-09-30": "1455.35200", "2016-06-30": "1445.12900", "2016-03-31": "1449.43600", "2015-12-31": "1426.36400", "2015-09-30": "1424.55500", "2015-06-30": "1379.30300", "2015-03-31": "1442.65300", "2014-12-31": "1369.07300", "2014-09-30": "1297.08300", "2014-06-30": "1330.92800", "2014-03-31": "1266.91100", "2013-12-31": "1172.40400", "2013-09-30": "1181.80300", "2013-06-30": "1143.73500", "2013-03-31": "1145.44100", "2012-12-31": "1103.23600", "2012-09-30": "0.00000", "2012-06-30": "0.00000", "2012-03-31": "0.00000", "2011-12-31": "761.64000", "2010-12-31": "0.00000"}}, "cash flow statement": {"Net Income/Loss": {"2019-12-31": "149.62900", "2018-12-31": "158.53600", "2017-12-31": "158.44000", "2016-12-31": "124.30600", "2015-12-31": "128.99100", "2014-12-31": "107.69200", "2013-12-31": "51.32600", "2012-12-31": "19.50000", "2011-12-31": "-27.44500", "2010-12-31": "4.86100"}, "Total Depreciation And Amortization - Cash Flow": {"2019-12-31": "204.64600", "2018-12-31": "110.74900", "2017-12-31": "96.98700", "2016-12-31": "81.18600", "2015-12-31": "69.91100", "2014-12-31": "61.85600", "2013-12-31": "49.69900", "2012-12-31": "38.36300", "2011-12-31": "56.19100", "2010-12-31": "14.16300"}, "Other Non-Cash Items": {"2019-12-31": "16.98200", "2018-12-31": "43.44200", "2017-12-31": "24.11000", "2016-12-31": "34.50100", "2015-12-31": "30.93600", "2014-12-31": "24.75600", "2013-12-31": "38.77600", "2012-12-31": "22.30500", "2011-12-31": "-15.94300", "2010-12-31": "2.43600"}, "Total Non-Cash Items": {"2019-12-31": "221.62800", "2018-12-31": "154.19100", "2017-12-31": "121.09700", "2016-12-31": "115.68700", "2015-12-31": "100.84700", "2014-12-31": "86.61200", "2013-12-31": "88.47500", "2012-12-31": "60.66800", "2011-12-31": "40.24800", "2010-12-31": "16.59900"}, "Change In Accounts Receivable": {"2019-12-31": "36.06200", "2018-12-31": "-7.66600", "2017-12-31": "-4.92000", "2016-12-31": "-4.80300", "2015-12-31": "-5.62200", "2014-12-31": "-4.42400", "2013-12-31": "-1.52100", "2012-12-31": "-2.86100", "2011-12-31": "1.55900", "2010-12-31": "-0.49100"}, "Change In Inventories": {"2019-12-31": "-11.61200", "2018-12-31": "-34.82400", "2017-12-31": "-25.07900", "2016-12-31": "-39.03000", "2015-12-31": "-22.64100", "2014-12-31": "-24.53700", "2013-12-31": "-19.87500", "2012-12-31": "-1.44200", "2011-12-31": "1.83700", "2010-12-31": "-7.15500"}, "Change In Accounts Payable": {"2019-12-31": "28.69900", "2018-12-31": "4.36600", "2017-12-31": "39.24400", "2016-12-31": "22.11800", "2015-12-31": "26.78200", "2014-12-31": "-4.72100", "2013-12-31": "31.99600", "2012-12-31": "-4.67300", "2011-12-31": "15.17500", "2010-12-31": "3.14300"}, "Change In Assets/Liabilities": {"2019-12-31": "-69.49100", "2018-12-31": "16.73700", "2017-12-31": "8.02100", "2016-12-31": "33.93100", "2015-12-31": "10.51100", "2014-12-31": "4.77000", "2013-12-31": "3.90000", "2012-12-31": "8.75000", "2011-12-31": "12.13600", "2010-12-31": "-0.44900"}, "Total Change In Assets/Liabilities": {"2019-12-31": "-16.04700", "2018-12-31": "-18.34800", "2017-12-31": "30.03000", "2016-12-31": "14.35800", "2015-12-31": "10.06000", "2014-12-31": "-13.08600", "2013-12-31": "20.78700", "2012-12-31": "4.26300", "2011-12-31": "39.58100", "2010-12-31": "0.76200"}, "Cash Flow From Operating Activities": {"2019-12-31": "355.21000", "2018-12-31": "294.37900", "2017-12-31": "309.56700", "2016-12-31": "254.35100", "2015-12-31": "239.89800", "2014-12-31": "181.21800", "2013-12-31": "160.58800", "2012-12-31": "84.43100", "2011-12-31": "52.38400", "2010-12-31": "22.22200"}, "Net Change In Property, Plant, And Equipment": {"2019-12-31": "-183.23200", "2018-12-31": "-177.08200", "2017-12-31": "-198.59400", "2016-12-31": "-180.31200", "2015-12-31": "-122.60500", "2014-12-31": "-126.77100", "2013-12-31": "-86.46300", "2012-12-31": "-36.82800", "2011-12-31": "-27.59400", "2010-12-31": "-17.05900"}, "Net Change In Intangible Assets": {"2019-12-31": "", "2018-12-31": "", "2017-12-31": "", "2016-12-31": "", "2015-12-31": "", "2014-12-31": "0.10000", "2013-12-31": "0.17200", "2012-12-31": "", "2011-12-31": "", "2010-12-31": ""}, "Net Acquisitions/Divestitures": {"2019-12-31": "", "2018-12-31": "", "2017-12-31": "", "2016-12-31": "", "2015-12-31": "", "2014-12-31": "", "2013-12-31": "", "2012-12-31": "-129.87500", "2011-12-31": "-232.91100", "2010-12-31": ""}, "Net Change In Short-term Investments": {"2019-12-31": "", "2018-12-31": "", "2017-12-31": "", "2016-12-31": "", "2015-12-31": "", "2014-12-31": "", "2013-12-31": "", "2012-12-31": "", "2011-12-31": "", "2010-12-31": ""}, "Net Change In Long-Term Investments": {"2019-12-31": "", "2018-12-31": "", "2017-12-31": "", "2016-12-31": "", "2015-12-31": "", "2014-12-31": "", "2013-12-31": "", "2012-12-31": "", "2011-12-31": "", "2010-12-31": ""}, "Net Change In Investments - Total": {"2019-12-31": "", "2018-12-31": "", "2017-12-31": "", "2016-12-31": "", "2015-12-31": "", "2014-12-31": "", "2013-12-31": "", "2012-12-31": "", "2011-12-31": "", "2010-12-31": ""}, "Investing Activities - Other": {"2019-12-31": "", "2018-12-31": "", "2017-12-31": "", "2016-12-31": "-0.49100", "2015-12-31": "-5.70700", "2014-12-31": "", "2013-12-31": "", "2012-12-31": "", "2011-12-31": "", "2010-12-31": ""}, "Cash Flow From Investing Activities": {"2019-12-31": "-183.23200", "2018-12-31": "-177.08200", "2017-12-31": "-198.59400", "2016-12-31": "-180.80300", "2015-12-31": "-128.31200", "2014-12-31": "-126.67100", "2013-12-31": "-86.29100", "2012-12-31": "-166.70300", "2011-12-31": "-260.50500", "2010-12-31": "-17.05900"}, "Net Long-Term Debt": {"2019-12-31": "-0.69000", "2018-12-31": "-4.51700", "2017-12-31": "-4.19200", "2016-12-31": "90.63600", "2015-12-31": "-265.39200", "2014-12-31": "-60.59100", "2013-12-31": "-137.00290", "2012-12-31": "126.85600", "2011-12-31": "292.24900", "2010-12-31": ""}, "Net Current Debt": {"2019-12-31": "85.00000", "2018-12-31": "105.00000", "2017-12-31": "93.00000", "2016-12-31": "", "2015-12-31": "160.00000", "2014-12-31": "", "2013-12-31": "", "2012-12-31": "", "2011-12-31": "", "2010-12-31": ""}, "Debt Issuance/Retirement Net - Total": {"2019-12-31": "84.31000", "2018-12-31": "100.48300", "2017-12-31": "88.80800", "2016-12-31": "90.63600", "2015-12-31": "-105.39200", "2014-12-31": "-60.59100", "2013-12-31": "-137.00290", "2012-12-31": "126.85600", "2011-12-31": "292.24900", "2010-12-31": ""}, "Net Common Equity Issued/Repurchased": {"2019-12-31": "-171.43200", "2018-12-31": "-236.46400", "2017-12-31": "-194.09200", "2016-12-31": "-291.52500", "2015-12-31": "-19.17000", "2014-12-31": "11.06700", "2013-12-31": "352.24300", "2012-12-31": "5.40100", "2011-12-31": "206.00000", "2010-12-31": ""}, "Net Total Equity Issued/Repurchased": {"2019-12-31": "-171.43200", "2018-12-31": "-236.46400", "2017-12-31": "-194.09200", "2016-12-31": "-291.52500", "2015-12-31": "-19.17000", "2014-12-31": "11.06700", "2013-12-31": "352.24300", "2012-12-31": "5.40100", "2011-12-31": "206.00000", "2010-12-31": ""}, "Total Common And Preferred Stock Dividends Paid": {"2019-12-31": "", "2018-12-31": "", "2017-12-31": "", "2016-12-31": "", "2015-12-31": "", "2014-12-31": "", "2013-12-31": "", "2012-12-31": "", "2011-12-31": "", "2010-12-31": ""}, "Financial Activities - Other": {"2019-12-31": "-0.31900", "2018-12-31": "1.45300", "2017-12-31": "1.32500", "2016-12-31": "3.73700", "2015-12-31": "18.53200", "2014-12-31": "47.83800", "2013-12-31": "-279.09600", "2012-12-31": "2.68400", "2011-12-31": "-280.50400", "2010-12-31": "-6.47700"}, "Cash Flow From Financial Activities": {"2019-12-31": "-87.44100", "2018-12-31": "-134.52800", "2017-12-31": "-103.95900", "2016-12-31": "-197.15200", "2015-12-31": "-106.03000", "2014-12-31": "-1.68600", "2013-12-31": "-63.85600", "2012-12-31": "134.94100", "2011-12-31": "217.74500", "2010-12-31": "-6.47700"}, "Net Cash Flow": {"2019-12-31": "84.53700", "2018-12-31": "-17.23100", "2017-12-31": "7.01400", "2016-12-31": "-123.60400", "2015-12-31": "5.55600", "2014-12-31": "52.86100", "2013-12-31": "10.44100", "2012-12-31": "52.66900", "2011-12-31": "9.62400", "2010-12-31": "-1.31400"}, "Stock-Based Compensation": {"2019-12-31": "8.94900", "2018-12-31": "14.51200", "2017-12-31": "14.22100", "2016-12-31": "13.39900", "2015-12-31": "8.01800", "2014-12-31": "5.35500", "2013-12-31": "5.78000", "2012-12-31": "4.65300", "2011-12-31": "3.77400", "2010-12-31": "0.11100"}, "Common Stock Dividends Paid": {"2019-12-31": "", "2018-12-31": "", "2017-12-31": "", "2016-12-31": "", "2015-12-31": "", "2014-12-31": "", "2013-12-31": "", "2012-12-31": "", "2011-12-31": "", "2010-12-31": ""}}, "cash flow statement, quarterly": {"Net Income/Loss": {"2020-09-30": 60.241, "2020-06-30": 67.002, "2020-03-31": "91.81000", "2019-12-31": 31.634, "2019-09-30": 26.26, "2019-06-30": 35.343, "2019-03-31": "56.39200", "2018-12-31": 12.703, "2018-09-30": 37.5, "2018-06-30": 41.709, "2018-03-31": "66.62400", "2017-12-31": 39.699, "2017-09-30": 31.486, "2017-06-30": 40.968, "2017-03-31": "46.28700", "2016-12-31": 17.005, "2016-09-30": 23.885, "2016-06-30": 37.209, "2016-03-31": "46.20700", "2015-12-31": 28.216, "2015-09-30": 31.986, "2015-06-30": 31.322, "2015-03-31": "37.46700", "2014-12-31": 17.743, "2014-09-30": 26.065, "2014-06-30": 30.151, "2014-03-31": "33.73300", "2013-12-31": 9.28, "2013-09-30": 11.461, "2013-06-30": 12.468, "2013-03-31": "18.11700", "2012-12-31": 3.341, "2012-09-30": 1.307, "2012-06-30": 5.306, "2012-03-31": "9.54600", "2011-12-31": -32.3, "2010-12-31": 4.86}, "Total Depreciation And Amortization - Cash Flow": {"2020-09-30": 56.511, "2020-06-30": 55.265, "2020-03-31": "54.73700", "2019-12-31": 50.849, "2019-09-30": 53.109, "2019-06-30": 49.962, "2019-03-31": "50.72600", "2018-12-31": 28.79, "2018-09-30": 28.13, "2018-06-30": 26.94, "2018-03-31": "26.88900", "2017-12-31": 25.765, "2017-09-30": 24.849, "2017-06-30": 23.635, "2017-03-31": "22.73800", "2016-12-31": 20.842, "2016-09-30": 21.3, "2016-06-30": 20.096, "2016-03-31": "18.94800", "2015-12-31": 18.629, "2015-09-30": 17.965, "2015-06-30": 17.125, "2015-03-31": "16.19200", "2014-12-31": 20.118, "2014-09-30": 14.882, "2014-06-30": 13.436, "2014-03-31": "13.42000", "2013-12-31": 12.798, "2013-09-30": 12.783, "2013-06-30": 12.334, "2013-03-31": "11.78400", "2012-12-31": 10.696, "2012-09-30": 11.079, "2012-06-30": 8.402, "2012-03-31": "8.18300", "2011-12-31": 42.03, "2010-12-31": 14.16}, "Other Non-Cash Items": {"2020-09-30": 3.825, "2020-06-30": 6.614, "2020-03-31": "1.86400", "2019-12-31": 12.349, "2019-09-30": -11.105, "2019-06-30": 6.391, "2019-03-31": "9.34700", "2018-12-31": 0.715, "2018-09-30": 15.647, "2018-06-30": 12.028, "2018-03-31": "15.05200", "2017-12-31": -10.448, "2017-09-30": 9.83, "2017-06-30": 13.34, "2017-03-31": "11.38800", "2016-12-31": 3.597, "2016-09-30": 10.756, "2016-06-30": 10.119, "2016-03-31": "10.02900", "2015-12-31": 16.016, "2015-09-30": 4.802, "2015-06-30": 6.968, "2015-03-31": "3.15000", "2014-12-31": 4.564, "2014-09-30": 5.095, "2014-06-30": 6.46, "2014-03-31": "8.63700", "2013-12-31": -3.555, "2013-09-30": 17.56, "2013-06-30": 12.732, "2013-03-31": "12.03900", "2012-12-31": 4.754, "2012-09-30": 4.569, "2012-06-30": 4.385, "2012-03-31": "8.59700", "2011-12-31": 0, "2010-12-31": 0}, "Total Non-Cash Items": {"2020-09-30": 60.336, "2020-06-30": 61.879, "2020-03-31": "56.60100", "2019-12-31": 63.198, "2019-09-30": 42.004, "2019-06-30": 56.353, "2019-03-31": "60.07300", "2018-12-31": 29.505, "2018-09-30": 43.777, "2018-06-30": 38.968, "2018-03-31": "41.94100", "2017-12-31": 15.317, "2017-09-30": 34.679, "2017-06-30": 36.975, "2017-03-31": "34.12600", "2016-12-31": 24.439, "2016-09-30": 32.056, "2016-06-30": 30.215, "2016-03-31": "28.97700", "2015-12-31": 34.645, "2015-09-30": 22.767, "2015-06-30": 24.093, "2015-03-31": "19.34200", "2014-12-31": 24.682, "2014-09-30": 19.977, "2014-06-30": 19.896, "2014-03-31": "22.05700", "2013-12-31": 9.243, "2013-09-30": 30.343, "2013-06-30": 25.066, "2013-03-31": "23.82300", "2012-12-31": -6.855, "2012-09-30": 15.648, "2012-06-30": 12.787, "2012-03-31": "16.78000", "2011-12-31": 42.03, "2010-12-31": 14.16}, "Change In Accounts Receivable": {"2020-09-30": -7.051, "2020-06-30": 1.771, "2020-03-31": "12.65200", "2019-12-31": 7.084, "2019-09-30": 8.6, "2019-06-30": 17.131, "2019-03-31": "3.24700", "2018-12-31": 2.633, "2018-09-30": -7.345, "2018-06-30": -0.997, "2018-03-31": "-1.95700", "2017-12-31": -6.58, "2017-09-30": -2.446, "2017-06-30": 3.893, "2017-03-31": "0.21300", "2016-12-31": -3.467, "2016-09-30": -4.351, "2016-06-30": -2.623, "2016-03-31": "5.63800", "2015-12-31": 5.528, "2015-09-30": -6.276, "2015-06-30": 7.021, "2015-03-31": "-11.89500", "2014-12-31": 0.23, "2014-09-30": -2.794, "2014-06-30": -0.657, "2014-03-31": "-1.20300", "2013-12-31": -0.8, "2013-09-30": 0.071, "2013-06-30": -1.119, "2013-03-31": "0.32700", "2012-12-31": -0.251, "2012-09-30": -1.528, "2012-06-30": -1.504, "2012-03-31": "0.42200", "2011-12-31": 0, "2010-12-31": 0}, "Change In Inventories": {"2020-09-30": -1.903, "2020-06-30": -2.16, "2020-03-31": "22.78700", "2019-12-31": 9.736, "2019-09-30": -16.252, "2019-06-30": -11.596, "2019-03-31": "6.50000", "2018-12-31": -11.321, "2018-09-30": -2.481, "2018-06-30": -10.953, "2018-03-31": "-10.06900", "2017-12-31": -7.327, "2017-09-30": -3.812, "2017-06-30": -14.136, "2017-03-31": "0.19600", "2016-12-31": -9.246, "2016-09-30": -6.053, "2016-06-30": -16.612, "2016-03-31": "-7.11900", "2015-12-31": -3.645, "2015-09-30": -3.61, "2015-06-30": -9.426, "2015-03-31": "-5.96000", "2014-12-31": -2.689, "2014-09-30": -5.449, "2014-06-30": -13.201, "2014-03-31": "-3.19800", "2013-12-31": -3.492, "2013-09-30": -5.622, "2013-06-30": -6.843, "2013-03-31": "-3.91800", "2012-12-31": -2.732, "2012-09-30": 6.352, "2012-06-30": -1.198, "2012-03-31": "-3.86400", "2011-12-31": 0, "2010-12-31": 0}, "Change In Accounts Payable": {"2020-09-30": -0.748, "2020-06-30": -34.115, "2020-03-31": "80.66900", "2019-12-31": -35.248, "2019-09-30": 3.958, "2019-06-30": 65.52, "2019-03-31": "-5.53100", "2018-12-31": 1.126, "2018-09-30": -7.139, "2018-06-30": -8.258, "2018-03-31": "18.63700", "2017-12-31": 3.287, "2017-09-30": 10.961, "2017-06-30": -6.551, "2017-03-31": "31.54700", "2016-12-31": -1.932, "2016-09-30": -0.718, "2016-06-30": 9.19, "2016-03-31": "15.57800", "2015-12-31": -1.859, "2015-09-30": 2.114, "2015-06-30": -2.947, "2015-03-31": "29.47400", "2014-12-31": -11.815, "2014-09-30": -26.918, "2014-06-30": 11.092, "2014-03-31": "22.92000", "2013-12-31": -7.812, "2013-09-30": 11.425, "2013-06-30": 2.864, "2013-03-31": "25.51900", "2012-12-31": -11.594, "2012-09-30": -6.684, "2012-06-30": 1.265, "2012-03-31": "12.34000", "2011-12-31": 0, "2010-12-31": 0}, "Change In Assets/Liabilities": {"2020-09-30": -26.883, "2020-06-30": -22.448, "2020-03-31": "-35.82900", "2019-12-31": -12.128, "2019-09-30": -3.386, "2019-06-30": -31.185, "2019-03-31": "-22.79200", "2018-12-31": 19.098, "2018-09-30": -4.978, "2018-06-30": 1.311, "2018-03-31": "1.30600", "2017-12-31": 1.798, "2017-09-30": 1.909, "2017-06-30": 0.504, "2017-03-31": "3.81000", "2016-12-31": 21.652, "2016-09-30": 1.566, "2016-06-30": 2.084, "2016-03-31": "8.62900", "2015-12-31": -9.729, "2015-09-30": 8.018, "2015-06-30": 9.473, "2015-03-31": "2.74900", "2014-12-31": -4.872, "2014-09-30": -5.204, "2014-06-30": 10.378, "2014-03-31": "4.46800", "2013-12-31": 7.75, "2013-09-30": -11.438, "2013-06-30": 3.339, "2013-03-31": "4.24900", "2012-12-31": 1.921, "2012-09-30": 0.699, "2012-06-30": 2.728, "2012-03-31": "3.40200", "2011-12-31": 0, "2010-12-31": 0}, "Total Change In Assets/Liabilities": {"2020-09-30": -103.661, "2020-06-30": -12.605, "2020-03-31": "128.66100", "2019-12-31": -62.934, "2019-09-30": 5.863, "2019-06-30": 44.884, "2019-03-31": "-3.86000", "2018-12-31": 16.705, "2018-09-30": -16.919, "2018-06-30": -14.056, "2018-03-31": "-4.07800", "2017-12-31": -4.418, "2017-09-30": 12.921, "2017-06-30": -12.597, "2017-03-31": "34.12400", "2016-12-31": 16.87, "2016-09-30": -7.844, "2016-06-30": -17.431, "2016-03-31": "22.76300", "2015-12-31": -2.054, "2015-09-30": 3.398, "2015-06-30": -2.559, "2015-03-31": "11.27500", "2014-12-31": -12.508, "2014-09-30": -32.63, "2014-06-30": 11.576, "2014-03-31": "20.47600", "2013-12-31": 3.761, "2013-09-30": -0.049, "2013-06-30": -4.409, "2013-03-31": "21.48400", "2012-12-31": -16.861, "2012-09-30": 3.409, "2012-06-30": 6.616, "2012-03-31": "11.09600", "2011-12-31": 38.82, "2010-12-31": 0.76}, "Cash Flow From Operating Activities": {"2020-09-30": 16.916, "2020-06-30": 116.276, "2020-03-31": "277.07200", "2019-12-31": 31.898, "2019-09-30": 74.127, "2019-06-30": 136.58, "2019-03-31": "112.60500", "2018-12-31": 58.913, "2018-09-30": 64.358, "2018-06-30": 66.621, "2018-03-31": "104.48700", "2017-12-31": 50.598, "2017-09-30": 79.086, "2017-06-30": 65.346, "2017-03-31": "114.53700", "2016-12-31": 58.314, "2016-09-30": 48.097, "2016-06-30": 49.993, "2016-03-31": "97.94700", "2015-12-31": 60.807, "2015-09-30": 58.151, "2015-06-30": 52.856, "2015-03-31": "68.08400", "2014-12-31": 29.917, "2014-09-30": 13.412, "2014-06-30": 61.623, "2014-03-31": "76.26600", "2013-12-31": 22.284, "2013-09-30": 41.755, "2013-06-30": 33.125, "2013-03-31": "63.42400", "2012-12-31": 1.935, "2012-09-30": 20.364, "2012-06-30": 24.709, "2012-03-31": "37.42200", "2011-12-31": 30.16, "2010-12-31": 22.22}, "Net Change In Property, Plant, And Equipment": {"2020-09-30": -31.303, "2020-06-30": -36.535, "2020-03-31": "-28.03600", "2019-12-31": -36.752, "2019-09-30": -53.066, "2019-06-30": -63.272, "2019-03-31": "-30.14200", "2018-12-31": -28.65, "2018-09-30": -44.497, "2018-06-30": -59.777, "2018-03-31": "-44.15800", "2017-12-31": -40.165, "2017-09-30": -40.706, "2017-06-30": -60.548, "2017-03-31": "-57.17500", "2016-12-31": -38.403, "2016-09-30": -57.49, "2016-06-30": -51.081, "2016-03-31": "-33.33800", "2015-12-31": -25.264, "2015-09-30": -22.802, "2015-06-30": -40.784, "2015-03-31": "-33.75500", "2014-12-31": -30.904, "2014-09-30": -38.189, "2014-06-30": -39.489, "2014-03-31": "-18.18900", "2013-12-31": -11.688, "2013-09-30": -23.101, "2013-06-30": -24.245, "2013-03-31": "-27.42900", "2012-12-31": -17.829, "2012-09-30": -13.847, "2012-06-30": 6.17, "2012-03-31": "-11.31400", "2011-12-31": -10.89, "2010-12-31": -16.68}, "Net Change In Intangible Assets": {"2020-09-30": 0, "2020-06-30": 0, "2020-03-31": "", "2019-12-31": 0, "2019-09-30": 0, "2019-06-30": 0, "2019-03-31": "", "2018-12-31": 0, "2018-09-30": 0, "2018-06-30": 0, "2018-03-31": "", "2017-12-31": 0, "2017-09-30": 0, "2017-06-30": 0, "2017-03-31": "", "2016-12-31": 0, "2016-09-30": 0, "2016-06-30": 0, "2016-03-31": "", "2015-12-31": 0, "2015-09-30": 0, "2015-06-30": 0, "2015-03-31": "", "2014-12-31": 0.1, "2014-09-30": 0, "2014-06-30": 0, "2014-03-31": "", "2013-12-31": 0, "2013-09-30": 0, "2013-06-30": 0.033, "2013-03-31": "0.13900", "2012-12-31": 0, "2012-09-30": 0, "2012-06-30": 0, "2012-03-31": "", "2011-12-31": 0, "2010-12-31": 0}, "Net Acquisitions/Divestitures": {"2020-09-30": 0, "2020-06-30": 0, "2020-03-31": "", "2019-12-31": 0, "2019-09-30": 0, "2019-06-30": 0, "2019-03-31": "", "2018-12-31": 0, "2018-09-30": 0, "2018-06-30": 0, "2018-03-31": "", "2017-12-31": 0, "2017-09-30": 0, "2017-06-30": 0, "2017-03-31": "", "2016-12-31": 0, "2016-09-30": 0, "2016-06-30": 0, "2016-03-31": "", "2015-12-31": 0, "2015-09-30": 0, "2015-06-30": 0, "2015-03-31": "", "2014-12-31": 0, "2014-09-30": 0, "2014-06-30": 0, "2014-03-31": "", "2013-12-31": 0, "2013-09-30": 0, "2013-06-30": 0, "2013-03-31": "", "2012-12-31": 0.304, "2012-09-30": 0, "2012-06-30": -130.174, "2012-03-31": "", "2011-12-31": -232.91, "2010-12-31": 0}, "Net Change In Short-term Investments": {"2020-09-30": 0, "2020-06-30": 0, "2020-03-31": "", "2019-12-31": 0, "2019-09-30": 0, "2019-06-30": 0, "2019-03-31": "", "2018-12-31": 0, "2018-09-30": 0, "2018-06-30": 0, "2018-03-31": "", "2017-12-31": 0, "2017-09-30": 0, "2017-06-30": 0, "2017-03-31": "", "2016-12-31": 0, "2016-09-30": 0, "2016-06-30": 0, "2016-03-31": "", "2015-12-31": 0, "2015-09-30": 0, "2015-06-30": 0, "2015-03-31": "", "2014-12-31": 0, "2014-09-30": 0, "2014-06-30": 0, "2014-03-31": "", "2013-12-31": 0, "2013-09-30": 0, "2013-06-30": 0, "2013-03-31": "", "2012-12-31": 0, "2012-09-30": 0, "2012-06-30": 0, "2012-03-31": "", "2011-12-31": 0, "2010-12-31": 0}, "Net Change In Long-Term Investments": {"2020-09-30": 0, "2020-06-30": 0, "2020-03-31": "", "2019-12-31": 0, "2019-09-30": 0, "2019-06-30": 0, "2019-03-31": "", "2018-12-31": 0, "2018-09-30": 0, "2018-06-30": 0, "2018-03-31": "", "2017-12-31": 0, "2017-09-30": 0, "2017-06-30": 0, "2017-03-31": "", "2016-12-31": 0, "2016-09-30": 0, "2016-06-30": 0, "2016-03-31": "", "2015-12-31": 0, "2015-09-30": 0, "2015-06-30": 0, "2015-03-31": "", "2014-12-31": 0, "2014-09-30": 0, "2014-06-30": 0, "2014-03-31": "", "2013-12-31": 0, "2013-09-30": 0, "2013-06-30": 0, "2013-03-31": "", "2012-12-31": 0, "2012-09-30": 0, "2012-06-30": 0, "2012-03-31": "", "2011-12-31": 0, "2010-12-31": 0}, "Net Change In Investments - Total": {"2020-09-30": 0, "2020-06-30": 0, "2020-03-31": "", "2019-12-31": 0, "2019-09-30": 0, "2019-06-30": 0, "2019-03-31": "", "2018-12-31": 0, "2018-09-30": 0, "2018-06-30": 0, "2018-03-31": "", "2017-12-31": 0, "2017-09-30": 0, "2017-06-30": 0, "2017-03-31": "", "2016-12-31": 0, "2016-09-30": 0, "2016-06-30": 0, "2016-03-31": "", "2015-12-31": 0, "2015-09-30": 0, "2015-06-30": 0, "2015-03-31": "", "2014-12-31": 0, "2014-09-30": 0, "2014-06-30": 0, "2014-03-31": "", "2013-12-31": 0, "2013-09-30": 0, "2013-06-30": 0, "2013-03-31": "", "2012-12-31": 0, "2012-09-30": 0, "2012-06-30": 0, "2012-03-31": "", "2011-12-31": 0, "2010-12-31": 0}, "Investing Activities - Other": {"2020-09-30": 0, "2020-06-30": 0, "2020-03-31": "", "2019-12-31": 0, "2019-09-30": 0, "2019-06-30": 0, "2019-03-31": "", "2018-12-31": 0, "2018-09-30": 0, "2018-06-30": 0, "2018-03-31": "", "2017-12-31": 0, "2017-09-30": 0, "2017-06-30": 0, "2017-03-31": "", "2016-12-31": 0, "2016-09-30": 0, "2016-06-30": -0.353, "2016-03-31": "-0.13800", "2015-12-31": -5.707, "2015-09-30": 0, "2015-06-30": 0, "2015-03-31": "", "2014-12-31": 0, "2014-09-30": 0, "2014-06-30": 0, "2014-03-31": "", "2013-12-31": 0, "2013-09-30": 0, "2013-06-30": 0, "2013-03-31": "", "2012-12-31": 0, "2012-09-30": 0, "2012-06-30": 0, "2012-03-31": "", "2011-12-31": 0.35, "2010-12-31": -0.37}, "Cash Flow From Investing Activities": {"2020-09-30": -31.303, "2020-06-30": -36.535, "2020-03-31": "-28.03600", "2019-12-31": -36.752, "2019-09-30": -53.066, "2019-06-30": -63.272, "2019-03-31": "-30.14200", "2018-12-31": -28.65, "2018-09-30": -44.497, "2018-06-30": -59.777, "2018-03-31": "-44.15800", "2017-12-31": -40.165, "2017-09-30": -40.706, "2017-06-30": -60.548, "2017-03-31": "-57.17500", "2016-12-31": -38.403, "2016-09-30": -57.49, "2016-06-30": -51.434, "2016-03-31": "-33.47600", "2015-12-31": -30.971, "2015-09-30": -22.802, "2015-06-30": -40.784, "2015-03-31": "-33.75500", "2014-12-31": -30.804, "2014-09-30": -38.189, "2014-06-30": -39.489, "2014-03-31": "-18.18900", "2013-12-31": -11.688, "2013-09-30": -23.101, "2013-06-30": -24.212, "2013-03-31": "-27.29000", "2012-12-31": -17.535, "2012-09-30": -13.847, "2012-06-30": -124.004, "2012-03-31": "-11.31400", "2011-12-31": -243.45, "2010-12-31": -17.05}, "Net Long-Term Debt": {"2020-09-30": -0.163, "2020-06-30": -0.157, "2020-03-31": "-0.15400", "2019-12-31": -0.154, "2019-09-30": -0.211, "2019-06-30": -0.139, "2019-03-31": "-0.18600", "2018-12-31": -1.168, "2018-09-30": -1.214, "2018-06-30": -1.096, "2018-03-31": "-1.03900", "2017-12-31": -1.139, "2017-09-30": -0.985, "2017-06-30": -0.975, "2017-03-31": "-1.09300", "2016-12-31": 93.78, "2016-09-30": -1.014, "2016-06-30": -1.052, "2016-03-31": "-1.07800", "2015-12-31": -1.075, "2015-09-30": -1.051, "2015-06-30": -260.519, "2015-03-31": "-2.74700", "2014-12-31": -2.729, "2014-09-30": -52.695, "2014-06-30": -2.56, "2014-03-31": "-2.60700", "2013-12-31": -42.5909, "2013-09-30": -340.798, "2013-06-30": 249.994, "2013-03-31": "-3.60800", "2012-12-31": -0.923, "2012-09-30": -1.608, "2012-06-30": 130.672, "2012-03-31": "-1.28500", "2011-12-31": 0, "2010-12-31": 0}, "Net Current Debt": {"2020-09-30": -176, "2020-06-30": 0, "2020-03-31": "-87.00000", "2019-12-31": 23, "2019-09-30": 0, "2019-06-30": 15, "2019-03-31": "47.00000", "2018-12-31": 18, "2018-09-30": -23, "2018-06-30": 90, "2018-03-31": "20.00000", "2017-12-31": -1, "2017-09-30": 39, "2017-06-30": 25, "2017-03-31": "30.00000", "2016-12-31": -45, "2016-09-30": 45, "2016-06-30": 0, "2016-03-31": "", "2015-12-31": 0, "2015-09-30": 0, "2015-06-30": 160, "2015-03-31": "", "2014-12-31": 0, "2014-09-30": 0, "2014-06-30": 0, "2014-03-31": "", "2013-12-31": 0, "2013-09-30": 0, "2013-06-30": 0, "2013-03-31": "", "2012-12-31": 0, "2012-09-30": 0, "2012-06-30": 0, "2012-03-31": "", "2011-12-31": 0, "2010-12-31": 0}, "Debt Issuance/Retirement Net - Total": {"2020-09-30": -176.163, "2020-06-30": -0.157, "2020-03-31": "-87.15400", "2019-12-31": 22.846, "2019-09-30": -0.211, "2019-06-30": 14.861, "2019-03-31": "46.81400", "2018-12-31": 16.832, "2018-09-30": -24.214, "2018-06-30": 88.904, "2018-03-31": "18.96100", "2017-12-31": -2.139, "2017-09-30": 38.015, "2017-06-30": 24.025, "2017-03-31": "28.90700", "2016-12-31": 48.78, "2016-09-30": 43.986, "2016-06-30": -1.052, "2016-03-31": "-1.07800", "2015-12-31": -1.075, "2015-09-30": -1.051, "2015-06-30": -100.519, "2015-03-31": "-2.74700", "2014-12-31": -2.729, "2014-09-30": -52.695, "2014-06-30": -2.56, "2014-03-31": "-2.60700", "2013-12-31": -42.5909, "2013-09-30": -340.798, "2013-06-30": 249.994, "2013-03-31": "-3.60800", "2012-12-31": -35.929, "2012-09-30": -1.608, "2012-06-30": 130.672, "2012-03-31": "-1.28500", "2011-12-31": 292.24, "2010-12-31": 0}, "Net Common Equity Issued/Repurchased": {"2020-09-30": 0, "2020-06-30": 1.343, "2020-03-31": "", "2019-12-31": -12.605, "2019-09-30": 0.365, "2019-06-30": -48.968, "2019-03-31": "-110.22400", "2018-12-31": -64.208, "2018-09-30": 5.744, "2018-06-30": -101.877, "2018-03-31": "-76.12300", "2017-12-31": -8.732, "2017-09-30": -71.292, "2017-06-30": -36.36, "2017-03-31": "-77.70800", "2016-12-31": -106.305, "2016-09-30": -63.008, "2016-06-30": -64.837, "2016-03-31": "-57.37500", "2015-12-31": -25.536, "2015-09-30": 0.148, "2015-06-30": 2.793, "2015-03-31": "3.42500", "2014-12-31": 3.462, "2014-09-30": 2.819, "2014-06-30": 4.22, "2014-03-31": "0.56600", "2013-12-31": 3.964, "2013-09-30": 348.317, "2013-06-30": -0.113, "2013-03-31": "0.07500", "2012-12-31": -0.148, "2012-09-30": 0.549, "2012-06-30": 5, "2012-03-31": "", "2011-12-31": 0, "2010-12-31": 0}, "Net Total Equity Issued/Repurchased": {"2020-09-30": 0, "2020-06-30": 1.343, "2020-03-31": "", "2019-12-31": -12.605, "2019-09-30": 0.365, "2019-06-30": -48.968, "2019-03-31": "-110.22400", "2018-12-31": -64.208, "2018-09-30": 5.744, "2018-06-30": -101.877, "2018-03-31": "-76.12300", "2017-12-31": -8.732, "2017-09-30": -71.292, "2017-06-30": -36.36, "2017-03-31": "-77.70800", "2016-12-31": -106.305, "2016-09-30": -63.008, "2016-06-30": -64.837, "2016-03-31": "-57.37500", "2015-12-31": -25.536, "2015-09-30": 0.148, "2015-06-30": 2.793, "2015-03-31": "3.42500", "2014-12-31": 3.462, "2014-09-30": 2.819, "2014-06-30": 4.22, "2014-03-31": "0.56600", "2013-12-31": 3.964, "2013-09-30": 348.317, "2013-06-30": -0.113, "2013-03-31": "0.07500", "2012-12-31": 34.851, "2012-09-30": 0.549, "2012-06-30": 5, "2012-03-31": "", "2011-12-31": 206, "2010-12-31": 0}, "Total Common And Preferred Stock Dividends Paid": {"2020-09-30": 0, "2020-06-30": 0, "2020-03-31": "", "2019-12-31": 0, "2019-09-30": 0, "2019-06-30": 0, "2019-03-31": "", "2018-12-31": 0, "2018-09-30": 0, "2018-06-30": 0, "2018-03-31": "", "2017-12-31": 0, "2017-09-30": 0, "2017-06-30": 0, "2017-03-31": "", "2016-12-31": 0, "2016-09-30": 0, "2016-06-30": 0, "2016-03-31": "", "2015-12-31": 0, "2015-09-30": 0, "2015-06-30": 0, "2015-03-31": "", "2014-12-31": 0, "2014-09-30": 0, "2014-06-30": 0, "2014-03-31": "", "2013-12-31": 0, "2013-09-30": 0, "2013-06-30": 0, "2013-03-31": "", "2012-12-31": 0, "2012-09-30": 0, "2012-06-30": 0, "2012-03-31": "", "2011-12-31": 0, "2010-12-31": 0}, "Financial Activities - Other": {"2020-09-30": 0, "2020-06-30": 0, "2020-03-31": "", "2019-12-31": 0.001, "2019-09-30": -0.001, "2019-06-30": 0, "2019-03-31": "-0.31900", "2018-12-31": 1.53, "2018-09-30": -6.734, "2018-06-30": 7.947, "2018-03-31": "-1.29000", "2017-12-31": 1.025, "2017-09-30": -1.025, "2017-06-30": 1.025, "2017-03-31": "0.30000", "2016-12-31": -0.211, "2016-09-30": 0.261, "2016-06-30": 0.124, "2016-03-31": "3.56300", "2015-12-31": 0.844, "2015-09-30": 0.296, "2015-06-30": 5.193, "2015-03-31": "12.19900", "2014-12-31": 12.22, "2014-09-30": 8.827, "2014-06-30": 11.431, "2014-03-31": "15.36000", "2013-12-31": 13.948, "2013-09-30": -0.066, "2013-06-30": -293.961, "2013-03-31": "0.98300", "2012-12-31": 2.554, "2012-09-30": 0, "2012-06-30": -2.125, "2012-03-31": "2.25100", "2011-12-31": -274.03, "2010-12-31": -6.47}, "Cash Flow From Financial Activities": {"2020-09-30": -176.163, "2020-06-30": 1.186, "2020-03-31": "-87.15400", "2019-12-31": 10.242, "2019-09-30": 0.153, "2019-06-30": -34.107, "2019-03-31": "-63.72900", "2018-12-31": -45.846, "2018-09-30": -25.204, "2018-06-30": -5.026, "2018-03-31": "-58.45200", "2017-12-31": -9.846, "2017-09-30": -34.302, "2017-06-30": -11.31, "2017-03-31": "-48.50100", "2016-12-31": -57.736, "2016-09-30": -18.761, "2016-06-30": -65.765, "2016-03-31": "-54.89000", "2015-12-31": -25.767, "2015-09-30": -0.607, "2015-06-30": -92.533, "2015-03-31": "12.87700", "2014-12-31": 12.953, "2014-09-30": -41.049, "2014-06-30": 13.091, "2014-03-31": "13.31900", "2013-12-31": -24.679, "2013-09-30": 7.453, "2013-06-30": -44.08, "2013-03-31": "-2.55000", "2012-12-31": 1.486, "2012-09-30": -1.059, "2012-06-30": 133.547, "2012-03-31": "0.96600", "2011-12-31": 224.21, "2010-12-31": -6.47}, "Net Cash Flow": {"2020-09-30": -190.55, "2020-06-30": 80.927, "2020-03-31": "161.88200", "2019-12-31": 5.388, "2019-09-30": 21.214, "2019-06-30": 39.201, "2019-03-31": "18.73400", "2018-12-31": -15.583, "2018-09-30": -5.343, "2018-06-30": 1.818, "2018-03-31": "1.87700", "2017-12-31": 0.587, "2017-09-30": 4.078, "2017-06-30": -6.512, "2017-03-31": "8.86100", "2016-12-31": -37.825, "2016-09-30": -28.154, "2016-06-30": -67.206, "2016-03-31": "9.58100", "2015-12-31": 4.069, "2015-09-30": 34.742, "2015-06-30": -80.461, "2015-03-31": "47.20600", "2014-12-31": 12.066, "2014-09-30": -65.826, "2014-06-30": 35.225, "2014-03-31": "71.39600", "2013-12-31": -14.083, "2013-09-30": 26.107, "2013-06-30": -35.167, "2013-03-31": "33.58400", "2012-12-31": -14.124, "2012-09-30": 5.458, "2012-06-30": 34.252, "2012-03-31": "27.07400", "2011-12-31": 10.93, "2010-12-31": -1.31}, "Stock-Based Compensation": {"2020-09-30": 3.673, "2020-06-30": 4.327, "2020-03-31": "2.40000", "2019-12-31": 2.048, "2019-09-30": 2.71, "2019-06-30": 1.741, "2019-03-31": "2.45000", "2018-12-31": 2.839, "2018-09-30": 3.043, "2018-06-30": 4.662, "2018-03-31": "3.96800", "2017-12-31": 3.896, "2017-09-30": 4.086, "2017-06-30": 3.793, "2017-03-31": "2.44600", "2016-12-31": 3.077, "2016-09-30": 3.997, "2016-06-30": 3.669, "2016-03-31": "2.65600", "2015-12-31": 3.242, "2015-09-30": 2.342, "2015-06-30": 1.292, "2015-03-31": "1.14200", "2014-12-31": 1.161, "2014-09-30": 1.199, "2014-06-30": 1.588, "2014-03-31": "1.40700", "2013-12-31": 1.495, "2013-09-30": 1.62, "2013-06-30": 1.616, "2013-03-31": "1.04900", "2012-12-31": 1.705, "2012-09-30": 1.289, "2012-06-30": 0.838, "2012-03-31": "0.82100", "2011-12-31": 0, "2010-12-31": 0}, "Common Stock Dividends Paid": {"2020-09-30": 0, "2020-06-30": 0, "2020-03-31": "", "2019-12-31": 0, "2019-09-30": 0, "2019-06-30": 0, "2019-03-31": "", "2018-12-31": 0, "2018-09-30": 0, "2018-06-30": 0, "2018-03-31": "", "2017-12-31": 0, "2017-09-30": 0, "2017-06-30": 0, "2017-03-31": "", "2016-12-31": 0, "2016-09-30": 0, "2016-06-30": 0, "2016-03-31": "", "2015-12-31": 0, "2015-09-30": 0, "2015-06-30": 0, "2015-03-31": "", "2014-12-31": 0, "2014-09-30": 0, "2014-06-30": 0, "2014-03-31": "", "2013-12-31": 0, "2013-09-30": 0, "2013-06-30": 0, "2013-03-31": "", "2012-12-31": 0, "2012-09-30": 0, "2012-06-30": 0, "2012-03-31": "", "2011-12-31": 0, "2010-12-31": 0}}, "financial ratios": {"Current Ratio": {"2019-12-31": "0.93050", "2018-12-31": "1.07690", "2017-12-31": "0.99930", "2016-12-31": "1.01880", "2015-12-31": "1.49820", "2014-12-31": "1.51300", "2013-12-31": "1.31890", "2012-12-31": "1.48430", "2011-12-31": "1.14150", "2010-12-31": ""}, "Long-term Debt / Capital": {"2019-12-31": "0.48560", "2018-12-31": "0.49290", "2017-12-31": "0.42120", "2016-12-31": "0.35620", "2015-12-31": "0.25080", "2014-12-31": "0.35070", "2013-12-31": "0.45070", "2012-12-31": "0.57770", "2011-12-31": "0.57870", "2010-12-31": ""}, "Debt/Equity Ratio": {"2019-12-31": "0.94540", "2018-12-31": "0.98450", "2017-12-31": "0.74190", "2016-12-31": "0.57180", "2015-12-31": "0.35290", "2014-12-31": "0.59390", "2013-12-31": "0.83850", "2012-12-31": "1.38120", "2011-12-31": "1.38410", "2010-12-31": ""}, "Gross Margin": {"2019-12-31": "33.62690", "2018-12-31": "33.55800", "2017-12-31": "33.59400", "2016-12-31": "33.69550", "2015-12-31": "29.26860", "2014-12-31": "29.83070", "2013-12-31": "29.74950", "2012-12-31": "29.54660", "2011-12-31": "28.12010", "2010-12-31": "28.99850"}, "Operating Margin": {"2019-12-31": "3.85740", "2018-12-31": "4.28070", "2017-12-31": "4.84650", "2016-12-31": "5.26230", "2015-12-31": "6.36660", "2014-12-31": "6.73010", "2013-12-31": "5.72230", "2012-12-31": "3.93830", "2011-12-31": "-2.32580", "2010-12-31": "1.65760"}, "EBIT Margin": {"2019-12-31": "3.85740", "2018-12-31": "4.28070", "2017-12-31": "4.84650", "2016-12-31": "5.26230", "2015-12-31": "6.36660", "2014-12-31": "6.73010", "2013-12-31": "5.72230", "2012-12-31": "3.93830", "2011-12-31": "-2.32580", "2010-12-31": "1.65760"}, "EBITDA Margin": {"2019-12-31": "7.48920", "2018-12-31": "6.40750", "2017-12-31": "6.92570", "2016-12-31": "7.26870", "2015-12-31": "8.31230", "2014-12-31": "8.81460", "2013-12-31": "7.76090", "2012-12-31": "6.07570", "2011-12-31": "2.75530", "2010-12-31": "4.39810"}, "Pre-Tax Profit Margin": {"2019-12-31": "3.48130", "2018-12-31": "3.76000", "2017-12-31": "4.40590", "2016-12-31": "4.90790", "2015-12-31": "5.73310", "2014-12-31": "5.86720", "2013-12-31": "3.44830", "2012-12-31": "1.93710", "2011-12-31": "-4.08510", "2010-12-31": "1.58300"}, "Net Profit Margin": {"2019-12-31": "2.65540", "2018-12-31": "3.04450", "2017-12-31": "3.39660", "2016-12-31": "3.07200", "2015-12-31": "3.59000", "2014-12-31": "3.62910", "2013-12-31": "2.10530", "2012-12-31": "1.08650", "2011-12-31": "-2.48170", "2010-12-31": "0.94060"}, "Asset Turnover": {"2019-12-31": "2.06940", "2018-12-31": "3.10770", "2017-12-31": "2.94930", "2016-12-31": "2.81020", "2015-12-31": "2.51900", "2014-12-31": "2.16750", "2013-12-31": "2.07940", "2012-12-31": "1.62690", "2011-12-31": "1.45200", "2010-12-31": ""}, "Inventory Turnover Ratio": {"2019-12-31": "13.55180", "2018-12-31": "13.08740", "2017-12-31": "13.49460", "2016-12-31": "13.12180", "2015-12-31": "15.36200", "2014-12-31": "14.58210", "2013-12-31": "14.48250", "2012-12-31": "12.85310", "2011-12-31": "12.49500", "2010-12-31": ""}, "Receiveable Turnover": {"2019-12-31": "358.60970", "2018-12-31": "128.37330", "2017-12-31": "180.14950", "2016-12-31": "160.39260", "2015-12-31": "175.92200", "2014-12-31": "210.59000", "2013-12-31": "255.97550", "2012-12-31": "213.28850", "2011-12-31": "293.88230", "2010-12-31": ""}, "Days Sales In Receivables": {"2019-12-31": "1.01780", "2018-12-31": "2.84330", "2017-12-31": "2.02610", "2016-12-31": "2.27570", "2015-12-31": "2.07480", "2014-12-31": "1.73320", "2013-12-31": "1.42590", "2012-12-31": "1.71130", "2011-12-31": "1.24200", "2010-12-31": ""}, "ROE - Return On Equity": {"2019-12-31": "25.71160", "2018-12-31": "26.90720", "2017-12-31": "24.34940", "2016-12-31": "18.47290", "2015-12-31": "15.67340", "2014-12-31": "15.71250", "2013-12-31": "9.99010", "2012-12-31": "5.04200", "2011-12-31": "-10.26160", "2010-12-31": ""}, "Return On Tangible Equity": {"2019-12-31": "525.40340", "2018-12-31": "602.45350", "2017-12-31": "183.35630", "2016-12-31": "115.93230", "2015-12-31": "50.32560", "2014-12-31": "87.45850", "2013-12-31": "-103.11830", "2012-12-31": "-10.94920", "2011-12-31": "22.42810", "2010-12-31": ""}, "ROA - Return On Assets": {"2019-12-31": "5.49500", "2018-12-31": "9.46140", "2017-12-31": "10.01770", "2016-12-31": "8.63300", "2015-12-31": "9.04330", "2014-12-31": "7.86610", "2013-12-31": "4.37780", "2012-12-31": "1.76750", "2011-12-31": "-3.60340", "2010-12-31": ""}, "ROI - Return On Investment": {"2019-12-31": "13.22550", "2018-12-31": "13.64530", "2017-12-31": "14.09380", "2016-12-31": "11.89220", "2015-12-31": "11.74260", "2014-12-31": "10.20230", "2013-12-31": "5.48730", "2012-12-31": "2.12940", "2011-12-31": "-4.32340", "2010-12-31": ""}, "Book Value Per Share": {"2019-12-31": "4.95090", "2018-12-31": "4.71450", "2017-12-31": "4.89890", "2016-12-31": "4.79770", "2015-12-31": "5.39390", "2014-12-31": "4.51410", "2013-12-31": "3.48050", "2012-12-31": "3.07050", "2011-12-31": "2.43140", "2010-12-31": ""}, "Operating Cash Flow Per Share": {"2019-12-31": 0.6981, "2018-12-31": 0.0233, "2017-12-31": 0.5455, "2016-12-31": 0.1606, "2015-12-31": 0.3648, "2014-12-31": 0.0252, "2013-12-31": 0.4557, "2012-12-31": 0.153, "2011-12-31": 0.195, "2010-12-31": 0.3453}, "Free Cash Flow Per Share": {"2019-12-31": 0.5324, "2018-12-31": 0.099, "2017-12-31": 0.3101, "2016-12-31": -0.2578, "2015-12-31": 0.3997, "2014-12-31": -0.1776, "2013-12-31": 0.1395, "2012-12-31": 0.1352, "2011-12-31": 0.1755, "2010-12-31": 0.0802}}, "financial ratios, quarterly": {"Current Ratio": {"2020-09-30": "0.85950", "2020-06-30": "1.07000", "2020-03-31": "0.96970", "2019-12-31": "0.93050", "2019-09-30": "0.87260", "2019-06-30": "0.84530", "2019-03-31": "0.88210", "2018-12-31": "1.07690", "2018-09-30": "1.15370", "2018-06-30": "1.03660", "2018-03-31": "0.99710", "2017-12-31": "0.99930", "2017-09-30": "0.99920", "2017-06-30": "0.98070", "2017-03-31": "0.91130", "2016-12-31": "1.01880", "2016-09-30": "1.19110", "2016-06-30": "1.20480", "2016-03-31": "1.43490", "2015-12-31": "1.49820", "2015-09-30": "1.66150", "2015-06-30": "1.52330", "2015-03-31": "1.75140", "2014-12-31": "1.51300", "2014-09-30": "1.45960", "2014-06-30": "1.50190", "2014-03-31": "1.44420", "2013-12-31": "1.31890", "2013-09-30": "1.38370", "2013-06-30": "1.24460", "2013-03-31": "1.52260", "2012-12-31": "1.48430", "2012-09-30": "", "2012-06-30": "", "2012-03-31": "", "2011-12-31": "", "2010-12-31": ""}, "Long-term Debt / Capital": {"2020-09-30": "0.26120", "2020-06-30": "0.38330", "2020-03-31": "0.40800", "2019-12-31": "0.48560", "2019-09-30": "0.48470", "2019-06-30": "0.49770", "2019-03-31": "0.47920", "2018-12-31": "0.49290", "2018-09-30": "0.46420", "2018-06-30": "0.49090", "2018-03-31": "0.43080", "2017-12-31": "0.42120", "2017-09-30": "0.43560", "2017-06-30": "0.39990", "2017-03-31": "0.38570", "2016-12-31": "0.35620", "2016-09-30": "0.29680", "2016-06-30": "0.25780", "2016-03-31": "0.25090", "2015-12-31": "0.25080", "2015-09-30": "0.25310", "2015-06-30": "0.26320", "2015-03-31": "0.33180", "2014-12-31": "0.35070", "2014-09-30": "0.36530", "2014-06-30": "0.40800", "2014-03-31": "0.42750", "2013-12-31": "0.45070", "2013-09-30": "0.48850", "2013-06-30": "0.86110", "2013-03-31": "0.56770", "2012-12-31": "0.57770", "2012-09-30": "", "2012-06-30": "", "2012-03-31": "", "2011-12-31": "", "2010-12-31": ""}, "Debt/Equity Ratio": {"2020-09-30": "0.35480", "2020-06-30": "0.62270", "2020-03-31": "0.69030", "2019-12-31": "0.94540", "2019-09-30": "0.94180", "2019-06-30": "0.99210", "2019-03-31": "0.92110", "2018-12-31": "0.98450", "2018-09-30": "0.87800", "2018-06-30": "0.98810", "2018-03-31": "0.77530", "2017-12-31": "0.74190", "2017-09-30": "0.78590", "2017-06-30": "0.68920", "2017-03-31": "0.64450", "2016-12-31": "0.57180", "2016-09-30": "0.43440", "2016-06-30": "0.35530", "2016-03-31": "0.34350", "2015-12-31": "0.35290", "2015-09-30": "0.35670", "2015-06-30": "0.36930", "2015-03-31": "0.51290", "2014-12-31": "0.59390", "2014-09-30": "0.59100", "2014-06-30": "0.70720", "2014-03-31": "0.76350", "2013-12-31": "0.83850", "2013-09-30": "0.97210", "2013-06-30": "6.24560", "2013-03-31": "1.32360", "2012-12-31": "1.38120", "2012-09-30": "", "2012-06-30": "", "2012-03-31": "", "2011-12-31": "", "2010-12-31": ""}, "Gross Margin": {"2020-09-30": "37.06710", "2020-06-30": "37.29390", "2020-03-31": "36.06550", "2019-12-31": "34.35650", "2019-09-30": "33.10080", "2019-06-30": "32.82970", "2019-03-31": "34.25660", "2018-12-31": "33.16450", "2018-09-30": "33.36190", "2018-06-30": "33.17570", "2018-03-31": "34.54090", "2017-12-31": "47.32350", "2017-09-30": "28.72240", "2017-06-30": "28.88460", "2017-03-31": "29.83130", "2016-12-31": "46.62880", "2016-09-30": "28.14370", "2016-06-30": "29.64220", "2016-03-31": "30.85990", "2015-12-31": "28.88730", "2015-09-30": "28.95210", "2015-06-30": "29.22330", "2015-03-31": "30.06310", "2014-12-31": "28.75720", "2014-09-30": "29.49420", "2014-06-30": "30.12170", "2014-03-31": "30.97940", "2013-12-31": "28.64270", "2013-09-30": "30.00330", "2013-06-30": "30.05090", "2013-03-31": "30.31580", "2012-12-31": "28.47740", "2012-09-30": "28.70480", "2012-06-30": "30.39460", "2012-03-31": "31.08350", "2011-12-31": "", "2010-12-31": ""}, "Operating Margin": {"2020-09-30": "4.96840", "2020-06-30": "5.64670", "2020-03-31": "7.74890", "2019-12-31": "3.43710", "2019-09-30": "2.74660", "2019-06-30": "3.62580", "2019-03-31": "5.62680", "2018-12-31": "2.26510", "2018-09-30": "3.97090", "2018-06-30": "4.66830", "2018-03-31": "6.19020", "2017-12-31": "3.24180", "2017-09-30": "4.39480", "2017-06-30": "5.36080", "2017-03-31": "6.41320", "2016-12-31": "3.06250", "2016-09-30": "4.00140", "2016-06-30": "6.15150", "2016-03-31": "7.83660", "2015-12-31": "5.13100", "2015-09-30": "6.02390", "2015-06-30": "6.65590", "2015-03-31": "7.76370", "2014-12-31": "4.46690", "2014-09-30": "6.47900", "2014-06-30": "7.47140", "2014-03-31": "8.53430", "2013-12-31": "3.73190", "2013-09-30": "5.78920", "2013-06-30": "6.43960", "2013-03-31": "6.98040", "2012-12-31": "3.23440", "2012-09-30": "2.60660", "2012-06-30": "4.10400", "2012-03-31": "6.44970", "2011-12-31": "", "2010-12-31": ""}, "EBIT Margin": {"2020-09-30": "4.96840", "2020-06-30": "5.64670", "2020-03-31": "7.74890", "2019-12-31": "3.43710", "2019-09-30": "2.74660", "2019-06-30": "3.62580", "2019-03-31": "5.62680", "2018-12-31": "2.26510", "2018-09-30": "3.97090", "2018-06-30": "4.66830", "2018-03-31": "6.19020", "2017-12-31": "3.24180", "2017-09-30": "4.39480", "2017-06-30": "5.36080", "2017-03-31": "6.41320", "2016-12-31": "3.06250", "2016-09-30": "4.00140", "2016-06-30": "6.15150", "2016-03-31": "7.83660", "2015-12-31": "5.13100", "2015-09-30": "6.02390", "2015-06-30": "6.65590", "2015-03-31": "7.76370", "2014-12-31": "4.46690", "2014-09-30": "6.47900", "2014-06-30": "7.47140", "2014-03-31": "8.53430", "2013-12-31": "3.73190", "2013-09-30": "5.78920", "2013-06-30": "6.43960", "2013-03-31": "6.98040", "2012-12-31": "3.23440", "2012-09-30": "2.60660", "2012-06-30": "4.10400", "2012-03-31": "6.44970", "2011-12-31": "", "2010-12-31": ""}, "EBITDA Margin": {"2020-09-30": "", "2020-06-30": "", "2020-03-31": "", "2019-12-31": "", "2019-09-30": "", "2019-06-30": "", "2019-03-31": "", "2018-12-31": "", "2018-09-30": "", "2018-06-30": "", "2018-03-31": "", "2017-12-31": "", "2017-09-30": "", "2017-06-30": "", "2017-03-31": "", "2016-12-31": "", "2016-09-30": "", "2016-06-30": "", "2016-03-31": "", "2015-12-31": "", "2015-09-30": "", "2015-06-30": "", "2015-03-31": "", "2014-12-31": "", "2014-09-30": "", "2014-06-30": "", "2014-03-31": "", "2013-12-31": "", "2013-09-30": "", "2013-06-30": "", "2013-03-31": "", "2012-12-31": "", "2012-09-30": "", "2012-06-30": "", "2012-03-31": "", "2011-12-31": "", "2010-12-31": ""}, "Pre-Tax Profit Margin": {"2020-09-30": "4.77080", "2020-06-30": "5.41920", "2020-03-31": "7.45580", "2019-12-31": "3.05640", "2019-09-30": "2.36070", "2019-06-30": "3.24170", "2019-03-31": "5.27300", "2018-12-31": "1.68060", "2018-09-30": "3.41330", "2018-06-30": "4.18210", "2018-03-31": "5.73520", "2017-12-31": "2.76160", "2017-09-30": "3.94320", "2017-06-30": "4.94120", "2017-03-31": "6.00260", "2016-12-31": "2.68910", "2016-09-30": "3.65500", "2016-06-30": "5.80540", "2016-03-31": "7.48420", "2015-12-31": "4.74030", "2015-09-30": "5.63480", "2015-06-30": "5.56890", "2015-03-31": "7.08660", "2014-12-31": "3.67730", "2014-09-30": "5.56380", "2014-06-30": "6.60830", "2014-03-31": "7.65260", "2013-12-31": "2.44030", "2013-09-30": "2.93350", "2013-06-30": "3.31360", "2013-03-31": "5.23170", "2012-12-31": "1.21100", "2012-09-30": "0.48720", "2012-06-30": "2.16940", "2012-03-31": "4.56700", "2011-12-31": "", "2010-12-31": ""}, "Net Profit Margin": {"2020-09-30": "3.81850", "2020-06-30": "4.07860", "2020-03-31": "5.57590", "2019-12-31": "2.31750", "2019-09-30": "1.82330", "2019-06-30": "2.49640", "2019-03-31": "3.98840", "2018-12-31": "1.00080", "2018-09-30": "2.82140", "2018-06-30": "3.15570", "2018-03-31": "5.17590", "2017-12-31": "3.47040", "2017-09-30": "2.61070", "2017-06-30": "3.46020", "2017-03-31": "4.09390", "2016-12-31": "1.72520", "2016-09-30": "2.30590", "2016-06-30": "3.60680", "2016-03-31": "4.65210", "2015-12-31": "3.03300", "2015-09-30": "3.54190", "2015-06-30": "3.47190", "2015-03-31": "4.36930", "2014-12-31": "2.41540", "2014-09-30": "3.40090", "2014-06-30": "4.05360", "2014-03-31": "4.66820", "2013-12-31": "1.52570", "2013-09-30": "1.80880", "2013-06-30": "2.00330", "2013-03-31": "3.15800", "2012-12-31": "0.69760", "2012-09-30": "0.25620", "2012-06-30": "1.23360", "2012-03-31": "2.54070", "2011-12-31": "", "2010-12-31": ""}, "Asset Turnover": {"2020-09-30": "0.56700", "2020-06-30": "0.55440", "2020-03-31": "0.57670", "2019-12-31": "0.50130", "2019-09-30": "0.52090", "2019-06-30": "0.52580", "2019-03-31": "0.54040", "2018-12-31": "0.75750", "2018-09-30": "0.78420", "2018-06-30": "0.78500", "2018-03-31": "0.79110", "2017-12-31": "0.72330", "2017-09-30": "0.77750", "2017-06-30": "0.77370", "2017-03-31": "0.75500", "2016-12-31": "0.68460", "2016-09-30": "0.71170", "2016-06-30": "0.71390", "2016-03-31": "0.68530", "2015-12-31": "0.65220", "2015-09-30": "0.63390", "2015-06-30": "0.65410", "2015-03-31": "0.59440", "2014-12-31": "0.53660", "2014-09-30": "0.59090", "2014-06-30": "0.55890", "2014-03-31": "0.57040", "2013-12-31": "0.51880", "2013-09-30": "0.53610", "2013-06-30": "0.54420", "2013-03-31": "0.50080", "2012-12-31": "0.43410", "2012-09-30": "", "2012-06-30": "", "2012-03-31": "", "2011-12-31": "", "2010-12-31": ""}, "Inventory Turnover Ratio": {"2020-09-30": "3.85930", "2020-06-30": "4.03420", "2020-03-31": "4.15780", "2019-12-31": "3.24670", "2019-09-30": "3.37220", "2019-06-30": "3.52910", "2019-03-31": "3.60470", "2018-12-31": "3.20910", "2018-09-30": "3.50010", "2018-06-30": "3.52490", "2018-03-31": "3.51650", "2017-12-31": "2.62520", "2017-09-30": "3.86850", "2017-06-30": "3.85520", "2017-03-31": "3.88390", "2016-12-31": "2.57300", "2016-09-30": "3.81260", "2016-06-30": "3.83710", "2016-03-31": "3.97980", "2015-12-31": "3.99900", "2015-09-30": "3.96570", "2015-06-30": "4.03670", "2015-03-31": "4.03160", "2014-12-31": "3.66510", "2014-09-30": "3.85690", "2014-06-30": "3.86000", "2014-03-31": "4.10650", "2013-12-31": "3.67020", "2013-09-30": "3.86450", "2013-06-30": "3.98870", "2013-03-31": "3.90790", "2012-12-31": "3.48190", "2012-09-30": "", "2012-06-30": "", "2012-03-31": "", "2011-12-31": "", "2010-12-31": ""}, "Receiveable Turnover": {"2020-09-30": "65.03410", "2020-06-30": "111.43590", "2020-03-31": "132.66770", "2019-12-31": "86.87010", "2019-09-30": "101.33840", "2019-06-30": "107.49700", "2019-03-31": "56.12890", "2018-12-31": "31.29220", "2018-09-30": "38.37920", "2018-06-30": "47.92220", "2018-03-31": "48.12670", "2017-12-31": "44.17920", "2017-09-30": "51.91590", "2017-06-30": "59.85110", "2017-03-31": "45.77880", "2016-12-31": "39.07170", "2016-09-30": "47.59680", "2016-06-30": "58.22240", "2016-03-31": "66.42420", "2015-12-31": "45.54950", "2015-09-30": "36.12710", "2015-06-30": "48.18680", "2015-03-31": "32.56520", "2014-12-31": "52.13210", "2014-09-30": "54.44450", "2014-06-30": "65.92310", "2014-03-31": "51.28870", "2013-12-31": "63.86350", "2013-09-30": "70.70010", "2013-06-30": "62.39890", "2013-03-31": "72.17180", "2012-12-31": "56.91520", "2012-09-30": "", "2012-06-30": "", "2012-03-31": "", "2011-12-31": "", "2010-12-31": ""}, "Days Sales In Receivables": {"2020-09-30": "1.38390", "2020-06-30": "0.80760", "2020-03-31": "0.67840", "2019-12-31": "1.03600", "2019-09-30": "0.88810", "2019-06-30": "0.83720", "2019-03-31": "1.60350", "2018-12-31": "2.87610", "2018-09-30": "2.34500", "2018-06-30": "1.87800", "2018-03-31": "1.87010", "2017-12-31": "2.03720", "2017-09-30": "1.73360", "2017-06-30": "1.50370", "2017-03-31": "1.96600", "2016-12-31": "2.30350", "2016-09-30": "1.89090", "2016-06-30": "1.54580", "2016-03-31": "1.35490", "2015-12-31": "1.97590", "2015-09-30": "2.49120", "2015-06-30": "1.86770", "2015-03-31": "2.76370", "2014-12-31": "1.72640", "2014-09-30": "1.65310", "2014-06-30": "1.36520", "2014-03-31": "1.75480", "2013-12-31": "1.40930", "2013-09-30": "1.27300", "2013-06-30": "1.44230", "2013-03-31": "1.24700", "2012-12-31": "1.58130", "2012-09-30": "", "2012-06-30": "", "2012-03-31": "", "2011-12-31": "", "2010-12-31": ""}, "ROE - Return On Equity": {"2020-09-30": "7.45610", "2020-06-30": "9.01440", "2020-03-31": "13.68820", "2019-12-31": "5.43580", "2019-09-30": "4.68990", "2019-06-30": "6.64780", "2019-03-31": "10.13300", "2018-12-31": "2.15600", "2018-09-30": "5.84750", "2018-06-30": "6.93790", "2018-03-31": "10.27380", "2017-12-31": "6.10100", "2017-09-30": "5.10630", "2017-06-30": "6.28000", "2017-03-31": "7.18820", "2016-12-31": "2.52710", "2016-09-30": "3.14550", "2016-06-30": "4.68500", "2016-03-31": "5.64850", "2015-12-31": "3.42850", "2015-09-30": "3.91680", "2015-06-30": "4.00600", "2015-03-31": "5.06330", "2014-12-31": "2.58870", "2014-09-30": "4.00650", "2014-06-30": "4.92950", "2014-03-31": "5.94180", "2013-12-31": "1.80630", "2013-09-30": "2.36000", "2013-06-30": "9.70670", "2013-03-31": "4.46240", "2012-12-31": "0.86390", "2012-09-30": "", "2012-06-30": "", "2012-03-31": "", "2011-12-31": "", "2010-12-31": ""}, "Return On Tangible Equity": {"2020-09-30": "23.70690", "2020-06-30": "35.36870", "2020-03-31": "78.27340", "2019-12-31": "111.07880", "2019-09-30": "410.12710", "2019-06-30": "-161.28000", "2019-03-31": "1935.89800", "2018-12-31": "48.27280", "2018-09-30": "48.03810", "2018-06-30": "110.95780", "2018-03-31": "78.79830", "2017-12-31": "45.94210", "2017-09-30": "60.57230", "2017-06-30": "46.88810", "2017-03-31": "58.89010", "2016-12-31": "15.85950", "2016-09-30": "12.35590", "2016-06-30": "16.33260", "2016-03-31": "18.36050", "2015-12-31": "11.00840", "2015-09-30": "12.52590", "2015-06-30": "14.22010", "2015-03-31": "21.04480", "2014-12-31": "14.40940", "2014-09-30": "29.62510", "2014-06-30": "61.84700", "2014-03-31": "749.62230", "2013-12-31": "-18.64430", "2013-09-30": "-14.64960", "2013-06-30": "-2.86130", "2013-03-31": "-11.42810", "2012-12-31": "-1.87600", "2012-09-30": "", "2012-06-30": "", "2012-03-31": "", "2011-12-31": "", "2010-12-31": ""}, "ROA - Return On Assets": {"2020-09-30": "2.16520", "2020-06-30": "2.26110", "2020-03-31": "3.21550", "2019-12-31": "1.16170", "2019-09-30": "0.94980", "2019-06-30": "1.31270", "2019-03-31": "2.15520", "2018-12-31": "0.75810", "2018-09-30": "2.21240", "2018-06-30": "2.47710", "2018-03-31": "4.09450", "2017-12-31": "2.51000", "2017-09-30": "2.02980", "2017-06-30": "2.67730", "2017-03-31": "3.09070", "2016-12-31": "1.18100", "2016-09-30": "1.64120", "2016-06-30": "2.57480", "2016-03-31": "3.18790", "2015-12-31": "1.97820", "2015-09-30": "2.24530", "2015-06-30": "2.27090", "2015-03-31": "2.59710", "2014-12-31": "1.29600", "2014-09-30": "2.00950", "2014-06-30": "2.26540", "2014-03-31": "2.66260", "2013-12-31": "0.79150", "2013-09-30": "0.96980", "2013-06-30": "1.09010", "2013-03-31": "1.58170", "2012-12-31": "0.30280", "2012-09-30": "", "2012-06-30": "", "2012-03-31": "", "2011-12-31": "", "2010-12-31": ""}, "ROI - Return On Investment": {"2020-09-30": "5.50830", "2020-06-30": "5.55930", "2020-03-31": "8.10390", "2019-12-31": "2.79610", "2019-09-30": "2.41670", "2019-06-30": "3.33890", "2019-03-31": "5.27750", "2018-12-31": "1.09340", "2018-09-30": "3.13290", "2018-06-30": "3.53220", "2018-03-31": "5.84770", "2017-12-31": "3.53140", "2017-09-30": "2.88220", "2017-06-30": "3.76850", "2017-03-31": "4.41540", "2016-12-31": "1.62680", "2016-09-30": "2.21200", "2016-06-30": "3.47720", "2016-03-31": "4.23150", "2015-12-31": "2.56860", "2015-09-30": "2.92560", "2015-06-30": "2.95170", "2015-03-31": "3.38310", "2014-12-31": "1.68090", "2014-09-30": "2.54280", "2014-06-30": "2.91800", "2014-03-31": "3.40190", "2013-12-31": "0.99210", "2013-09-30": "1.20720", "2013-06-30": "1.34850", "2013-03-31": "1.92910", "2012-12-31": "0.36480", "2012-09-30": "", "2012-06-30": "", "2012-03-31": "", "2011-12-31": "", "2010-12-31": ""}, "Book Value Per Share": {"2020-09-30": "6.84990", "2020-06-30": "6.30190", "2020-03-31": "5.69440", "2019-12-31": "4.95090", "2019-09-30": "4.73960", "2019-06-30": "4.50120", "2019-03-31": "4.62080", "2018-12-31": "4.71450", "2018-09-30": "5.02570", "2018-06-30": "4.71250", "2018-03-31": "4.91800", "2017-12-31": "4.89890", "2017-09-30": "4.63370", "2017-06-30": "4.78820", "2017-03-31": "4.69130", "2016-12-31": "4.79770", "2016-09-30": "5.22600", "2016-06-30": "5.35090", "2016-03-31": "5.42720", "2015-12-31": "5.39390", "2015-09-30": "5.31710", "2015-06-30": "5.09150", "2015-03-31": "4.83910", "2014-12-31": "4.51410", "2014-09-30": "4.31850", "2014-06-30": "4.08460", "2014-03-31": "3.79760", "2013-12-31": "3.48050", "2013-09-30": "3.31640", "2013-06-30": "1.01980", "2013-03-31": "3.22300", "2012-12-31": "3.07050", "2012-09-30": "", "2012-06-30": "", "2012-03-31": "", "2011-12-31": "", "2010-12-31": ""}, "Operating Cash Flow Per Share": {"2020-09-30": 0.1355, "2020-06-30": 0.975, "2020-03-31": "2.35310", "2019-12-31": 0.2306, "2019-09-30": 0.6319, "2019-06-30": 1.1954, "2019-03-31": "0.90860", "2018-12-31": 0.4234, "2018-09-30": 0.5289, "2018-06-30": 0.5349, "2018-03-31": "0.78120", "2017-12-31": 0.3516, "2017-09-30": 0.604, "2017-06-30": 0.4722, "2017-03-31": "0.81730", "2016-12-31": 0.3929, "2016-09-30": 0.3302, "2016-06-30": 0.3369, "2016-03-31": "0.63960", "2015-12-31": 0.3906, "2015-09-30": 0.3729, "2015-06-30": 0.3376, "2015-03-31": "0.43790", "2014-12-31": 0.1937, "2014-09-30": 0.0853, "2014-06-30": 0.3977, "2014-03-31": "0.49750", "2013-12-31": 0.1933, "2013-09-30": 0.2114, "2013-06-30": 0.2533, "2013-03-31": "0.49100", "2012-12-31": 0.0093, "2012-09-30": 0.1167, "2012-06-30": 0.193, "2012-03-31": "0.33570", "2011-12-31": 0, "2010-12-31": 0}, "Free Cash Flow Per Share": {"2020-09-30": -0.1276, "2020-06-30": 0.6668, "2020-03-31": "2.11500", "2019-12-31": -0.0602, "2019-09-30": 0.1812, "2019-06-30": 0.6498, "2019-03-31": "0.66540", "2018-12-31": 0.2219, "2018-09-30": 0.1652, "2018-06-30": 0.0656, "2018-03-31": "0.45110", "2017-12-31": 0.0697, "2017-09-30": 0.2895, "2017-06-30": 0.0363, "2017-03-31": "0.40930", "2016-12-31": 0.1339, "2016-09-30": -0.0585, "2016-06-30": -0.0026, "2016-03-31": "0.42190", "2015-12-31": 0.2283, "2015-09-30": 0.2267, "2015-06-30": 0.0767, "2015-03-31": "0.22080", "2014-12-31": -0.0064, "2014-09-30": -0.1615, "2014-06-30": 0.1418, "2014-03-31": "0.37890", "2013-12-31": 0.0914, "2013-09-30": 0.0931, "2013-06-30": 0.0673, "2013-03-31": "0.27860", "2012-12-31": -0.1276, "2012-09-30": 0.0119, "2012-06-30": 0.2507, "2012-03-31": "0.23420", "2011-12-31": 0, "2010-12-31": 0}}, "revenue": {"Sprouts Farmers Market Annual Revenue (Millions of US $)": {"2019": "$5,635", "2018": "$5,207", "2017": "$4,665", "2016": "$4,046", "2015": "$3,593", "2014": "$2,967", "2013": "$2,438", "2012": "$1,795", "2011": "$1,106", "2010": "$517"}, "Sprouts Farmers Market Quarterly Revenue (Millions of US $)": {"2020-09-30": "$1,578", "2020-06-30": "$1,643", "2020-03-31": "$1,647", "2019-12-31": "$1,365", "2019-09-30": "$1,440", "2019-06-30": "$1,416", "2019-03-31": "$1,414", "2018-12-31": "$1,269", "2018-09-30": "$1,329", "2018-06-30": "$1,322", "2018-03-31": "$1,287", "2017-12-31": "$1,144", "2017-09-30": "$1,206", "2017-06-30": "$1,184", "2017-03-31": "$1,131", "2016-12-31": "$986", "2016-09-30": "$1,036", "2016-06-30": "$1,032", "2016-03-31": "$993", "2015-12-31": "$930", "2015-09-30": "$903", "2015-06-30": "$902", "2015-03-31": "$858", "2014-12-31": "$735", "2014-09-30": "$766", "2014-06-30": "$744", "2014-03-31": "$723", "2013-12-31": "$608", "2013-09-30": "$634", "2013-06-30": "$622", "2013-03-31": "$574", "2012-12-31": "$479", "2012-09-30": "$510", "2012-06-30": "$430", "2012-03-31": "$376", "2011-12-31": "", "2010-12-31": ""}}, "gross-profit": {"Sprouts Farmers Market Annual Gross Profit (Millions of US $)": {"2019": "$1,895", "2018": "$1,747", "2017": "$1,567", "2016": "$1,363", "2015": "$1,052", "2014": "$885", "2013": "$725", "2012": "$530", "2011": "$311", "2010": "$150"}, "Sprouts Farmers Market Quarterly Gross Profit (Millions of US $)": {"2020-09-30": "$585", "2020-06-30": "$613", "2020-03-31": "$594", "2019-12-31": "$469", "2019-09-30": "$477", "2019-06-30": "$465", "2019-03-31": "$484", "2018-12-31": "$421", "2018-09-30": "$443", "2018-06-30": "$438", "2018-03-31": "$445", "2017-12-31": "$541", "2017-09-30": "$346", "2017-06-30": "$342", "2017-03-31": "$337", "2016-12-31": "$460", "2016-09-30": "$292", "2016-06-30": "$306", "2016-03-31": "$307", "2015-12-31": "$269", "2015-09-30": "$261", "2015-06-30": "$264", "2015-03-31": "$258", "2014-12-31": "$211", "2014-09-30": "$226", "2014-06-30": "$224", "2014-03-31": "$224", "2013-12-31": "$174", "2013-09-30": "$190", "2013-06-30": "$187", "2013-03-31": "$174", "2012-12-31": "$136", "2012-09-30": "$146", "2012-06-30": "$131", "2012-03-31": "$117", "2011-12-31": "", "2010-12-31": ""}}, "operating-income": {"Sprouts Farmers Market Annual Operating Income (Millions of US $)": {"2019": "$217", "2018": "$223", "2017": "$226", "2016": "$213", "2015": "$229", "2014": "$200", "2013": "$140", "2012": "$71", "2011": "$-26", "2010": "$9"}, "Sprouts Farmers Market Quarterly Operating Income (Millions of US $)": {"2020-09-30": "$78", "2020-06-30": "$93", "2020-03-31": "$128", "2019-12-31": "$47", "2019-09-30": "$40", "2019-06-30": "$51", "2019-03-31": "$80", "2018-12-31": "$29", "2018-09-30": "$53", "2018-06-30": "$62", "2018-03-31": "$80", "2017-12-31": "$37", "2017-09-30": "$53", "2017-06-30": "$63", "2017-03-31": "$73", "2016-12-31": "$30", "2016-09-30": "$41", "2016-06-30": "$63", "2016-03-31": "$78", "2015-12-31": "$48", "2015-09-30": "$54", "2015-06-30": "$60", "2015-03-31": "$67", "2014-12-31": "$33", "2014-09-30": "$50", "2014-06-30": "$56", "2014-03-31": "$62", "2013-12-31": "$23", "2013-09-30": "$37", "2013-06-30": "$40", "2013-03-31": "$40", "2012-12-31": "$15", "2012-09-30": "$13", "2012-06-30": "$18", "2012-03-31": "$24", "2011-12-31": "", "2010-12-31": ""}}, "ebitda": {"Sprouts Farmers Market Annual EBITDA (Millions of US $)": {"2019": "$422", "2018": "$334", "2017": "$323", "2016": "$294", "2015": "$299", "2014": "$262", "2013": "$189", "2012": "$109", "2011": "$30", "2010": "$23"}, "Sprouts Farmers Market Quarterly EBITDA (Millions of US $)": {"2020-09-30": "$135", "2020-06-30": "$148", "2020-03-31": "$182", "2019-12-31": "$98", "2019-09-30": "$93", "2019-06-30": "$101", "2019-03-31": "$130", "2018-12-31": "$58", "2018-09-30": "$81", "2018-06-30": "$89", "2018-03-31": "$107", "2017-12-31": "$63", "2017-09-30": "$78", "2017-06-30": "$87", "2017-03-31": "$95", "2016-12-31": "$51", "2016-09-30": "$63", "2016-06-30": "$84", "2016-03-31": "$97", "2015-12-31": "$66", "2015-09-30": "$72", "2015-06-30": "$77", "2015-03-31": "$83", "2014-12-31": "$53", "2014-09-30": "$65", "2014-06-30": "$69", "2014-03-31": "$75", "2013-12-31": "$35", "2013-09-30": "$49", "2013-06-30": "$52", "2013-03-31": "$52", "2012-12-31": "$26", "2012-09-30": "$24", "2012-06-30": "$26", "2012-03-31": "$32", "2011-12-31": "", "2010-12-31": ""}}, "net-income": {"Sprouts Farmers Market Annual Net Income (Millions of US $)": {"2019": "$150", "2018": "$159", "2017": "$158", "2016": "$124", "2015": "$129", "2014": "$108", "2013": "$51", "2012": "$20", "2011": "$-27", "2010": "$5"}, "Sprouts Farmers Market Quarterly Net Income (Millions of US $)": {"2020-09-30": "$60", "2020-06-30": "$67", "2020-03-31": "$92", "2019-12-31": "$32", "2019-09-30": "$26", "2019-06-30": "$35", "2019-03-31": "$56", "2018-12-31": "$13", "2018-09-30": "$38", "2018-06-30": "$42", "2018-03-31": "$67", "2017-12-31": "$40", "2017-09-30": "$31", "2017-06-30": "$41", "2017-03-31": "$46", "2016-12-31": "$17", "2016-09-30": "$24", "2016-06-30": "$37", "2016-03-31": "$46", "2015-12-31": "$28", "2015-09-30": "$32", "2015-06-30": "$31", "2015-03-31": "$37", "2014-12-31": "$18", "2014-09-30": "$26", "2014-06-30": "$30", "2014-03-31": "$34", "2013-12-31": "$9", "2013-09-30": "$11", "2013-06-30": "$12", "2013-03-31": "$18", "2012-12-31": "$3", "2012-09-30": "$1", "2012-06-30": "$5", "2012-03-31": "$10", "2011-12-31": "", "2010-12-31": ""}}, "eps-earnings-per-share-diluted": {"Sprouts Farmers Market Annual EPS": {"2019": "$1.25", "2018": "$1.22", "2017": "$1.15", "2016": "$0.83", "2015": "$0.83", "2014": "$0.70", "2013": "$0.37", "2012": "$0.16", "2011": "$-0.28", "2010": "$0.08"}, "Sprouts Farmers Market Quarterly EPS": {"2020-09-30": "$0.51", "2020-06-30": "$0.57", "2020-03-31": "$0.78", "2019-12-31": "$0.27", "2019-09-30": "$0.22", "2019-06-30": "$0.30", "2019-03-31": "$0.46", "2018-12-31": "$0.11", "2018-09-30": "$0.29", "2018-06-30": "$0.32", "2018-03-31": "$0.50", "2017-12-31": "$0.30", "2017-09-30": "$0.23", "2017-06-30": "$0.29", "2017-03-31": "$0.33", "2016-12-31": "$0.12", "2016-09-30": "$0.16", "2016-06-30": "$0.25", "2016-03-31": "$0.30", "2015-12-31": "$0.18", "2015-09-30": "$0.21", "2015-06-30": "$0.20", "2015-03-31": "$0.24", "2014-12-31": "$0.11", "2014-09-30": "$0.17", "2014-06-30": "$0.20", "2014-03-31": "$0.22", "2013-12-31": "$0.05", "2013-09-30": "$0.08", "2013-06-30": "$0.10", "2013-03-31": "$0.14", "2012-12-31": "$0.03", "2012-09-30": "$0.01", "2012-06-30": "$0.05", "2012-03-31": "$0.09", "2011-12-31": "$0.00", "2010-12-31": "$0.00"}}, "shares-outstanding": {"Sprouts Farmers Market Annual Shares Outstanding (Millions of Shares)": {"2019": "120", "2018": "130", "2017": "138", "2016": "150", "2015": "156", "2014": "154", "2013": "140", "2012": "122", "2011": "97", "2010": "64"}, "Sprouts Farmers Market Quarterly Shares Outstanding (Millions of Shares)": {"2020-09-30": "118", "2020-06-30": "118", "2020-03-31": "118", "2019-12-31": "120", "2019-09-30": "118", "2019-06-30": "118", "2019-03-31": "124", "2018-12-31": "130", "2018-09-30": "128", "2018-06-30": "130", "2018-03-31": "134", "2017-12-31": "138", "2017-09-30": "137", "2017-06-30": "139", "2017-03-31": "140", "2016-12-31": "150", "2016-09-30": "150", "2016-06-30": "151", "2016-03-31": "153", "2015-12-31": "156", "2015-09-30": "156", "2015-06-30": "156", "2015-03-31": "155", "2014-12-31": "154", "2014-09-30": "154", "2014-06-30": "154", "2014-03-31": "153", "2013-12-31": "140", "2013-09-30": "145", "2013-06-30": "130", "2013-03-31": "129", "2012-12-31": "129", "2012-09-30": "128", "2012-06-30": "118", "2012-03-31": "111", "2011-12-31": "", "2010-12-31": ""}}, "total-assets": {"Sprouts Farmers Market Annual Total Assets (Millions of US $)": {"2019": "$2,723", "2018": "$1,676", "2017": "$1,582", "2016": "$1,440", "2015": "$1,426", "2014": "$1,369", "2013": "$1,172", "2012": "$1,103", "2011": "$762", "2010": "$0"}, "Sprouts Farmers Market Quarterly Total Assets (Millions of US $)": {"2020-09-30": "$2,782", "2020-06-30": "$2,963", "2020-03-31": "$2,855", "2019-12-31": "$2,723", "2019-09-30": "$2,765", "2019-06-30": "$2,692", "2019-03-31": "$2,617", "2018-12-31": "$1,676", "2018-09-30": "$1,695", "2018-06-30": "$1,684", "2018-03-31": "$1,627", "2017-12-31": "$1,582", "2017-09-30": "$1,551", "2017-06-30": "$1,530", "2017-03-31": "$1,498", "2016-12-31": "$1,440", "2016-09-30": "$1,455", "2016-06-30": "$1,445", "2016-03-31": "$1,449", "2015-12-31": "$1,426", "2015-09-30": "$1,425", "2015-06-30": "$1,379", "2015-03-31": "$1,443", "2014-12-31": "$1,369", "2014-09-30": "$1,297", "2014-06-30": "$1,331", "2014-03-31": "$1,267", "2013-12-31": "$1,172", "2013-09-30": "$1,182", "2013-06-30": "$1,144", "2013-03-31": "$1,145", "2012-12-31": "$1,103", "2012-09-30": "$0", "2012-06-30": "$0", "2012-03-31": "$0", "2011-12-31": "$762", "2010-12-31": "$0"}}, "cash-on-hand": {"Sprouts Farmers Market Annual Cash on Hand (Millions of US $)": {"2019": "$85", "2018": "$2", "2017": "$19", "2016": "$12", "2015": "$136", "2014": "$131", "2013": "$78", "2012": "$67", "2011": "$15", "2010": "$"}, "Sprouts Farmers Market Quarterly Cash on Hand (Millions of US $)": {"2020-09-30": "$138", "2020-06-30": "$328", "2020-03-31": "$247", "2019-12-31": "$85", "2019-09-30": "$80", "2019-06-30": "$59", "2019-03-31": "$20", "2018-12-31": "$2", "2018-09-30": "$17", "2018-06-30": "$23", "2018-03-31": "$21", "2017-12-31": "$19", "2017-09-30": "$19", "2017-06-30": "$15", "2017-03-31": "$21", "2016-12-31": "$12", "2016-09-30": "$50", "2016-06-30": "$78", "2016-03-31": "$146", "2015-12-31": "$136", "2015-09-30": "$132", "2015-06-30": "$97", "2015-03-31": "$178", "2014-12-31": "$131", "2014-09-30": "$118", "2014-06-30": "$184", "2014-03-31": "$149", "2013-12-31": "$78", "2013-09-30": "$92", "2013-06-30": "$66", "2013-03-31": "$101", "2012-12-31": "$67", "2012-09-30": "", "2012-06-30": "", "2012-03-31": "", "2011-12-31": "$15", "2010-12-31": ""}}, "long-term-debt": {"Sprouts Farmers Market Annual Long Term Debt (Millions of US $)": {"2019": "$549", "2018": "$573", "2017": "$473", "2016": "$372", "2015": "$276", "2014": "$370", "2013": "$422", "2012": "$529", "2011": "$367", "2010": "$"}, "Sprouts Farmers Market Quarterly Long Term Debt (Millions of US $)": {"2020-09-30": "$286", "2020-06-30": "$462", "2020-03-31": "$462", "2019-12-31": "$549", "2019-09-30": "$527", "2019-06-30": "$527", "2019-03-31": "$512", "2018-12-31": "$573", "2018-09-30": "$556", "2018-06-30": "$580", "2018-03-31": "$491", "2017-12-31": "$473", "2017-09-30": "$476", "2017-06-30": "$435", "2017-03-31": "$404", "2016-12-31": "$372", "2016-09-30": "$320", "2016-06-30": "$276", "2016-03-31": "$274", "2015-12-31": "$276", "2015-09-30": "$277", "2015-06-30": "$279", "2015-03-31": "$368", "2014-12-31": "$370", "2014-09-30": "$375", "2014-06-30": "$422", "2014-03-31": "$424", "2013-12-31": "$422", "2013-09-30": "$464", "2013-06-30": "$796", "2013-03-31": "$533", "2012-12-31": "$529", "2012-09-30": "", "2012-06-30": "", "2012-03-31": "", "2011-12-31": "$367", "2010-12-31": ""}}, "total-liabilities": {"Sprouts Farmers Market Annual Total Liabilities (Millions of US $)": {"2019": "$2,141", "2018": "$1,086", "2017": "$931", "2016": "$767", "2015": "$603", "2014": "$684", "2013": "$659", "2012": "$716", "2011": "$494", "2010": "$0"}, "Sprouts Farmers Market Quarterly Total Liabilities (Millions of US $)": {"2020-09-30": "$1,974", "2020-06-30": "$2,220", "2020-03-31": "$2,184", "2019-12-31": "$2,141", "2019-09-30": "$2,205", "2019-06-30": "$2,161", "2019-03-31": "$2,060", "2018-12-31": "$1,086", "2018-09-30": "$1,054", "2018-06-30": "$1,083", "2018-03-31": "$979", "2017-12-31": "$931", "2017-09-30": "$935", "2017-06-30": "$878", "2017-03-31": "$854", "2016-12-31": "$767", "2016-09-30": "$696", "2016-06-30": "$651", "2016-03-31": "$631", "2015-12-31": "$603", "2015-09-30": "$608", "2015-06-30": "$597", "2015-03-31": "$703", "2014-12-31": "$684", "2014-09-30": "$647", "2014-06-30": "$719", "2014-03-31": "$699", "2013-12-31": "$659", "2013-09-30": "$696", "2013-06-30": "$1,015", "2013-03-31": "$739", "2012-12-31": "$716", "2012-09-30": "$0", "2012-06-30": "$0", "2012-03-31": "$0", "2011-12-31": "$494", "2010-12-31": "$0"}}, "total-share-holder-equity": {"Sprouts Farmers Market Annual Share Holder Equity (Millions of US $)": {"2019": "$582", "2018": "$589", "2017": "$651", "2016": "$673", "2015": "$823", "2014": "$685", "2013": "$514", "2012": "$387", "2011": "$267", "2010": "$0"}, "Sprouts Farmers Market Quarterly Share Holder Equity (Millions of US $)": {"2020-09-30": "$808", "2020-06-30": "$743", "2020-03-31": "$671", "2019-12-31": "$582", "2019-09-30": "$560", "2019-06-30": "$532", "2019-03-31": "$557", "2018-12-31": "$589", "2018-09-30": "$641", "2018-06-30": "$601", "2018-03-31": "$648", "2017-12-31": "$651", "2017-09-30": "$617", "2017-06-30": "$652", "2017-03-31": "$644", "2016-12-31": "$673", "2016-09-30": "$759", "2016-06-30": "$794", "2016-03-31": "$818", "2015-12-31": "$823", "2015-09-30": "$817", "2015-06-30": "$782", "2015-03-31": "$740", "2014-12-31": "$685", "2014-09-30": "$651", "2014-06-30": "$612", "2014-03-31": "$568", "2013-12-31": "$514", "2013-09-30": "$486", "2013-06-30": "$128", "2013-03-31": "$406", "2012-12-31": "$387", "2012-09-30": "$0", "2012-06-30": "$0", "2012-03-31": "$0", "2011-12-31": "$267", "2010-12-31": "$0"}}, "profit-margins": {"current": "4.02%"}, "gross margin": {"2020-09-30": "36.27%", "2020-06-30": "35.32%", "2020-03-31": "34.17%", "2019-12-31": "33.63%", "2019-09-30": "33.35%", "2019-06-30": "33.40%", "2019-03-31": "33.48%", "2018-12-31": "33.55%", "2018-09-30": "36.74%", "2018-06-30": "35.69%", "2018-03-31": "34.72%", "2017-12-31": "33.57%", "2017-09-30": "32.95%", "2017-06-30": "33.00%", "2017-03-31": "33.33%", "2016-12-31": "33.73%", "2016-09-30": "29.42%", "2016-06-30": "29.63%", "2016-03-31": "29.53%", "2015-12-31": "29.28%", "2015-09-30": "29.25%", "2015-06-30": "29.41%", "2015-03-31": "29.62%", "2014-12-31": "29.82%", "2014-09-30": "29.85%", "2014-06-30": "29.97%", "2014-03-31": "29.96%", "2013-12-31": "29.74%", "2013-09-30": "29.75%", "2013-06-30": "29.43%", "2013-03-31": "29.45%", "2012-12-31": "29.53%"}, "operating margin": {"2020-09-30": "5.55%", "2020-06-30": "5.05%", "2020-03-31": "4.53%", "2019-12-31": "3.87%", "2019-09-30": "3.61%", "2019-06-30": "3.92%", "2019-03-31": "4.20%", "2018-12-31": "4.30%", "2018-09-30": "4.57%", "2018-06-30": "4.68%", "2018-03-31": "4.83%", "2017-12-31": "4.84%", "2017-09-30": "4.86%", "2017-06-30": "4.77%", "2017-03-31": "4.95%", "2016-12-31": "5.24%", "2016-09-30": "5.76%", "2016-06-30": "6.30%", "2016-03-31": "6.44%", "2015-12-31": "6.37%", "2015-09-30": "6.30%", "2015-06-30": "6.44%", "2015-03-31": "6.64%", "2014-12-31": "6.77%", "2014-09-30": "6.72%", "2014-06-30": "6.57%", "2014-03-31": "6.26%", "2013-12-31": "5.74%", "2013-09-30": "5.72%", "2013-06-30": "4.94%", "2013-03-31": "4.32%", "2012-12-31": "3.90%"}, "ebitda margin": {"2020-09-30": "9.03%", "2020-06-30": "8.55%", "2020-03-31": "8.08%", "2019-12-31": "7.49%", "2019-09-30": "6.90%", "2019-06-30": "6.82%", "2019-03-31": "6.71%", "2018-12-31": "6.43%", "2018-09-30": "6.69%", "2018-06-30": "6.80%", "2018-03-31": "6.95%", "2017-12-31": "6.92%", "2017-09-30": "6.90%", "2017-06-30": "6.82%", "2017-03-31": "7.00%", "2016-12-31": "7.29%", "2016-09-30": "7.77%", "2016-06-30": "8.27%", "2016-03-31": "8.37%", "2015-12-31": "8.29%", "2015-09-30": "8.39%", "2015-06-30": "8.52%", "2015-03-31": "8.70%", "2014-12-31": "8.83%", "2014-09-30": "8.59%", "2014-06-30": "8.42%", "2014-03-31": "8.16%", "2013-12-31": "7.71%", "2013-09-30": "7.75%", "2013-06-30": "7.05%", "2013-03-31": "6.42%", "2012-12-31": "6.02%"}, "pre tax profit margin": {"2020-09-30": "5.28%", "2020-06-30": "4.73%", "2020-03-31": "4.18%", "2019-12-31": "3.50%", "2019-09-30": "3.18%", "2019-06-30": "3.45%", "2019-03-31": "3.67%", "2018-12-31": "3.74%", "2018-09-30": "4.05%", "2018-06-30": "4.21%", "2018-03-31": "4.42%", "2017-12-31": "4.44%", "2017-09-30": "4.48%", "2017-06-30": "4.43%", "2017-03-31": "4.61%", "2016-12-31": "4.92%", "2016-09-30": "5.41%", "2016-06-30": "5.94%", "2016-03-31": "5.87%", "2015-12-31": "5.73%", "2015-09-30": "5.56%", "2015-06-30": "5.55%", "2015-03-31": "5.80%", "2014-12-31": "5.86%", "2014-09-30": "5.70%", "2014-06-30": "5.09%", "2014-03-31": "4.25%", "2013-12-31": "3.49%", "2013-09-30": "3.29%", "2013-06-30": "2.70%", "2013-03-31": "2.36%", "2012-12-31": "1.89%"}, "net profit margin": {"2020-09-30": "4.03%", "2020-06-30": "3.56%", "2020-03-31": "3.15%", "2019-12-31": "2.64%", "2019-09-30": "2.35%", "2019-06-30": "2.62%", "2019-03-31": "2.79%", "2018-12-31": "3.07%", "2018-09-30": "3.68%", "2018-06-30": "3.63%", "2018-03-31": "3.71%", "2017-12-31": "3.39%", "2017-09-30": "3.00%", "2017-06-30": "2.95%", "2017-03-31": "2.96%", "2016-12-31": "3.06%", "2016-09-30": "3.38%", "2016-06-30": "3.71%", "2016-03-31": "3.67%", "2015-12-31": "3.56%", "2015-09-30": "3.47%", "2015-06-30": "3.43%", "2015-03-31": "3.58%", "2014-12-31": "3.64%", "2014-09-30": "3.48%", "2014-06-30": "3.10%", "2014-03-31": "2.55%", "2013-12-31": "2.05%", "2013-09-30": "1.91%", "2013-06-30": "1.56%", "2013-03-31": "1.35%", "2012-12-31": "1.06%"}, "pe ratio": {"current": "10.28", "2021-02-05": "10.47", "2020-09-30": "9.83", "2020-06-30": "13.91", "2020-03-31": "11.84", "2019-12-31": "15.48", "2019-09-30": "17.91", "2019-06-30": "16.43", "2019-03-31": "18.41", "2018-12-31": "19.43", "2018-09-30": "19.58", "2018-06-30": "16.47", "2018-03-31": "17.92", "2017-12-31": "21.36", "2017-09-30": "19.35", "2017-06-30": "25.19", "2017-03-31": "26.88", "2016-12-31": "22.80", "2016-09-30": "23.20", "2016-06-30": "24.36", "2016-03-31": "32.63", "2015-12-31": "32.04", "2015-09-30": "27.76", "2015-06-30": "37.47", "2015-03-31": "48.93", "2014-12-31": "48.54", "2014-09-30": "44.72", "2014-06-30": "58.43"}, "price sales": {"2021-02-05": "0.42", "2020-09-30": "0.40", "2020-06-30": "0.50", "2020-03-31": "0.38", "2019-12-31": "0.41", "2019-09-30": "0.43", "2019-06-30": "0.43", "2019-03-31": "0.52", "2018-12-31": "0.59", "2018-09-30": "0.71", "2018-06-30": "0.60", "2018-03-31": "0.67", "2017-12-31": "0.72", "2017-09-30": "0.59", "2017-06-30": "0.75", "2017-03-31": "0.82", "2016-12-31": "0.71", "2016-09-30": "0.79", "2016-06-30": "0.91", "2016-03-31": "1.21", "2015-12-31": "1.15", "2015-09-30": "0.97", "2015-06-30": "1.28", "2015-03-31": "1.76", "2014-12-31": "1.76", "2014-09-30": "1.54", "2014-06-30": "1.79"}, "price book": {"current": "3.26", "2021-02-05": "3.26", "2020-09-30": "3.06", "2020-06-30": "4.06", "2020-03-31": "3.26", "2019-12-31": "3.91", "2019-09-30": "4.08", "2019-06-30": "4.20", "2019-03-31": "4.66", "2018-12-31": "4.99", "2018-09-30": "5.45", "2018-06-30": "4.68", "2018-03-31": "4.77", "2017-12-31": "4.97", "2017-09-30": "4.05", "2017-06-30": "4.73", "2017-03-31": "4.93", "2016-12-31": "3.94", "2016-09-30": "3.95", "2016-06-30": "4.28", "2016-03-31": "5.35", "2015-12-31": "4.93", "2015-09-30": "3.97", "2015-06-30": "5.30", "2015-03-31": "7.28", "2014-12-31": "7.53", "2014-09-30": "6.73", "2014-06-30": "8.01", "2014-03-31": "9.49", "2013-12-31": "11.04", "2013-09-30": "13.38"}, "price fcf": {"2021-02-05": "", "2020-09-30": "$2.59", "2020-06-30": "$2.90", "2020-03-31": "$2.89", "2019-12-31": "$1.44", "2019-09-30": "$1.72", "2019-06-30": "$1.70", "2019-03-31": "$1.12", "2018-12-31": "$0.90", "2018-09-30": "$0.75", "2018-06-30": "$0.88", "2018-03-31": "$0.85", "2017-12-31": "$0.80", "2017-09-30": "$0.87", "2017-06-30": "$0.52", "2017-03-31": "$0.48", "2016-12-31": "$0.49", "2016-09-30": "$0.59", "2016-06-30": "$0.87", "2016-03-31": "$0.95", "2015-12-31": "$0.75", "2015-09-30": "$0.52", "2015-06-30": "$0.13", "2015-03-31": "$0.19", "2014-12-31": "$0.35", "2014-09-30": "$0.45", "2014-06-30": "$1.05"}, "net worth": {"value": "$2.63B"}, "current ratio": {"2020-09-30": "0.86", "2020-06-30": "1.07", "2020-03-31": "0.97", "2019-12-31": "0.93", "2019-09-30": "0.87", "2019-06-30": "0.85", "2019-03-31": "0.88", "2018-12-31": "1.08", "2018-09-30": "1.15", "2018-06-30": "1.04", "2018-03-31": "1.00", "2017-12-31": "1.00", "2017-09-30": "1.00", "2017-06-30": "0.98", "2017-03-31": "0.91", "2016-12-31": "1.02", "2016-09-30": "1.19", "2016-06-30": "1.21", "2016-03-31": "1.44", "2015-12-31": "1.50", "2015-09-30": "1.66", "2015-06-30": "1.52", "2015-03-31": "1.75", "2014-12-31": "1.51", "2014-09-30": "1.46", "2014-06-30": "1.50", "2014-03-31": "1.44", "2013-12-31": "1.32", "2013-09-30": "1.38", "2013-06-30": "1.25", "2013-03-31": "1.52", "2012-12-31": "1.48", "2012-09-30": "0.00", "2012-06-30": "0.00", "2012-03-31": "0.00", "2011-12-31": "1.14", "2010-12-31": "0.00"}, "quick ratio": {"2020-09-30": "0.36", "2020-06-30": "0.62", "2020-03-31": "0.51", "2019-12-31": "0.27", "2019-09-30": "0.27", "2019-06-30": "0.25", "2019-03-31": "0.20", "2018-12-31": "0.22", "2018-09-30": "0.30", "2018-06-30": "0.25", "2018-03-31": "0.24", "2017-12-31": "0.23", "2017-09-30": "0.23", "2017-06-30": "0.21", "2017-03-31": "0.23", "2016-12-31": "0.23", "2016-09-30": "0.39", "2016-06-30": "0.46", "2016-03-31": "0.73", "2015-12-31": "0.78", "2015-09-30": "0.92", "2015-06-30": "0.77", "2015-03-31": "1.10", "2014-12-31": "0.87", "2014-09-30": "0.75", "2014-06-30": "0.91", "2014-03-31": "0.87", "2013-12-31": "0.65", "2013-09-30": "0.72", "2013-06-30": "0.57", "2013-03-31": "0.85", "2012-12-31": "0.77", "2012-09-30": "0.00", "2012-06-30": "0.00", "2012-03-31": "0.00", "2011-12-31": "0.44", "2010-12-31": "0.00"}, "debt equity ratio": {"current": "0.35", "2020-09-30": "2.44", "2020-06-30": "2.99", "2020-03-31": "3.26", "2019-12-31": "3.68", "2019-09-30": "3.94", "2019-06-30": "4.06", "2019-03-31": "3.70", "2018-12-31": "1.84", "2018-09-30": "1.64", "2018-06-30": "1.80", "2018-03-31": "1.51", "2017-12-31": "1.43", "2017-09-30": "1.52", "2017-06-30": "1.35", "2017-03-31": "1.33", "2016-12-31": "1.14", "2016-09-30": "0.92", "2016-06-30": "0.82", "2016-03-31": "0.77", "2015-12-31": "0.73", "2015-09-30": "0.74", "2015-06-30": "0.76", "2015-03-31": "0.95", "2014-12-31": "1.00", "2014-09-30": "0.99", "2014-06-30": "1.18", "2014-03-31": "1.23", "2013-12-31": "1.28", "2013-09-30": "1.43", "2013-06-30": "7.90", "2013-03-31": "1.82", "2012-12-31": "1.85", "2012-09-30": "0.00", "2012-06-30": "0.00", "2012-03-31": "0.00", "2011-12-31": "1.85", "2010-12-31": "0.00"}, "return on equity": {"2020-09-30": "35.81%", "2020-06-30": "33.96%", "2020-03-31": "31.56%", "2019-12-31": "26.71%", "2019-09-30": "23.24%", "2019-06-30": "24.49%", "2019-03-31": "24.96%", "2018-12-31": "25.82%", "2018-09-30": "29.44%", "2018-06-30": "28.61%", "2018-03-31": "27.88%", "2017-12-31": "24.65%", "2017-09-30": "20.88%", "2017-06-30": "18.77%", "2017-03-31": "17.28%", "2016-12-31": "16.29%", "2016-09-30": "16.91%", "2016-06-30": "17.59%", "2016-03-31": "16.91%", "2015-12-31": "16.19%", "2015-09-30": "15.61%", "2015-06-30": "15.68%", "2015-03-31": "16.52%", "2014-12-31": "17.17%", "2014-09-30": "16.89%", "2014-06-30": "15.41%", "2014-03-31": "15.57%", "2013-12-31": "13.04%", "2013-09-30": "12.51%", "2013-06-30": "14.77%", "2013-03-31": "13.62%", "2012-12-31": "19.64%"}, "return on assets": {"2020-09-30": "8.87%", "2020-06-30": "7.68%", "2020-03-31": "6.71%", "2019-12-31": "5.52%", "2019-09-30": "5.33%", "2019-06-30": "6.54%", "2019-03-31": "7.77%", "2018-12-31": "9.58%", "2018-09-30": "11.35%", "2018-06-30": "11.17%", "2018-03-31": "11.38%", "2017-12-31": "10.26%", "2017-09-30": "8.97%", "2017-06-30": "8.64%", "2017-03-31": "8.50%", "2016-12-31": "8.57%", "2016-09-30": "9.35%", "2016-06-30": "9.96%", "2016-03-31": "9.65%", "2015-12-31": "9.03%", "2015-09-30": "8.40%", "2015-06-30": "8.16%", "2015-03-31": "8.16%", "2014-12-31": "8.21%", "2014-09-30": "7.82%", "2014-06-30": "6.79%", "2014-03-31": "5.54%", "2013-12-31": "4.31%", "2013-09-30": "3.85%", "2013-06-30": "4.01%", "2013-03-31": "4.80%", "2012-12-31": "6.89%"}, "return on investments": {"2020-09-30": "30.33%", "2020-06-30": "27.04%", "2020-03-31": "24.13%", "2019-12-31": "20.06%", "2019-09-30": "18.28%", "2019-06-30": "18.99%", "2019-03-31": "19.44%", "2018-12-31": "19.15%", "2018-09-30": "20.00%", "2018-06-30": "20.46%", "2018-03-31": "20.98%", "2017-12-31": "20.78%", "2017-09-30": "20.51%", "2017-06-30": "19.44%", "2017-03-31": "19.51%", "2016-12-31": "19.78%", "2016-09-30": "21.20%", "2016-06-30": "22.33%", "2016-03-31": "22.10%", "2015-12-31": "21.01%", "2015-09-30": "19.83%", "2015-06-30": "19.77%", "2015-03-31": "19.52%", "2014-12-31": "19.58%", "2014-09-30": "19.17%", "2014-06-30": "18.21%", "2014-03-31": "17.05%", "2013-12-31": "14.94%", "2013-09-30": "14.16%", "2013-06-30": "15.54%", "2013-03-31": "18.54%", "2012-12-31": "30.57%"}, "return on tangible equity": {"2020-09-30": "170.75%", "2020-06-30": "255.29%", "2020-03-31": "573.64%", "2019-12-31": "3973.33%", "2019-09-30": "4000.00%", "2019-06-30": "668.24%", "2019-03-31": "411.03%", "2018-12-31": "281.94%", "2018-09-30": "260.63%", "2018-06-30": "275.86%", "2018-03-31": "230.97%", "2017-12-31": "207.89%", "2017-09-30": "166.15%", "2017-06-30": "109.87%", "2017-03-31": "81.71%", "2016-12-31": "63.59%", "2016-09-30": "58.13%", "2016-06-30": "57.72%", "2016-03-31": "55.75%", "2015-12-31": "56.33%", "2015-09-30": "60.82%", "2015-06-30": "73.56%", "2015-03-31": "101.37%", "2014-12-31": "163.02%", "2014-09-30": "430.43%", "2014-06-30": "-454.05%", "2014-03-31": "-47.23%", "2013-12-31": "-27.66%", "2013-09-30": "-20.68%", "2013-06-30": "-17.59%", "2013-03-31": "-32.05%", "2012-12-31": "-42.70%"}, "dividend yield history": {"last payout": "$0.00", "last yield": "0.00%"}}