{"ticker": "SSNC", "price": {"title": "SS&C Technologies Holdings Historical Annual Stock Price Data", "value": 69.39, "historical": {"2020": {"Average Stock Price": "59.5189", "Year Open": "61.6400", "Year High": "73.2600", "Year Low": "34.3200", "Year Close": "72.7500", "Annual % Change": "18.49%"}, "2019": {"Average Stock Price": "55.7506", "Year Open": "44.4200", "Year High": "67.6600", "Year Low": "43.3700", "Year Close": "61.4000", "Annual % Change": "36.11%"}, "2018": {"Average Stock Price": "51.0693", "Year Open": "40.6100", "Year High": "59.3400", "Year Low": "40.6100", "Year Close": "45.1100", "Annual % Change": "11.44%"}, "2017": {"Average Stock Price": "37.5790", "Year Open": "28.8700", "Year High": "42.1000", "Year Low": "28.8700", "Year Close": "40.4800", "Annual % Change": "41.54%"}, "2016": {"Average Stock Price": "30.7583", "Year Open": "33.2100", "Year High": "34.0550", "Year Low": "26.4500", "Year Close": "28.6000", "Annual % Change": "-16.22%"}, "2015": {"Average Stock Price": "32.4437", "Year Open": "27.6400", "Year High": "37.2250", "Year Low": "26.2650", "Year Close": "34.1350", "Annual % Change": "16.72%"}, "2014": {"Average Stock Price": "22.0574", "Year Open": "22.2700", "Year High": "29.6900", "Year Low": "18.1050", "Year Close": "29.2450", "Annual % Change": "32.15%"}, "2013": {"Average Stock Price": "16.6399", "Year Open": "11.5950", "Year High": "22.1300", "Year Low": "11.1850", "Year Close": "22.1300", "Annual % Change": "91.68%"}, "2012": {"Average Stock Price": "11.3978", "Year Open": "9.0500", "Year High": "13.3350", "Year Low": "8.9500", "Year Close": "11.5450", "Annual % Change": "27.85%"}, "2011": {"Average Stock Price": "9.0145", "Year Open": "10.0100", "Year High": "10.5900", "Year Low": "6.7400", "Year Close": "9.0300", "Annual % Change": "-11.95%"}, "2010": {"Average Stock Price": "8.4147", "Year Open": "7.5400", "Year High": "10.4750", "Year Low": "6.7600", "Year Close": "10.2550", "Annual % Change": "0.00%"}}}, "market cap": {"value": "$17.76B"}, "income statement": {"Revenue": {"2019-12-31": "4632.90000", "2018-12-31": "3421.10000", "2017-12-31": "1675.30000", "2016-12-31": "1481.40000", "2015-12-31": "1000.28500", "2014-12-31": "767.86100", "2013-12-31": "712.70200", "2012-12-31": "551.84200", "2011-12-31": "370.82800", "2010-12-31": "328.90500", "2009-12-31": "270.91500", "2008-12-31": "280.00600"}, "Cost Of Goods Sold": {"2019-12-31": "2611.70000", "2018-12-31": "2051.10000", "2017-12-31": "886.40000", "2016-12-31": "800.50000", "2015-12-31": "532.35000", "2014-12-31": "410.73100", "2013-12-31": "388.80000", "2012-12-31": "299.91700", "2011-12-31": "184.28800", "2010-12-31": "165.93200", "2009-12-31": "137.74000", "2008-12-31": "142.43300"}, "Gross Profit": {"2019-12-31": "2021.20000", "2018-12-31": "1370.00000", "2017-12-31": "788.90010", "2016-12-31": "680.90000", "2015-12-31": "467.93490", "2014-12-31": "357.13000", "2013-12-31": "323.90200", "2012-12-31": "251.92500", "2011-12-31": "186.54000", "2010-12-31": "162.97300", "2009-12-31": "133.17500", "2008-12-31": "137.57300"}, "Research And Development Expenses": {"2019-12-31": "383.70000", "2018-12-31": "318.20000", "2017-12-31": "153.30000", "2016-12-31": "152.70000", "2015-12-31": "110.41500", "2014-12-31": "57.28700", "2013-12-31": "53.86200", "2012-12-31": "45.77900", "2011-12-31": "35.65000", "2010-12-31": "31.44200", "2009-12-31": "26.51300", "2008-12-31": "26.80400"}, "SG&A Expenses": {"2019-12-31": "723.10000", "2018-12-31": "524.90000", "2017-12-31": "238.10000", "2016-12-31": "239.60000", "2015-12-31": "192.78200", "2014-12-31": "99.47100", "2013-12-31": "87.07200", "2012-12-31": "68.65500", "2011-12-31": "57.11300", "2010-12-31": "51.69100", "2009-12-31": "39.55900", "2008-12-31": "45.68600"}, "Other Operating Income Or Expenses": {"2019-12-31": "", "2018-12-31": "-97.80000", "2017-12-31": "-0.60000", "2016-12-31": "", "2015-12-31": "", "2014-12-31": "", "2013-12-31": "", "2012-12-31": "-14.27500", "2011-12-31": "0.00000", "2010-12-31": "", "2009-12-31": "", "2008-12-31": ""}, "Operating Expenses": {"2019-12-31": "3718.50000", "2018-12-31": "2992.00000", "2017-12-31": "1278.40000", "2016-12-31": "1192.80000", "2015-12-31": "835.54700", "2014-12-31": "567.48900", "2013-12-31": "529.73400", "2012-12-31": "428.62600", "2011-12-31": "277.05100", "2010-12-31": "249.06500", "2009-12-31": "203.81200", "2008-12-31": "214.92300"}, "Operating Income": {"2019-12-31": "914.39990", "2018-12-31": "429.09990", "2017-12-31": "396.90010", "2016-12-31": "288.60000", "2015-12-31": "164.73800", "2014-12-31": "200.37210", "2013-12-31": "182.96800", "2012-12-31": "123.21600", "2011-12-31": "93.77700", "2010-12-31": "79.84000", "2009-12-31": "67.10300", "2008-12-31": "65.08300"}, "Total Non-Operating Income/Expense": {"2019-12-31": "-382.70000", "2018-12-31": "-304.00000", "2017-12-31": "-114.20000", "2016-12-31": "-125.00000", "2015-12-31": "-103.89600", "2014-12-31": "-22.71800", "2013-12-31": "-37.78100", "2012-12-31": "-52.73100", "2011-12-31": "-19.83800", "2010-12-31": "-35.39300", "2009-12-31": "-38.28100", "2008-12-31": "-39.13600"}, "Pre-Tax Income": {"2019-12-31": "531.70000", "2018-12-31": "125.10000", "2017-12-31": "282.70000", "2016-12-31": "163.60000", "2015-12-31": "60.84200", "2014-12-31": "177.65400", "2013-12-31": "145.18700", "2012-12-31": "70.48500", "2011-12-31": "73.93900", "2010-12-31": "44.44700", "2009-12-31": "28.82200", "2008-12-31": "25.94700"}, "Income Taxes": {"2019-12-31": "93.20000", "2018-12-31": "21.90000", "2017-12-31": "-46.20000", "2016-12-31": "32.60000", "2015-12-31": "17.98000", "2014-12-31": "46.52700", "2013-12-31": "27.29200", "2012-12-31": "24.66500", "2011-12-31": "22.91800", "2010-12-31": "12.03400", "2009-12-31": "9.80400", "2008-12-31": "7.14600"}, "Income After Taxes": {"2019-12-31": "438.50000", "2018-12-31": "103.20000", "2017-12-31": "328.90000", "2016-12-31": "131.00000", "2015-12-31": "42.86200", "2014-12-31": "131.12700", "2013-12-31": "117.89500", "2012-12-31": "45.82000", "2011-12-31": "51.02100", "2010-12-31": "32.41300", "2009-12-31": "19.01800", "2008-12-31": "18.80100"}, "Other Income": {"2019-12-31": "", "2018-12-31": "", "2017-12-31": "", "2016-12-31": "", "2015-12-31": "", "2014-12-31": "", "2013-12-31": "", "2012-12-31": "", "2011-12-31": "", "2010-12-31": "", "2009-12-31": "", "2008-12-31": ""}, "Income From Continuous Operations": {"2019-12-31": "438.50000", "2018-12-31": "103.20000", "2017-12-31": "328.90000", "2016-12-31": "131.00000", "2015-12-31": "42.86200", "2014-12-31": "131.12700", "2013-12-31": "117.89500", "2012-12-31": "45.82000", "2011-12-31": "51.02100", "2010-12-31": "32.41300", "2009-12-31": "19.01800", "2008-12-31": "18.80100"}, "Income From Discontinued Operations": {"2019-12-31": "", "2018-12-31": "", "2017-12-31": "", "2016-12-31": "", "2015-12-31": "", "2014-12-31": "", "2013-12-31": "", "2012-12-31": "", "2011-12-31": "", "2010-12-31": "", "2009-12-31": "", "2008-12-31": ""}, "Net Income": {"2019-12-31": "438.50000", "2018-12-31": "103.20000", "2017-12-31": "328.90000", "2016-12-31": "131.00000", "2015-12-31": "42.86200", "2014-12-31": "131.12700", "2013-12-31": "117.89500", "2012-12-31": "45.82000", "2011-12-31": "51.02100", "2010-12-31": "32.41300", "2009-12-31": "19.01800", "2008-12-31": "18.80100"}, "EBITDA": {"2019-12-31": "1718.00000", "2018-12-31": "961.19980", "2017-12-31": "644.60020", "2016-12-31": "528.00000", "2015-12-31": "323.69800", "2014-12-31": "306.04210", "2013-12-31": "288.57800", "2012-12-31": "208.24500", "2011-12-31": "140.48600", "2010-12-31": "123.96000", "2009-12-31": "105.43700", "2008-12-31": "102.44900"}, "EBIT": {"2019-12-31": "914.39990", "2018-12-31": "429.09990", "2017-12-31": "396.90010", "2016-12-31": "288.60000", "2015-12-31": "164.73800", "2014-12-31": "200.37210", "2013-12-31": "182.96800", "2012-12-31": "123.21600", "2011-12-31": "93.77700", "2010-12-31": "79.84000", "2009-12-31": "67.10300", "2008-12-31": "65.08300"}, "Basic Shares Outstanding": {"2019-12-31": "252.90000", "2018-12-31": "232.50000", "2017-12-31": "204.90000", "2016-12-31": "200.30000", "2015-12-31": "182.19600", "2014-12-31": "166.62800", "2013-12-31": "162.39000", "2012-12-31": "156.64200", "2011-12-31": "152.96400", "2010-12-31": "138.05400", "2009-12-31": "120.76200", "2008-12-31": "120.56800"}, "Shares Outstanding": {"2019-12-31": "264.20000", "2018-12-31": "243.70000", "2017-12-31": "211.60000", "2016-12-31": "205.80000", "2015-12-31": "190.89600", "2014-12-31": "174.66200", "2013-12-31": "171.23200", "2012-12-31": "165.77600", "2011-12-31": "161.41800", "2010-12-31": "146.15800", "2009-12-31": "127.30600", "2008-12-31": "127.40000"}, "Basic EPS": {"2019-12-31": "1.73000", "2018-12-31": "0.44000", "2017-12-31": "1.60000", "2016-12-31": "0.65000", "2015-12-31": "0.24000", "2014-12-31": "0.79000", "2013-12-31": "0.72500", "2012-12-31": "0.29500", "2011-12-31": "0.33500", "2010-12-31": "0.23500", "2009-12-31": "0.15500", "2008-12-31": "0.15500"}, "EPS - Earnings Per Share": {"2019-12-31": "1.66000", "2018-12-31": "0.42000", "2017-12-31": "1.55000", "2016-12-31": "0.64000", "2015-12-31": "0.22000", "2014-12-31": "0.75000", "2013-12-31": "0.69000", "2012-12-31": "0.27500", "2011-12-31": "0.31500", "2010-12-31": "0.22000", "2009-12-31": "0.15000", "2008-12-31": "0.15000"}}, "income statement, quarterly": {"Revenue": {"2020-09-30": "1152.80000", "2020-06-30": "1138.10000", "2020-03-31": "1173.60000", "2019-12-31": "1203.50000", "2019-09-30": "1144.20000", "2019-06-30": "1148.00000", "2019-03-31": "1137.20000", "2018-12-31": "1111.00000", "2018-09-30": "992.40000", "2018-06-30": "895.80000", "2018-03-31": "421.90000", "2017-12-31": "438.40110", "2017-09-30": "418.20000", "2017-06-30": "411.00000", "2017-03-31": "407.69900", "2016-12-31": "400.88800", "2016-09-30": "383.30400", "2016-06-30": "373.07700", "2016-03-31": "324.13100", "2015-12-31": "300.88800", "2015-09-30": "280.89400", "2015-06-30": "212.76800", "2015-03-31": "205.73500", "2014-12-31": "200.73100", "2014-09-30": "192.59800", "2014-06-30": "188.72200", "2014-03-31": "185.81000", "2013-12-31": "182.52200", "2013-09-30": "179.50500", "2013-06-30": "177.45700", "2013-03-31": "173.21800", "2012-12-31": "171.75500", "2012-09-30": "165.56200", "2012-06-30": "120.85000", "2012-03-31": "93.67500", "2011-12-31": "95.69500", "2011-09-30": "94.32300", "2011-06-30": "91.80300", "2011-03-31": "89.00700", "2010-12-31": "86.11000", "2010-09-30": "83.00300", "2010-06-30": "81.61800", "2010-03-31": "78.17400", "2009-12-31": "71.04500", "2009-09-30": "68.89700", "2009-06-30": "67.25100", "2009-03-31": "63.72200", "2008-12-31": "", "2008-09-30": "211.71000"}, "Cost Of Goods Sold": {"2020-09-30": "628.90000", "2020-06-30": "626.80000", "2020-03-31": "665.60000", "2019-12-31": "658.00000", "2019-09-30": "642.70000", "2019-06-30": "649.10000", "2019-03-31": "661.90000", "2018-12-31": "638.00000", "2018-09-30": "580.10000", "2018-06-30": "603.50000", "2018-03-31": "229.50000", "2017-12-31": "225.44100", "2017-09-30": "219.80000", "2017-06-30": "223.70000", "2017-03-31": "217.45900", "2016-12-31": "205.31000", "2016-09-30": "208.02700", "2016-06-30": "210.47900", "2016-03-31": "176.68400", "2015-12-31": "158.67600", "2015-09-30": "151.86400", "2015-06-30": "109.50300", "2015-03-31": "112.30700", "2014-12-31": "105.61600", "2014-09-30": "101.38300", "2014-06-30": "102.23300", "2014-03-31": "101.49900", "2013-12-31": "98.40300", "2013-09-30": "96.19500", "2013-06-30": "96.76100", "2013-03-31": "97.44100", "2012-12-31": "96.22700", "2012-09-30": "93.73800", "2012-06-30": "63.10000", "2012-03-31": "46.85200", "2011-12-31": "47.67700", "2011-09-30": "46.47900", "2011-06-30": "45.63700", "2011-03-31": "44.49500", "2010-12-31": "43.49300", "2010-09-30": "42.33700", "2010-06-30": "40.94000", "2010-03-31": "39.16200", "2009-12-31": "35.34600", "2009-09-30": "34.80100", "2009-06-30": "34.52100", "2009-03-31": "33.07200", "2008-12-31": "", "2008-09-30": "107.31000"}, "Gross Profit": {"2020-09-30": "523.90010", "2020-06-30": "511.29990", "2020-03-31": "508.00000", "2019-12-31": "545.50000", "2019-09-30": "501.49990", "2019-06-30": "498.90000", "2019-03-31": "475.29990", "2018-12-31": "473.00010", "2018-09-30": "412.30000", "2018-06-30": "292.30000", "2018-03-31": "192.40000", "2017-12-31": "212.96010", "2017-09-30": "198.40000", "2017-06-30": "187.30000", "2017-03-31": "190.24000", "2016-12-31": "195.57800", "2016-09-30": "175.27700", "2016-06-30": "162.59800", "2016-03-31": "147.44700", "2015-12-31": "142.21200", "2015-09-30": "129.03000", "2015-06-30": "103.26500", "2015-03-31": "93.42800", "2014-12-31": "95.11500", "2014-09-30": "91.21500", "2014-06-30": "86.48900", "2014-03-31": "84.31100", "2013-12-31": "84.11900", "2013-09-30": "83.31000", "2013-06-30": "80.69600", "2013-03-31": "75.77700", "2012-12-31": "75.52800", "2012-09-30": "71.82400", "2012-06-30": "57.75000", "2012-03-31": "46.82300", "2011-12-31": "48.01800", "2011-09-30": "47.84400", "2011-06-30": "46.16600", "2011-03-31": "44.51200", "2010-12-31": "42.61700", "2010-09-30": "40.66600", "2010-06-30": "40.67800", "2010-03-31": "39.01200", "2009-12-31": "35.69900", "2009-09-30": "34.09600", "2009-06-30": "32.73000", "2009-03-31": "30.65000", "2008-12-31": "", "2008-09-30": "104.40000"}, "Research And Development Expenses": {"2020-09-30": "97.00000", "2020-06-30": "96.80000", "2020-03-31": "104.90000", "2019-12-31": "100.40000", "2019-09-30": "94.90000", "2019-06-30": "93.60000", "2019-03-31": "94.80000", "2018-12-31": "104.00000", "2018-09-30": "85.70000", "2018-06-30": "89.60000", "2018-03-31": "38.90000", "2017-12-31": "38.35100", "2017-09-30": "37.40000", "2017-06-30": "39.10000", "2017-03-31": "38.44900", "2016-12-31": "37.72500", "2016-09-30": "37.70100", "2016-06-30": "40.82700", "2016-03-31": "36.44700", "2015-12-31": "35.89800", "2015-09-30": "37.38900", "2015-06-30": "17.52000", "2015-03-31": "19.60800", "2014-12-31": "15.82600", "2014-09-30": "13.93500", "2014-06-30": "13.93900", "2014-03-31": "13.58700", "2013-12-31": "13.30400", "2013-09-30": "13.11700", "2013-06-30": "13.63900", "2013-03-31": "13.80200", "2012-12-31": "13.30100", "2012-09-30": "13.19300", "2012-06-30": "10.64600", "2012-03-31": "8.63900", "2011-12-31": "9.29700", "2011-09-30": "9.32800", "2011-06-30": "9.05300", "2011-03-31": "7.97200", "2010-12-31": "7.95600", "2010-09-30": "7.86700", "2010-06-30": "7.86000", "2010-03-31": "7.75900", "2009-12-31": "6.92000", "2009-09-30": "6.96900", "2009-06-30": "6.75700", "2009-03-31": "5.86700", "2008-12-31": "", "2008-09-30": "20.34000"}, "SG&A Expenses": {"2020-09-30": "169.90000", "2020-06-30": "173.20000", "2020-03-31": "184.30000", "2019-12-31": "183.80000", "2019-09-30": "179.00000", "2019-06-30": "181.80000", "2019-03-31": "178.50000", "2018-12-31": "155.30000", "2018-09-30": "144.10000", "2018-06-30": "162.30000", "2018-03-31": "63.20000", "2017-12-31": "60.62600", "2017-09-30": "57.10000", "2017-06-30": "58.30000", "2017-03-31": "62.07400", "2016-12-31": "62.63700", "2016-09-30": "60.67300", "2016-06-30": "55.73400", "2016-03-31": "60.55600", "2015-12-31": "58.01200", "2015-09-30": "76.68900", "2015-06-30": "27.39400", "2015-03-31": "30.68700", "2014-12-31": "25.69400", "2014-09-30": "22.91700", "2014-06-30": "27.16100", "2014-03-31": "23.69900", "2013-12-31": "22.99900", "2013-09-30": "22.32900", "2013-06-30": "21.76500", "2013-03-31": "19.97900", "2012-12-31": "19.50000", "2012-09-30": "20.63800", "2012-06-30": "16.55700", "2012-03-31": "11.96000", "2011-12-31": "15.03600", "2011-09-30": "14.42600", "2011-06-30": "14.21800", "2011-03-31": "13.43300", "2010-12-31": "13.61600", "2010-09-30": "13.21400", "2010-06-30": "13.02900", "2010-03-31": "11.83200", "2009-12-31": "9.64700", "2009-09-30": "9.46400", "2009-06-30": "10.13800", "2009-03-31": "10.31000", "2008-12-31": "", "2008-09-30": "35.39000"}, "Other Operating Income Or Expenses": {"2020-09-30": "", "2020-06-30": "", "2020-03-31": "", "2019-12-31": "", "2019-09-30": "", "2019-06-30": "", "2019-03-31": "", "2018-12-31": "-1.40000", "2018-09-30": "-1.90000", "2018-06-30": "-91.10000", "2018-03-31": "-3.40000", "2017-12-31": "", "2017-09-30": "", "2017-06-30": "", "2017-03-31": "", "2016-12-31": "", "2016-09-30": "", "2016-06-30": "", "2016-03-31": "", "2015-12-31": "", "2015-09-30": "", "2015-06-30": "", "2015-03-31": "", "2014-12-31": "", "2014-09-30": "", "2014-06-30": "", "2014-03-31": "", "2013-12-31": "", "2013-09-30": "", "2013-06-30": "", "2013-03-31": "", "2012-12-31": "0.04700", "2012-09-30": "-0.74800", "2012-06-30": "-9.42100", "2012-03-31": "-4.15300", "2011-12-31": "", "2011-09-30": "", "2011-06-30": "", "2011-03-31": "", "2010-12-31": "", "2010-09-30": "", "2010-06-30": "", "2010-03-31": "", "2009-12-31": "", "2009-09-30": "", "2009-06-30": "", "2009-03-31": "", "2008-12-31": "", "2008-09-30": ""}, "Operating Expenses": {"2020-09-30": "895.79990", "2020-06-30": "896.80000", "2020-03-31": "954.80000", "2019-12-31": "942.19990", "2019-09-30": "916.60000", "2019-06-30": "924.49990", "2019-03-31": "935.20000", "2018-12-31": "898.70020", "2018-09-30": "811.80000", "2018-06-30": "946.49990", "2018-03-31": "335.00000", "2017-12-31": "325.01790", "2017-09-30": "314.30000", "2017-06-30": "321.10000", "2017-03-31": "317.98200", "2016-12-31": "305.67200", "2016-09-30": "306.40100", "2016-06-30": "307.04000", "2016-03-31": "273.68700", "2015-12-31": "252.58600", "2015-09-30": "265.94200", "2015-06-30": "154.41700", "2015-03-31": "162.60200", "2014-12-31": "147.13600", "2014-09-30": "138.23500", "2014-06-30": "143.33300", "2014-03-31": "138.78500", "2013-12-31": "134.70600", "2013-09-30": "131.64100", "2013-06-30": "132.16500", "2013-03-31": "131.22200", "2012-12-31": "128.98100", "2012-09-30": "128.31700", "2012-06-30": "99.72400", "2012-03-31": "71.60400", "2011-12-31": "72.01000", "2011-09-30": "70.23300", "2011-06-30": "68.90800", "2011-03-31": "65.90000", "2010-12-31": "65.06500", "2010-09-30": "63.41800", "2010-06-30": "61.82900", "2010-03-31": "58.75300", "2009-12-31": "51.91300", "2009-09-30": "51.23400", "2009-06-30": "51.41600", "2009-03-31": "49.24900", "2008-12-31": "", "2008-09-30": "163.04000"}, "Operating Income": {"2020-09-30": "257.00010", "2020-06-30": "241.29990", "2020-03-31": "218.80000", "2019-12-31": "261.30010", "2019-09-30": "227.59990", "2019-06-30": "223.50010", "2019-03-31": "201.99990", "2018-12-31": "212.29990", "2018-09-30": "180.60000", "2018-06-30": "-50.70000", "2018-03-31": "86.90000", "2017-12-31": "113.38320", "2017-09-30": "103.90000", "2017-06-30": "89.90000", "2017-03-31": "89.71700", "2016-12-31": "95.21600", "2016-09-30": "76.90300", "2016-06-30": "66.03700", "2016-03-31": "50.44400", "2015-12-31": "48.30200", "2015-09-30": "14.95200", "2015-06-30": "58.35100", "2015-03-31": "43.13300", "2014-12-31": "53.59510", "2014-09-30": "54.36300", "2014-06-30": "45.38900", "2014-03-31": "47.02500", "2013-12-31": "47.81600", "2013-09-30": "47.86400", "2013-06-30": "45.29200", "2013-03-31": "41.99600", "2012-12-31": "42.77400", "2012-09-30": "37.24500", "2012-06-30": "21.12600", "2012-03-31": "22.07100", "2011-12-31": "23.68500", "2011-09-30": "24.09000", "2011-06-30": "22.89500", "2011-03-31": "23.10700", "2010-12-31": "21.04500", "2010-09-30": "19.58500", "2010-06-30": "19.78900", "2010-03-31": "19.42100", "2009-12-31": "19.13200", "2009-09-30": "17.66300", "2009-06-30": "15.83500", "2009-03-31": "14.47300", "2008-12-31": "", "2008-09-30": "48.67000"}, "Total Non-Operating Income/Expense": {"2020-09-30": "-39.00000", "2020-06-30": "-42.30000", "2020-03-31": "-94.80000", "2019-12-31": "-100.40000", "2019-09-30": "-108.90000", "2019-06-30": "-68.20000", "2019-03-31": "-105.20000", "2018-12-31": "-103.50000", "2018-09-30": "-62.70000", "2018-06-30": "-112.90000", "2018-03-31": "-24.90000", "2017-12-31": "-26.48300", "2017-09-30": "-28.80000", "2017-06-30": "-27.50000", "2017-03-31": "-31.41700", "2016-12-31": "-28.23700", "2016-09-30": "-28.99300", "2016-06-30": "-32.83400", "2016-03-31": "-34.93600", "2015-12-31": "-35.09700", "2015-09-30": "-56.10900", "2015-06-30": "-5.58300", "2015-03-31": "-7.10700", "2014-12-31": "-3.76700", "2014-09-30": "-4.53900", "2014-06-30": "-6.62800", "2014-03-31": "-7.78400", "2013-12-31": "-6.86200", "2013-09-30": "-9.14600", "2013-06-30": "-9.41400", "2013-03-31": "-12.35900", "2012-12-31": "-13.39100", "2012-09-30": "-15.53400", "2012-06-30": "-27.38300", "2012-03-31": "3.57700", "2011-12-31": "-5.32100", "2011-09-30": "-2.86700", "2011-06-30": "-3.35500", "2011-03-31": "-8.29500", "2010-12-31": "-6.74800", "2010-09-30": "-6.09000", "2010-06-30": "-13.42300", "2010-03-31": "-9.13200", "2009-12-31": "-9.23400", "2009-09-30": "-9.48100", "2009-06-30": "-10.77300", "2009-03-31": "-8.79300", "2008-12-31": "", "2008-09-30": "-30.86000"}, "Pre-Tax Income": {"2020-09-30": "218.00000", "2020-06-30": "199.00000", "2020-03-31": "124.00000", "2019-12-31": "160.90000", "2019-09-30": "118.70000", "2019-06-30": "155.30000", "2019-03-31": "96.80000", "2018-12-31": "108.80000", "2018-09-30": "117.90000", "2018-06-30": "-163.60000", "2018-03-31": "62.00000", "2017-12-31": "86.90000", "2017-09-30": "75.10000", "2017-06-30": "62.40000", "2017-03-31": "58.30000", "2016-12-31": "66.97900", "2016-09-30": "47.91000", "2016-06-30": "33.20300", "2016-03-31": "15.50800", "2015-12-31": "13.20500", "2015-09-30": "-41.15700", "2015-06-30": "52.76800", "2015-03-31": "36.02600", "2014-12-31": "49.82800", "2014-09-30": "49.82400", "2014-06-30": "38.76100", "2014-03-31": "39.24100", "2013-12-31": "40.95400", "2013-09-30": "38.71800", "2013-06-30": "35.87800", "2013-03-31": "29.63700", "2012-12-31": "29.38300", "2012-09-30": "21.71100", "2012-06-30": "-6.25700", "2012-03-31": "25.64800", "2011-12-31": "18.36400", "2011-09-30": "21.22300", "2011-06-30": "19.54000", "2011-03-31": "14.81200", "2010-12-31": "14.29700", "2010-09-30": "13.49500", "2010-06-30": "6.36600", "2010-03-31": "10.28900", "2009-12-31": "9.89800", "2009-09-30": "8.18200", "2009-06-30": "5.06200", "2009-03-31": "5.68000", "2008-12-31": "", "2008-09-30": "17.82000"}, "Income Taxes": {"2020-09-30": "58.60000", "2020-06-30": "29.50000", "2020-03-31": "24.80000", "2019-12-31": "19.30000", "2019-09-30": "23.70000", "2019-06-30": "34.20000", "2019-03-31": "16.00000", "2018-12-31": "50.20000", "2018-09-30": "60.90000", "2018-06-30": "-99.90000", "2018-03-31": "10.70000", "2017-12-31": "-78.55300", "2017-09-30": "10.90000", "2017-06-30": "11.30000", "2017-03-31": "10.15300", "2016-12-31": "9.95200", "2016-09-30": "9.16300", "2016-06-30": "4.98200", "2016-03-31": "8.50300", "2015-12-31": "1.10700", "2015-09-30": "-6.54700", "2015-06-30": "13.64000", "2015-03-31": "9.78000", "2014-12-31": "13.22100", "2014-09-30": "8.99700", "2014-06-30": "11.51600", "2014-03-31": "12.79300", "2013-12-31": "14.07300", "2013-09-30": "-4.74800", "2013-06-30": "9.75900", "2013-03-31": "8.20800", "2012-12-31": "13.30100", "2012-09-30": "4.09600", "2012-06-30": "-0.49700", "2012-03-31": "7.76500", "2011-12-31": "5.10400", "2011-09-30": "6.32400", "2011-06-30": "6.51200", "2011-03-31": "4.97800", "2010-12-31": "5.12100", "2010-09-30": "3.64100", "2010-06-30": "2.00400", "2010-03-31": "1.26800", "2009-12-31": "3.87600", "2009-09-30": "2.57500", "2009-06-30": "1.57100", "2009-03-31": "1.78200", "2008-12-31": "", "2008-09-30": "5.49000"}, "Income After Taxes": {"2020-09-30": "159.40000", "2020-06-30": "169.50000", "2020-03-31": "99.20000", "2019-12-31": "141.60000", "2019-09-30": "95.00000", "2019-06-30": "121.10000", "2019-03-31": "80.80000", "2018-12-31": "58.60000", "2018-09-30": "57.00000", "2018-06-30": "-63.70000", "2018-03-31": "51.30000", "2017-12-31": "165.45300", "2017-09-30": "64.20000", "2017-06-30": "51.10000", "2017-03-31": "48.14700", "2016-12-31": "57.02700", "2016-09-30": "38.74700", "2016-06-30": "28.22100", "2016-03-31": "7.00500", "2015-12-31": "12.09800", "2015-09-30": "-34.61000", "2015-06-30": "39.12800", "2015-03-31": "26.24600", "2014-12-31": "36.60700", "2014-09-30": "40.82700", "2014-06-30": "27.24500", "2014-03-31": "26.44800", "2013-12-31": "26.88100", "2013-09-30": "43.46600", "2013-06-30": "26.11900", "2013-03-31": "21.42900", "2012-12-31": "16.08200", "2012-09-30": "17.61500", "2012-06-30": "-5.76000", "2012-03-31": "17.88300", "2011-12-31": "13.26000", "2011-09-30": "14.89900", "2011-06-30": "13.02800", "2011-03-31": "9.83400", "2010-12-31": "9.17600", "2010-09-30": "9.85400", "2010-06-30": "4.36200", "2010-03-31": "9.02100", "2009-12-31": "6.02200", "2009-09-30": "5.60700", "2009-06-30": "3.49100", "2009-03-31": "3.89800", "2008-12-31": "", "2008-09-30": "12.33000"}, "Other Income": {"2020-09-30": "", "2020-06-30": "", "2020-03-31": "", "2019-12-31": "", "2019-09-30": "", "2019-06-30": "", "2019-03-31": "", "2018-12-31": "", "2018-09-30": "", "2018-06-30": "", "2018-03-31": "", "2017-12-31": "", "2017-09-30": "", "2017-06-30": "", "2017-03-31": "", "2016-12-31": "", "2016-09-30": "", "2016-06-30": "", "2016-03-31": "", "2015-12-31": "", "2015-09-30": "", "2015-06-30": "", "2015-03-31": "", "2014-12-31": "", "2014-09-30": "", "2014-06-30": "", "2014-03-31": "", "2013-12-31": "", "2013-09-30": "", "2013-06-30": "", "2013-03-31": "", "2012-12-31": "", "2012-09-30": "", "2012-06-30": "", "2012-03-31": "", "2011-12-31": "", "2011-09-30": "", "2011-06-30": "", "2011-03-31": "", "2010-12-31": "", "2010-09-30": "", "2010-06-30": "", "2010-03-31": "", "2009-12-31": "", "2009-09-30": "", "2009-06-30": "", "2009-03-31": "", "2008-12-31": "", "2008-09-30": "0.00000"}, "Income From Continuous Operations": {"2020-09-30": "159.40000", "2020-06-30": "169.50000", "2020-03-31": "99.20000", "2019-12-31": "141.60000", "2019-09-30": "95.00000", "2019-06-30": "121.10000", "2019-03-31": "80.80000", "2018-12-31": "58.60000", "2018-09-30": "57.00000", "2018-06-30": "-63.70000", "2018-03-31": "51.30000", "2017-12-31": "165.45300", "2017-09-30": "64.20000", "2017-06-30": "51.10000", "2017-03-31": "48.14700", "2016-12-31": "57.02700", "2016-09-30": "38.74700", "2016-06-30": "28.22100", "2016-03-31": "7.00500", "2015-12-31": "12.09800", "2015-09-30": "-34.61000", "2015-06-30": "39.12800", "2015-03-31": "26.24600", "2014-12-31": "36.60700", "2014-09-30": "40.82700", "2014-06-30": "27.24500", "2014-03-31": "26.44800", "2013-12-31": "26.88100", "2013-09-30": "43.46600", "2013-06-30": "26.11900", "2013-03-31": "21.42900", "2012-12-31": "16.08200", "2012-09-30": "17.61500", "2012-06-30": "-5.76000", "2012-03-31": "17.88300", "2011-12-31": "13.26000", "2011-09-30": "14.89900", "2011-06-30": "13.02800", "2011-03-31": "9.83400", "2010-12-31": "9.17600", "2010-09-30": "9.85400", "2010-06-30": "4.36200", "2010-03-31": "9.02100", "2009-12-31": "6.02200", "2009-09-30": "5.60700", "2009-06-30": "3.49100", "2009-03-31": "3.89800", "2008-12-31": "", "2008-09-30": "12.33000"}, "Income From Discontinued Operations": {"2020-09-30": "", "2020-06-30": "", "2020-03-31": "", "2019-12-31": "", "2019-09-30": "", "2019-06-30": "", "2019-03-31": "", "2018-12-31": "", "2018-09-30": "", "2018-06-30": "", "2018-03-31": "", "2017-12-31": "", "2017-09-30": "", "2017-06-30": "", "2017-03-31": "", "2016-12-31": "", "2016-09-30": "", "2016-06-30": "", "2016-03-31": "", "2015-12-31": "", "2015-09-30": "", "2015-06-30": "", "2015-03-31": "", "2014-12-31": "", "2014-09-30": "", "2014-06-30": "", "2014-03-31": "", "2013-12-31": "", "2013-09-30": "", "2013-06-30": "", "2013-03-31": "", "2012-12-31": "", "2012-09-30": "", "2012-06-30": "", "2012-03-31": "", "2011-12-31": "", "2011-09-30": "", "2011-06-30": "", "2011-03-31": "", "2010-12-31": "", "2010-09-30": "", "2010-06-30": "", "2010-03-31": "", "2009-12-31": "", "2009-09-30": "", "2009-06-30": "", "2009-03-31": "", "2008-12-31": "", "2008-09-30": "0.00000"}, "Net Income": {"2020-09-30": "159.40000", "2020-06-30": "169.50000", "2020-03-31": "99.20000", "2019-12-31": "141.60000", "2019-09-30": "95.00000", "2019-06-30": "121.10000", "2019-03-31": "80.80000", "2018-12-31": "58.60000", "2018-09-30": "57.00000", "2018-06-30": "-63.70000", "2018-03-31": "51.30000", "2017-12-31": "165.45300", "2017-09-30": "64.20000", "2017-06-30": "51.10000", "2017-03-31": "48.14700", "2016-12-31": "57.02700", "2016-09-30": "38.74700", "2016-06-30": "28.22100", "2016-03-31": "7.00500", "2015-12-31": "12.09800", "2015-09-30": "-34.61000", "2015-06-30": "39.12800", "2015-03-31": "26.24600", "2014-12-31": "36.60700", "2014-09-30": "40.82700", "2014-06-30": "27.24500", "2014-03-31": "26.44800", "2013-12-31": "26.88100", "2013-09-30": "43.46600", "2013-06-30": "26.11900", "2013-03-31": "21.42900", "2012-12-31": "16.08200", "2012-09-30": "17.61500", "2012-06-30": "-5.76000", "2012-03-31": "17.88300", "2011-12-31": "13.26000", "2011-09-30": "14.89900", "2011-06-30": "13.02800", "2011-03-31": "9.83400", "2010-12-31": "9.17600", "2010-09-30": "9.85400", "2010-06-30": "4.36200", "2010-03-31": "9.02100", "2009-12-31": "6.02200", "2009-09-30": "5.60700", "2009-06-30": "3.49100", "2009-03-31": "3.89800", "2008-12-31": "", "2008-09-30": "12.33000"}, "EBITDA": {"2020-09-30": "440.50010", "2020-06-30": "424.09990", "2020-03-31": "407.00000", "2019-12-31": "468.80020", "2019-09-30": "422.19990", "2019-06-30": "417.90010", "2019-03-31": "409.09990", "2018-12-31": "391.99990", "2018-09-30": "330.30000", "2018-06-30": "88.00010", "2018-03-31": "150.90000", "2017-12-31": "176.28320", "2017-09-30": "166.20000", "2017-06-30": "151.18700", "2017-03-31": "150.93000", "2016-12-31": "155.71200", "2016-09-30": "137.05500", "2016-06-30": "126.86300", "2016-03-31": "108.37000", "2015-12-31": "100.94900", "2015-09-30": "66.28800", "2015-06-30": "85.89700", "2015-03-31": "70.56400", "2014-12-31": "80.37510", "2014-09-30": "80.46500", "2014-06-30": "71.72100", "2014-03-31": "73.48100", "2013-12-31": "74.57700", "2013-09-30": "73.98300", "2013-06-30": "71.88200", "2013-03-31": "68.13600", "2012-12-31": "69.36900", "2012-09-30": "63.34900", "2012-06-30": "43.19300", "2012-03-31": "32.33400", "2011-12-31": "36.68900", "2011-09-30": "34.99700", "2011-06-30": "33.92200", "2011-03-31": "34.87800", "2010-12-31": "31.91300", "2010-09-30": "30.13700", "2010-06-30": "31.79200", "2010-03-31": "30.11800", "2009-12-31": "29.03500", "2009-09-30": "27.35100", "2009-06-30": "25.43500", "2009-03-31": "23.61600", "2008-12-31": "", "2008-09-30": "48.67000"}, "EBIT": {"2020-09-30": "257.00010", "2020-06-30": "241.29990", "2020-03-31": "218.80000", "2019-12-31": "261.30000", "2019-09-30": "227.59990", "2019-06-30": "223.50010", "2019-03-31": "201.99990", "2018-12-31": "212.29980", "2018-09-30": "180.60000", "2018-06-30": "-50.70000", "2018-03-31": "86.90000", "2017-12-31": "113.38310", "2017-09-30": "103.90000", "2017-06-30": "89.90000", "2017-03-31": "89.71700", "2016-12-31": "95.21600", "2016-09-30": "76.90300", "2016-06-30": "66.03700", "2016-03-31": "50.44400", "2015-12-31": "48.30190", "2015-09-30": "14.95200", "2015-06-30": "58.35100", "2015-03-31": "43.13300", "2014-12-31": "53.59510", "2014-09-30": "54.36300", "2014-06-30": "45.38900", "2014-03-31": "47.02500", "2013-12-31": "47.81600", "2013-09-30": "47.86400", "2013-06-30": "45.29200", "2013-03-31": "41.99600", "2012-12-31": "42.77400", "2012-09-30": "37.24500", "2012-06-30": "21.12600", "2012-03-31": "22.07100", "2011-12-31": "23.68500", "2011-09-30": "24.09000", "2011-06-30": "22.89500", "2011-03-31": "23.10700", "2010-12-31": "21.04500", "2010-09-30": "19.58500", "2010-06-30": "19.78900", "2010-03-31": "19.42100", "2009-12-31": "19.13200", "2009-09-30": "17.66300", "2009-06-30": "15.83500", "2009-03-31": "14.47300", "2008-12-31": "", "2008-09-30": "48.67000"}, "Basic Shares Outstanding": {"2020-09-30": "256.70000", "2020-06-30": "257.00000", "2020-03-31": "255.30000", "2019-12-31": "252.90000", "2019-09-30": "253.30000", "2019-06-30": "253.30000", "2019-03-31": "251.50000", "2018-12-31": "232.50000", "2018-09-30": "239.90000", "2018-06-30": "236.90000", "2018-03-31": "207.00000", "2017-12-31": "204.90000", "2017-09-30": "205.60000", "2017-06-30": "204.60000", "2017-03-31": "203.37600", "2016-12-31": "200.30000", "2016-09-30": "201.78200", "2016-06-30": "198.76500", "2016-03-31": "197.52000", "2015-12-31": "182.19600", "2015-09-30": "193.70600", "2015-06-30": "170.81000", "2015-03-31": "168.52600", "2014-12-31": "166.62800", "2014-09-30": "167.06400", "2014-06-30": "166.23600", "2014-03-31": "165.44400", "2013-12-31": "162.39000", "2013-09-30": "163.56800", "2013-06-30": "162.37200", "2013-03-31": "158.68000", "2012-12-31": "156.64200", "2012-09-30": "157.09600", "2012-06-30": "156.19600", "2012-03-31": "155.43600", "2011-12-31": "152.96400", "2011-09-30": "154.63000", "2011-06-30": "153.44800", "2011-03-31": "148.75000", "2010-12-31": "138.05400", "2010-09-30": "143.77800", "2010-06-30": "141.92000", "2010-03-31": "121.57000", "2009-12-31": "120.76200", "2009-09-30": "120.77600", "2009-06-30": "120.76400", "2009-03-31": "120.72400", "2008-12-31": "", "2008-09-30": ""}, "Shares Outstanding": {"2020-09-30": "266.70000", "2020-06-30": "265.80000", "2020-03-31": "265.60000", "2019-12-31": "264.20000", "2019-09-30": "262.70000", "2019-06-30": "266.20000", "2019-03-31": "263.70000", "2018-12-31": "243.70000", "2018-09-30": "252.60000", "2018-06-30": "236.90000", "2018-03-31": "217.70000", "2017-12-31": "211.60000", "2017-09-30": "212.40000", "2017-06-30": "211.30000", "2017-03-31": "209.70400", "2016-12-31": "205.80000", "2016-09-30": "206.63500", "2016-06-30": "204.91600", "2016-03-31": "204.26200", "2015-12-31": "190.89600", "2015-09-30": "193.70600", "2015-06-30": "179.10400", "2015-03-31": "176.91200", "2014-12-31": "174.66200", "2014-09-30": "174.78400", "2014-06-30": "174.18200", "2014-03-31": "173.80200", "2013-12-31": "171.23200", "2013-09-30": "172.13600", "2013-06-30": "170.56000", "2013-03-31": "167.54000", "2012-12-31": "165.77600", "2012-09-30": "166.40400", "2012-06-30": "156.19600", "2012-03-31": "164.01400", "2011-12-31": "161.41800", "2011-09-30": "161.46000", "2011-06-30": "161.76000", "2011-03-31": "157.38400", "2010-12-31": "146.15800", "2010-09-30": "150.88200", "2010-06-30": "149.07600", "2010-03-31": "129.08400", "2009-12-31": "127.30600", "2009-09-30": "126.67800", "2009-06-30": "126.75200", "2009-03-31": "125.77600", "2008-12-31": "", "2008-09-30": ""}, "Basic EPS": {"2020-09-30": "0.62000", "2020-06-30": "0.66000", "2020-03-31": "0.39000", "2019-12-31": "0.55000", "2019-09-30": "0.38000", "2019-06-30": "0.48000", "2019-03-31": "0.32000", "2018-12-31": "0.22000", "2018-09-30": "0.24000", "2018-06-30": "-0.27000", "2018-03-31": "0.25000", "2017-12-31": "0.80000", "2017-09-30": "0.31000", "2017-06-30": "0.25000", "2017-03-31": "0.24000", "2016-12-31": "0.28000", "2016-09-30": "0.19000", "2016-06-30": "0.14000", "2016-03-31": "0.04000", "2015-12-31": "0.03500", "2015-09-30": "-0.18000", "2015-06-30": "0.23000", "2015-03-31": "0.15500", "2014-12-31": "0.22000", "2014-09-30": "0.24500", "2014-06-30": "0.16500", "2014-03-31": "0.16000", "2013-12-31": "0.16500", "2013-09-30": "0.26500", "2013-06-30": "0.16000", "2013-03-31": "0.13500", "2012-12-31": "0.10500", "2012-09-30": "0.11000", "2012-06-30": "-0.03500", "2012-03-31": "0.11500", "2011-12-31": "0.09000", "2011-09-30": "0.09500", "2011-06-30": "0.08500", "2011-03-31": "0.06500", "2010-12-31": "0.06000", "2010-09-30": "0.07000", "2010-06-30": "0.03000", "2010-03-31": "0.07500", "2009-12-31": "0.05000", "2009-09-30": "0.04500", "2009-06-30": "0.03000", "2009-03-31": "0.03000", "2008-12-31": "", "2008-09-30": ""}, "EPS - Earnings Per Share": {"2020-09-30": "0.60000", "2020-06-30": "0.64000", "2020-03-31": "0.37000", "2019-12-31": "0.54000", "2019-09-30": "0.36000", "2019-06-30": "0.45000", "2019-03-31": "0.31000", "2018-12-31": "0.22000", "2018-09-30": "0.23000", "2018-06-30": "-0.27000", "2018-03-31": "0.24000", "2017-12-31": "0.78000", "2017-09-30": "0.30000", "2017-06-30": "0.24000", "2017-03-31": "0.23000", "2016-12-31": "0.28000", "2016-09-30": "0.19000", "2016-06-30": "0.14000", "2016-03-31": "0.03000", "2015-12-31": "0.03000", "2015-09-30": "-0.18000", "2015-06-30": "0.22000", "2015-03-31": "0.15000", "2014-12-31": "0.21000", "2014-09-30": "0.23500", "2014-06-30": "0.15500", "2014-03-31": "0.15000", "2013-12-31": "0.15000", "2013-09-30": "0.25500", "2013-06-30": "0.15500", "2013-03-31": "0.13000", "2012-12-31": "0.09500", "2012-09-30": "0.10500", "2012-06-30": "-0.03500", "2012-03-31": "0.11000", "2011-12-31": "0.08500", "2011-09-30": "0.09000", "2011-06-30": "0.08000", "2011-03-31": "0.06000", "2010-12-31": "0.05500", "2010-09-30": "0.06500", "2010-06-30": "0.03000", "2010-03-31": "0.07000", "2009-12-31": "0.04500", "2009-09-30": "0.04500", "2009-06-30": "0.03000", "2009-03-31": "0.03000", "2008-12-31": "0.00000", "2008-09-30": "0.00000"}}, "balance sheet": {"Cash On Hand": {"2019-12-31": "161.80000", "2018-12-31": "173.10000", "2017-12-31": "64.70000", "2016-12-31": "119.67400", "2015-12-31": "436.97700", "2014-12-31": "111.05400", "2013-12-31": "86.93000", "2012-12-31": "88.62000", "2011-12-31": "41.46700", "2010-12-31": "84.84300", "2009-12-31": "19.05500", "2008-12-31": ""}, "Receivables": {"2019-12-31": "2399.60000", "2018-12-31": "1696.40000", "2017-12-31": "256.00000", "2016-12-31": "264.31900", "2015-12-31": "210.57800", "2014-12-31": "106.21600", "2013-12-31": "111.15300", "2012-12-31": "101.34100", "2011-12-31": "47.98900", "2010-12-31": "47.77300", "2009-12-31": "42.26900", "2008-12-31": ""}, "Inventory": {"2019-12-31": "", "2018-12-31": "", "2017-12-31": "", "2016-12-31": "", "2015-12-31": "", "2014-12-31": "", "2013-12-31": "", "2012-12-31": "", "2011-12-31": "", "2010-12-31": "", "2009-12-31": "", "2008-12-31": ""}, "Pre-Paid Expenses": {"2019-12-31": "204.50000", "2018-12-31": "160.10000", "2017-12-31": "38.70000", "2016-12-31": "31.11900", "2015-12-31": "27.51100", "2014-12-31": "14.92700", "2013-12-31": "16.56700", "2012-12-31": "11.54800", "2011-12-31": "5.21400", "2010-12-31": "5.93200", "2009-12-31": "6.16400", "2008-12-31": ""}, "Other Current Assets": {"2019-12-31": "20.00000", "2018-12-31": "18.50000", "2017-12-31": "", "2016-12-31": "", "2015-12-31": "", "2014-12-31": "", "2013-12-31": "", "2012-12-31": "", "2011-12-31": "", "2010-12-31": "", "2009-12-31": "", "2008-12-31": ""}, "Total Current Assets": {"2019-12-31": "2785.90000", "2018-12-31": "2048.10000", "2017-12-31": "359.40000", "2016-12-31": "415.11200", "2015-12-31": "675.06600", "2014-12-31": "235.17200", "2013-12-31": "221.17600", "2012-12-31": "206.91700", "2011-12-31": "95.55900", "2010-12-31": "139.69000", "2009-12-31": "69.26800", "2008-12-31": ""}, "Property, Plant, And Equipment": {"2019-12-31": "466.40000", "2018-12-31": "553.20000", "2017-12-31": "101.00000", "2016-12-31": "80.39500", "2015-12-31": "67.14300", "2014-12-31": "54.27700", "2013-12-31": "51.69700", "2012-12-31": "55.03900", "2011-12-31": "14.30400", "2010-12-31": "13.57000", "2009-12-31": "14.03600", "2008-12-31": ""}, "Long-Term Investments": {"2019-12-31": "160.10000", "2018-12-31": "190.50000", "2017-12-31": "", "2016-12-31": "", "2015-12-31": "", "2014-12-31": "", "2013-12-31": "", "2012-12-31": "", "2011-12-31": "", "2010-12-31": "", "2009-12-31": "", "2008-12-31": ""}, "Goodwill And Intangible Assets": {"2019-12-31": "12640.00000", "2018-12-31": "13044.90000", "2017-12-31": "5076.80000", "2016-12-31": "5209.05400", "2015-12-31": "5057.83400", "2014-12-31": "1975.57100", "2013-12-31": "2001.37400", "2012-12-31": "2099.49000", "2011-12-31": "1096.63400", "2010-12-31": "1121.78000", "2009-12-31": "1101.83800", "2008-12-31": "0.00000"}, "Other Long-Term Assets": {"2019-12-31": "313.40000", "2018-12-31": "270.80000", "2017-12-31": "", "2016-12-31": "", "2015-12-31": "", "2014-12-31": "", "2013-12-31": "", "2012-12-31": "", "2011-12-31": "", "2010-12-31": "", "2009-12-31": "", "2008-12-31": ""}, "Total Long-Term Assets": {"2019-12-31": "13955.20000", "2018-12-31": "14059.40000", "2017-12-31": "5180.10000", "2016-12-31": "5291.85900", "2015-12-31": "5127.17600", "2014-12-31": "2030.98300", "2013-12-31": "2054.14800", "2012-12-31": "2155.98800", "2011-12-31": "1112.04900", "2010-12-31": "1136.03600", "2009-12-31": "1116.37300", "2008-12-31": ""}, "Total Assets": {"2019-12-31": "16741.10000", "2018-12-31": "16107.50000", "2017-12-31": "5539.50000", "2016-12-31": "5706.97100", "2015-12-31": "5802.24200", "2014-12-31": "2266.15500", "2013-12-31": "2275.32400", "2012-12-31": "2362.90500", "2011-12-31": "1207.60800", "2010-12-31": "1275.72600", "2009-12-31": "1185.64100", "2008-12-31": "0.00000"}, "Total Current Liabilities": {"2019-12-31": "2776.20000", "2018-12-31": "1921.80000", "2017-12-31": "443.60000", "2016-12-31": "560.62500", "2015-12-31": "416.71800", "2014-12-31": "191.59500", "2013-12-31": "167.00200", "2012-12-31": "160.25200", "2011-12-31": "84.48800", "2010-12-31": "76.37400", "2009-12-31": "83.87800", "2008-12-31": ""}, "Long Term Debt": {"2019-12-31": "7077.80000", "2018-12-31": "8168.50000", "2017-12-31": "2007.30000", "2016-12-31": "2374.98600", "2015-12-31": "2719.07000", "2014-12-31": "599.26800", "2013-12-31": "751.29500", "2012-12-31": "989.89000", "2011-12-31": "100.00000", "2010-12-31": "289.09200", "2009-12-31": "392.98900", "2008-12-31": ""}, "Other Non-Current Liabilities": {"2019-12-31": "333.70000", "2018-12-31": "235.50000", "2017-12-31": "118.70000", "2016-12-31": "59.22700", "2015-12-31": "51.43400", "2014-12-31": "26.44600", "2013-12-31": "14.91300", "2012-12-31": "17.10200", "2011-12-31": "14.08100", "2010-12-31": "12.34300", "2009-12-31": "12.77900", "2008-12-31": ""}, "Total Long Term Liabilities": {"2019-12-31": "8848.80000", "2018-12-31": "9605.70000", "2017-12-31": "2409.50000", "2016-12-31": "2887.76800", "2015-12-31": "3280.07800", "2014-12-31": "727.89000", "2013-12-31": "876.61400", "2012-12-31": "1127.15000", "2011-12-31": "143.01700", "2010-12-31": "342.16900", "2009-12-31": "455.77600", "2008-12-31": ""}, "Total Liabilities": {"2019-12-31": "11625.00000", "2018-12-31": "11527.50000", "2017-12-31": "2853.10000", "2016-12-31": "3448.39300", "2015-12-31": "3696.79600", "2014-12-31": "919.48500", "2013-12-31": "1043.61600", "2012-12-31": "1287.40200", "2011-12-31": "227.50500", "2010-12-31": "418.54300", "2009-12-31": "539.65400", "2008-12-31": "0.00000"}, "Common Stock Net": {"2019-12-31": "2.60000", "2018-12-31": "2.50000", "2017-12-31": "2.10000", "2016-12-31": "2.04600", "2015-12-31": "1.95900", "2014-12-31": "0.84900", "2013-12-31": "0.83100", "2012-12-31": "0.79500", "2011-12-31": "0.78100", "2010-12-31": "0.73300", "2009-12-31": "0.60800", "2008-12-31": "0.00000"}, "Retained Earnings (Accumulated Deficit)": {"2019-12-31": "1177.90000", "2018-12-31": "847.10000", "2017-12-31": "766.90000", "2016-12-31": "492.34900", "2015-12-31": "411.49300", "2014-12-31": "414.08200", "2013-12-31": "293.44900", "2012-12-31": "175.55400", "2011-12-31": "129.73400", "2010-12-31": "78.71300", "2009-12-31": "46.30000", "2008-12-31": ""}, "Comprehensive Income": {"2019-12-31": "-253.00000", "2018-12-31": "-343.00000", "2017-12-31": "-82.70000", "2016-12-31": "-139.07300", "2015-12-31": "-83.17000", "2014-12-31": "-15.12100", "2013-12-31": "30.37400", "2012-12-31": "51.51800", "2011-12-31": "25.41300", "2010-12-31": "32.69900", "2009-12-31": "16.43600", "2008-12-31": ""}, "Other Share Holders Equity": {"2019-12-31": "", "2018-12-31": "", "2017-12-31": "", "2016-12-31": "", "2015-12-31": "", "2014-12-31": "", "2013-12-31": "", "2012-12-31": "", "2011-12-31": "", "2010-12-31": "", "2009-12-31": "", "2008-12-31": "0.00000"}, "Share Holder Equity": {"2019-12-31": "5116.10000", "2018-12-31": "4580.00000", "2017-12-31": "2686.40000", "2016-12-31": "2258.57800", "2015-12-31": "2105.44600", "2014-12-31": "1346.67000", "2013-12-31": "1231.70800", "2012-12-31": "1075.50300", "2011-12-31": "980.10300", "2010-12-31": "857.18300", "2009-12-31": "645.98700", "2008-12-31": "0.00000"}, "Total Liabilities And Share Holders Equity": {"2019-12-31": "16741.10000", "2018-12-31": "16107.50000", "2017-12-31": "5539.50000", "2016-12-31": "5706.97100", "2015-12-31": "5802.24200", "2014-12-31": "2266.15500", "2013-12-31": "2275.32400", "2012-12-31": "2362.90500", "2011-12-31": "1207.60800", "2010-12-31": "1275.72600", "2009-12-31": "1185.64100", "2008-12-31": "0.00000"}}, "balance sheet, quarterly": {"Cash On Hand": {"2020-09-30": "190.50000", "2020-06-30": "270.30000", "2020-03-31": "382.00000", "2019-12-31": "161.80000", "2019-09-30": "164.50000", "2019-06-30": "137.40000", "2019-03-31": "160.20000", "2018-12-31": "173.10000", "2018-09-30": "746.00000", "2018-06-30": "794.70000", "2018-03-31": "74.62000", "2017-12-31": "64.70000", "2017-09-30": "103.87100", "2017-06-30": "92.25000", "2017-03-31": "110.91300", "2016-12-31": "119.67400", "2016-09-30": "103.91600", "2016-06-30": "98.04000", "2016-03-31": "104.64400", "2015-12-31": "436.97700", "2015-09-30": "507.01800", "2015-06-30": "731.28600", "2015-03-31": "89.80800", "2014-12-31": "111.05400", "2014-09-30": "76.55700", "2014-06-30": "74.99700", "2014-03-31": "79.84800", "2013-12-31": "86.93000", "2013-09-30": "84.03500", "2013-06-30": "63.04600", "2013-03-31": "71.29800", "2012-12-31": "88.62000", "2012-09-30": "82.71500", "2012-06-30": "135.62100", "2012-03-31": "43.09300", "2011-12-31": "41.46700", "2011-09-30": "76.17500", "2011-06-30": "82.64200", "2011-03-31": "70.83500", "2010-12-31": "84.84300", "2010-09-30": "86.97500", "2010-06-30": "88.88600", "2010-03-31": "21.18900", "2009-12-31": "19.05500", "2009-09-30": "52.46100", "2009-06-30": "", "2009-03-31": "", "2008-12-31": "29.29900", "2008-09-30": ""}, "Receivables": {"2020-09-30": "1429.30000", "2020-06-30": "1462.60000", "2020-03-31": "1759.70000", "2019-12-31": "2399.60000", "2019-09-30": "1700.40000", "2019-06-30": "1701.40000", "2019-03-31": "1654.10000", "2018-12-31": "1696.40000", "2018-09-30": "1253.40000", "2018-06-30": "1443.60000", "2018-03-31": "264.07600", "2017-12-31": "256.00000", "2017-09-30": "252.50900", "2017-06-30": "253.84300", "2017-03-31": "263.22700", "2016-12-31": "264.31900", "2016-09-30": "277.27100", "2016-06-30": "278.74700", "2016-03-31": "299.60100", "2015-12-31": "210.57800", "2015-09-30": "182.96100", "2015-06-30": "99.82300", "2015-03-31": "115.71400", "2014-12-31": "106.21600", "2014-09-30": "104.98500", "2014-06-30": "102.20800", "2014-03-31": "100.06600", "2013-12-31": "111.15300", "2013-09-30": "109.07400", "2013-06-30": "119.11000", "2013-03-31": "115.24600", "2012-12-31": "101.34100", "2012-09-30": "109.01200", "2012-06-30": "106.66100", "2012-03-31": "53.58200", "2011-12-31": "47.98900", "2011-09-30": "51.87900", "2011-06-30": "53.25000", "2011-03-31": "58.46500", "2010-12-31": "47.77300", "2010-09-30": "51.11600", "2010-06-30": "52.64000", "2010-03-31": "50.90600", "2009-12-31": "42.26900", "2009-09-30": "37.62800", "2009-06-30": "", "2009-03-31": "", "2008-12-31": "38.31800", "2008-09-30": ""}, "Inventory": {"2020-09-30": "", "2020-06-30": "", "2020-03-31": "", "2019-12-31": "", "2019-09-30": "", "2019-06-30": "", "2019-03-31": "", "2018-12-31": "", "2018-09-30": "", "2018-06-30": "", "2018-03-31": "", "2017-12-31": "", "2017-09-30": "", "2017-06-30": "", "2017-03-31": "", "2016-12-31": "", "2016-09-30": "", "2016-06-30": "", "2016-03-31": "", "2015-12-31": "", "2015-09-30": "", "2015-06-30": "", "2015-03-31": "", "2014-12-31": "", "2014-09-30": "", "2014-06-30": "", "2014-03-31": "", "2013-12-31": "", "2013-09-30": "", "2013-06-30": "", "2013-03-31": "", "2012-12-31": "", "2012-09-30": "", "2012-06-30": "", "2012-03-31": "", "2011-12-31": "", "2011-09-30": "", "2011-06-30": "", "2011-03-31": "", "2010-12-31": "", "2010-09-30": "", "2010-06-30": "", "2010-03-31": "", "2009-12-31": "", "2009-09-30": "", "2009-06-30": "", "2009-03-31": "", "2008-12-31": "", "2008-09-30": ""}, "Pre-Paid Expenses": {"2020-09-30": "182.30000", "2020-06-30": "186.60000", "2020-03-31": "167.30000", "2019-12-31": "204.50000", "2019-09-30": "174.30000", "2019-06-30": "147.40000", "2019-03-31": "150.10000", "2018-12-31": "160.10000", "2018-09-30": "127.40000", "2018-06-30": "103.20000", "2018-03-31": "35.55900", "2017-12-31": "38.70000", "2017-09-30": "32.68800", "2017-06-30": "32.87500", "2017-03-31": "33.25600", "2016-12-31": "31.11900", "2016-09-30": "32.72000", "2016-06-30": "32.59800", "2016-03-31": "32.44400", "2015-12-31": "27.51100", "2015-09-30": "25.09400", "2015-06-30": "13.78900", "2015-03-31": "11.68100", "2014-12-31": "14.92700", "2014-09-30": "13.38400", "2014-06-30": "17.45400", "2014-03-31": "15.66100", "2013-12-31": "16.56700", "2013-09-30": "20.26300", "2013-06-30": "24.50400", "2013-03-31": "11.14200", "2012-12-31": "11.54800", "2012-09-30": "11.59800", "2012-06-30": "11.56800", "2012-03-31": "9.78700", "2011-12-31": "5.21400", "2011-09-30": "6.31200", "2011-06-30": "6.62200", "2011-03-31": "6.23000", "2010-12-31": "5.93200", "2010-09-30": "5.95000", "2010-06-30": "5.24300", "2010-03-31": "6.05700", "2009-12-31": "6.16400", "2009-09-30": "4.89200", "2009-06-30": "", "2009-03-31": "", "2008-12-31": "4.32700", "2008-09-30": ""}, "Other Current Assets": {"2020-09-30": "19.60000", "2020-06-30": "24.30000", "2020-03-31": "27.70000", "2019-12-31": "20.00000", "2019-09-30": "15.90000", "2019-06-30": "17.50000", "2019-03-31": "12.70000", "2018-12-31": "18.50000", "2018-09-30": "10.00000", "2018-06-30": "6.80000", "2018-03-31": "11.94200", "2017-12-31": "", "2017-09-30": "", "2017-06-30": "", "2017-03-31": "", "2016-12-31": "", "2016-09-30": "", "2016-06-30": "", "2016-03-31": "", "2015-12-31": "", "2015-09-30": "", "2015-06-30": "", "2015-03-31": "", "2014-12-31": "", "2014-09-30": "", "2014-06-30": "", "2014-03-31": "", "2013-12-31": "", "2013-09-30": "", "2013-06-30": "", "2013-03-31": "", "2012-12-31": "", "2012-09-30": "", "2012-06-30": "", "2012-03-31": "", "2011-12-31": "", "2011-09-30": "", "2011-06-30": "", "2011-03-31": "", "2010-12-31": "", "2010-09-30": "", "2010-06-30": "", "2010-03-31": "", "2009-12-31": "", "2009-09-30": "", "2009-06-30": "", "2009-03-31": "", "2008-12-31": "", "2008-09-30": ""}, "Total Current Assets": {"2020-09-30": "1821.70000", "2020-06-30": "1943.80000", "2020-03-31": "2336.70000", "2019-12-31": "2785.90000", "2019-09-30": "2055.10000", "2019-06-30": "2003.70000", "2019-03-31": "1977.10000", "2018-12-31": "2048.10000", "2018-09-30": "2136.80000", "2018-06-30": "2348.30000", "2018-03-31": "386.19700", "2017-12-31": "359.40000", "2017-09-30": "389.06800", "2017-06-30": "378.96800", "2017-03-31": "407.39600", "2016-12-31": "415.11200", "2016-09-30": "413.90700", "2016-06-30": "409.38500", "2016-03-31": "436.68900", "2015-12-31": "675.06600", "2015-09-30": "723.97100", "2015-06-30": "847.75500", "2015-03-31": "219.83000", "2014-12-31": "235.17200", "2014-09-30": "198.85100", "2014-06-30": "200.02600", "2014-03-31": "201.16200", "2013-12-31": "221.17600", "2013-09-30": "217.40300", "2013-06-30": "212.34100", "2013-03-31": "205.38600", "2012-12-31": "206.91700", "2012-09-30": "208.65200", "2012-06-30": "265.49100", "2012-03-31": "107.34200", "2011-12-31": "95.55900", "2011-09-30": "135.56400", "2011-06-30": "143.78200", "2011-03-31": "136.75600", "2010-12-31": "139.69000", "2010-09-30": "145.50800", "2010-06-30": "148.75700", "2010-03-31": "79.92500", "2009-12-31": "69.26800", "2009-09-30": "95.89500", "2009-06-30": "", "2009-03-31": "", "2008-12-31": "75.72100", "2008-09-30": ""}, "Property, Plant, And Equipment": {"2020-09-30": "420.50000", "2020-06-30": "423.80000", "2020-03-31": "436.40000", "2019-12-31": "466.40000", "2019-09-30": "480.30000", "2019-06-30": "494.00000", "2019-03-31": "516.50000", "2018-12-31": "553.20000", "2018-09-30": "556.30000", "2018-06-30": "581.70000", "2018-03-31": "101.99400", "2017-12-31": "101.00000", "2017-09-30": "103.58000", "2017-06-30": "100.90800", "2017-03-31": "81.92700", "2016-12-31": "80.39500", "2016-09-30": "71.12800", "2016-06-30": "69.55700", "2016-03-31": "69.21100", "2015-12-31": "67.14300", "2015-09-30": "72.02600", "2015-06-30": "51.32400", "2015-03-31": "52.81000", "2014-12-31": "54.27700", "2014-09-30": "53.50700", "2014-06-30": "53.21200", "2014-03-31": "53.21300", "2013-12-31": "51.69700", "2013-09-30": "53.31700", "2013-06-30": "53.70300", "2013-03-31": "53.08300", "2012-12-31": "55.03900", "2012-09-30": "51.05400", "2012-06-30": "51.03300", "2012-03-31": "14.29300", "2011-12-31": "14.30400", "2011-09-30": "13.75000", "2011-06-30": "13.96400", "2011-03-31": "13.84500", "2010-12-31": "13.57000", "2010-09-30": "13.16400", "2010-06-30": "13.31200", "2010-03-31": "13.70700", "2009-12-31": "14.03600", "2009-09-30": "12.79200", "2009-06-30": "", "2009-03-31": "", "2008-12-31": "14.03000", "2008-09-30": ""}, "Long-Term Investments": {"2020-09-30": "184.20000", "2020-06-30": "166.30000", "2020-03-31": "175.50000", "2019-12-31": "160.10000", "2019-09-30": "175.80000", "2019-06-30": "208.80000", "2019-03-31": "190.50000", "2018-12-31": "190.50000", "2018-09-30": "474.80000", "2018-06-30": "483.60000", "2018-03-31": "", "2017-12-31": "", "2017-09-30": "", "2017-06-30": "", "2017-03-31": "", "2016-12-31": "", "2016-09-30": "", "2016-06-30": "", "2016-03-31": "", "2015-12-31": "", "2015-09-30": "", "2015-06-30": "", "2015-03-31": "", "2014-12-31": "", "2014-09-30": "", "2014-06-30": "", "2014-03-31": "", "2013-12-31": "", "2013-09-30": "", "2013-06-30": "", "2013-03-31": "", "2012-12-31": "", "2012-09-30": "", "2012-06-30": "", "2012-03-31": "", "2011-12-31": "", "2011-09-30": "", "2011-06-30": "", "2011-03-31": "", "2010-12-31": "", "2010-09-30": "", "2010-06-30": "", "2010-03-31": "", "2009-12-31": "", "2009-09-30": "", "2009-06-30": "", "2009-03-31": "", "2008-12-31": "", "2008-09-30": ""}, "Goodwill And Intangible Assets": {"2020-09-30": "12387.00000", "2020-06-30": "12380.10000", "2020-03-31": "12360.70000", "2019-12-31": "12640.00000", "2019-09-30": "12561.10000", "2019-06-30": "12774.50000", "2019-03-31": "12914.30000", "2018-12-31": "13044.90000", "2018-09-30": "10082.20000", "2018-06-30": "10227.20000", "2018-03-31": "5037.27600", "2017-12-31": "5076.80000", "2017-09-30": "5103.80700", "2017-06-30": "5136.38900", "2017-03-31": "5167.41800", "2016-12-31": "5209.05400", "2016-09-30": "5135.35400", "2016-06-30": "5207.87900", "2016-03-31": "5282.95200", "2015-12-31": "5057.83400", "2015-09-30": "4980.27600", "2015-06-30": "1935.40000", "2015-03-31": "1932.80100", "2014-12-31": "1975.57100", "2014-09-30": "1915.99500", "2014-06-30": "1968.15600", "2014-03-31": "1972.98400", "2013-12-31": "2001.37400", "2013-09-30": "2021.37900", "2013-06-30": "2015.47300", "2013-03-31": "2045.95000", "2012-12-31": "2099.49000", "2012-09-30": "2117.67300", "2012-06-30": "2111.16400", "2012-03-31": "1094.91500", "2011-12-31": "1096.63400", "2011-09-30": "1098.56300", "2011-06-30": "1127.82900", "2011-03-31": "1136.65600", "2010-12-31": "1121.78000", "2010-09-30": "1086.31800", "2010-06-30": "1085.98400", "2010-03-31": "1111.13800", "2009-12-31": "1101.83800", "2009-09-30": "1057.16700", "2009-06-30": "0.00000", "2009-03-31": "0.00000", "2008-12-31": "1037.60200", "2008-09-30": "0.00000"}, "Other Long-Term Assets": {"2020-09-30": "308.80000", "2020-06-30": "301.60000", "2020-03-31": "306.80000", "2019-12-31": "313.40000", "2019-09-30": "294.10000", "2019-06-30": "287.90000", "2019-03-31": "272.50000", "2018-12-31": "270.80000", "2018-09-30": "26.60000", "2018-06-30": "30.60000", "2018-03-31": "22.07600", "2017-12-31": "", "2017-09-30": "", "2017-06-30": "", "2017-03-31": "", "2016-12-31": "", "2016-09-30": "", "2016-06-30": "", "2016-03-31": "", "2015-12-31": "", "2015-09-30": "", "2015-06-30": "", "2015-03-31": "", "2014-12-31": "", "2014-09-30": "", "2014-06-30": "", "2014-03-31": "", "2013-12-31": "", "2013-09-30": "", "2013-06-30": "", "2013-03-31": "", "2012-12-31": "", "2012-09-30": "", "2012-06-30": "", "2012-03-31": "", "2011-12-31": "", "2011-09-30": "", "2011-06-30": "", "2011-03-31": "", "2010-12-31": "", "2010-09-30": "", "2010-06-30": "", "2010-03-31": "", "2009-12-31": "", "2009-09-30": "", "2009-06-30": "", "2009-03-31": "", "2008-12-31": "", "2008-09-30": ""}, "Total Long-Term Assets": {"2020-09-30": "13653.70000", "2020-06-30": "13629.10000", "2020-03-31": "13637.40000", "2019-12-31": "13955.20000", "2019-09-30": "13882.50000", "2019-06-30": "14137.20000", "2019-03-31": "14272.20000", "2018-12-31": "14059.40000", "2018-09-30": "11142.20000", "2018-06-30": "11325.20000", "2018-03-31": "5163.38700", "2017-12-31": "5180.10000", "2017-09-30": "5209.55300", "2017-06-30": "5239.43300", "2017-03-31": "5251.68700", "2016-12-31": "5291.85900", "2016-09-30": "5208.55300", "2016-06-30": "5279.45400", "2016-03-31": "5354.02300", "2015-12-31": "5127.17600", "2015-09-30": "5053.25200", "2015-06-30": "1988.61600", "2015-03-31": "1986.90900", "2014-12-31": "2030.98300", "2014-09-30": "1971.00800", "2014-06-30": "2022.40500", "2014-03-31": "2027.20500", "2013-12-31": "2054.14800", "2013-09-30": "2075.42900", "2013-06-30": "2070.27600", "2013-03-31": "2100.71900", "2012-12-31": "2155.98800", "2012-09-30": "2172.61100", "2012-06-30": "2173.35800", "2012-03-31": "1109.92800", "2011-12-31": "1112.04900", "2011-09-30": "1112.94000", "2011-06-30": "1142.45300", "2011-03-31": "1151.13700", "2010-12-31": "1136.03600", "2010-09-30": "1100.13100", "2010-06-30": "1099.85500", "2010-03-31": "1125.17600", "2009-12-31": "1116.37300", "2009-09-30": "1069.95900", "2009-06-30": "", "2009-03-31": "", "2008-12-31": "1051.63200", "2008-09-30": ""}, "Total Assets": {"2020-09-30": "15475.40000", "2020-06-30": "15572.90000", "2020-03-31": "15974.10000", "2019-12-31": "16741.10000", "2019-09-30": "15937.60000", "2019-06-30": "16140.90000", "2019-03-31": "16249.30000", "2018-12-31": "16107.50000", "2018-09-30": "13279.00000", "2018-06-30": "13673.50000", "2018-03-31": "5549.58400", "2017-12-31": "5539.50000", "2017-09-30": "5598.62100", "2017-06-30": "5618.40100", "2017-03-31": "5659.08300", "2016-12-31": "5706.97100", "2016-09-30": "5622.46000", "2016-06-30": "5688.83900", "2016-03-31": "5790.71200", "2015-12-31": "5802.24200", "2015-09-30": "5777.22300", "2015-06-30": "2836.37100", "2015-03-31": "2206.73900", "2014-12-31": "2266.15500", "2014-09-30": "2169.85900", "2014-06-30": "2222.43100", "2014-03-31": "2228.36700", "2013-12-31": "2275.32400", "2013-09-30": "2292.83200", "2013-06-30": "2282.61700", "2013-03-31": "2306.10500", "2012-12-31": "2362.90500", "2012-09-30": "2381.26300", "2012-06-30": "2438.84900", "2012-03-31": "1217.27000", "2011-12-31": "1207.60800", "2011-09-30": "1248.50400", "2011-06-30": "1286.23500", "2011-03-31": "1287.89300", "2010-12-31": "1275.72600", "2010-09-30": "1245.63900", "2010-06-30": "1248.61200", "2010-03-31": "1205.10100", "2009-12-31": "1185.64100", "2009-09-30": "1165.85400", "2009-06-30": "0.00000", "2009-03-31": "0.00000", "2008-12-31": "1127.35300", "2008-09-30": "0.00000"}, "Total Current Liabilities": {"2020-09-30": "1738.90000", "2020-06-30": "1800.00000", "2020-03-31": "2209.30000", "2019-12-31": "2776.20000", "2019-09-30": "1899.10000", "2019-06-30": "1830.90000", "2019-03-31": "1762.10000", "2018-12-31": "1921.80000", "2018-09-30": "1355.60000", "2018-06-30": "1538.80000", "2018-03-31": "374.86900", "2017-12-31": "443.60000", "2017-09-30": "406.06600", "2017-06-30": "423.97400", "2017-03-31": "477.91500", "2016-12-31": "560.62500", "2016-09-30": "415.82200", "2016-06-30": "413.88200", "2016-03-31": "402.33400", "2015-12-31": "416.71800", "2015-09-30": "337.88300", "2015-06-30": "150.69700", "2015-03-31": "168.51700", "2014-12-31": "191.59500", "2014-09-30": "147.27800", "2014-06-30": "142.36900", "2014-03-31": "140.10400", "2013-12-31": "167.00200", "2013-09-30": "161.59300", "2013-06-30": "143.86700", "2013-03-31": "132.31400", "2012-12-31": "160.25200", "2012-09-30": "141.16300", "2012-06-30": "188.00900", "2012-03-31": "82.23200", "2011-12-31": "84.48800", "2011-09-30": "77.74800", "2011-06-30": "76.29900", "2011-03-31": "79.24200", "2010-12-31": "76.37400", "2010-09-30": "74.44400", "2010-06-30": "73.58900", "2010-03-31": "83.83800", "2009-12-31": "83.87800", "2009-09-30": "74.87500", "2009-06-30": "", "2009-03-31": "", "2008-12-31": "66.87200", "2008-09-30": ""}, "Long Term Debt": {"2020-09-30": "6766.50000", "2020-06-30": "6830.70000", "2020-03-31": "6986.30000", "2019-12-31": "7077.80000", "2019-09-30": "7571.30000", "2019-06-30": "7779.90000", "2019-03-31": "8030.29900", "2018-12-31": "8168.50000", "2018-09-30": "6615.00000", "2018-06-30": "6837.00000", "2018-03-31": "1949.23200", "2017-12-31": "2007.30000", "2017-09-30": "2177.68100", "2017-06-30": "2261.79100", "2017-03-31": "2343.73700", "2016-12-31": "2374.98600", "2016-09-30": "2460.45700", "2016-06-30": "2569.97100", "2016-03-31": "2691.96000", "2015-12-31": "2719.07000", "2015-09-30": "2795.94200", "2015-06-30": "448.38200", "2015-03-31": "576.19200", "2014-12-31": "599.26800", "2014-09-30": "579.91000", "2014-06-30": "644.38400", "2014-03-31": "706.54400", "2013-12-31": "751.29500", "2013-09-30": "814.37700", "2013-06-30": "890.61800", "2013-03-31": "946.08900", "2012-12-31": "989.89000", "2012-09-30": "1047.39200", "2012-06-30": "1091.20600", "2012-03-31": "85.00000", "2011-12-31": "100.00000", "2011-09-30": "171.49200", "2011-06-30": "202.28100", "2011-03-31": "222.83800", "2010-12-31": "289.09200", "2010-09-30": "288.68500", "2010-06-30": "313.38700", "2010-03-31": "394.02600", "2009-12-31": "392.98900", "2009-09-30": "400.30000", "2009-06-30": "", "2009-03-31": "", "2008-12-31": "406.62500", "2008-09-30": ""}, "Other Non-Current Liabilities": {"2020-09-30": "302.20000", "2020-06-30": "307.00000", "2020-03-31": "317.90000", "2019-12-31": "333.70000", "2019-09-30": "205.20000", "2019-06-30": "211.40000", "2019-03-31": "204.40000", "2018-12-31": "235.50000", "2018-09-30": "237.60000", "2018-06-30": "238.00000", "2018-03-31": "120.62100", "2017-12-31": "118.70000", "2017-09-30": "85.76700", "2017-06-30": "81.77000", "2017-03-31": "65.05700", "2016-12-31": "59.22700", "2016-09-30": "61.96800", "2016-06-30": "61.91500", "2016-03-31": "58.65300", "2015-12-31": "51.43400", "2015-09-30": "58.43100", "2015-06-30": "25.08600", "2015-03-31": "27.09600", "2014-12-31": "26.44600", "2014-09-30": "18.61700", "2014-06-30": "17.46900", "2014-03-31": "16.11600", "2013-12-31": "14.91300", "2013-09-30": "12.56900", "2013-06-30": "17.42100", "2013-03-31": "16.21500", "2012-12-31": "17.10200", "2012-09-30": "16.22300", "2012-06-30": "15.23300", "2012-03-31": "12.54400", "2011-12-31": "14.08100", "2011-09-30": "13.60300", "2011-06-30": "13.68700", "2011-03-31": "13.45800", "2010-12-31": "12.34300", "2010-09-30": "13.57000", "2010-06-30": "9.57400", "2010-03-31": "9.89900", "2009-12-31": "12.77900", "2009-09-30": "8.84200", "2009-06-30": "", "2009-03-31": "", "2008-12-31": "9.99100", "2008-09-30": ""}, "Total Long Term Liabilities": {"2020-09-30": "8353.20000", "2020-06-30": "8459.10000", "2020-03-31": "8677.20000", "2019-12-31": "8848.80000", "2019-09-30": "9221.90000", "2019-06-30": "9464.50100", "2019-03-31": "9753.69900", "2018-12-31": "9605.70000", "2018-09-30": "7700.40000", "2018-06-30": "7931.00000", "2018-03-31": "2358.80700", "2017-12-31": "2409.50000", "2017-09-30": "2684.91600", "2017-06-30": "2776.24900", "2017-03-31": "2852.09400", "2016-12-31": "2887.76800", "2016-09-30": "2981.45000", "2016-06-30": "3110.52700", "2016-03-31": "3249.45200", "2015-12-31": "3280.07800", "2015-09-30": "3364.09300", "2015-06-30": "568.16000", "2015-03-31": "700.45700", "2014-12-31": "727.89000", "2014-09-30": "694.48100", "2014-06-30": "766.12000", "2014-03-31": "830.51100", "2013-12-31": "876.61400", "2013-09-30": "935.19200", "2013-06-30": "1023.17800", "2013-03-31": "1080.59600", "2012-12-31": "1127.15000", "2012-09-30": "1183.15400", "2012-06-30": "1243.67100", "2012-03-31": "124.59300", "2011-12-31": "143.01700", "2011-09-30": "217.23900", "2011-06-30": "251.29200", "2011-03-31": "274.51400", "2010-12-31": "342.16900", "2010-09-30": "342.70600", "2010-06-30": "370.00400", "2010-03-31": "454.17800", "2009-12-31": "455.77600", "2009-09-30": "456.16100", "2009-06-30": "", "2009-03-31": "", "2008-12-31": "473.22800", "2008-09-30": ""}, "Total Liabilities": {"2020-09-30": "10092.10000", "2020-06-30": "10259.10000", "2020-03-31": "10886.50000", "2019-12-31": "11625.00000", "2019-09-30": "11121.00000", "2019-06-30": "11295.40000", "2019-03-31": "11515.80000", "2018-12-31": "11527.50000", "2018-09-30": "9056.00000", "2018-06-30": "9469.80000", "2018-03-31": "2733.67600", "2017-12-31": "2853.10000", "2017-09-30": "3090.98200", "2017-06-30": "3200.22300", "2017-03-31": "3330.00900", "2016-12-31": "3448.39300", "2016-09-30": "3397.27200", "2016-06-30": "3524.40900", "2016-03-31": "3651.78600", "2015-12-31": "3696.79600", "2015-09-30": "3701.97600", "2015-06-30": "718.85700", "2015-03-31": "868.97400", "2014-12-31": "919.48500", "2014-09-30": "841.75900", "2014-06-30": "908.48900", "2014-03-31": "970.61500", "2013-12-31": "1043.61600", "2013-09-30": "1096.78500", "2013-06-30": "1167.04500", "2013-03-31": "1212.91000", "2012-12-31": "1287.40200", "2012-09-30": "1324.31700", "2012-06-30": "1431.68000", "2012-03-31": "206.82500", "2011-12-31": "227.50500", "2011-09-30": "294.98700", "2011-06-30": "327.59100", "2011-03-31": "353.75600", "2010-12-31": "418.54300", "2010-09-30": "417.15000", "2010-06-30": "443.59300", "2010-03-31": "538.01600", "2009-12-31": "539.65400", "2009-09-30": "531.03600", "2009-06-30": "0.00000", "2009-03-31": "0.00000", "2008-12-31": "540.10000", "2008-09-30": "0.00000"}, "Common Stock Net": {"2020-09-30": "2.60000", "2020-06-30": "2.60000", "2020-03-31": "2.60000", "2019-12-31": "2.60000", "2019-09-30": "2.60000", "2019-06-30": "2.50000", "2019-03-31": "2.50000", "2018-12-31": "2.50000", "2018-09-30": "2.40000", "2018-06-30": "2.40000", "2018-03-31": "2.09400", "2017-12-31": "2.10000", "2017-09-30": "2.07400", "2017-06-30": "2.06900", "2017-03-31": "2.05500", "2016-12-31": "2.04600", "2016-09-30": "2.04300", "2016-06-30": "2.01800", "2016-03-31": "0.99900", "2015-12-31": "1.95900", "2015-09-30": "0.97900", "2015-06-30": "0.97500", "2015-03-31": "0.85200", "2014-12-31": "0.84900", "2014-09-30": "0.84400", "2014-06-30": "0.84200", "2014-03-31": "0.83500", "2013-12-31": "0.83100", "2013-09-30": "0.82700", "2013-06-30": "0.81900", "2013-03-31": "0.81400", "2012-12-31": "0.79500", "2012-09-30": "0.79300", "2012-06-30": "0.78800", "2012-03-31": "0.78500", "2011-12-31": "0.78100", "2011-09-30": "0.77900", "2011-06-30": "0.77800", "2011-03-31": "0.77000", "2010-12-31": "0.73300", "2010-09-30": "0.72400", "2010-06-30": "0.72300", "2010-03-31": "0.61600", "2009-12-31": "0.60800", "2009-09-30": "0.07100", "2009-06-30": "0.00000", "2009-03-31": "0.00000", "2008-12-31": "0.07100", "2008-09-30": "0.00000"}, "Retained Earnings (Accumulated Deficit)": {"2020-09-30": "1505.90000", "2020-06-30": "1382.40000", "2020-03-31": "1245.10000", "2019-12-31": "1177.90000", "2019-09-30": "1068.00000", "2019-06-30": "998.40000", "2019-03-31": "902.80000", "2018-12-31": "847.10000", "2018-09-30": "808.50000", "2018-06-30": "770.90000", "2018-03-31": "851.49500", "2017-12-31": "766.90000", "2017-09-30": "615.95700", "2017-06-30": "566.12600", "2017-03-31": "527.78000", "2016-12-31": "492.34900", "2016-09-30": "448.01100", "2016-06-30": "421.92600", "2016-03-31": "406.14100", "2015-12-31": "411.49300", "2015-09-30": "411.63000", "2015-06-30": "458.35500", "2015-03-31": "429.78900", "2014-12-31": "414.08200", "2014-09-30": "387.96900", "2014-06-30": "347.13900", "2014-03-31": "319.89700", "2013-12-31": "293.44900", "2013-09-30": "266.56800", "2013-06-30": "223.10200", "2013-03-31": "196.98300", "2012-12-31": "175.55400", "2012-09-30": "159.47200", "2012-06-30": "141.85700", "2012-03-31": "147.61700", "2011-12-31": "129.73400", "2011-09-30": "116.47300", "2011-06-30": "101.57500", "2011-03-31": "88.54700", "2010-12-31": "78.71300", "2010-09-30": "69.53700", "2010-06-30": "59.68300", "2010-03-31": "55.32100", "2009-12-31": "46.30000", "2009-09-30": "40.27800", "2009-06-30": "", "2009-03-31": "", "2008-12-31": "27.28200", "2008-09-30": ""}, "Comprehensive Income": {"2020-09-30": "-301.70000", "2020-06-30": "-372.30000", "2020-03-31": "-406.10000", "2019-12-31": "-253.00000", "2019-09-30": "-378.10000", "2019-06-30": "-315.00000", "2019-03-31": "-301.20000", "2018-12-31": "-343.00000", "2018-09-30": "-167.30000", "2018-06-30": "-113.10000", "2018-03-31": "-77.43800", "2017-12-31": "-82.70000", "2017-09-30": "-87.37700", "2017-06-30": "-107.32800", "2017-03-31": "-128.29400", "2016-12-31": "-139.07300", "2016-09-30": "-112.70200", "2016-06-30": "-100.64200", "2016-03-31": "-73.84900", "2015-12-31": "-83.17000", "2015-09-30": "-66.53700", "2015-06-30": "-28.53200", "2015-03-31": "-51.34000", "2014-12-31": "-15.12100", "2014-09-30": "8.14000", "2014-06-30": "39.99000", "2014-03-31": "24.06800", "2013-12-31": "30.37400", "2013-09-30": "32.11500", "2013-06-30": "10.30800", "2013-03-31": "24.13800", "2012-12-31": "51.51800", "2012-09-30": "53.53200", "2012-06-30": "28.88300", "2012-03-31": "32.21100", "2011-12-31": "25.41300", "2011-09-30": "18.16300", "2011-06-30": "42.81900", "2011-03-31": "40.68000", "2010-12-31": "32.69900", "2010-09-30": "23.74300", "2010-06-30": "14.43200", "2010-03-31": "25.37200", "2009-12-31": "16.43600", "2009-09-30": "12.54100", "2009-06-30": "", "2009-03-31": "", "2008-12-31": "-17.89000", "2008-09-30": ""}, "Other Share Holders Equity": {"2020-09-30": "", "2020-06-30": "", "2020-03-31": "", "2019-12-31": "", "2019-09-30": "", "2019-06-30": "", "2019-03-31": "", "2018-12-31": "", "2018-09-30": "", "2018-06-30": "", "2018-03-31": "", "2017-12-31": "", "2017-09-30": "", "2017-06-30": "", "2017-03-31": "", "2016-12-31": "", "2016-09-30": "", "2016-06-30": "", "2016-03-31": "", "2015-12-31": "", "2015-09-30": "", "2015-06-30": "", "2015-03-31": "", "2014-12-31": "", "2014-09-30": "", "2014-06-30": "", "2014-03-31": "", "2013-12-31": "", "2013-09-30": "", "2013-06-30": "", "2013-03-31": "", "2012-12-31": "", "2012-09-30": "", "2012-06-30": "", "2012-03-31": "", "2011-12-31": "", "2011-09-30": "", "2011-06-30": "", "2011-03-31": "", "2010-12-31": "", "2010-09-30": "", "2010-06-30": "", "2010-03-31": "", "2009-12-31": "", "2009-09-30": "", "2009-06-30": "0.00000", "2009-03-31": "0.00000", "2008-12-31": "", "2008-09-30": "0.00000"}, "Share Holder Equity": {"2020-09-30": "5383.30000", "2020-06-30": "5313.80000", "2020-03-31": "5087.60000", "2019-12-31": "5116.10000", "2019-09-30": "4816.60000", "2019-06-30": "4845.50000", "2019-03-31": "4733.50000", "2018-12-31": "4580.00000", "2018-09-30": "4223.00000", "2018-06-30": "4203.70000", "2018-03-31": "2815.90800", "2017-12-31": "2686.40000", "2017-09-30": "2507.63900", "2017-06-30": "2418.17800", "2017-03-31": "2329.07400", "2016-12-31": "2258.57800", "2016-09-30": "2225.18800", "2016-06-30": "2164.43000", "2016-03-31": "2138.92600", "2015-12-31": "2105.44600", "2015-09-30": "2075.24700", "2015-06-30": "2117.51400", "2015-03-31": "1337.76500", "2014-12-31": "1346.67000", "2014-09-30": "1328.10000", "2014-06-30": "1313.94200", "2014-03-31": "1257.75200", "2013-12-31": "1231.70800", "2013-09-30": "1196.04700", "2013-06-30": "1115.57200", "2013-03-31": "1093.19500", "2012-12-31": "1075.50300", "2012-09-30": "1056.94600", "2012-06-30": "1007.16900", "2012-03-31": "1010.44500", "2011-12-31": "980.10300", "2011-09-30": "953.51700", "2011-06-30": "958.64400", "2011-03-31": "934.13700", "2010-12-31": "857.18300", "2010-09-30": "828.48900", "2010-06-30": "805.01900", "2010-03-31": "667.08500", "2009-12-31": "645.98700", "2009-09-30": "634.81800", "2009-06-30": "0.00000", "2009-03-31": "0.00000", "2008-12-31": "587.25300", "2008-09-30": "0.00000"}, "Total Liabilities And Share Holders Equity": {"2020-09-30": "15475.40000", "2020-06-30": "15572.90000", "2020-03-31": "15974.10000", "2019-12-31": "16741.10000", "2019-09-30": "15937.60000", "2019-06-30": "16140.90000", "2019-03-31": "16249.30000", "2018-12-31": "16107.50000", "2018-09-30": "13279.00000", "2018-06-30": "13673.50000", "2018-03-31": "5549.58400", "2017-12-31": "5539.50000", "2017-09-30": "5598.62100", "2017-06-30": "5618.40100", "2017-03-31": "5659.08300", "2016-12-31": "5706.97100", "2016-09-30": "5622.46000", "2016-06-30": "5688.83900", "2016-03-31": "5790.71200", "2015-12-31": "5802.24200", "2015-09-30": "5777.22300", "2015-06-30": "2836.37100", "2015-03-31": "2206.73900", "2014-12-31": "2266.15500", "2014-09-30": "2169.85900", "2014-06-30": "2222.43100", "2014-03-31": "2228.36700", "2013-12-31": "2275.32400", "2013-09-30": "2292.83200", "2013-06-30": "2282.61700", "2013-03-31": "2306.10500", "2012-12-31": "2362.90500", "2012-09-30": "2381.26300", "2012-06-30": "2438.84900", "2012-03-31": "1217.27000", "2011-12-31": "1207.60800", "2011-09-30": "1248.50400", "2011-06-30": "1286.23500", "2011-03-31": "1287.89300", "2010-12-31": "1275.72600", "2010-09-30": "1245.63900", "2010-06-30": "1248.61200", "2010-03-31": "1205.10100", "2009-12-31": "1185.64100", "2009-09-30": "1165.85400", "2009-06-30": "0.00000", "2009-03-31": "0.00000", "2008-12-31": "1127.35300", "2008-09-30": "0.00000"}}, "cash flow statement": {"Net Income/Loss": {"2019-12-31": "438.50000", "2018-12-31": "103.20000", "2017-12-31": "328.90000", "2016-12-31": "131.00000", "2015-12-31": "42.86200", "2014-12-31": "131.12700", "2013-12-31": "117.89500", "2012-12-31": "45.82000", "2011-12-31": "51.02100", "2010-12-31": "32.41300", "2009-12-31": "19.01800", "2008-12-31": "18.80100"}, "Total Depreciation And Amortization - Cash Flow": {"2019-12-31": "803.60000", "2018-12-31": "532.10000", "2017-12-31": "247.70000", "2016-12-31": "239.40000", "2015-12-31": "158.96000", "2014-12-31": "105.67000", "2013-12-31": "105.61000", "2012-12-31": "85.02900", "2011-12-31": "46.70900", "2010-12-31": "44.12000", "2009-12-31": "38.33400", "2008-12-31": "37.36600"}, "Other Non-Cash Items": {"2019-12-31": "-42.10000", "2018-12-31": "39.90000", "2017-12-31": "-104.90000", "2016-12-31": "-39.90000", "2015-12-31": "-23.26000", "2014-12-31": "-16.25700", "2013-12-31": "-25.89400", "2012-12-31": "-3.86500", "2011-12-31": "-3.05100", "2010-12-31": "-4.68800", "2009-12-31": "-3.02800", "2008-12-31": "2.91900"}, "Total Non-Cash Items": {"2019-12-31": "761.50010", "2018-12-31": "572.00000", "2017-12-31": "142.80000", "2016-12-31": "199.50000", "2015-12-31": "135.70000", "2014-12-31": "89.41300", "2013-12-31": "79.71600", "2012-12-31": "81.16400", "2011-12-31": "43.65800", "2010-12-31": "39.43200", "2009-12-31": "35.30600", "2008-12-31": "40.28500"}, "Change In Accounts Receivable": {"2019-12-31": "9.90000", "2018-12-31": "50.40000", "2017-12-31": "-1.80000", "2016-12-31": "-10.90000", "2015-12-31": "-12.16000", "2014-12-31": "3.90200", "2013-12-31": "0.81400", "2012-12-31": "-14.05100", "2011-12-31": "-1.81800", "2010-12-31": "1.06600", "2009-12-31": "3.36000", "2008-12-31": "-1.30100"}, "Change In Inventories": {"2019-12-31": "", "2018-12-31": "", "2017-12-31": "", "2016-12-31": "", "2015-12-31": "", "2014-12-31": "", "2013-12-31": "", "2012-12-31": "", "2011-12-31": "", "2010-12-31": "", "2009-12-31": "", "2008-12-31": ""}, "Change In Accounts Payable": {"2019-12-31": "-0.70000", "2018-12-31": "-91.00000", "2017-12-31": "13.80000", "2016-12-31": "-1.30000", "2015-12-31": "-5.58600", "2014-12-31": "1.52500", "2013-12-31": "-4.03200", "2012-12-31": "1.83500", "2011-12-31": "0.27800", "2010-12-31": "-1.04100", "2009-12-31": "1.54900", "2008-12-31": "-0.49400"}, "Change In Assets/Liabilities": {"2019-12-31": "197.30000", "2018-12-31": "25.80000", "2017-12-31": "-42.70000", "2016-12-31": "14.30000", "2015-12-31": "54.22100", "2014-12-31": "-5.13500", "2013-12-31": "-5.87900", "2012-12-31": "11.60000", "2011-12-31": "4.07700", "2010-12-31": "-0.78000", "2009-12-31": "4.20900", "2008-12-31": "0.23100"}, "Total Change In Assets/Liabilities": {"2019-12-31": "128.30000", "2018-12-31": "-35.10000", "2017-12-31": "0.10000", "2016-12-31": "87.90000", "2015-12-31": "52.06200", "2014-12-31": "31.99200", "2013-12-31": "10.65800", "2012-12-31": "7.43800", "2011-12-31": "15.72800", "2010-12-31": "3.72200", "2009-12-31": "5.52800", "2008-12-31": "2.56900"}, "Cash Flow From Operating Activities": {"2019-12-31": "1328.30000", "2018-12-31": "640.10000", "2017-12-31": "471.80000", "2016-12-31": "418.40000", "2015-12-31": "230.62400", "2014-12-31": "252.53200", "2013-12-31": "208.26900", "2012-12-31": "134.42200", "2011-12-31": "110.40700", "2010-12-31": "75.56700", "2009-12-31": "59.85200", "2008-12-31": "61.65500"}, "Net Change In Property, Plant, And Equipment": {"2019-12-31": "-124.20000", "2018-12-31": "-79.40000", "2017-12-31": "-45.90000", "2016-12-31": "-37.50000", "2015-12-31": "-17.80900", "2014-12-31": "-18.51500", "2013-12-31": "-14.25300", "2012-12-31": "-17.91800", "2011-12-31": "-7.62800", "2010-12-31": "-5.34300", "2009-12-31": "-2.66000", "2008-12-31": "-6.74400"}, "Net Change In Intangible Assets": {"2019-12-31": "", "2018-12-31": "", "2017-12-31": "", "2016-12-31": "", "2015-12-31": "", "2014-12-31": "", "2013-12-31": "", "2012-12-31": "", "2011-12-31": "", "2010-12-31": "", "2009-12-31": "", "2008-12-31": ""}, "Net Acquisitions/Divestitures": {"2019-12-31": "-94.10000", "2018-12-31": "-7066.70000", "2017-12-31": "-17.40000", "2016-12-31": "-457.50000", "2015-12-31": "-2729.15300", "2014-12-31": "-86.91100", "2013-12-31": "-3.65700", "2012-12-31": "-967.14900", "2011-12-31": "-20.57700", "2010-12-31": "-45.81500", "2009-12-31": "-51.47700", "2008-12-31": "-17.86400"}, "Net Change In Short-term Investments": {"2019-12-31": "-0.30000", "2018-12-31": "-16.40000", "2017-12-31": "", "2016-12-31": "-1.00000", "2015-12-31": "", "2014-12-31": "", "2013-12-31": "", "2012-12-31": "", "2011-12-31": "", "2010-12-31": "", "2009-12-31": "", "2008-12-31": ""}, "Net Change In Long-Term Investments": {"2019-12-31": "65.10000", "2018-12-31": "45.10000", "2017-12-31": "", "2016-12-31": "", "2015-12-31": "", "2014-12-31": "", "2013-12-31": "", "2012-12-31": "", "2011-12-31": "", "2010-12-31": "", "2009-12-31": "", "2008-12-31": ""}, "Net Change In Investments - Total": {"2019-12-31": "64.80000", "2018-12-31": "28.70000", "2017-12-31": "", "2016-12-31": "-1.00000", "2015-12-31": "", "2014-12-31": "", "2013-12-31": "", "2012-12-31": "", "2011-12-31": "", "2010-12-31": "", "2009-12-31": "", "2008-12-31": ""}, "Investing Activities - Other": {"2019-12-31": "13.00000", "2018-12-31": "14.80000", "2017-12-31": "", "2016-12-31": "", "2015-12-31": "", "2014-12-31": "0.98300", "2013-12-31": "", "2012-12-31": "0.08700", "2011-12-31": "-1.14900", "2010-12-31": "0.05900", "2009-12-31": "0.00300", "2008-12-31": ""}, "Cash Flow From Investing Activities": {"2019-12-31": "-140.50000", "2018-12-31": "-7102.60000", "2017-12-31": "-63.30000", "2016-12-31": "-496.00000", "2015-12-31": "-2746.96200", "2014-12-31": "-104.44300", "2013-12-31": "-17.91000", "2012-12-31": "-984.98000", "2011-12-31": "-29.35400", "2010-12-31": "-51.09900", "2009-12-31": "-54.13400", "2008-12-31": "-24.60800"}, "Net Long-Term Debt": {"2019-12-31": "-1123.80000", "2018-12-31": "5603.00000", "2017-12-31": "-467.50000", "2016-12-31": "-263.50000", "2015-12-31": "2164.62700", "2014-12-31": "-137.00000", "2013-12-31": "-239.00000", "2012-12-31": "878.43700", "2011-12-31": "-191.05000", "2010-12-31": "-108.12000", "2009-12-31": "-17.67900", "2008-12-31": "-25.57400"}, "Net Current Debt": {"2019-12-31": "", "2018-12-31": "", "2017-12-31": "", "2016-12-31": "", "2015-12-31": "", "2014-12-31": "", "2013-12-31": "", "2012-12-31": "", "2011-12-31": "", "2010-12-31": "", "2009-12-31": "", "2008-12-31": ""}, "Debt Issuance/Retirement Net - Total": {"2019-12-31": "-1123.80000", "2018-12-31": "5603.00000", "2017-12-31": "-467.50000", "2016-12-31": "-263.50000", "2015-12-31": "2164.62700", "2014-12-31": "-137.00000", "2013-12-31": "-239.00000", "2012-12-31": "878.43700", "2011-12-31": "-191.05000", "2010-12-31": "-108.12000", "2009-12-31": "-17.67900", "2008-12-31": "-25.57400"}, "Net Common Equity Issued/Repurchased": {"2019-12-31": "65.40000", "2018-12-31": "1484.00000", "2017-12-31": "60.20000", "2016-12-31": "39.20000", "2015-12-31": "747.89400", "2014-12-31": "12.88700", "2013-12-31": "26.87400", "2012-12-31": "14.35400", "2011-12-31": "60.75800", "2010-12-31": "144.20200", "2009-12-31": "-0.21700", "2008-12-31": "0.04100"}, "Net Total Equity Issued/Repurchased": {"2019-12-31": "65.40000", "2018-12-31": "1484.00000", "2017-12-31": "60.20000", "2016-12-31": "39.20000", "2015-12-31": "747.89400", "2014-12-31": "12.88700", "2013-12-31": "26.87400", "2012-12-31": "14.35400", "2011-12-31": "60.75800", "2010-12-31": "144.20200", "2009-12-31": "-0.21700", "2008-12-31": "0.04100"}, "Total Common And Preferred Stock Dividends Paid": {"2019-12-31": "-107.70000", "2018-12-31": "-70.90000", "2017-12-31": "-54.40000", "2016-12-31": "-50.10000", "2015-12-31": "-45.45100", "2014-12-31": "-10.49400", "2013-12-31": "", "2012-12-31": "", "2011-12-31": "", "2010-12-31": "", "2009-12-31": "", "2008-12-31": ""}, "Financial Activities - Other": {"2019-12-31": "652.70000", "2018-12-31": "500.90000", "2017-12-31": "-6.30000", "2016-12-31": "38.30000", "2015-12-31": "-20.00400", "2014-12-31": "14.44200", "2013-12-31": "22.27700", "2012-12-31": "1.73100", "2011-12-31": "4.93400", "2010-12-31": "5.06400", "2009-12-31": "", "2008-12-31": ""}, "Cash Flow From Financial Activities": {"2019-12-31": "-513.40000", "2018-12-31": "7517.00000", "2017-12-31": "-468.00000", "2016-12-31": "-236.10000", "2015-12-31": "2847.06600", "2014-12-31": "-120.16500", "2013-12-31": "-189.84900", "2012-12-31": "894.52200", "2011-12-31": "-125.35800", "2010-12-31": "41.14600", "2009-12-31": "-17.89600", "2008-12-31": "-25.53200"}, "Net Cash Flow": {"2019-12-31": "676.10000", "2018-12-31": "1048.60000", "2017-12-31": "-55.00000", "2016-12-31": "-317.30000", "2015-12-31": "325.92300", "2014-12-31": "25.10700", "2013-12-31": "-1.69000", "2012-12-31": "45.84200", "2011-12-31": "-44.52500", "2010-12-31": "65.78800", "2009-12-31": "-10.24400", "2008-12-31": "10.12400"}, "Stock-Based Compensation": {"2019-12-31": "72.40000", "2018-12-31": "96.90000", "2017-12-31": "41.50000", "2016-12-31": "50.50000", "2015-12-31": "44.07900", "2014-12-31": "11.48300", "2013-12-31": "8.38600", "2012-12-31": "5.59000", "2011-12-31": "13.49300", "2010-12-31": "13.25400", "2009-12-31": "5.60700", "2008-12-31": "7.32300"}, "Common Stock Dividends Paid": {"2019-12-31": "-107.70000", "2018-12-31": "-70.90000", "2017-12-31": "-54.40000", "2016-12-31": "-50.10000", "2015-12-31": "-45.45100", "2014-12-31": "-10.49400", "2013-12-31": "0.00000", "2012-12-31": "", "2011-12-31": "", "2010-12-31": "", "2009-12-31": "", "2008-12-31": ""}}, "cash flow statement, quarterly": {"Net Income/Loss": {"2020-09-30": 159.4, "2020-06-30": 169.5, "2020-03-31": "99.20000", "2019-12-31": 141.6, "2019-09-30": 95, "2019-06-30": 121.1, "2019-03-31": "80.80000", "2018-12-31": 58.7, "2018-09-30": 57, "2018-06-30": -63.8, "2018-03-31": "51.30000", "2017-12-31": 165.4, "2017-09-30": 64.2, "2017-06-30": 51.153, "2017-03-31": "48.14700", "2016-12-31": 57.027, "2016-09-30": 38.747, "2016-06-30": 28.221, "2016-03-31": "7.00500", "2015-12-31": 12.098, "2015-09-30": -34.61, "2015-06-30": 39.128, "2015-03-31": "26.24600", "2014-12-31": 36.607, "2014-09-30": 40.827, "2014-06-30": 27.245, "2014-03-31": "26.44800", "2013-12-31": 26.881, "2013-09-30": 43.466, "2013-06-30": 26.119, "2013-03-31": "21.42900", "2012-12-31": 16.082, "2012-09-30": 17.615, "2012-06-30": -5.76, "2012-03-31": "17.88300", "2011-12-31": 13.26, "2011-09-30": 14.899, "2011-06-30": 13.028, "2011-03-31": "9.83400", "2010-12-31": 9.176, "2010-09-30": 9.854, "2010-06-30": 4.362, "2010-03-31": "9.02100", "2009-12-31": 6.022, "2009-09-30": 5.607, "2009-06-30": 3.491, "2009-03-31": "3.89800", "2008-12-31": 6.468, "2008-09-30": 12.332}, "Total Depreciation And Amortization - Cash Flow": {"2020-09-30": 183.5, "2020-06-30": 182.8, "2020-03-31": "188.20000", "2019-12-31": 207.5, "2019-09-30": 194.6, "2019-06-30": 194.4, "2019-03-31": "207.10000", "2018-12-31": 179.7, "2018-09-30": 149.7, "2018-06-30": 138.7, "2018-03-31": "64.00000", "2017-12-31": 62.9, "2017-09-30": 62.3, "2017-06-30": 61.287, "2017-03-31": "61.21300", "2016-12-31": 60.496, "2016-09-30": 60.152, "2016-06-30": 60.826, "2016-03-31": "57.92600", "2015-12-31": 52.647, "2015-09-30": 51.336, "2015-06-30": 27.546, "2015-03-31": "27.43100", "2014-12-31": 26.78, "2014-09-30": 26.102, "2014-06-30": 26.332, "2014-03-31": "26.45600", "2013-12-31": 26.761, "2013-09-30": 26.119, "2013-06-30": 26.59, "2013-03-31": "26.14000", "2012-12-31": 26.595, "2012-09-30": 26.104, "2012-06-30": 22.067, "2012-03-31": "10.26300", "2011-12-31": 13.004, "2011-09-30": 10.907, "2011-06-30": 11.027, "2011-03-31": "11.77100", "2010-12-31": 10.868, "2010-09-30": 10.552, "2010-06-30": 12.003, "2010-03-31": "10.69700", "2009-12-31": 9.903, "2009-09-30": 9.688, "2009-06-30": 9.6, "2009-03-31": "9.14300", "2008-12-31": 9.312, "2008-09-30": 28.048}, "Other Non-Cash Items": {"2020-09-30": -20.9, "2020-06-30": -36.2, "2020-03-31": "9.20000", "2019-12-31": -4.8, "2019-09-30": 23, "2019-06-30": -46.6, "2019-03-31": "-13.70000", "2018-12-31": 36.6, "2018-09-30": -9.7, "2018-06-30": 12.7, "2018-03-31": "0.30000", "2017-12-31": -117.7, "2017-09-30": 1, "2017-06-30": 4.705, "2017-03-31": "7.09500", "2016-12-31": 1.542, "2016-09-30": -22.946, "2016-06-30": -20.072, "2016-03-31": "1.57600", "2015-12-31": -21.418, "2015-09-30": 1.796, "2015-06-30": -3.42, "2015-03-31": "-0.21800", "2014-12-31": -3.759, "2014-09-30": -5.654, "2014-06-30": -6.162, "2014-03-31": "-0.68200", "2013-12-31": -10.903, "2013-09-30": -10.247, "2013-06-30": -0.429, "2013-03-31": "-4.31500", "2012-12-31": 2.437, "2012-09-30": -5.238, "2012-06-30": 4.143, "2012-03-31": "-5.20700", "2011-12-31": 0.605, "2011-09-30": 1.048, "2011-06-30": -4.155, "2011-03-31": "-0.54900", "2010-12-31": -1.981, "2010-09-30": -2.301, "2010-06-30": 0.459, "2010-03-31": "-0.86500", "2009-12-31": 1.023, "2009-09-30": -1.547, "2009-06-30": -2.035, "2009-03-31": "-0.46900", "2008-12-31": 0.285, "2008-09-30": -0.285}, "Total Non-Cash Items": {"2020-09-30": 162.6, "2020-06-30": 146.6, "2020-03-31": "197.40000", "2019-12-31": 202.7001, "2019-09-30": 217.6, "2019-06-30": 147.8, "2019-03-31": "193.40000", "2018-12-31": 216.3, "2018-09-30": 140, "2018-06-30": 151.4, "2018-03-31": "64.30000", "2017-12-31": -54.8, "2017-09-30": 63.3, "2017-06-30": 65.992, "2017-03-31": "68.30800", "2016-12-31": 62.038, "2016-09-30": 37.206, "2016-06-30": 40.754, "2016-03-31": "59.50200", "2015-12-31": 31.229, "2015-09-30": 53.132, "2015-06-30": 24.126, "2015-03-31": "27.21300", "2014-12-31": 23.021, "2014-09-30": 20.448, "2014-06-30": 20.17, "2014-03-31": "25.77400", "2013-12-31": 15.858, "2013-09-30": 15.872, "2013-06-30": 26.161, "2013-03-31": "21.82500", "2012-12-31": 29.032, "2012-09-30": 20.866, "2012-06-30": 26.21, "2012-03-31": "5.05600", "2011-12-31": 13.609, "2011-09-30": 11.955, "2011-06-30": 6.872, "2011-03-31": "11.22200", "2010-12-31": 8.887, "2010-09-30": 8.251, "2010-06-30": 12.462, "2010-03-31": "9.83200", "2009-12-31": 10.926, "2009-09-30": 8.141, "2009-06-30": 7.565, "2009-03-31": "8.67400", "2008-12-31": 9.597, "2008-09-30": 27.763}, "Change In Accounts Receivable": {"2020-09-30": 31.9, "2020-06-30": 15.3, "2020-03-31": "-27.20000", "2019-12-31": -9.2, "2019-09-30": 4.6, "2019-06-30": 17.4, "2019-03-31": "-2.90000", "2018-12-31": 10.4, "2018-09-30": -3, "2018-06-30": 62.8, "2018-03-31": "-19.80000", "2017-12-31": -3.6, "2017-09-30": -1.6, "2017-06-30": 10.487, "2017-03-31": "-7.08700", "2016-12-31": 3.703, "2016-09-30": -1.145, "2016-06-30": 19.745, "2016-03-31": "-33.20300", "2015-12-31": -6.926, "2015-09-30": -3.43, "2015-06-30": 10.254, "2015-03-31": "-12.05800", "2014-12-31": 4.297, "2014-09-30": -1.927, "2014-06-30": -1.424, "2014-03-31": "2.95600", "2013-12-31": -5.097, "2013-09-30": 12.329, "2013-06-30": -4.667, "2013-03-31": "-1.75100", "2012-12-31": 0.601, "2012-09-30": -6.366, "2012-06-30": -2.527, "2012-03-31": "-5.75900", "2011-12-31": -2.399, "2011-09-30": -0.725, "2011-06-30": 10.878, "2011-03-31": "-9.57200", "2010-12-31": 3.075, "2010-09-30": 0.414, "2010-06-30": -1.245, "2010-03-31": "-1.17800", "2009-12-31": 0.766, "2009-09-30": 0.945, "2009-06-30": 5.872, "2009-03-31": "-4.22300", "2008-12-31": 8.437, "2008-09-30": -8.437}, "Change In Inventories": {"2020-09-30": 0, "2020-06-30": 0, "2020-03-31": "", "2019-12-31": 0, "2019-09-30": 0, "2019-06-30": 0, "2019-03-31": "", "2018-12-31": 0, "2018-09-30": 0, "2018-06-30": 0, "2018-03-31": "", "2017-12-31": 0, "2017-09-30": 0, "2017-06-30": 0, "2017-03-31": "", "2016-12-31": 0, "2016-09-30": 0, "2016-06-30": 0, "2016-03-31": "", "2015-12-31": 0, "2015-09-30": 0, "2015-06-30": 0, "2015-03-31": "", "2014-12-31": 0, "2014-09-30": 0, "2014-06-30": 0, "2014-03-31": "", "2013-12-31": 0, "2013-09-30": 0, "2013-06-30": 0, "2013-03-31": "", "2012-12-31": 0, "2012-09-30": 0, "2012-06-30": 0, "2012-03-31": "", "2011-12-31": 0, "2011-09-30": 0, "2011-06-30": 0, "2011-03-31": "", "2010-12-31": 0, "2010-09-30": 0, "2010-06-30": 0, "2010-03-31": "", "2009-12-31": 0, "2009-09-30": 0, "2009-06-30": 0, "2009-03-31": "", "2008-12-31": 0, "2008-09-30": 0}, "Change In Accounts Payable": {"2020-09-30": -13.5, "2020-06-30": -2.4, "2020-03-31": "6.40000", "2019-12-31": -12.1, "2019-09-30": 4.4, "2019-06-30": 3.4, "2019-03-31": "3.60000", "2018-12-31": -4.2, "2018-09-30": 11.4, "2018-06-30": -87.6, "2018-03-31": "-10.60000", "2017-12-31": 5.2, "2017-09-30": -6.3, "2017-06-30": 8.794, "2017-03-31": "6.10600", "2016-12-31": -3.91, "2016-09-30": -5.26, "2016-06-30": 4.278, "2016-03-31": "3.59200", "2015-12-31": -3.831, "2015-09-30": 0.65, "2015-06-30": -2.072, "2015-03-31": "-0.33300", "2014-12-31": 0.889, "2014-09-30": -0.153, "2014-06-30": 2.554, "2014-03-31": "-1.76500", "2013-12-31": -9.221, "2013-09-30": 7.437, "2013-06-30": 2.019, "2013-03-31": "-4.26700", "2012-12-31": 4.075, "2012-09-30": -1.776, "2012-06-30": -1.437, "2012-03-31": "0.97300", "2011-12-31": 0.813, "2011-09-30": -0.778, "2011-06-30": 0.809, "2011-03-31": "-0.56600", "2010-12-31": 1.11, "2010-09-30": -1.294, "2010-06-30": 0.109, "2010-03-31": "-0.96600", "2009-12-31": 1.733, "2009-09-30": -0.039, "2009-06-30": -0.19, "2009-03-31": "0.04500", "2008-12-31": -1.014, "2008-09-30": 1.014}, "Change In Assets/Liabilities": {"2020-09-30": -89.2, "2020-06-30": -63.7, "2020-03-31": "4.80000", "2019-12-31": 177.9, "2019-09-30": 13.4, "2019-06-30": -34.9, "2019-03-31": "40.90000", "2018-12-31": 16.9, "2018-09-30": -65.7, "2018-06-30": 55.2, "2018-03-31": "19.40000", "2017-12-31": -18.5, "2017-09-30": -19.4, "2017-06-30": -15.045, "2017-03-31": "10.24500", "2016-12-31": 3.137, "2016-09-30": -0.373, "2016-06-30": -12.503, "2016-03-31": "24.03900", "2015-12-31": 32.338, "2015-09-30": 24.543, "2015-06-30": -16.525, "2015-03-31": "13.86500", "2014-12-31": 4.831, "2014-09-30": -3.085, "2014-06-30": -10.379, "2014-03-31": "3.49800", "2013-12-31": 7.06, "2013-09-30": -4.721, "2013-06-30": -14.42, "2013-03-31": "6.20200", "2012-12-31": 6.159, "2012-09-30": -2.158, "2012-06-30": -0.016, "2012-03-31": "7.61500", "2011-12-31": 1.646, "2011-09-30": -3.927, "2011-06-30": -4.492, "2011-03-31": "10.85000", "2010-12-31": -1.089, "2010-09-30": -5.48, "2010-06-30": -3.189, "2010-03-31": "8.97800", "2009-12-31": 0.262, "2009-09-30": -1.511, "2009-06-30": -4.418, "2009-03-31": "9.87600", "2008-12-31": -3.03, "2008-09-30": 3.03}, "Total Change In Assets/Liabilities": {"2020-09-30": -122.6, "2020-06-30": 91.9, "2020-03-31": "-148.90000", "2019-12-31": 229, "2019-09-30": 25.8, "2019-06-30": 10.3, "2019-03-31": "-136.80000", "2018-12-31": 42.7, "2018-09-30": 5.7, "2018-06-30": -37.8, "2018-03-31": "-45.70000", "2017-12-31": 52.7, "2017-09-30": -14.2, "2017-06-30": 20.167, "2017-03-31": "-58.56700", "2016-12-31": 62.319, "2016-09-30": 21.727, "2016-06-30": 51.743, "2016-03-31": "-47.88900", "2015-12-31": 66.73, "2015-09-30": 1.323, "2015-06-30": 6.301, "2015-03-31": "-22.29200", "2014-12-31": 28.639, "2014-09-30": 10.17, "2014-06-30": 6.851, "2014-03-31": "-13.66800", "2013-12-31": 11.254, "2013-09-30": 24.933, "2013-06-30": -2.918, "2013-03-31": "-22.61100", "2012-12-31": 28.642, "2012-09-30": -13.488, "2012-06-30": 2.085, "2012-03-31": "-9.80100", "2011-12-31": 11.959, "2011-09-30": 3.671, "2011-06-30": 9.06, "2011-03-31": "-8.96200", "2010-12-31": 9.875, "2010-09-30": 6.09, "2010-06-30": -8.932, "2010-03-31": "-3.31100", "2009-12-31": -2.096, "2009-09-30": 10.347, "2009-06-30": -1.183, "2009-03-31": "-1.54000", "2008-12-31": -0.467, "2008-09-30": 3.027}, "Cash Flow From Operating Activities": {"2020-09-30": 199.4, "2020-06-30": 408, "2020-03-31": "147.70000", "2019-12-31": 573.3, "2019-09-30": 338.4, "2019-06-30": 279.2, "2019-03-31": "137.40000", "2018-12-31": 317.7, "2018-09-30": 202.7, "2018-06-30": 49.8, "2018-03-31": "69.90000", "2017-12-31": 163.3, "2017-09-30": 113.3, "2017-06-30": 137.312, "2017-03-31": "57.88800", "2016-12-31": 181.384, "2016-09-30": 97.68, "2016-06-30": 120.718, "2016-03-31": "18.61800", "2015-12-31": 110.057, "2015-09-30": 19.845, "2015-06-30": 69.555, "2015-03-31": "31.16700", "2014-12-31": 88.267, "2014-09-30": 71.445, "2014-06-30": 54.266, "2014-03-31": "38.55400", "2013-12-31": 53.993, "2013-09-30": 84.271, "2013-06-30": 49.362, "2013-03-31": "20.64300", "2012-12-31": 73.756, "2012-09-30": 24.993, "2012-06-30": 22.535, "2012-03-31": "13.13800", "2011-12-31": 38.828, "2011-09-30": 30.525, "2011-06-30": 28.96, "2011-03-31": "12.09400", "2010-12-31": 27.938, "2010-09-30": 24.195, "2010-06-30": 7.892, "2010-03-31": "15.54200", "2009-12-31": 14.852, "2009-09-30": 24.095, "2009-06-30": 9.873, "2009-03-31": "11.03200", "2008-12-31": 18.528, "2008-09-30": 43.122}, "Net Change In Property, Plant, And Equipment": {"2020-09-30": -28.1, "2020-06-30": -25.4, "2020-03-31": "-26.50000", "2019-12-31": -25.1, "2019-09-30": -39.6, "2019-06-30": -26.8, "2019-03-31": "-32.70000", "2018-12-31": -31.2, "2018-09-30": -14, "2018-06-30": -23.1, "2018-03-31": "-11.10000", "2017-12-31": -8, "2017-09-30": -12.9, "2017-06-30": -15.733, "2017-03-31": "-9.26700", "2016-12-31": -12.562, "2016-09-30": -8.082, "2016-06-30": -11.881, "2016-03-31": "-4.97500", "2015-12-31": -5.033, "2015-09-30": -5.234, "2015-06-30": -4.365, "2015-03-31": "-3.17700", "2014-12-31": -3.975, "2014-09-30": -3.377, "2014-06-30": -7.549, "2014-03-31": "-3.61400", "2013-12-31": -2.811, "2013-09-30": -3.345, "2013-06-30": -5.858, "2013-03-31": "-2.23900", "2012-12-31": -8.439, "2012-09-30": -4.34, "2012-06-30": -3.822, "2012-03-31": "-1.31700", "2011-12-31": -1.927, "2011-09-30": -1.524, "2011-06-30": -2.072, "2011-03-31": "-2.10500", "2010-12-31": -1.958, "2010-09-30": -1.1, "2010-06-30": -1.288, "2010-03-31": "-0.99700", "2009-12-31": -1.425, "2009-09-30": -0.617, "2009-06-30": -0.516, "2009-03-31": "-0.10200", "2008-12-31": -0.539, "2008-09-30": -6.201}, "Net Change In Intangible Assets": {"2020-09-30": 0, "2020-06-30": 0, "2020-03-31": "", "2019-12-31": 0, "2019-09-30": 0, "2019-06-30": 0, "2019-03-31": "", "2018-12-31": 0, "2018-09-30": 0, "2018-06-30": 0, "2018-03-31": "", "2017-12-31": 0, "2017-09-30": 0, "2017-06-30": 0, "2017-03-31": "", "2016-12-31": 0, "2016-09-30": 0, "2016-06-30": 0, "2016-03-31": "", "2015-12-31": 0, "2015-09-30": 0, "2015-06-30": 0, "2015-03-31": "", "2014-12-31": 0, "2014-09-30": 0, "2014-06-30": 0, "2014-03-31": "", "2013-12-31": 0, "2013-09-30": 0, "2013-06-30": 0, "2013-03-31": "", "2012-12-31": 0, "2012-09-30": 0, "2012-06-30": 0, "2012-03-31": "", "2011-12-31": 0, "2011-09-30": 0, "2011-06-30": 0, "2011-03-31": "", "2010-12-31": 0, "2010-09-30": 0, "2010-06-30": 0, "2010-03-31": "", "2009-12-31": 0, "2009-09-30": 0, "2009-06-30": 0, "2009-03-31": "", "2008-12-31": 0, "2008-09-30": 0}, "Net Acquisitions/Divestitures": {"2020-09-30": 0.6, "2020-06-30": -97.8, "2020-03-31": "-16.30000", "2019-12-31": -97.3, "2019-09-30": 0, "2019-06-30": 0, "2019-03-31": "3.20000", "2018-12-31": -2433.1, "2018-09-30": -11.3, "2018-06-30": -4622.1, "2018-03-31": "-0.20000", "2017-12-31": -19.2, "2017-09-30": 0, "2017-06-30": -0.005, "2017-03-31": "1.80500", "2016-12-31": -148.068, "2016-09-30": 8.122, "2016-06-30": 0, "2016-03-31": "-317.55400", "2015-12-31": -114.368, "2015-09-30": -2606.922, "2015-06-30": -7.863, "2015-03-31": "", "2014-12-31": -86.911, "2014-09-30": 0, "2014-06-30": 0, "2014-03-31": "", "2013-12-31": -3.657, "2013-09-30": 0, "2013-06-30": 0, "2013-03-31": "", "2012-12-31": -2.626, "2012-09-30": -6.984, "2012-06-30": -957.52, "2012-03-31": "-0.01900", "2011-12-31": -0.714, "2011-09-30": -5.065, "2011-06-30": -0.027, "2011-03-31": "-14.77100", "2010-12-31": -34.443, "2010-09-30": 0, "2010-06-30": 0, "2010-03-31": "-11.37200", "2009-12-31": -41.15, "2009-09-30": 0, "2009-06-30": -6.777, "2009-03-31": "-3.55000", "2008-12-31": -17.86, "2008-09-30": 0}, "Net Change In Short-term Investments": {"2020-09-30": -20, "2020-06-30": -0.8, "2020-03-31": "-40.00000", "2019-12-31": 0, "2019-09-30": -0.1, "2019-06-30": -0.2, "2019-03-31": "", "2018-12-31": -1, "2018-09-30": -11.1, "2018-06-30": -4.3, "2018-03-31": "", "2017-12-31": 0, "2017-09-30": 0, "2017-06-30": 0, "2017-03-31": "", "2016-12-31": -1, "2016-09-30": 0, "2016-06-30": 0, "2016-03-31": "", "2015-12-31": 0, "2015-09-30": 0, "2015-06-30": 0, "2015-03-31": "", "2014-12-31": 0, "2014-09-30": 0, "2014-06-30": 0, "2014-03-31": "", "2013-12-31": 0, "2013-09-30": 0, "2013-06-30": 0, "2013-03-31": "", "2012-12-31": 0, "2012-09-30": 0, "2012-06-30": 0, "2012-03-31": "", "2011-12-31": 0, "2011-09-30": 0, "2011-06-30": 0, "2011-03-31": "", "2010-12-31": 0, "2010-09-30": 0, "2010-06-30": 0, "2010-03-31": "", "2009-12-31": 0, "2009-09-30": 0, "2009-06-30": 0, "2009-03-31": "", "2008-12-31": 0, "2008-09-30": 0}, "Net Change In Long-Term Investments": {"2020-09-30": 17.1, "2020-06-30": 26.8, "2020-03-31": "6.90000", "2019-12-31": 19, "2019-09-30": 23.6, "2019-06-30": 11.7, "2019-03-31": "10.80000", "2018-12-31": 17, "2018-09-30": 16.4, "2018-06-30": 11.7, "2018-03-31": "", "2017-12-31": 0, "2017-09-30": 0, "2017-06-30": 0, "2017-03-31": "", "2016-12-31": 1, "2016-09-30": 0, "2016-06-30": -1, "2016-03-31": "", "2015-12-31": 0, "2015-09-30": 0, "2015-06-30": 0, "2015-03-31": "", "2014-12-31": 0, "2014-09-30": 0, "2014-06-30": 0, "2014-03-31": "", "2013-12-31": 0, "2013-09-30": 0, "2013-06-30": 0, "2013-03-31": "", "2012-12-31": 0, "2012-09-30": 0, "2012-06-30": 0, "2012-03-31": "", "2011-12-31": 0, "2011-09-30": 0, "2011-06-30": 0, "2011-03-31": "", "2010-12-31": 0, "2010-09-30": 0, "2010-06-30": 0, "2010-03-31": "", "2009-12-31": 0, "2009-09-30": 0, "2009-06-30": 0, "2009-03-31": "", "2008-12-31": 0, "2008-09-30": 0}, "Net Change In Investments - Total": {"2020-09-30": -2.9, "2020-06-30": 26, "2020-03-31": "-33.10000", "2019-12-31": 19, "2019-09-30": 23.5, "2019-06-30": 11.5, "2019-03-31": "10.80000", "2018-12-31": 16, "2018-09-30": 5.3, "2018-06-30": 7.4, "2018-03-31": "", "2017-12-31": 0, "2017-09-30": 0, "2017-06-30": 0, "2017-03-31": "", "2016-12-31": 0, "2016-09-30": 0, "2016-06-30": -1, "2016-03-31": "", "2015-12-31": 0, "2015-09-30": 0, "2015-06-30": 0, "2015-03-31": "", "2014-12-31": 0, "2014-09-30": 0, "2014-06-30": 0, "2014-03-31": "", "2013-12-31": 0, "2013-09-30": 0, "2013-06-30": 0, "2013-03-31": "", "2012-12-31": 0, "2012-09-30": 0, "2012-06-30": 0, "2012-03-31": "", "2011-12-31": 0, "2011-09-30": 0, "2011-06-30": 0, "2011-03-31": "", "2010-12-31": 0, "2010-09-30": 0, "2010-06-30": 0, "2010-03-31": "", "2009-12-31": 0, "2009-09-30": 0, "2009-06-30": 0, "2009-03-31": "", "2008-12-31": 0, "2008-09-30": 0}, "Investing Activities - Other": {"2020-09-30": 2.6, "2020-06-30": 2.4, "2020-03-31": "2.60000", "2019-12-31": 3.2, "2019-09-30": 2.5, "2019-06-30": 4.7, "2019-03-31": "2.60000", "2018-12-31": 14.8, "2018-09-30": -0.3, "2018-06-30": 0.3, "2018-03-31": "", "2017-12-31": 0, "2017-09-30": 0, "2017-06-30": 0, "2017-03-31": "", "2016-12-31": 0, "2016-09-30": 0, "2016-06-30": 0, "2016-03-31": "", "2015-12-31": 0, "2015-09-30": 0, "2015-06-30": 0, "2015-03-31": "", "2014-12-31": 0, "2014-09-30": 0, "2014-06-30": 0, "2014-03-31": "0.98300", "2013-12-31": 0, "2013-09-30": 0, "2013-06-30": 0, "2013-03-31": "", "2012-12-31": 0, "2012-09-30": 0, "2012-06-30": 0, "2012-03-31": "0.08700", "2011-12-31": -1.149, "2011-09-30": 0, "2011-06-30": 0, "2011-03-31": "", "2010-12-31": 0.059, "2010-09-30": 0, "2010-06-30": 0, "2010-03-31": "", "2009-12-31": 0.003, "2009-09-30": 0, "2009-06-30": 0, "2009-03-31": "", "2008-12-31": 0, "2008-09-30": 0}, "Cash Flow From Investing Activities": {"2020-09-30": -27.8, "2020-06-30": -94.8, "2020-03-31": "-73.30000", "2019-12-31": -100.2, "2019-09-30": -13.6, "2019-06-30": -10.6, "2019-03-31": "-16.10000", "2018-12-31": -2433.5, "2018-09-30": -20.3, "2018-06-30": -4637.5, "2018-03-31": "-11.30000", "2017-12-31": -27.2, "2017-09-30": -12.9, "2017-06-30": -15.738, "2017-03-31": "-7.46200", "2016-12-31": -160.63, "2016-09-30": 0.04, "2016-06-30": -12.881, "2016-03-31": "-322.52900", "2015-12-31": -119.401, "2015-09-30": -2612.156, "2015-06-30": -12.228, "2015-03-31": "-3.17700", "2014-12-31": -90.886, "2014-09-30": -3.377, "2014-06-30": -7.549, "2014-03-31": "-2.63100", "2013-12-31": -6.468, "2013-09-30": -3.345, "2013-06-30": -5.858, "2013-03-31": "-2.23900", "2012-12-31": -11.065, "2012-09-30": -11.324, "2012-06-30": -961.342, "2012-03-31": "-1.24900", "2011-12-31": -3.79, "2011-09-30": -6.589, "2011-06-30": -2.099, "2011-03-31": "-16.87600", "2010-12-31": -36.342, "2010-09-30": -1.1, "2010-06-30": -1.288, "2010-03-31": "-12.36900", "2009-12-31": -42.572, "2009-09-30": -0.617, "2009-06-30": -7.293, "2009-03-31": "-3.65200", "2008-12-31": -18.399, "2008-09-30": -6.201}, "Net Long-Term Debt": {"2020-09-30": -73, "2020-06-30": -407.4, "2020-03-31": "150.10000", "2019-12-31": -494.6999, "2019-09-30": -214.2002, "2019-06-30": -276.5, "2019-03-31": "-138.39990", "2018-12-31": 1585.4, "2018-09-30": -233.3, "2018-06-30": 4312.2, "2018-03-31": "-61.30000", "2017-12-31": -174.7, "2017-09-30": -84.4, "2017-06-30": -148.2, "2017-03-31": "-60.20000", "2016-12-31": 5.05, "2016-09-30": -113.225, "2016-06-30": -125.5, "2016-03-31": "-29.82500", "2015-12-31": -80, "2015-09-30": 2418.627, "2015-06-30": -130, "2015-03-31": "-44.00000", "2014-12-31": 37, "2014-09-30": -67, "2014-06-30": -62, "2014-03-31": "-45.00000", "2013-12-31": -62, "2013-09-30": -75, "2013-06-30": -57, "2013-03-31": "-45.00000", "2012-12-31": -59.173, "2012-09-30": -77.37, "2012-06-30": 1029.98, "2012-03-31": "-15.00000", "2011-12-31": -72.84, "2011-09-30": -30.377, "2011-06-30": -20.779, "2011-03-31": "-67.05400", "2010-12-31": -0.45, "2010-09-30": -26.073, "2010-06-30": -78.938, "2010-03-31": "-2.65900", "2009-12-31": -5.944, "2009-09-30": -10.582, "2009-06-30": -0.622, "2009-03-31": "-0.53100", "2008-12-31": 25.05, "2008-09-30": -25.05}, "Net Current Debt": {"2020-09-30": 0, "2020-06-30": 0, "2020-03-31": "", "2019-12-31": 0, "2019-09-30": 0, "2019-06-30": 0, "2019-03-31": "", "2018-12-31": 0, "2018-09-30": 0, "2018-06-30": 0, "2018-03-31": "", "2017-12-31": 0, "2017-09-30": 0, "2017-06-30": 0, "2017-03-31": "", "2016-12-31": 0, "2016-09-30": 0, "2016-06-30": 0, "2016-03-31": "", "2015-12-31": 0, "2015-09-30": 0, "2015-06-30": 0, "2015-03-31": "", "2014-12-31": 0, "2014-09-30": 0, "2014-06-30": 0, "2014-03-31": "", "2013-12-31": 0, "2013-09-30": 0, "2013-06-30": 0, "2013-03-31": "", "2012-12-31": 0, "2012-09-30": 0, "2012-06-30": 0, "2012-03-31": "", "2011-12-31": 0, "2011-09-30": 0, "2011-06-30": 0, "2011-03-31": "", "2010-12-31": 0, "2010-09-30": 0, "2010-06-30": 0, "2010-03-31": "", "2009-12-31": 0, "2009-09-30": 0, "2009-06-30": 0, "2009-03-31": "", "2008-12-31": 0, "2008-09-30": 0}, "Debt Issuance/Retirement Net - Total": {"2020-09-30": -73, "2020-06-30": -407.4, "2020-03-31": "150.10000", "2019-12-31": -494.6999, "2019-09-30": -214.2002, "2019-06-30": -276.5, "2019-03-31": "-138.39990", "2018-12-31": 1585.4, "2018-09-30": -233.3, "2018-06-30": 4312.2, "2018-03-31": "-61.30000", "2017-12-31": -174.7, "2017-09-30": -84.4, "2017-06-30": -148.2, "2017-03-31": "-60.20000", "2016-12-31": 5.05, "2016-09-30": -113.225, "2016-06-30": -125.5, "2016-03-31": "-29.82500", "2015-12-31": -80, "2015-09-30": 2418.627, "2015-06-30": -130, "2015-03-31": "-44.00000", "2014-12-31": 37, "2014-09-30": -67, "2014-06-30": -62, "2014-03-31": "-45.00000", "2013-12-31": -62, "2013-09-30": -75, "2013-06-30": -57, "2013-03-31": "-45.00000", "2012-12-31": -59.173, "2012-09-30": -77.37, "2012-06-30": 1029.98, "2012-03-31": "-15.00000", "2011-12-31": -72.84, "2011-09-30": -30.377, "2011-06-30": -20.779, "2011-03-31": "-67.05400", "2010-12-31": -0.45, "2010-09-30": -26.073, "2010-06-30": -78.938, "2010-03-31": "-2.65900", "2009-12-31": -5.944, "2009-09-30": -10.582, "2009-06-30": -0.622, "2009-03-31": "-0.53100", "2008-12-31": -0.52, "2008-09-30": -25.05}, "Net Common Equity Issued/Repurchased": {"2020-09-30": -145.1, "2020-06-30": 16.8, "2020-03-31": "38.10000", "2019-12-31": 51.2, "2019-09-30": -52.2, "2019-06-30": 21.3, "2019-03-31": "45.10000", "2018-12-31": 10.2, "2018-09-30": 19.5, "2018-06-30": 1425.2, "2018-03-31": "29.10000", "2017-12-31": 13.9, "2017-09-30": 10.4, "2017-06-30": 21.883, "2017-03-31": "14.01700", "2016-12-31": 4.446, "2016-09-30": 15.553, "2016-06-30": 11.572, "2016-03-31": "7.62900", "2015-12-31": 19.474, "2015-09-30": 1.819, "2015-06-30": 721.94, "2015-03-31": "4.66100", "2014-12-31": 8.04, "2014-09-30": -0.104, "2014-06-30": 4.45, "2014-03-31": "0.50100", "2013-12-31": 4.514, "2013-09-30": 8.274, "2013-06-30": 5.155, "2013-03-31": "8.93100", "2012-12-31": 2.029, "2012-09-30": 4.857, "2012-06-30": 3.572, "2012-03-31": "3.89600", "2011-12-31": 1.753, "2011-09-30": 0.844, "2011-06-30": 2.519, "2011-03-31": "55.64200", "2010-12-31": 4.878, "2010-09-30": 0.486, "2010-06-30": 139.054, "2010-03-31": "-0.21600", "2009-12-31": 0.008, "2009-09-30": -0.041, "2009-06-30": -0.061, "2009-03-31": "-0.12300", "2008-12-31": -0.012, "2008-09-30": 0.012}, "Net Total Equity Issued/Repurchased": {"2020-09-30": -145.1, "2020-06-30": 16.8, "2020-03-31": "38.10000", "2019-12-31": 51.2, "2019-09-30": -52.2, "2019-06-30": 21.3, "2019-03-31": "45.10000", "2018-12-31": 10.2, "2018-09-30": 19.5, "2018-06-30": 1425.2, "2018-03-31": "29.10000", "2017-12-31": 13.9, "2017-09-30": 10.4, "2017-06-30": 21.883, "2017-03-31": "14.01700", "2016-12-31": 4.446, "2016-09-30": 15.553, "2016-06-30": 11.572, "2016-03-31": "7.62900", "2015-12-31": 19.474, "2015-09-30": 1.819, "2015-06-30": 721.94, "2015-03-31": "4.66100", "2014-12-31": 8.04, "2014-09-30": -0.104, "2014-06-30": 4.45, "2014-03-31": "0.50100", "2013-12-31": 4.514, "2013-09-30": 8.274, "2013-06-30": 5.155, "2013-03-31": "8.93100", "2012-12-31": 2.029, "2012-09-30": 4.857, "2012-06-30": 3.572, "2012-03-31": "3.89600", "2011-12-31": 1.753, "2011-09-30": 0.844, "2011-06-30": 2.519, "2011-03-31": "55.64200", "2010-12-31": 4.878, "2010-09-30": 0.486, "2010-06-30": 139.054, "2010-03-31": "-0.21600", "2009-12-31": 0.008, "2009-09-30": -0.041, "2009-06-30": -0.061, "2009-03-31": "-0.12300", "2008-12-31": 0.028, "2008-09-30": 0.012}, "Total Common And Preferred Stock Dividends Paid": {"2020-09-30": -35.9, "2020-06-30": -32.1, "2020-03-31": "-31.90000", "2019-12-31": -31.7, "2019-09-30": -25.4, "2019-06-30": -25.4, "2019-03-31": "-25.20000", "2018-12-31": -20.2, "2018-09-30": -19.3, "2018-06-30": -16.9, "2018-03-31": "-14.50000", "2017-12-31": -14.5, "2017-09-30": -14.4, "2017-06-30": -12.785, "2017-03-31": "-12.71500", "2016-12-31": -12.648, "2016-09-30": -12.662, "2016-06-30": -12.437, "2016-03-31": "-12.35300", "2015-12-31": -12.235, "2015-09-30": -12.115, "2015-06-30": -10.562, "2015-03-31": "-10.53900", "2014-12-31": -10.494, "2014-09-30": 0, "2014-06-30": 0, "2014-03-31": "", "2013-12-31": 0, "2013-09-30": 0, "2013-06-30": 0, "2013-03-31": "", "2012-12-31": 0, "2012-09-30": 0, "2012-06-30": 0, "2012-03-31": "", "2011-12-31": 0, "2011-09-30": 0, "2011-06-30": 0, "2011-03-31": "", "2010-12-31": 0, "2010-09-30": 0, "2010-06-30": 0, "2010-03-31": "", "2009-12-31": 0, "2009-09-30": 0, "2009-06-30": 0, "2009-03-31": "", "2008-12-31": 0, "2008-09-30": 0}, "Financial Activities - Other": {"2020-09-30": -2.6, "2020-06-30": -280.7, "2020-03-31": "-674.00000", "2019-12-31": 677.1, "2019-09-30": 6.3, "2019-06-30": 62.7, "2019-03-31": "-93.40000", "2018-12-31": 389.1, "2018-09-30": -183.8, "2018-06-30": 297.7, "2018-03-31": "-2.10000", "2017-12-31": -0.8, "2017-09-30": -1, "2017-06-30": -2.548, "2017-03-31": "-1.95200", "2016-12-31": 0.879, "2016-09-30": 18.498, "2016-06-30": 12.308, "2016-03-31": "6.61500", "2015-12-31": 14.636, "2015-09-30": -39.705, "2015-06-30": 2.226, "2015-03-31": "2.83900", "2014-12-31": 4.219, "2014-09-30": 2.5, "2014-06-30": 5.782, "2014-03-31": "1.94100", "2013-12-31": 12.398, "2013-09-30": 6.855, "2013-06-30": 1.4, "2013-03-31": "1.62400", "2012-12-31": 0.668, "2012-09-30": 1.271, "2012-06-30": -0.744, "2012-03-31": "0.53600", "2011-12-31": 0.045, "2011-09-30": 0.005, "2011-06-30": 3.183, "2011-03-31": "1.70100", "2010-12-31": 1.611, "2010-09-30": -0.13, "2010-06-30": 1.574, "2010-03-31": "2.00900", "2009-12-31": 0, "2009-09-30": 0, "2009-06-30": 0, "2009-03-31": "", "2008-12-31": 0, "2008-09-30": 0}, "Cash Flow From Financial Activities": {"2020-09-30": -256.6, "2020-06-30": -703.4, "2020-03-31": "-517.70000", "2019-12-31": 201.9, "2019-09-30": -285.5, "2019-06-30": -217.9, "2019-03-31": "-211.90000", "2018-12-31": 1964.5, "2018-09-30": -416.9, "2018-06-30": 6018.2, "2018-03-31": "-48.80000", "2017-12-31": -176.1, "2017-09-30": -89.4, "2017-06-30": -141.65, "2017-03-31": "-60.85000", "2016-12-31": -2.273, "2016-09-30": -91.836, "2016-06-30": -114.057, "2016-03-31": "-27.93400", "2015-12-31": -58.125, "2015-09-30": 2368.626, "2015-06-30": 583.604, "2015-03-31": "-47.03900", "2014-12-31": 38.765, "2014-09-30": -64.604, "2014-06-30": -51.768, "2014-03-31": "-42.55800", "2013-12-31": -45.088, "2013-09-30": -59.871, "2013-06-30": -50.445, "2013-03-31": "-34.44500", "2012-12-31": -56.476, "2012-09-30": -71.242, "2012-06-30": 1032.808, "2012-03-31": "-10.56800", "2011-12-31": -71.042, "2011-09-30": -29.528, "2011-06-30": -15.077, "2011-03-31": "-9.71100", "2010-12-31": 6.039, "2010-09-30": -25.717, "2010-06-30": 61.69, "2010-03-31": "-0.86600", "2009-12-31": -5.936, "2009-09-30": -10.623, "2009-06-30": -0.683, "2009-03-31": "-0.65400", "2008-12-31": -0.492, "2008-09-30": -25.038}, "Net Cash Flow": {"2020-09-30": -81.6, "2020-06-30": -388.5, "2020-03-31": "-450.40000", "2019-12-31": 678.5, "2019-09-30": 37.1, "2019-06-30": 50.4, "2019-03-31": "-89.90000", "2018-12-31": -159.7, "2018-09-30": -230.1, "2018-06-30": 1428.4, "2018-03-31": "10.00000", "2017-12-31": -39.3, "2017-09-30": 11.7, "2017-06-30": -18.639, "2017-03-31": "-8.76100", "2016-12-31": 15.761, "2016-09-30": 5.876, "2016-06-30": -6.604, "2016-03-31": "-332.33300", "2015-12-31": -68.31, "2015-09-30": -225.998, "2015-06-30": 641.478, "2015-03-31": "-21.24700", "2014-12-31": 34.497, "2014-09-30": 1.56, "2014-06-30": -4.851, "2014-03-31": "-6.09900", "2013-12-31": 2.895, "2013-09-30": 20.989, "2013-06-30": -8.252, "2013-03-31": "-17.32200", "2012-12-31": 5.905, "2012-09-30": -54.217, "2012-06-30": 92.528, "2012-03-31": "1.62600", "2011-12-31": -35.857, "2011-09-30": -6.467, "2011-06-30": 11.807, "2011-03-31": "-14.00800", "2010-12-31": -2.132, "2010-09-30": -1.911, "2010-06-30": 67.697, "2010-03-31": "2.13400", "2009-12-31": -33.406, "2009-09-30": 13.394, "2009-06-30": 3.53, "2009-03-31": "6.23800", "2008-12-31": -1.035, "2008-09-30": 11.155}, "Stock-Based Compensation": {"2020-09-30": 21.3, "2020-06-30": 22.1, "2020-03-31": "22.50000", "2019-12-31": 16.7, "2019-09-30": 17.1, "2019-06-30": 18.2, "2019-03-31": "20.40000", "2018-12-31": 20.8, "2018-09-30": 18.4, "2018-06-30": 45, "2018-03-31": "12.70000", "2017-12-31": 9.9, "2017-09-30": 10.3, "2017-06-30": 10.4, "2017-03-31": "10.90000", "2016-12-31": 10.098, "2016-09-30": 12.489, "2016-06-30": 12.566, "2016-03-31": "15.34700", "2015-12-31": 12.644, "2015-09-30": 23.121, "2015-06-30": 4.208, "2015-03-31": "4.10600", "2014-12-31": 2.929, "2014-09-30": 2.784, "2014-06-30": 2.795, "2014-03-31": "2.97500", "2013-12-31": 2.376, "2013-09-30": 1.975, "2013-06-30": 1.929, "2013-03-31": "2.10600", "2012-12-31": 1.792, "2012-09-30": 1.386, "2012-06-30": 1.183, "2012-03-31": "1.22900", "2011-12-31": 4.278, "2011-09-30": 3.78, "2011-06-30": 3.638, "2011-03-31": "1.79700", "2010-12-31": 4.073, "2010-09-30": 3.949, "2010-06-30": 3.882, "2010-03-31": "1.35000", "2009-12-31": 1.244, "2009-09-30": 1.569, "2009-06-30": 1.525, "2009-03-31": "1.26900", "2008-12-31": -5.405, "2008-09-30": 5.405}, "Common Stock Dividends Paid": {"2020-09-30": -35.9, "2020-06-30": -32.1, "2020-03-31": "-31.90000", "2019-12-31": -31.7, "2019-09-30": -25.4, "2019-06-30": -25.4, "2019-03-31": "-25.20000", "2018-12-31": -20.2, "2018-09-30": -19.3, "2018-06-30": -16.9, "2018-03-31": "-14.50000", "2017-12-31": -14.5, "2017-09-30": -14.4, "2017-06-30": -12.785, "2017-03-31": "-12.71500", "2016-12-31": -12.648, "2016-09-30": -12.662, "2016-06-30": -12.437, "2016-03-31": "-12.35300", "2015-12-31": -12.235, "2015-09-30": -12.115, "2015-06-30": -10.562, "2015-03-31": "-10.53900", "2014-12-31": -10.494, "2014-09-30": 0, "2014-06-30": 0, "2014-03-31": "", "2013-12-31": 0, "2013-09-30": 0, "2013-06-30": 0, "2013-03-31": "", "2012-12-31": 0, "2012-09-30": 0, "2012-06-30": 0, "2012-03-31": "", "2011-12-31": 0, "2011-09-30": 0, "2011-06-30": 0, "2011-03-31": "", "2010-12-31": 0, "2010-09-30": 0, "2010-06-30": 0, "2010-03-31": "", "2009-12-31": 0, "2009-09-30": 0, "2009-06-30": 0, "2009-03-31": "", "2008-12-31": 0, "2008-09-30": 0}}, "financial ratios": {"Current Ratio": {"2019-12-31": "1.00350", "2018-12-31": "1.06570", "2017-12-31": "0.81020", "2016-12-31": "0.74040", "2015-12-31": "1.62000", "2014-12-31": "1.22740", "2013-12-31": "1.32440", "2012-12-31": "1.29120", "2011-12-31": "1.13100", "2010-12-31": "1.82900", "2009-12-31": "0.82580", "2008-12-31": ""}, "Long-term Debt / Capital": {"2019-12-31": "0.58040", "2018-12-31": "0.64070", "2017-12-31": "0.42770", "2016-12-31": "0.51260", "2015-12-31": "0.56360", "2014-12-31": "0.30800", "2013-12-31": "0.37890", "2012-12-31": "0.47930", "2011-12-31": "0.09260", "2010-12-31": "0.25220", "2009-12-31": "0.37820", "2008-12-31": ""}, "Debt/Equity Ratio": {"2019-12-31": "1.39840", "2018-12-31": "1.80260", "2017-12-31": "0.76130", "2016-12-31": "1.10740", "2015-12-31": "1.30680", "2014-12-31": "0.46020", "2013-12-31": "0.62880", "2012-12-31": "0.94110", "2011-12-31": "0.10200", "2010-12-31": "0.33920", "2009-12-31": "0.61500", "2008-12-31": ""}, "Gross Margin": {"2019-12-31": "43.62710", "2018-12-31": "40.04560", "2017-12-31": "47.09010", "2016-12-31": "45.96330", "2015-12-31": "46.78020", "2014-12-31": "46.50970", "2013-12-31": "45.44700", "2012-12-31": "45.65170", "2011-12-31": "50.30360", "2010-12-31": "49.55020", "2009-12-31": "49.15750", "2008-12-31": "49.13220"}, "Operating Margin": {"2019-12-31": "19.73710", "2018-12-31": "12.54280", "2017-12-31": "23.69130", "2016-12-31": "19.48160", "2015-12-31": "16.46910", "2014-12-31": "26.09480", "2013-12-31": "25.67240", "2012-12-31": "22.32810", "2011-12-31": "25.28860", "2010-12-31": "24.27450", "2009-12-31": "24.76900", "2008-12-31": "23.24340"}, "EBIT Margin": {"2019-12-31": "19.73710", "2018-12-31": "12.54280", "2017-12-31": "23.69130", "2016-12-31": "19.48160", "2015-12-31": "16.46910", "2014-12-31": "26.09480", "2013-12-31": "25.67240", "2012-12-31": "22.32810", "2011-12-31": "25.28860", "2010-12-31": "24.27450", "2009-12-31": "24.76900", "2008-12-31": "23.24340"}, "EBITDA Margin": {"2019-12-31": "37.08260", "2018-12-31": "28.09620", "2017-12-31": "38.47670", "2016-12-31": "35.64200", "2015-12-31": "32.36060", "2014-12-31": "39.85640", "2013-12-31": "40.49070", "2012-12-31": "37.73640", "2011-12-31": "37.88440", "2010-12-31": "37.68870", "2009-12-31": "38.91890", "2008-12-31": "36.58810"}, "Pre-Tax Profit Margin": {"2019-12-31": "11.47660", "2018-12-31": "3.65670", "2017-12-31": "16.87460", "2016-12-31": "11.04360", "2015-12-31": "6.08250", "2014-12-31": "23.13620", "2013-12-31": "20.37140", "2012-12-31": "12.77270", "2011-12-31": "19.93890", "2010-12-31": "13.51360", "2009-12-31": "10.63880", "2008-12-31": "9.26660"}, "Net Profit Margin": {"2019-12-31": "9.46490", "2018-12-31": "3.01660", "2017-12-31": "19.63230", "2016-12-31": "8.84300", "2015-12-31": "4.28500", "2014-12-31": "17.07690", "2013-12-31": "16.54200", "2012-12-31": "8.30310", "2011-12-31": "13.75870", "2010-12-31": "9.85480", "2009-12-31": "7.01990", "2008-12-31": "6.71450"}, "Asset Turnover": {"2019-12-31": "0.27670", "2018-12-31": "0.21240", "2017-12-31": "0.30240", "2016-12-31": "0.25960", "2015-12-31": "0.17240", "2014-12-31": "0.33880", "2013-12-31": "0.31320", "2012-12-31": "0.23350", "2011-12-31": "0.30710", "2010-12-31": "0.25780", "2009-12-31": "0.22850", "2008-12-31": ""}, "Inventory Turnover Ratio": {"2019-12-31": "", "2018-12-31": "", "2017-12-31": "", "2016-12-31": "", "2015-12-31": "", "2014-12-31": "", "2013-12-31": "", "2012-12-31": "", "2011-12-31": "", "2010-12-31": "", "2009-12-31": "", "2008-12-31": ""}, "Receiveable Turnover": {"2019-12-31": "1.93070", "2018-12-31": "2.01670", "2017-12-31": "6.54410", "2016-12-31": "5.60460", "2015-12-31": "4.75020", "2014-12-31": "7.22920", "2013-12-31": "6.41190", "2012-12-31": "5.44540", "2011-12-31": "7.72740", "2010-12-31": "6.88470", "2009-12-31": "6.40930", "2008-12-31": ""}, "Days Sales In Receivables": {"2019-12-31": "189.05090", "2018-12-31": "180.99030", "2017-12-31": "55.77510", "2016-12-31": "65.12520", "2015-12-31": "76.83910", "2014-12-31": "50.48940", "2013-12-31": "56.92540", "2012-12-31": "67.02910", "2011-12-31": "47.23480", "2010-12-31": "53.01580", "2009-12-31": "56.94840", "2008-12-31": ""}, "ROE - Return On Equity": {"2019-12-31": "8.57100", "2018-12-31": "2.25330", "2017-12-31": "12.24320", "2016-12-31": "5.80010", "2015-12-31": "2.03580", "2014-12-31": "9.73710", "2013-12-31": "9.57170", "2012-12-31": "4.26030", "2011-12-31": "5.20570", "2010-12-31": "3.78130", "2009-12-31": "2.94400", "2008-12-31": ""}, "Return On Tangible Equity": {"2019-12-31": "-5.82810", "2018-12-31": "-1.21920", "2017-12-31": "-13.75920", "2016-12-31": "-4.44000", "2015-12-31": "-1.45180", "2014-12-31": "-20.85020", "2013-12-31": "-15.31770", "2012-12-31": "-4.47470", "2011-12-31": "-43.78320", "2010-12-31": "-12.25000", "2009-12-31": "-4.17200", "2008-12-31": ""}, "ROA - Return On Assets": {"2019-12-31": "2.61930", "2018-12-31": "0.64070", "2017-12-31": "5.93740", "2016-12-31": "2.29540", "2015-12-31": "0.73870", "2014-12-31": "5.78630", "2013-12-31": "5.18150", "2012-12-31": "1.93910", "2011-12-31": "4.22500", "2010-12-31": "2.54070", "2009-12-31": "1.60400", "2008-12-31": ""}, "ROI - Return On Investment": {"2019-12-31": "3.59610", "2018-12-31": "0.80950", "2017-12-31": "7.00730", "2016-12-31": "2.82720", "2015-12-31": "0.88840", "2014-12-31": "6.73850", "2013-12-31": "5.94530", "2012-12-31": "2.21850", "2011-12-31": "4.72370", "2010-12-31": "2.82770", "2009-12-31": "1.83050", "2008-12-31": ""}, "Book Value Per Share": {"2019-12-31": "20.09470", "2018-12-31": "18.26160", "2017-12-31": "13.00920", "2016-12-31": "11.12360", "2015-12-31": "10.83960", "2014-12-31": "7.99820", "2013-12-31": "7.44950", "2012-12-31": "6.79990", "2011-12-31": "6.30990", "2010-12-31": "5.88790", "2009-12-31": "5.34760", "2008-12-31": ""}, "Operating Cash Flow Per Share": {"2019-12-31": 2.401, "2018-12-31": 0.3969, "2017-12-31": 0.1967, "2016-12-31": 0.8249, "2015-12-31": -0.2377, "2014-12-31": 0.2295, "2013-12-31": 0.4054, "2012-12-31": 0.1269, "2011-12-31": 0.167, "2010-12-31": 0.0469, "2009-12-31": -0.0138, "2008-12-31": 0.4839}, "Free Cash Flow Per Share": {"2019-12-31": 2.2567, "2018-12-31": 0.288, "2017-12-31": 0.162, "2016-12-31": 0.736, "2015-12-31": -0.225, "2014-12-31": 0.2067, "2013-12-31": 0.4303, "2012-12-31": 0.0661, "2011-12-31": 0.1562, "2010-12-31": 0.0313, "2009-12-31": 0.0182, "2008-12-31": 0.431}}, "financial ratios, quarterly": {"Current Ratio": {"2020-09-30": "1.04760", "2020-06-30": "1.07990", "2020-03-31": "1.05770", "2019-12-31": "1.00350", "2019-09-30": "1.08210", "2019-06-30": "1.09440", "2019-03-31": "1.12200", "2018-12-31": "1.06570", "2018-09-30": "1.57630", "2018-06-30": "1.52610", "2018-03-31": "1.03020", "2017-12-31": "0.81020", "2017-09-30": "0.95810", "2017-06-30": "0.89380", "2017-03-31": "0.85240", "2016-12-31": "0.74040", "2016-09-30": "0.99540", "2016-06-30": "0.98910", "2016-03-31": "1.08540", "2015-12-31": "1.62000", "2015-09-30": "2.14270", "2015-06-30": "5.62560", "2015-03-31": "1.30450", "2014-12-31": "1.22740", "2014-09-30": "1.35020", "2014-06-30": "1.40500", "2014-03-31": "1.43580", "2013-12-31": "1.32440", "2013-09-30": "1.34540", "2013-06-30": "1.47600", "2013-03-31": "1.55230", "2012-12-31": "1.29120", "2012-09-30": "1.47810", "2012-06-30": "1.41210", "2012-03-31": "1.30540", "2011-12-31": "1.13100", "2011-09-30": "1.74360", "2011-06-30": "1.88450", "2011-03-31": "1.72580", "2010-12-31": "1.82900", "2010-09-30": "1.95460", "2010-06-30": "2.02150", "2010-03-31": "0.95330", "2009-12-31": "0.82580", "2009-09-30": "1.28070", "2009-06-30": "", "2009-03-31": "", "2008-12-31": "", "2008-09-30": ""}, "Long-term Debt / Capital": {"2020-09-30": "0.55690", "2020-06-30": "0.56250", "2020-03-31": "0.57860", "2019-12-31": "0.58040", "2019-09-30": "0.61120", "2019-06-30": "0.61620", "2019-03-31": "0.62910", "2018-12-31": "0.64070", "2018-09-30": "0.61040", "2018-06-30": "0.61930", "2018-03-31": "0.40910", "2017-12-31": "0.42770", "2017-09-30": "0.46480", "2017-06-30": "0.48330", "2017-03-31": "0.50160", "2016-12-31": "0.51260", "2016-09-30": "0.52510", "2016-06-30": "0.54280", "2016-03-31": "0.55720", "2015-12-31": "0.56360", "2015-09-30": "0.57400", "2015-06-30": "0.17470", "2015-03-31": "0.30100", "2014-12-31": "0.30800", "2014-09-30": "0.30390", "2014-06-30": "0.32900", "2014-03-31": "0.35970", "2013-12-31": "0.37890", "2013-09-30": "0.40510", "2013-06-30": "0.44390", "2013-03-31": "0.46390", "2012-12-31": "0.47930", "2012-09-30": "0.49770", "2012-06-30": "0.52000", "2012-03-31": "0.07760", "2011-12-31": "0.09260", "2011-09-30": "0.15240", "2011-06-30": "0.17420", "2011-03-31": "0.19260", "2010-12-31": "0.25220", "2010-09-30": "0.25840", "2010-06-30": "0.28020", "2010-03-31": "0.37130", "2009-12-31": "0.37820", "2009-09-30": "0.38670", "2009-06-30": "", "2009-03-31": "", "2008-12-31": "", "2008-09-30": ""}, "Debt/Equity Ratio": {"2020-09-30": "1.27140", "2020-06-30": "1.29900", "2020-03-31": "1.43610", "2019-12-31": "1.39840", "2019-09-30": "1.58460", "2019-06-30": "1.61860", "2019-03-31": "1.71460", "2018-12-31": "1.80260", "2018-09-30": "1.58330", "2018-06-30": "1.64390", "2018-03-31": "0.70550", "2017-12-31": "0.76130", "2017-09-30": "0.88420", "2017-06-30": "0.95070", "2017-03-31": "1.04960", "2016-12-31": "1.10740", "2016-09-30": "1.11910", "2016-06-30": "1.20160", "2016-03-31": "1.27350", "2015-12-31": "1.30680", "2015-09-30": "1.36320", "2015-06-30": "0.21990", "2015-03-31": "0.44500", "2014-12-31": "0.46020", "2014-09-30": "0.45290", "2014-06-30": "0.50850", "2014-03-31": "0.58030", "2013-12-31": "0.62880", "2013-09-30": "0.69910", "2013-06-30": "0.81650", "2013-03-31": "0.88500", "2012-12-31": "0.94110", "2012-09-30": "1.01310", "2012-06-30": "1.13890", "2012-03-31": "0.08410", "2011-12-31": "0.10200", "2011-09-30": "0.18110", "2011-06-30": "0.21250", "2011-03-31": "0.24040", "2010-12-31": "0.33920", "2010-09-30": "0.35050", "2010-06-30": "0.39180", "2010-03-31": "0.59390", "2009-12-31": "0.61500", "2009-09-30": "0.63410", "2009-06-30": "", "2009-03-31": "", "2008-12-31": "", "2008-09-30": ""}, "Gross Margin": {"2020-09-30": "45.44590", "2020-06-30": "44.92580", "2020-03-31": "43.28560", "2019-12-31": "45.32610", "2019-09-30": "43.82980", "2019-06-30": "43.45820", "2019-03-31": "41.79560", "2018-12-31": "42.57430", "2018-09-30": "41.54580", "2018-06-30": "32.63010", "2018-03-31": "45.60320", "2017-12-31": "48.57650", "2017-09-30": "47.44140", "2017-06-30": "45.57180", "2017-03-31": "46.66190", "2016-12-31": "48.78620", "2016-09-30": "45.72790", "2016-06-30": "43.58300", "2016-03-31": "45.48990", "2015-12-31": "47.26410", "2015-09-30": "45.93550", "2015-06-30": "48.53410", "2015-03-31": "45.41180", "2014-12-31": "47.38430", "2014-09-30": "47.36030", "2014-06-30": "45.82880", "2014-03-31": "45.37480", "2013-12-31": "46.08710", "2013-09-30": "46.41100", "2013-06-30": "45.47360", "2013-03-31": "43.74660", "2012-12-31": "43.97430", "2012-09-30": "43.38190", "2012-06-30": "47.78650", "2012-03-31": "49.98450", "2011-12-31": "50.17820", "2011-09-30": "50.72360", "2011-06-30": "50.28810", "2011-03-31": "50.00960", "2010-12-31": "49.49140", "2010-09-30": "48.99340", "2010-06-30": "49.83950", "2010-03-31": "49.90410", "2009-12-31": "50.24840", "2009-09-30": "49.48840", "2009-06-30": "48.66840", "2009-03-31": "48.09960", "2008-12-31": "", "2008-09-30": "49.31270"}, "Operating Margin": {"2020-09-30": "22.29360", "2020-06-30": "21.20200", "2020-03-31": "18.64350", "2019-12-31": "21.71170", "2019-09-30": "19.89160", "2019-06-30": "19.46870", "2019-03-31": "17.76290", "2018-12-31": "19.10890", "2018-09-30": "18.19830", "2018-06-30": "-5.65970", "2018-03-31": "20.59730", "2017-12-31": "25.86290", "2017-09-30": "24.84460", "2017-06-30": "21.87350", "2017-03-31": "22.00570", "2016-12-31": "23.75130", "2016-09-30": "20.06320", "2016-06-30": "17.70060", "2016-03-31": "15.56280", "2015-12-31": "16.05320", "2015-09-30": "5.32300", "2015-06-30": "27.42470", "2015-03-31": "20.96530", "2014-12-31": "26.69990", "2014-09-30": "28.22620", "2014-06-30": "24.05070", "2014-03-31": "25.30810", "2013-12-31": "26.19740", "2013-09-30": "26.66440", "2013-06-30": "25.52280", "2013-03-31": "24.24460", "2012-12-31": "24.90410", "2012-09-30": "22.49610", "2012-06-30": "17.48120", "2012-03-31": "23.56130", "2011-12-31": "24.75050", "2011-09-30": "25.53990", "2011-06-30": "24.93930", "2011-03-31": "25.96090", "2010-12-31": "24.43970", "2010-09-30": "23.59550", "2010-06-30": "24.24590", "2010-03-31": "24.84330", "2009-12-31": "26.92940", "2009-09-30": "25.63680", "2009-06-30": "23.54610", "2009-03-31": "22.71270", "2008-12-31": "", "2008-09-30": "22.98900"}, "EBIT Margin": {"2020-09-30": "22.29360", "2020-06-30": "21.20200", "2020-03-31": "18.64350", "2019-12-31": "21.71170", "2019-09-30": "19.89160", "2019-06-30": "19.46870", "2019-03-31": "17.76290", "2018-12-31": "19.10890", "2018-09-30": "18.19830", "2018-06-30": "-5.65970", "2018-03-31": "20.59730", "2017-12-31": "25.86290", "2017-09-30": "24.84460", "2017-06-30": "21.87350", "2017-03-31": "22.00570", "2016-12-31": "23.75130", "2016-09-30": "20.06320", "2016-06-30": "17.70060", "2016-03-31": "15.56280", "2015-12-31": "16.05310", "2015-09-30": "5.32300", "2015-06-30": "27.42470", "2015-03-31": "20.96530", "2014-12-31": "26.69990", "2014-09-30": "28.22620", "2014-06-30": "24.05070", "2014-03-31": "25.30810", "2013-12-31": "26.19740", "2013-09-30": "26.66440", "2013-06-30": "25.52280", "2013-03-31": "24.24460", "2012-12-31": "24.90410", "2012-09-30": "22.49610", "2012-06-30": "17.48120", "2012-03-31": "23.56130", "2011-12-31": "24.75050", "2011-09-30": "25.53990", "2011-06-30": "24.93930", "2011-03-31": "25.96090", "2010-12-31": "24.43970", "2010-09-30": "23.59550", "2010-06-30": "24.24590", "2010-03-31": "24.84330", "2009-12-31": "26.92940", "2009-09-30": "25.63680", "2009-06-30": "23.54610", "2009-03-31": "22.71270", "2008-12-31": "", "2008-09-30": "22.98900"}, "EBITDA Margin": {"2020-09-30": "", "2020-06-30": "", "2020-03-31": "", "2019-12-31": "", "2019-09-30": "", "2019-06-30": "", "2019-03-31": "", "2018-12-31": "", "2018-09-30": "", "2018-06-30": "", "2018-03-31": "", "2017-12-31": "", "2017-09-30": "", "2017-06-30": "", "2017-03-31": "", "2016-12-31": "", "2016-09-30": "", "2016-06-30": "", "2016-03-31": "", "2015-12-31": "", "2015-09-30": "", "2015-06-30": "", "2015-03-31": "", "2014-12-31": "", "2014-09-30": "", "2014-06-30": "", "2014-03-31": "", "2013-12-31": "", "2013-09-30": "", "2013-06-30": "", "2013-03-31": "", "2012-12-31": "", "2012-09-30": "", "2012-06-30": "", "2012-03-31": "", "2011-12-31": "", "2011-09-30": "", "2011-06-30": "", "2011-03-31": "", "2010-12-31": "", "2010-09-30": "", "2010-06-30": "", "2010-03-31": "", "2009-12-31": "", "2009-09-30": "", "2009-06-30": "", "2009-03-31": "", "2008-12-31": "", "2008-09-30": ""}, "Pre-Tax Profit Margin": {"2020-09-30": "18.91050", "2020-06-30": "17.48530", "2020-03-31": "10.56580", "2019-12-31": "13.36930", "2019-09-30": "10.37410", "2019-06-30": "13.52790", "2019-03-31": "8.51210", "2018-12-31": "9.79300", "2018-09-30": "11.88030", "2018-06-30": "-18.26300", "2018-03-31": "14.69540", "2017-12-31": "19.82200", "2017-09-30": "17.95790", "2017-06-30": "15.18250", "2017-03-31": "14.29980", "2016-12-31": "16.70770", "2016-09-30": "12.49920", "2016-06-30": "8.89980", "2016-03-31": "4.78450", "2015-12-31": "4.38870", "2015-09-30": "-14.65220", "2015-06-30": "24.80070", "2015-03-31": "17.51090", "2014-12-31": "24.82330", "2014-09-30": "25.86940", "2014-06-30": "20.53870", "2014-03-31": "21.11890", "2013-12-31": "22.43780", "2013-09-30": "21.56930", "2013-06-30": "20.21790", "2013-03-31": "17.10970", "2012-12-31": "17.10750", "2012-09-30": "13.11350", "2012-06-30": "-5.17750", "2012-03-31": "27.37980", "2011-12-31": "19.19010", "2011-09-30": "22.50040", "2011-06-30": "21.28470", "2011-03-31": "16.64140", "2010-12-31": "16.60320", "2010-09-30": "16.25850", "2010-06-30": "7.79980", "2010-03-31": "13.16170", "2009-12-31": "13.93200", "2009-09-30": "11.87570", "2009-06-30": "7.52700", "2009-03-31": "8.91370", "2008-12-31": "", "2008-09-30": "8.41720"}, "Net Profit Margin": {"2020-09-30": "13.82720", "2020-06-30": "14.89320", "2020-03-31": "8.45260", "2019-12-31": "11.76570", "2019-09-30": "8.30270", "2019-06-30": "10.54880", "2019-03-31": "7.10520", "2018-12-31": "5.27450", "2018-09-30": "5.74370", "2018-06-30": "-7.11100", "2018-03-31": "12.15930", "2017-12-31": "37.74010", "2017-09-30": "15.35150", "2017-06-30": "12.43310", "2017-03-31": "11.80950", "2016-12-31": "14.22520", "2016-09-30": "10.10870", "2016-06-30": "7.56440", "2016-03-31": "2.16120", "2015-12-31": "4.02080", "2015-09-30": "-12.32140", "2015-06-30": "18.39000", "2015-03-31": "12.75720", "2014-12-31": "18.23690", "2014-09-30": "21.19800", "2014-06-30": "14.43660", "2014-03-31": "14.23390", "2013-12-31": "14.72750", "2013-09-30": "24.21440", "2013-06-30": "14.71850", "2013-03-31": "12.37110", "2012-12-31": "9.36330", "2012-09-30": "10.63950", "2012-06-30": "-4.76620", "2012-03-31": "19.09050", "2011-12-31": "13.85650", "2011-09-30": "15.79570", "2011-06-30": "14.19130", "2011-03-31": "11.04860", "2010-12-31": "10.65610", "2010-09-30": "11.87190", "2010-06-30": "5.34440", "2010-03-31": "11.53960", "2009-12-31": "8.47630", "2009-09-30": "8.13820", "2009-06-30": "5.19100", "2009-03-31": "6.11720", "2008-12-31": "", "2008-09-30": "5.82400"}, "Asset Turnover": {"2020-09-30": "0.07450", "2020-06-30": "0.07310", "2020-03-31": "0.07350", "2019-12-31": "0.07190", "2019-09-30": "0.07180", "2019-06-30": "0.07110", "2019-03-31": "0.07000", "2018-12-31": "0.06900", "2018-09-30": "0.07470", "2018-06-30": "0.06550", "2018-03-31": "0.07600", "2017-12-31": "0.07910", "2017-09-30": "0.07470", "2017-06-30": "0.07320", "2017-03-31": "0.07200", "2016-12-31": "0.07020", "2016-09-30": "0.06820", "2016-06-30": "0.06560", "2016-03-31": "0.05600", "2015-12-31": "0.05190", "2015-09-30": "0.04860", "2015-06-30": "0.07500", "2015-03-31": "0.09320", "2014-12-31": "0.08860", "2014-09-30": "0.08880", "2014-06-30": "0.08490", "2014-03-31": "0.08340", "2013-12-31": "0.08020", "2013-09-30": "0.07830", "2013-06-30": "0.07770", "2013-03-31": "0.07510", "2012-12-31": "0.07270", "2012-09-30": "0.06950", "2012-06-30": "0.04960", "2012-03-31": "0.07700", "2011-12-31": "0.07920", "2011-09-30": "0.07550", "2011-06-30": "0.07140", "2011-03-31": "0.06910", "2010-12-31": "0.06750", "2010-09-30": "0.06660", "2010-06-30": "0.06540", "2010-03-31": "0.06490", "2009-12-31": "0.05990", "2009-09-30": "0.05910", "2009-06-30": "", "2009-03-31": "", "2008-12-31": "", "2008-09-30": ""}, "Inventory Turnover Ratio": {"2020-09-30": "", "2020-06-30": "", "2020-03-31": "", "2019-12-31": "", "2019-09-30": "", "2019-06-30": "", "2019-03-31": "", "2018-12-31": "", "2018-09-30": "", "2018-06-30": "", "2018-03-31": "", "2017-12-31": "", "2017-09-30": "", "2017-06-30": "", "2017-03-31": "", "2016-12-31": "", "2016-09-30": "", "2016-06-30": "", "2016-03-31": "", "2015-12-31": "", "2015-09-30": "", "2015-06-30": "", "2015-03-31": "", "2014-12-31": "", "2014-09-30": "", "2014-06-30": "", "2014-03-31": "", "2013-12-31": "", "2013-09-30": "", "2013-06-30": "", "2013-03-31": "", "2012-12-31": "", "2012-09-30": "", "2012-06-30": "", "2012-03-31": "", "2011-12-31": "", "2011-09-30": "", "2011-06-30": "", "2011-03-31": "", "2010-12-31": "", "2010-09-30": "", "2010-06-30": "", "2010-03-31": "", "2009-12-31": "", "2009-09-30": "", "2009-06-30": "", "2009-03-31": "", "2008-12-31": "", "2008-09-30": ""}, "Receiveable Turnover": {"2020-09-30": "0.80650", "2020-06-30": "0.77810", "2020-03-31": "0.66690", "2019-12-31": "0.50150", "2019-09-30": "0.67290", "2019-06-30": "0.67470", "2019-03-31": "0.68750", "2018-12-31": "0.65490", "2018-09-30": "0.79180", "2018-06-30": "0.62050", "2018-03-31": "1.59760", "2017-12-31": "1.71250", "2017-09-30": "1.65620", "2017-06-30": "1.61910", "2017-03-31": "1.54890", "2016-12-31": "1.51670", "2016-09-30": "1.38240", "2016-06-30": "1.33840", "2016-03-31": "1.08190", "2015-12-31": "1.42890", "2015-09-30": "1.53530", "2015-06-30": "2.13150", "2015-03-31": "1.77800", "2014-12-31": "1.88980", "2014-09-30": "1.83450", "2014-06-30": "1.84650", "2014-03-31": "1.85690", "2013-12-31": "1.64210", "2013-09-30": "1.64570", "2013-06-30": "1.48990", "2013-03-31": "1.50300", "2012-12-31": "1.69480", "2012-09-30": "1.51880", "2012-06-30": "1.13300", "2012-03-31": "1.74830", "2011-12-31": "1.99410", "2011-09-30": "1.81810", "2011-06-30": "1.72400", "2011-03-31": "1.52240", "2010-12-31": "1.80250", "2010-09-30": "1.62380", "2010-06-30": "1.55050", "2010-03-31": "1.53570", "2009-12-31": "1.68080", "2009-09-30": "1.83100", "2009-06-30": "", "2009-03-31": "", "2008-12-31": "", "2008-09-30": ""}, "Days Sales In Receivables": {"2020-09-30": "111.58660", "2020-06-30": "115.66120", "2020-03-31": "134.94630", "2019-12-31": "179.44660", "2019-09-30": "133.74930", "2019-06-30": "133.38500", "2019-03-31": "130.90840", "2018-12-31": "137.42210", "2018-09-30": "113.66990", "2018-06-30": "145.03680", "2018-03-31": "56.33290", "2017-12-31": "52.55460", "2017-09-30": "54.34200", "2017-06-30": "55.58610", "2017-03-31": "58.10760", "2016-12-31": "59.34000", "2016-09-30": "65.10340", "2016-06-30": "67.24410", "2016-03-31": "83.18890", "2015-12-31": "62.98700", "2015-09-30": "58.62170", "2015-06-30": "42.22470", "2015-03-31": "50.61980", "2014-12-31": "47.62310", "2014-09-30": "49.05890", "2014-06-30": "48.74220", "2014-03-31": "48.46860", "2013-12-31": "54.80860", "2013-09-30": "54.68740", "2013-06-30": "60.40840", "2013-03-31": "59.87910", "2012-12-31": "53.10290", "2012-09-30": "59.25930", "2012-06-30": "79.43310", "2012-03-31": "51.47990", "2011-12-31": "45.13310", "2011-09-30": "49.50130", "2011-06-30": "52.20420", "2011-03-31": "59.11730", "2010-12-31": "49.93110", "2010-09-30": "55.42500", "2010-06-30": "58.04600", "2010-03-31": "58.60700", "2009-12-31": "53.54650", "2009-09-30": "49.15340", "2009-06-30": "", "2009-03-31": "", "2008-12-31": "", "2008-09-30": ""}, "ROE - Return On Equity": {"2020-09-30": "2.96100", "2020-06-30": "3.18980", "2020-03-31": "1.94980", "2019-12-31": "2.76770", "2019-09-30": "1.97230", "2019-06-30": "2.49920", "2019-03-31": "1.70700", "2018-12-31": "1.27950", "2018-09-30": "1.34980", "2018-06-30": "-1.51530", "2018-03-31": "1.82180", "2017-12-31": "6.15890", "2017-09-30": "2.56020", "2017-06-30": "2.11320", "2017-03-31": "2.06720", "2016-12-31": "2.52490", "2016-09-30": "1.74130", "2016-06-30": "1.30390", "2016-03-31": "0.32750", "2015-12-31": "0.57460", "2015-09-30": "-1.66780", "2015-06-30": "1.84780", "2015-03-31": "1.96190", "2014-12-31": "2.71830", "2014-09-30": "3.07410", "2014-06-30": "2.07350", "2014-03-31": "2.10280", "2013-12-31": "2.18240", "2013-09-30": "3.63410", "2013-06-30": "2.34130", "2013-03-31": "1.96020", "2012-12-31": "1.49530", "2012-09-30": "1.66660", "2012-06-30": "-0.57190", "2012-03-31": "1.76980", "2011-12-31": "1.35290", "2011-09-30": "1.56250", "2011-06-30": "1.35900", "2011-03-31": "1.05270", "2010-12-31": "1.07050", "2010-09-30": "1.18940", "2010-06-30": "0.54190", "2010-03-31": "1.35230", "2009-12-31": "0.93220", "2009-09-30": "0.88320", "2009-06-30": "", "2009-03-31": "", "2008-12-31": "", "2008-09-30": ""}, "Return On Tangible Equity": {"2020-09-30": "-2.27590", "2020-06-30": "-2.39870", "2020-03-31": "-1.36390", "2019-12-31": "-1.88200", "2019-09-30": "-1.22670", "2019-06-30": "-1.52730", "2019-03-31": "-0.98770", "2018-12-31": "-0.69230", "2018-09-30": "-0.97280", "2018-06-30": "1.05750", "2018-03-31": "-2.30940", "2017-12-31": "-6.92160", "2017-09-30": "-2.47290", "2017-06-30": "-1.87990", "2017-03-31": "-1.69630", "2016-12-31": "-1.93280", "2016-09-30": "-1.33140", "2016-06-30": "-0.92730", "2016-03-31": "-0.22280", "2015-12-31": "-0.40980", "2015-09-30": "1.19140", "2015-06-30": "21.48540", "2015-03-31": "-4.41080", "2014-12-31": "-5.82080", "2014-09-30": "-6.94460", "2014-06-30": "-4.16450", "2014-03-31": "-3.69780", "2013-12-31": "-3.49260", "2013-09-30": "-5.26650", "2013-06-30": "-2.90240", "2013-03-31": "-2.24920", "2012-12-31": "-1.57050", "2012-09-30": "-1.66070", "2012-06-30": "0.52170", "2012-03-31": "-21.17080", "2011-12-31": "-11.37900", "2011-09-30": "-10.27190", "2011-06-30": "-7.70040", "2011-03-31": "-4.85580", "2010-12-31": "-3.46790", "2010-09-30": "-3.82190", "2010-06-30": "-1.55250", "2010-03-31": "-2.03150", "2009-12-31": "-1.32100", "2009-09-30": "-1.32760", "2009-06-30": "", "2009-03-31": "", "2008-12-31": "", "2008-09-30": ""}, "ROA - Return On Assets": {"2020-09-30": "1.03000", "2020-06-30": "1.08840", "2020-03-31": "0.62100", "2019-12-31": "0.84580", "2019-09-30": "0.59610", "2019-06-30": "0.75030", "2019-03-31": "0.49730", "2018-12-31": "0.36380", "2018-09-30": "0.42920", "2018-06-30": "-0.46590", "2018-03-31": "0.92440", "2017-12-31": "2.98680", "2017-09-30": "1.14670", "2017-06-30": "0.90950", "2017-03-31": "0.85080", "2016-12-31": "0.99930", "2016-09-30": "0.68910", "2016-06-30": "0.49610", "2016-03-31": "0.12100", "2015-12-31": "0.20850", "2015-09-30": "-0.59910", "2015-06-30": "1.37950", "2015-03-31": "1.18940", "2014-12-31": "1.61540", "2014-09-30": "1.88160", "2014-06-30": "1.22590", "2014-03-31": "1.18690", "2013-12-31": "1.18140", "2013-09-30": "1.89570", "2013-06-30": "1.14430", "2013-03-31": "0.92920", "2012-12-31": "0.68060", "2012-09-30": "0.73970", "2012-06-30": "-0.23620", "2012-03-31": "1.46910", "2011-12-31": "1.09800", "2011-09-30": "1.19330", "2011-06-30": "1.01290", "2011-03-31": "0.76360", "2010-12-31": "0.71930", "2010-09-30": "0.79110", "2010-06-30": "0.34930", "2010-03-31": "0.74860", "2009-12-31": "0.50790", "2009-09-30": "0.48090", "2009-06-30": "", "2009-03-31": "", "2008-12-31": "", "2008-09-30": ""}, "ROI - Return On Investment": {"2020-09-30": "1.31200", "2020-06-30": "1.39570", "2020-03-31": "0.82160", "2019-12-31": "1.16120", "2019-09-30": "0.76690", "2019-06-30": "0.95920", "2019-03-31": "0.63300", "2018-12-31": "0.45970", "2018-09-30": "0.52590", "2018-06-30": "-0.57700", "2018-03-31": "1.07660", "2017-12-31": "3.52500", "2017-09-30": "1.37020", "2017-06-30": "1.09190", "2017-03-31": "1.03040", "2016-12-31": "1.23070", "2016-09-30": "0.82690", "2016-06-30": "0.59610", "2016-03-31": "0.14500", "2015-12-31": "0.25080", "2015-09-30": "-0.71050", "2015-06-30": "1.52490", "2015-03-31": "1.37130", "2014-12-31": "1.88120", "2014-09-30": "2.13980", "2014-06-30": "1.39120", "2014-03-31": "1.34640", "2013-12-31": "1.35560", "2013-09-30": "2.16200", "2013-06-30": "1.30190", "2013-03-31": "1.05080", "2012-12-31": "0.77860", "2012-09-30": "0.83710", "2012-06-30": "-0.27450", "2012-03-31": "1.63250", "2011-12-31": "1.22770", "2011-09-30": "1.32430", "2011-06-30": "1.12220", "2011-03-31": "0.85000", "2010-12-31": "0.80050", "2010-09-30": "0.88200", "2010-06-30": "0.39000", "2010-03-31": "0.85010", "2009-12-31": "0.57960", "2009-09-30": "0.54170", "2009-06-30": "", "2009-03-31": "", "2008-12-31": "", "2008-09-30": ""}, "Book Value Per Share": {"2020-09-30": "21.03670", "2020-06-30": "20.62010", "2020-03-31": "19.86570", "2019-12-31": "20.09470", "2019-09-30": "19.06060", "2019-06-30": "19.09930", "2019-03-31": "18.72430", "2018-12-31": "18.26160", "2018-09-30": "17.56660", "2018-06-30": "17.54470", "2018-03-31": "13.55090", "2017-12-31": "13.00920", "2017-09-30": "12.18310", "2017-06-30": "11.77960", "2017-03-31": "11.41850", "2016-12-31": "11.12360", "2016-09-30": "10.97330", "2016-06-30": "10.80720", "2016-03-31": "10.79550", "2015-12-31": "10.83960", "2015-09-30": "10.68250", "2015-06-30": "10.94880", "2015-03-31": "7.92220", "2014-12-31": "7.99820", "2014-09-30": "7.93820", "2014-06-30": "7.87190", "2014-03-31": "7.58750", "2013-12-31": "7.44950", "2013-09-30": "7.27410", "2013-06-30": "6.84800", "2013-03-31": "6.75260", "2012-12-31": "6.79990", "2012-09-30": "6.69970", "2012-06-30": "6.42400", "2012-03-31": "6.47310", "2011-12-31": "6.30990", "2011-09-30": "6.15450", "2011-06-30": "6.19480", "2011-03-31": "6.10410", "2010-12-31": "5.88790", "2010-09-30": "5.75960", "2010-06-30": "5.60050", "2010-03-31": "5.45200", "2009-12-31": "5.34760", "2009-09-30": "44.67400", "2009-06-30": "", "2009-03-31": "", "2008-12-31": "", "2008-09-30": ""}, "Operating Cash Flow Per Share": {"2020-09-30": 0.7406, "2020-06-30": 1.5346, "2020-03-31": "0.55610", "2019-12-31": 2.1536, "2019-09-30": 1.309, "2019-06-30": 1.044, "2019-03-31": "0.52100", "2018-12-31": 1.3503, "2018-09-30": 0.771, "2018-06-30": 0.1842, "2018-03-31": "0.32110", "2017-12-31": 0.7773, "2017-09-30": 0.5286, "2017-06-30": 0.6478, "2017-03-31": "0.27600", "2016-12-31": 0.886, "2016-09-30": 0.467, "2016-06-30": 0.5889, "2016-03-31": "0.09110", "2015-12-31": 0.5857, "2015-09-30": 0.06, "2015-06-30": 0.3862, "2015-03-31": "0.17620", "2014-12-31": 0.506, "2014-09-30": 0.4069, "2014-06-30": 0.3111, "2014-03-31": "0.22180", "2013-12-31": 0.3201, "2013-09-30": 0.4858, "2013-06-30": 0.2872, "2013-03-31": "0.12320", "2012-12-31": 0.4463, "2012-09-30": 0.1362, "2012-06-30": 0.1483, "2012-03-31": "0.08010", "2011-12-31": 0.2407, "2011-09-30": 0.1895, "2011-06-30": 0.177, "2011-03-31": "0.07680", "2010-12-31": 0.2013, "2010-09-30": 0.1585, "2010-06-30": 0.0368, "2010-03-31": "0.12040", "2009-12-31": 0.1149, "2009-09-30": 0.1903, "2009-06-30": 0.0772, "2009-03-31": "0.08770", "2008-12-31": 0, "2008-09-30": 0}, "Free Cash Flow Per Share": {"2020-09-30": 0.6359, "2020-06-30": 1.4391, "2020-03-31": "0.45630", "2019-12-31": 2.0607, "2019-09-30": 1.1553, "2019-06-30": 0.9445, "2019-03-31": "0.39700", "2018-12-31": 1.2153, "2018-09-30": 0.7246, "2018-06-30": 0.0908, "2018-03-31": "0.27010", "2017-12-31": 0.7388, "2017-09-30": 0.4685, "2017-06-30": 0.5736, "2017-03-31": "0.23190", "2016-12-31": 0.8245, "2016-09-30": 0.4286, "2016-06-30": 0.5309, "2016-03-31": "0.06680", "2015-12-31": 0.5583, "2015-09-30": 0.0362, "2015-06-30": 0.3621, "2015-03-31": "0.15820", "2014-12-31": 0.4832, "2014-09-30": 0.3878, "2014-06-30": 0.2678, "2014-03-31": "0.20100", "2013-12-31": 0.3033, "2013-09-30": 0.4668, "2013-06-30": 0.2532, "2013-03-31": "0.10980", "2012-12-31": 0.3952, "2012-09-30": 0.1121, "2012-06-30": 0.1234, "2012-03-31": "0.07210", "2011-12-31": 0.2287, "2011-09-30": 0.18, "2011-06-30": 0.1645, "2011-03-31": "0.06350", "2010-12-31": 0.1873, "2010-09-30": 0.1513, "2010-06-30": 0.0292, "2010-03-31": "0.11270", "2009-12-31": 0.1037, "2009-09-30": 0.1854, "2009-06-30": 0.0732, "2009-03-31": "0.08690", "2008-12-31": 0, "2008-09-30": 0}}, "revenue": {"SS&C Technologies Holdings Annual Revenue (Millions of US $)": {"2019": "$4,633", "2018": "$3,421", "2017": "$1,675", "2016": "$1,481", "2015": "$1,000", "2014": "$768", "2013": "$713", "2012": "$552", "2011": "$371", "2010": "$329", "2009": "$271", "2008": "$280"}, "SS&C Technologies Holdings Quarterly Revenue (Millions of US $)": {"2020-09-30": "$1,153", "2020-06-30": "$1,138", "2020-03-31": "$1,174", "2019-12-31": "$1,204", "2019-09-30": "$1,144", "2019-06-30": "$1,148", "2019-03-31": "$1,137", "2018-12-31": "$1,111", "2018-09-30": "$992", "2018-06-30": "$896", "2018-03-31": "$422", "2017-12-31": "$438", "2017-09-30": "$418", "2017-06-30": "$411", "2017-03-31": "$408", "2016-12-31": "$401", "2016-09-30": "$383", "2016-06-30": "$373", "2016-03-31": "$324", "2015-12-31": "$301", "2015-09-30": "$281", "2015-06-30": "$213", "2015-03-31": "$206", "2014-12-31": "$201", "2014-09-30": "$193", "2014-06-30": "$189", "2014-03-31": "$186", "2013-12-31": "$183", "2013-09-30": "$180", "2013-06-30": "$177", "2013-03-31": "$173", "2012-12-31": "$172", "2012-09-30": "$166", "2012-06-30": "$121", "2012-03-31": "$94", "2011-12-31": "$96", "2011-09-30": "$94", "2011-06-30": "$92", "2011-03-31": "$89", "2010-12-31": "$86", "2010-09-30": "$83", "2010-06-30": "$82", "2010-03-31": "$78", "2009-12-31": "$71", "2009-09-30": "$69", "2009-06-30": "$67", "2009-03-31": "$64", "2008-12-31": "", "2008-09-30": "$212"}}, "gross-profit": {"SS&C Technologies Holdings Annual Gross Profit (Millions of US $)": {"2019": "$2,021", "2018": "$1,370", "2017": "$789", "2016": "$681", "2015": "$468", "2014": "$357", "2013": "$324", "2012": "$252", "2011": "$187", "2010": "$163", "2009": "$133", "2008": "$138"}, "SS&C Technologies Holdings Quarterly Gross Profit (Millions of US $)": {"2020-09-30": "$524", "2020-06-30": "$511", "2020-03-31": "$508", "2019-12-31": "$546", "2019-09-30": "$502", "2019-06-30": "$499", "2019-03-31": "$475", "2018-12-31": "$473", "2018-09-30": "$412", "2018-06-30": "$292", "2018-03-31": "$192", "2017-12-31": "$213", "2017-09-30": "$198", "2017-06-30": "$187", "2017-03-31": "$190", "2016-12-31": "$196", "2016-09-30": "$175", "2016-06-30": "$163", "2016-03-31": "$147", "2015-12-31": "$142", "2015-09-30": "$129", "2015-06-30": "$103", "2015-03-31": "$93", "2014-12-31": "$95", "2014-09-30": "$91", "2014-06-30": "$86", "2014-03-31": "$84", "2013-12-31": "$84", "2013-09-30": "$83", "2013-06-30": "$81", "2013-03-31": "$76", "2012-12-31": "$76", "2012-09-30": "$72", "2012-06-30": "$58", "2012-03-31": "$47", "2011-12-31": "$48", "2011-09-30": "$48", "2011-06-30": "$46", "2011-03-31": "$45", "2010-12-31": "$43", "2010-09-30": "$41", "2010-06-30": "$41", "2010-03-31": "$39", "2009-12-31": "$36", "2009-09-30": "$34", "2009-06-30": "$33", "2009-03-31": "$31", "2008-12-31": "", "2008-09-30": "$104"}}, "operating-income": {"SS&C Technologies Holdings Annual Operating Income (Millions of US $)": {"2019": "$914", "2018": "$429", "2017": "$397", "2016": "$289", "2015": "$165", "2014": "$200", "2013": "$183", "2012": "$123", "2011": "$94", "2010": "$80", "2009": "$67", "2008": "$65"}, "SS&C Technologies Holdings Quarterly Operating Income (Millions of US $)": {"2020-09-30": "$257", "2020-06-30": "$241", "2020-03-31": "$219", "2019-12-31": "$261", "2019-09-30": "$228", "2019-06-30": "$224", "2019-03-31": "$202", "2018-12-31": "$212", "2018-09-30": "$181", "2018-06-30": "$-51", "2018-03-31": "$87", "2017-12-31": "$113", "2017-09-30": "$104", "2017-06-30": "$90", "2017-03-31": "$90", "2016-12-31": "$95", "2016-09-30": "$77", "2016-06-30": "$66", "2016-03-31": "$50", "2015-12-31": "$48", "2015-09-30": "$15", "2015-06-30": "$58", "2015-03-31": "$43", "2014-12-31": "$54", "2014-09-30": "$54", "2014-06-30": "$45", "2014-03-31": "$47", "2013-12-31": "$48", "2013-09-30": "$48", "2013-06-30": "$45", "2013-03-31": "$42", "2012-12-31": "$43", "2012-09-30": "$37", "2012-06-30": "$21", "2012-03-31": "$22", "2011-12-31": "$24", "2011-09-30": "$24", "2011-06-30": "$23", "2011-03-31": "$23", "2010-12-31": "$21", "2010-09-30": "$20", "2010-06-30": "$20", "2010-03-31": "$19", "2009-12-31": "$19", "2009-09-30": "$18", "2009-06-30": "$16", "2009-03-31": "$14", "2008-12-31": "", "2008-09-30": "$49"}}, "ebitda": {"SS&C Technologies Holdings Annual EBITDA (Millions of US $)": {"2019": "$1,718", "2018": "$961", "2017": "$645", "2016": "$528", "2015": "$324", "2014": "$306", "2013": "$289", "2012": "$208", "2011": "$140", "2010": "$124", "2009": "$105", "2008": "$102"}, "SS&C Technologies Holdings Quarterly EBITDA (Millions of US $)": {"2020-09-30": "$441", "2020-06-30": "$424", "2020-03-31": "$407", "2019-12-31": "$469", "2019-09-30": "$422", "2019-06-30": "$418", "2019-03-31": "$409", "2018-12-31": "$392", "2018-09-30": "$330", "2018-06-30": "$88", "2018-03-31": "$151", "2017-12-31": "$176", "2017-09-30": "$166", "2017-06-30": "$151", "2017-03-31": "$151", "2016-12-31": "$156", "2016-09-30": "$137", "2016-06-30": "$127", "2016-03-31": "$108", "2015-12-31": "$101", "2015-09-30": "$66", "2015-06-30": "$86", "2015-03-31": "$71", "2014-12-31": "$80", "2014-09-30": "$80", "2014-06-30": "$72", "2014-03-31": "$73", "2013-12-31": "$75", "2013-09-30": "$74", "2013-06-30": "$72", "2013-03-31": "$68", "2012-12-31": "$69", "2012-09-30": "$63", "2012-06-30": "$43", "2012-03-31": "$32", "2011-12-31": "$37", "2011-09-30": "$35", "2011-06-30": "$34", "2011-03-31": "$35", "2010-12-31": "$32", "2010-09-30": "$30", "2010-06-30": "$32", "2010-03-31": "$30", "2009-12-31": "$29", "2009-09-30": "$27", "2009-06-30": "$25", "2009-03-31": "$24", "2008-12-31": "", "2008-09-30": "$49"}}, "net-income": {"SS&C Technologies Holdings Annual Net Income (Millions of US $)": {"2019": "$439", "2018": "$103", "2017": "$329", "2016": "$131", "2015": "$43", "2014": "$131", "2013": "$118", "2012": "$46", "2011": "$51", "2010": "$32", "2009": "$19", "2008": "$19"}, "SS&C Technologies Holdings Quarterly Net Income (Millions of US $)": {"2020-09-30": "$159", "2020-06-30": "$170", "2020-03-31": "$99", "2019-12-31": "$142", "2019-09-30": "$95", "2019-06-30": "$121", "2019-03-31": "$81", "2018-12-31": "$59", "2018-09-30": "$57", "2018-06-30": "$-64", "2018-03-31": "$51", "2017-12-31": "$165", "2017-09-30": "$64", "2017-06-30": "$51", "2017-03-31": "$48", "2016-12-31": "$57", "2016-09-30": "$39", "2016-06-30": "$28", "2016-03-31": "$7", "2015-12-31": "$12", "2015-09-30": "$-35", "2015-06-30": "$39", "2015-03-31": "$26", "2014-12-31": "$37", "2014-09-30": "$41", "2014-06-30": "$27", "2014-03-31": "$26", "2013-12-31": "$27", "2013-09-30": "$43", "2013-06-30": "$26", "2013-03-31": "$21", "2012-12-31": "$16", "2012-09-30": "$18", "2012-06-30": "$-6", "2012-03-31": "$18", "2011-12-31": "$13", "2011-09-30": "$15", "2011-06-30": "$13", "2011-03-31": "$10", "2010-12-31": "$9", "2010-09-30": "$10", "2010-06-30": "$4", "2010-03-31": "$9", "2009-12-31": "$6", "2009-09-30": "$6", "2009-06-30": "$3", "2009-03-31": "$4", "2008-12-31": "", "2008-09-30": "$12"}}, "eps-earnings-per-share-diluted": {"SS&C Technologies Holdings Annual EPS": {"2019": "$1.66", "2018": "$0.42", "2017": "$1.55", "2016": "$0.64", "2015": "$0.22", "2014": "$0.75", "2013": "$0.69", "2012": "$0.28", "2011": "$0.32", "2010": "$0.22", "2009": "$0.15", "2008": "$0.15"}, "SS&C Technologies Holdings Quarterly EPS": {"2020-09-30": "$0.60", "2020-06-30": "$0.64", "2020-03-31": "$0.37", "2019-12-31": "$0.54", "2019-09-30": "$0.36", "2019-06-30": "$0.45", "2019-03-31": "$0.31", "2018-12-31": "$0.22", "2018-09-30": "$0.23", "2018-06-30": "$-0.27", "2018-03-31": "$0.24", "2017-12-31": "$0.78", "2017-09-30": "$0.30", "2017-06-30": "$0.24", "2017-03-31": "$0.23", "2016-12-31": "$0.28", "2016-09-30": "$0.19", "2016-06-30": "$0.14", "2016-03-31": "$0.03", "2015-12-31": "$0.03", "2015-09-30": "$-0.18", "2015-06-30": "$0.22", "2015-03-31": "$0.15", "2014-12-31": "$0.21", "2014-09-30": "$0.24", "2014-06-30": "$0.16", "2014-03-31": "$0.15", "2013-12-31": "$0.15", "2013-09-30": "$0.26", "2013-06-30": "$0.16", "2013-03-31": "$0.13", "2012-12-31": "$0.10", "2012-09-30": "$0.11", "2012-06-30": "$-0.04", "2012-03-31": "$0.11", "2011-12-31": "$0.09", "2011-09-30": "$0.09", "2011-06-30": "$0.08", "2011-03-31": "$0.06", "2010-12-31": "$0.06", "2010-09-30": "$0.07", "2010-06-30": "$0.03", "2010-03-31": "$0.07", "2009-12-31": "$0.05", "2009-09-30": "$0.05", "2009-06-30": "$0.03", "2009-03-31": "$0.03", "2008-12-31": "$0.00", "2008-09-30": "$0.00"}}, "shares-outstanding": {"SS&C Technologies Holdings Annual Shares Outstanding (Millions of Shares)": {"2019": "264", "2018": "244", "2017": "212", "2016": "206", "2015": "191", "2014": "175", "2013": "171", "2012": "166", "2011": "161", "2010": "146", "2009": "127", "2008": "127"}, "SS&C Technologies Holdings Quarterly Shares Outstanding (Millions of Shares)": {"2020-09-30": "267", "2020-06-30": "266", "2020-03-31": "266", "2019-12-31": "264", "2019-09-30": "263", "2019-06-30": "266", "2019-03-31": "264", "2018-12-31": "244", "2018-09-30": "253", "2018-06-30": "237", "2018-03-31": "218", "2017-12-31": "212", "2017-09-30": "212", "2017-06-30": "211", "2017-03-31": "210", "2016-12-31": "206", "2016-09-30": "207", "2016-06-30": "205", "2016-03-31": "204", "2015-12-31": "191", "2015-09-30": "194", "2015-06-30": "179", "2015-03-31": "177", "2014-12-31": "175", "2014-09-30": "175", "2014-06-30": "174", "2014-03-31": "174", "2013-12-31": "171", "2013-09-30": "172", "2013-06-30": "171", "2013-03-31": "168", "2012-12-31": "166", "2012-09-30": "166", "2012-06-30": "156", "2012-03-31": "164", "2011-12-31": "161", "2011-09-30": "161", "2011-06-30": "162", "2011-03-31": "157", "2010-12-31": "146", "2010-09-30": "151", "2010-06-30": "149", "2010-03-31": "129", "2009-12-31": "127", "2009-09-30": "127", "2009-06-30": "127", "2009-03-31": "126", "2008-12-31": "", "2008-09-30": ""}}, "total-assets": {"SS&C Technologies Holdings Annual Total Assets (Millions of US $)": {"2019": "$16,741", "2018": "$16,108", "2017": "$5,540", "2016": "$5,707", "2015": "$5,802", "2014": "$2,266", "2013": "$2,275", "2012": "$2,363", "2011": "$1,208", "2010": "$1,276", "2009": "$1,186", "2008": "$0"}, "SS&C Technologies Holdings Quarterly Total Assets (Millions of US $)": {"2020-09-30": "$15,475", "2020-06-30": "$15,573", "2020-03-31": "$15,974", "2019-12-31": "$16,741", "2019-09-30": "$15,938", "2019-06-30": "$16,141", "2019-03-31": "$16,249", "2018-12-31": "$16,108", "2018-09-30": "$13,279", "2018-06-30": "$13,674", "2018-03-31": "$5,550", "2017-12-31": "$5,540", "2017-09-30": "$5,599", "2017-06-30": "$5,618", "2017-03-31": "$5,659", "2016-12-31": "$5,707", "2016-09-30": "$5,622", "2016-06-30": "$5,689", "2016-03-31": "$5,791", "2015-12-31": "$5,802", "2015-09-30": "$5,777", "2015-06-30": "$2,836", "2015-03-31": "$2,207", "2014-12-31": "$2,266", "2014-09-30": "$2,170", "2014-06-30": "$2,222", "2014-03-31": "$2,228", "2013-12-31": "$2,275", "2013-09-30": "$2,293", "2013-06-30": "$2,283", "2013-03-31": "$2,306", "2012-12-31": "$2,363", "2012-09-30": "$2,381", "2012-06-30": "$2,439", "2012-03-31": "$1,217", "2011-12-31": "$1,208", "2011-09-30": "$1,249", "2011-06-30": "$1,286", "2011-03-31": "$1,288", "2010-12-31": "$1,276", "2010-09-30": "$1,246", "2010-06-30": "$1,249", "2010-03-31": "$1,205", "2009-12-31": "$1,186", "2009-09-30": "$1,166", "2009-06-30": "$0", "2009-03-31": "$0", "2008-12-31": "$1,127", "2008-09-30": "$0"}}, "cash-on-hand": {"SS&C Technologies Holdings Annual Cash on Hand (Millions of US $)": {"2019": "$162", "2018": "$173", "2017": "$65", "2016": "$120", "2015": "$437", "2014": "$111", "2013": "$87", "2012": "$89", "2011": "$41", "2010": "$85", "2009": "$19", "2008": "$"}, "SS&C Technologies Holdings Quarterly Cash on Hand (Millions of US $)": {"2020-09-30": "$191", "2020-06-30": "$270", "2020-03-31": "$382", "2019-12-31": "$162", "2019-09-30": "$165", "2019-06-30": "$137", "2019-03-31": "$160", "2018-12-31": "$173", "2018-09-30": "$746", "2018-06-30": "$795", "2018-03-31": "$75", "2017-12-31": "$65", "2017-09-30": "$104", "2017-06-30": "$92", "2017-03-31": "$111", "2016-12-31": "$120", "2016-09-30": "$104", "2016-06-30": "$98", "2016-03-31": "$105", "2015-12-31": "$437", "2015-09-30": "$507", "2015-06-30": "$731", "2015-03-31": "$90", "2014-12-31": "$111", "2014-09-30": "$77", "2014-06-30": "$75", "2014-03-31": "$80", "2013-12-31": "$87", "2013-09-30": "$84", "2013-06-30": "$63", "2013-03-31": "$71", "2012-12-31": "$89", "2012-09-30": "$83", "2012-06-30": "$136", "2012-03-31": "$43", "2011-12-31": "$41", "2011-09-30": "$76", "2011-06-30": "$83", "2011-03-31": "$71", "2010-12-31": "$85", "2010-09-30": "$87", "2010-06-30": "$89", "2010-03-31": "$21", "2009-12-31": "$19", "2009-09-30": "$52", "2009-06-30": "", "2009-03-31": "", "2008-12-31": "$29", "2008-09-30": ""}}, "long-term-debt": {"SS&C Technologies Holdings Annual Long Term Debt (Millions of US $)": {"2019": "$7,078", "2018": "$8,169", "2017": "$2,007", "2016": "$2,375", "2015": "$2,719", "2014": "$599", "2013": "$751", "2012": "$990", "2011": "$100", "2010": "$289", "2009": "$393", "2008": "$"}, "SS&C Technologies Holdings Quarterly Long Term Debt (Millions of US $)": {"2020-09-30": "$6,767", "2020-06-30": "$6,831", "2020-03-31": "$6,986", "2019-12-31": "$7,078", "2019-09-30": "$7,571", "2019-06-30": "$7,780", "2019-03-31": "$8,030", "2018-12-31": "$8,169", "2018-09-30": "$6,615", "2018-06-30": "$6,837", "2018-03-31": "$1,949", "2017-12-31": "$2,007", "2017-09-30": "$2,178", "2017-06-30": "$2,262", "2017-03-31": "$2,344", "2016-12-31": "$2,375", "2016-09-30": "$2,460", "2016-06-30": "$2,570", "2016-03-31": "$2,692", "2015-12-31": "$2,719", "2015-09-30": "$2,796", "2015-06-30": "$448", "2015-03-31": "$576", "2014-12-31": "$599", "2014-09-30": "$580", "2014-06-30": "$644", "2014-03-31": "$707", "2013-12-31": "$751", "2013-09-30": "$814", "2013-06-30": "$891", "2013-03-31": "$946", "2012-12-31": "$990", "2012-09-30": "$1,047", "2012-06-30": "$1,091", "2012-03-31": "$85", "2011-12-31": "$100", "2011-09-30": "$171", "2011-06-30": "$202", "2011-03-31": "$223", "2010-12-31": "$289", "2010-09-30": "$289", "2010-06-30": "$313", "2010-03-31": "$394", "2009-12-31": "$393", "2009-09-30": "$400", "2009-06-30": "", "2009-03-31": "", "2008-12-31": "$407", "2008-09-30": ""}}, "total-liabilities": {"SS&C Technologies Holdings Annual Total Liabilities (Millions of US $)": {"2019": "$11,625", "2018": "$11,528", "2017": "$2,853", "2016": "$3,448", "2015": "$3,697", "2014": "$919", "2013": "$1,044", "2012": "$1,287", "2011": "$228", "2010": "$419", "2009": "$540", "2008": "$0"}, "SS&C Technologies Holdings Quarterly Total Liabilities (Millions of US $)": {"2020-09-30": "$10,092", "2020-06-30": "$10,259", "2020-03-31": "$10,887", "2019-12-31": "$11,625", "2019-09-30": "$11,121", "2019-06-30": "$11,295", "2019-03-31": "$11,516", "2018-12-31": "$11,528", "2018-09-30": "$9,056", "2018-06-30": "$9,470", "2018-03-31": "$2,734", "2017-12-31": "$2,853", "2017-09-30": "$3,091", "2017-06-30": "$3,200", "2017-03-31": "$3,330", "2016-12-31": "$3,448", "2016-09-30": "$3,397", "2016-06-30": "$3,524", "2016-03-31": "$3,652", "2015-12-31": "$3,697", "2015-09-30": "$3,702", "2015-06-30": "$719", "2015-03-31": "$869", "2014-12-31": "$919", "2014-09-30": "$842", "2014-06-30": "$908", "2014-03-31": "$971", "2013-12-31": "$1,044", "2013-09-30": "$1,097", "2013-06-30": "$1,167", "2013-03-31": "$1,213", "2012-12-31": "$1,287", "2012-09-30": "$1,324", "2012-06-30": "$1,432", "2012-03-31": "$207", "2011-12-31": "$228", "2011-09-30": "$295", "2011-06-30": "$328", "2011-03-31": "$354", "2010-12-31": "$419", "2010-09-30": "$417", "2010-06-30": "$444", "2010-03-31": "$538", "2009-12-31": "$540", "2009-09-30": "$531", "2009-06-30": "$0", "2009-03-31": "$0", "2008-12-31": "$540", "2008-09-30": "$0"}}, "total-share-holder-equity": {"SS&C Technologies Holdings Annual Share Holder Equity (Millions of US $)": {"2019": "$5,116", "2018": "$4,580", "2017": "$2,686", "2016": "$2,259", "2015": "$2,105", "2014": "$1,347", "2013": "$1,232", "2012": "$1,076", "2011": "$980", "2010": "$857", "2009": "$646", "2008": "$0"}, "SS&C Technologies Holdings Quarterly Share Holder Equity (Millions of US $)": {"2020-09-30": "$5,383", "2020-06-30": "$5,314", "2020-03-31": "$5,088", "2019-12-31": "$5,116", "2019-09-30": "$4,817", "2019-06-30": "$4,846", "2019-03-31": "$4,734", "2018-12-31": "$4,580", "2018-09-30": "$4,223", "2018-06-30": "$4,204", "2018-03-31": "$2,816", "2017-12-31": "$2,686", "2017-09-30": "$2,508", "2017-06-30": "$2,418", "2017-03-31": "$2,329", "2016-12-31": "$2,259", "2016-09-30": "$2,225", "2016-06-30": "$2,164", "2016-03-31": "$2,139", "2015-12-31": "$2,105", "2015-09-30": "$2,075", "2015-06-30": "$2,118", "2015-03-31": "$1,338", "2014-12-31": "$1,347", "2014-09-30": "$1,328", "2014-06-30": "$1,314", "2014-03-31": "$1,258", "2013-12-31": "$1,232", "2013-09-30": "$1,196", "2013-06-30": "$1,116", "2013-03-31": "$1,093", "2012-12-31": "$1,076", "2012-09-30": "$1,057", "2012-06-30": "$1,007", "2012-03-31": "$1,010", "2011-12-31": "$980", "2011-09-30": "$954", "2011-06-30": "$959", "2011-03-31": "$934", "2010-12-31": "$857", "2010-09-30": "$828", "2010-06-30": "$805", "2010-03-31": "$667", "2009-12-31": "$646", "2009-09-30": "$635", "2009-06-30": "$0", "2009-03-31": "$0", "2008-12-31": "$587", "2008-09-30": "$0"}}, "profit-margins": {"current": "12.2%"}, "gross margin": {"2020-09-30": "44.74%", "2020-06-30": "44.33%", "2020-03-31": "43.98%", "2019-12-31": "43.62%", "2019-09-30": "42.91%", "2019-06-30": "42.37%", "2019-03-31": "39.94%", "2018-12-31": "40.02%", "2018-09-30": "40.36%", "2018-06-30": "41.17%", "2018-03-31": "46.77%", "2017-12-31": "47.04%", "2017-09-30": "47.07%", "2017-06-30": "46.66%", "2017-03-31": "46.26%", "2016-12-31": "45.98%", "2016-09-30": "45.40%", "2016-06-30": "45.43%", "2016-03-31": "46.56%", "2015-12-31": "46.65%", "2015-09-30": "46.61%", "2015-06-30": "46.99%", "2015-03-31": "46.26%", "2014-12-31": "46.29%", "2014-09-30": "45.94%", "2014-06-30": "45.66%", "2014-03-31": "45.73%", "2013-12-31": "45.44%", "2013-09-30": "45.01%", "2013-06-30": "44.33%", "2013-03-31": "44.62%", "2012-12-31": "45.75%", "2012-09-30": "47.17%", "2012-06-30": "49.63%", "2012-03-31": "50.27%", "2011-12-31": "50.40%", "2011-09-30": "50.42%", "2011-06-30": "50.00%", "2011-03-31": "50.00%", "2010-12-31": "49.85%", "2010-09-30": "50.00%", "2010-06-30": "50.00%", "2010-03-31": "49.82%", "2009-12-31": "49.45%", "2009-06-30": "48.98%"}, "operating margin": {"2020-09-30": "20.95%", "2020-06-30": "20.36%", "2020-03-31": "19.96%", "2019-12-31": "19.75%", "2019-09-30": "19.07%", "2019-06-30": "18.66%", "2019-03-31": "13.15%", "2018-12-31": "12.54%", "2018-09-30": "12.01%", "2018-06-30": "11.64%", "2018-03-31": "23.33%", "2017-12-31": "23.70%", "2017-09-30": "23.14%", "2017-06-30": "21.96%", "2017-03-31": "20.96%", "2016-12-31": "19.45%", "2016-09-30": "17.45%", "2016-06-30": "14.00%", "2016-03-31": "15.28%", "2015-12-31": "16.38%", "2015-09-30": "18.87%", "2015-06-30": "25.71%", "2015-03-31": "24.84%", "2014-12-31": "26.01%", "2014-09-30": "25.83%", "2014-06-30": "25.47%", "2014-03-31": "25.90%", "2013-12-31": "25.67%", "2013-09-30": "25.36%", "2013-06-30": "24.27%", "2013-03-31": "22.63%", "2012-12-31": "22.24%", "2012-09-30": "21.80%", "2012-06-30": "22.47%", "2012-03-31": "24.73%", "2011-12-31": "25.34%", "2011-09-30": "25.21%", "2011-06-30": "24.86%", "2011-03-31": "24.71%", "2010-12-31": "24.32%", "2010-09-30": "24.84%", "2010-06-30": "25.33%", "2010-03-31": "25.26%", "2009-12-31": "24.72%", "2009-06-30": "23.03%"}, "ebitda margin": {"2020-09-30": "37.29%", "2020-06-30": "36.95%", "2020-03-31": "36.75%", "2019-12-31": "37.08%", "2019-09-30": "36.15%", "2019-06-30": "35.30%", "2019-03-31": "29.47%", "2018-12-31": "28.09%", "2018-09-30": "27.11%", "2018-06-30": "26.72%", "2018-03-31": "38.13%", "2017-12-31": "38.45%", "2017-09-30": "38.10%", "2017-06-30": "37.12%", "2017-03-31": "36.49%", "2016-12-31": "35.65%", "2016-09-30": "34.25%", "2016-06-30": "31.43%", "2016-03-31": "32.26%", "2015-12-31": "32.37%", "2015-09-30": "33.63%", "2015-06-30": "38.99%", "2015-03-31": "38.40%", "2014-12-31": "39.66%", "2014-09-30": "39.95%", "2014-06-30": "39.84%", "2014-03-31": "40.50%", "2013-12-31": "40.53%", "2013-09-30": "40.31%", "2013-06-30": "39.53%", "2013-03-31": "38.45%", "2012-12-31": "37.43%", "2012-09-30": "36.69%", "2012-06-30": "36.30%", "2012-03-31": "36.70%", "2011-12-31": "38.01%", "2011-09-30": "37.67%", "2011-06-30": "37.43%", "2011-03-31": "37.94%", "2010-12-31": "37.69%", "2010-09-30": "38.54%", "2010-06-30": "39.33%", "2010-03-31": "38.95%", "2009-12-31": "38.75%", "2009-06-30": "28.57%"}, "pre tax profit margin": {"2020-09-30": "15.04%", "2020-06-30": "12.94%", "2020-03-31": "11.97%", "2019-12-31": "11.48%", "2019-09-30": "10.57%", "2019-06-30": "10.92%", "2019-03-31": "3.87%", "2018-12-31": "3.65%", "2018-09-30": "3.75%", "2018-06-30": "2.76%", "2018-03-31": "16.93%", "2017-12-31": "16.84%", "2017-09-30": "16.00%", "2017-06-30": "14.66%", "2017-03-31": "13.16%", "2016-12-31": "11.07%", "2016-09-30": "7.97%", "2016-06-30": "1.64%", "2016-03-31": "3.66%", "2015-12-31": "6.09%", "2015-09-30": "10.88%", "2015-06-30": "23.25%", "2015-03-31": "22.18%", "2014-12-31": "23.15%", "2014-09-30": "22.50%", "2014-06-30": "21.41%", "2014-03-31": "21.35%", "2013-12-31": "20.48%", "2013-09-30": "19.09%", "2013-06-30": "17.01%", "2013-03-31": "11.87%", "2012-12-31": "12.84%", "2012-09-30": "12.58%", "2012-06-30": "14.57%", "2012-03-31": "22.61%", "2011-12-31": "19.95%", "2011-09-30": "19.39%", "2011-06-30": "17.71%", "2011-03-31": "14.12%", "2010-12-31": "13.07%", "2010-09-30": "12.42%", "2010-06-30": "11.33%", "2010-03-31": "11.58%", "2009-12-31": "10.70%", "2009-06-30": "8.45%"}, "net profit margin": {"2020-09-30": "12.21%", "2020-06-30": "10.86%", "2020-03-31": "9.79%", "2019-12-31": "9.48%", "2019-09-30": "7.84%", "2019-06-30": "7.25%", "2019-03-31": "3.22%", "2018-12-31": "3.01%", "2018-09-30": "7.61%", "2018-06-30": "9.94%", "2018-03-31": "19.60%", "2017-12-31": "19.58%", "2017-09-30": "13.43%", "2017-06-30": "12.16%", "2017-03-31": "10.99%", "2016-12-31": "8.85%", "2016-09-30": "6.23%", "2016-06-30": "0.94%", "2016-03-31": "2.06%", "2015-12-31": "4.20%", "2015-09-30": "7.44%", "2015-06-30": "17.59%", "2015-03-31": "16.60%", "2014-12-31": "17.04%", "2014-09-30": "16.11%", "2014-06-30": "16.67%", "2014-03-31": "16.80%", "2013-12-31": "16.41%", "2013-09-30": "15.10%", "2013-06-30": "11.77%", "2013-03-31": "7.75%", "2012-12-31": "8.32%", "2012-09-30": "9.01%", "2012-06-30": "9.88%", "2012-03-31": "15.69%", "2011-12-31": "13.75%", "2011-09-30": "13.02%", "2011-06-30": "12.00%", "2011-03-31": "9.71%", "2010-12-31": "9.73%", "2010-09-30": "9.24%", "2010-06-30": "8.33%", "2010-03-31": "8.42%", "2009-12-31": "7.01%", "2009-06-30": "5.54%"}, "pe ratio": {"current": "17.26", "2021-02-05": "32.27", "2020-09-30": "28.09", "2020-06-30": "29.45", "2020-03-31": "25.31", "2019-12-31": "36.67", "2019-09-30": "37.79", "2019-06-30": "46.62", "2019-03-31": "125.53", "2018-12-31": "103.21", "2018-09-30": "57.64", "2018-06-30": "49.03", "2018-03-31": "33.96", "2017-12-31": "25.75", "2017-09-30": "37.40", "2017-06-30": "39.90", "2017-03-31": "41.08", "2016-12-31": "43.14", "2016-09-30": "73.45", "2016-06-30": "494.79", "2016-03-31": "227.18", "2015-12-31": "131.79", "2015-09-30": "84.36", "2015-06-30": "36.65", "2015-03-31": "39.60", "2014-12-31": "37.10", "2014-09-30": "29.96", "2014-06-30": "29.55", "2014-03-31": "26.74", "2013-12-31": "30.43", "2013-09-30": "28.67", "2013-06-30": "32.41", "2013-03-31": "48.55", "2012-12-31": "40.12", "2012-09-30": "46.33", "2012-06-30": "48.75", "2012-03-31": "30.96", "2011-12-31": "27.83", "2011-09-30": "23.54", "2011-06-30": "35.82", "2011-03-31": "45.38", "2010-12-31": "43.55"}, "price sales": {"2021-02-05": "3.95", "2020-09-30": "3.44", "2020-06-30": "3.19", "2020-03-31": "2.47", "2019-12-31": "3.47", "2019-09-30": "2.91", "2019-06-30": "3.32", "2019-03-31": "3.79", "2018-12-31": "3.12", "2018-09-30": "4.77", "2018-06-30": "5.22", "2018-03-31": "6.64", "2017-12-31": "5.00", "2017-09-30": "5.03", "2017-06-30": "4.88", "2017-03-31": "4.56", "2016-12-31": "3.86", "2016-09-30": "4.56", "2016-06-30": "4.23", "2016-03-31": "5.29", "2015-12-31": "6.13", "2015-09-30": "6.82", "2015-06-30": "6.53", "2015-03-31": "6.65", "2014-12-31": "6.36", "2014-09-30": "4.85", "2014-06-30": "4.96", "2014-03-31": "4.53", "2013-12-31": "5.06", "2013-09-30": "4.38", "2013-06-30": "3.83", "2013-03-31": "3.73", "2012-12-31": "3.27", "2012-09-30": "4.11", "2012-06-30": "4.74", "2012-03-31": "4.81", "2011-12-31": "3.74", "2011-09-30": "2.96", "2011-06-30": "4.18", "2011-03-31": "4.33", "2010-12-31": "4.27"}, "price book": {"current": "3.30", "2021-02-05": "3.30", "2020-09-30": "2.87", "2020-06-30": "2.73", "2020-03-31": "2.19", "2019-12-31": "3.03", "2019-09-30": "2.68", "2019-06-30": "2.98", "2019-03-31": "3.35", "2018-12-31": "2.43", "2018-09-30": "3.18", "2018-06-30": "2.91", "2018-03-31": "3.88", "2017-12-31": "3.05", "2017-09-30": "3.22", "2017-06-30": "3.18", "2017-03-31": "3.02", "2016-12-31": "2.50", "2016-09-30": "2.84", "2016-06-30": "2.52", "2016-03-31": "2.84", "2015-12-31": "3.04", "2015-09-30": "3.16", "2015-06-30": "2.75", "2015-03-31": "3.77", "2014-12-31": "3.50", "2014-09-30": "2.64", "2014-06-30": "2.68", "2014-03-31": "2.52", "2013-12-31": "2.84", "2013-09-30": "2.50", "2013-06-30": "2.30", "2013-03-31": "2.12", "2012-12-31": "1.62", "2012-09-30": "1.80", "2012-06-30": "1.86", "2012-03-31": "1.72", "2011-12-31": "1.37", "2011-09-30": "1.11", "2011-06-30": "1.53", "2011-03-31": "1.60", "2010-12-31": "1.66", "2010-09-30": "1.31", "2010-06-30": "1.37", "2010-03-31": "1.32"}, "price fcf": {"2021-02-05": "", "2020-09-30": "$4.59", "2020-06-30": "$5.11", "2020-03-31": "$4.62", "2019-12-31": "$4.56", "2019-09-30": "$3.71", "2019-06-30": "$3.28", "2019-03-31": "$2.43", "2018-12-31": "$2.30", "2018-09-30": "$1.82", "2018-06-30": "$1.57", "2018-03-31": "$2.05", "2017-12-31": "$2.01", "2017-09-30": "$2.10", "2017-06-30": "$2.06", "2017-03-31": "$2.02", "2016-12-31": "$1.85", "2016-09-30": "$1.58", "2016-06-30": "$1.19", "2016-03-31": "$1.02", "2015-12-31": "$1.11", "2015-09-30": "$1.04", "2015-06-30": "$1.39", "2015-03-31": "$1.30", "2014-12-31": "$1.34", "2014-09-30": "$1.16", "2014-06-30": "$1.24", "2014-03-31": "$1.22", "2013-12-31": "$1.13", "2013-09-30": "$1.23", "2013-06-30": "$0.87", "2013-03-31": "$0.74", "2012-12-31": "$0.70", "2012-09-30": "$0.54", "2012-06-30": "$0.60", "2012-03-31": "$0.65", "2011-12-31": "$0.64", "2011-09-30": "$0.60", "2011-06-30": "$0.57", "2011-03-31": "$0.43", "2010-12-31": "$0.48"}, "net worth": {"value": "$17.76B"}, "current ratio": {"current": "1.05", "2020-09-30": "1.05", "2020-06-30": "1.08", "2020-03-31": "1.06", "2019-12-31": "1.00", "2019-09-30": "1.08", "2019-06-30": "1.09", "2019-03-31": "1.12", "2018-12-31": "1.07", "2018-09-30": "1.58", "2018-06-30": "1.53", "2018-03-31": "1.03", "2017-12-31": "0.81", "2017-09-30": "0.96", "2017-06-30": "0.89", "2017-03-31": "0.85", "2016-12-31": "0.74", "2016-09-30": "1.00", "2016-06-30": "0.99", "2016-03-31": "1.09", "2015-12-31": "1.62", "2015-09-30": "2.14", "2015-06-30": "5.63", "2015-03-31": "1.30", "2014-12-31": "1.23", "2014-09-30": "1.35", "2014-06-30": "1.41", "2014-03-31": "1.44", "2013-12-31": "1.32", "2013-09-30": "1.35", "2013-06-30": "1.48", "2013-03-31": "1.55", "2012-12-31": "1.29", "2012-09-30": "1.48", "2012-06-30": "1.41", "2012-03-31": "1.31", "2011-12-31": "1.13", "2011-09-30": "1.74", "2011-06-30": "1.88", "2011-03-31": "1.73", "2010-12-31": "1.83", "2010-09-30": "1.96", "2010-06-30": "2.02", "2010-03-31": "0.95", "2009-12-31": "0.83", "2009-09-30": "1.28", "2009-06-30": "0.00", "2009-03-31": "0.00", "2008-12-31": "1.13", "2008-09-30": "0.00"}, "quick ratio": {"2020-09-30": "0.00", "2020-06-30": "0.00", "2020-03-31": "0.00", "2019-12-31": "0.00", "2019-09-30": "0.00", "2019-06-30": "0.00", "2019-03-31": "0.00", "2018-12-31": "0.00", "2018-09-30": "0.00", "2018-06-30": "0.00", "2018-03-31": "0.00", "2017-12-31": "0.00", "2017-09-30": "0.00", "2017-06-30": "0.00", "2017-03-31": "0.00", "2016-12-31": "0.00", "2016-09-30": "0.00", "2016-06-30": "0.00", "2016-03-31": "0.00", "2015-12-31": "0.00", "2015-09-30": "0.00", "2015-06-30": "0.00", "2015-03-31": "0.00", "2014-12-31": "0.00", "2014-09-30": "0.00", "2014-06-30": "0.00", "2014-03-31": "0.00", "2013-12-31": "0.00", "2013-09-30": "0.00", "2013-06-30": "0.00", "2013-03-31": "0.00", "2012-12-31": "0.00", "2012-09-30": "0.00", "2012-06-30": "0.00", "2012-03-31": "0.00", "2011-12-31": "0.00", "2011-09-30": "0.00", "2011-06-30": "0.00", "2011-03-31": "0.00", "2010-12-31": "0.00", "2010-09-30": "0.00", "2010-06-30": "0.00", "2010-03-31": "0.00", "2009-12-31": "0.00", "2009-09-30": "0.00", "2009-06-30": "0.00", "2009-03-31": "0.00", "2008-12-31": "0.00", "2008-09-30": "0.00"}, "debt equity ratio": {"current": "1.26", "2020-09-30": "1.88", "2020-06-30": "1.93", "2020-03-31": "2.14", "2019-12-31": "2.27", "2019-09-30": "2.31", "2019-06-30": "2.33", "2019-03-31": "2.43", "2018-12-31": "2.52", "2018-09-30": "2.14", "2018-06-30": "2.25", "2018-03-31": "0.97", "2017-12-31": "1.06", "2017-09-30": "1.23", "2017-06-30": "1.32", "2017-03-31": "1.43", "2016-12-31": "1.53", "2016-09-30": "1.53", "2016-06-30": "1.63", "2016-03-31": "1.71", "2015-12-31": "1.76", "2015-09-30": "1.78", "2015-06-30": "0.34", "2015-03-31": "0.65", "2014-12-31": "0.68", "2014-09-30": "0.63", "2014-06-30": "0.69", "2014-03-31": "0.77", "2013-12-31": "0.85", "2013-09-30": "0.92", "2013-06-30": "1.05", "2013-03-31": "1.11", "2012-12-31": "1.20", "2012-09-30": "1.25", "2012-06-30": "1.42", "2012-03-31": "0.21", "2011-12-31": "0.23", "2011-09-30": "0.31", "2011-06-30": "0.34", "2011-03-31": "0.38", "2010-12-31": "0.49", "2010-09-30": "0.50", "2010-06-30": "0.55", "2010-03-31": "0.81", "2009-12-31": "0.84", "2009-09-30": "0.84", "2009-06-30": "0.00", "2009-03-31": "0.00", "2008-12-31": "0.92", "2008-09-30": "0.00"}, "return on equity": {"2020-09-30": "10.91%", "2020-06-30": "9.95%", "2020-03-31": "9.20%", "2019-12-31": "9.00%", "2019-09-30": "7.50%", "2019-06-30": "6.92%", "2019-03-31": "3.00%", "2018-12-31": "2.60%", "2018-09-30": "6.00%", "2018-06-30": "7.07%", "2018-03-31": "12.70%", "2017-12-31": "13.20%", "2017-09-30": "9.25%", "2017-06-30": "8.45%", "2017-03-31": "7.66%", "2016-12-31": "5.96%", "2016-09-30": "3.98%", "2016-06-30": "0.57%", "2016-03-31": "1.09%", "2015-12-31": "2.20%", "2015-09-30": "3.90%", "2015-06-30": "9.33%", "2015-03-31": "9.84%", "2014-12-31": "9.99%", "2014-09-30": "9.43%", "2014-06-30": "9.84%", "2014-03-31": "10.16%", "2013-12-31": "10.09%", "2013-09-30": "9.46%", "2013-06-30": "7.46%", "2013-03-31": "4.63%", "2012-12-31": "4.43%", "2012-09-30": "4.24%", "2012-06-30": "4.05%", "2012-03-31": "6.05%", "2011-12-31": "5.33%", "2011-09-30": "5.08%", "2011-06-30": "4.70%", "2011-03-31": "3.86%", "2010-12-31": "4.05%", "2010-09-30": "3.94%", "2010-06-30": "3.63%", "2010-03-31": "4.93%", "2009-12-31": "5.93%", "2009-06-30": "12.95%"}, "return on assets": {"2020-09-30": "3.58%", "2020-06-30": "3.15%", "2020-03-31": "2.82%", "2019-12-31": "2.70%", "2019-09-30": "2.21%", "2019-06-30": "2.06%", "2019-03-31": "0.90%", "2018-12-31": "0.85%", "2018-09-30": "2.20%", "2018-06-30": "2.85%", "2018-03-31": "5.94%", "2017-12-31": "5.85%", "2017-09-30": "3.90%", "2017-06-30": "3.45%", "2017-03-31": "3.03%", "2016-12-31": "2.30%", "2016-09-30": "1.50%", "2016-06-30": "0.21%", "2016-03-31": "0.46%", "2015-12-31": "1.01%", "2015-09-30": "2.05%", "2015-06-30": "6.03%", "2015-03-31": "5.91%", "2014-12-31": "5.90%", "2014-09-30": "5.44%", "2014-06-30": "5.46%", "2014-03-31": "5.38%", "2013-12-31": "5.11%", "2013-09-30": "4.59%", "2013-06-30": "3.47%", "2013-03-31": "2.07%", "2012-12-31": "2.19%", "2012-09-30": "2.37%", "2012-06-30": "2.62%", "2012-03-31": "4.76%", "2011-12-31": "4.05%", "2011-09-30": "3.69%", "2011-06-30": "3.30%", "2011-03-31": "2.61%", "2010-12-31": "2.57%", "2010-09-30": "2.37%", "2010-06-30": "2.08%", "2010-03-31": "2.70%", "2009-12-31": "3.23%", "2009-06-30": "6.74%"}, "return on investments": {"2020-09-30": "8.06%", "2020-06-30": "7.78%", "2020-03-31": "7.56%", "2019-12-31": "7.32%", "2019-09-30": "6.86%", "2019-06-30": "6.69%", "2019-03-31": "4.59%", "2018-12-31": "4.36%", "2018-09-30": "4.21%", "2018-06-30": "4.02%", "2018-03-31": "8.37%", "2017-12-31": "8.48%", "2017-09-30": "8.12%", "2017-06-30": "7.54%", "2017-03-31": "7.01%", "2016-12-31": "6.10%", "2016-09-30": "5.05%", "2016-06-30": "3.72%", "2016-03-31": "4.00%", "2015-12-31": "4.63%", "2015-09-30": "6.02%", "2015-06-30": "10.03%", "2015-03-31": "10.15%", "2014-12-31": "10.29%", "2014-09-30": "9.93%", "2014-06-30": "9.50%", "2014-03-31": "9.44%", "2013-12-31": "9.11%", "2013-09-30": "8.77%", "2013-06-30": "8.13%", "2013-03-31": "6.89%", "2012-12-31": "6.68%", "2012-09-30": "6.52%", "2012-06-30": "6.74%", "2012-03-31": "8.34%", "2011-12-31": "8.31%", "2011-09-30": "7.93%", "2011-06-30": "7.60%", "2011-03-31": "7.40%", "2010-12-31": "7.20%", "2010-09-30": "7.20%", "2010-06-30": "7.15%", "2010-03-31": "9.19%", "2009-12-31": "12.92%", "2009-06-30": "31.79%"}, "return on tangible equity": {"2020-09-30": "-7.90%", "2020-06-30": "-6.84%", "2020-03-31": "-6.00%", "2019-12-31": "-5.60%", "2019-09-30": "-4.41%", "2019-06-30": "-4.18%", "2019-03-31": "-1.86%", "2018-12-31": "-1.83%", "2018-09-30": "-5.07%", "2018-06-30": "-6.53%", "2018-03-31": "-13.34%", "2017-12-31": "-12.45%", "2017-09-30": "-7.93%", "2017-06-30": "-6.83%", "2017-03-31": "-5.86%", "2016-12-31": "-4.35%", "2016-09-30": "-2.86%", "2016-06-30": "-0.40%", "2016-03-31": "-1.04%", "2015-12-31": "-2.68%", "2015-09-30": "-6.79%", "2015-06-30": "-35.09%", "2015-03-31": "-21.25%", "2014-12-31": "-20.26%", "2014-09-30": "-17.75%", "2014-06-30": "-16.60%", "2014-03-31": "-15.20%", "2013-12-31": "-13.57%", "2013-09-30": "-11.45%", "2013-06-30": "-8.23%", "2013-03-31": "-4.73%", "2012-12-31": "-5.62%", "2012-09-30": "-7.27%", "2012-06-30": "-11.03%", "2012-03-31": "-45.83%", "2011-12-31": "-32.18%", "2011-09-30": "-24.04%", "2011-06-30": "-18.77%", "2011-03-31": "-13.11%", "2010-12-31": "-10.26%", "2010-09-30": "-8.06%", "2010-06-30": "-6.24%", "2010-03-31": "-7.26%", "2009-12-31": "-8.66%", "2009-06-30": "-16.89%"}, "dividend yield history": {"last payout": "$0.56", "last yield": "0.81%"}}