{"ticker": "SWK", "price": {"title": "Stanley Black & Decker Historical Annual Stock Price Data", "value": 176.64, "historical": {"2021": {"Average Stock Price": "175.1358", "Year Open": "169.3500", "Year High": "180.0200", "Year Low": "169.3500", "Year Close": "176.6400", "Annual % Change": "-1.08%"}, "2020": {"Average Stock Price": "149.2894", "Year Open": "168.0200", "Year High": "190.9400", "Year Low": "72.0300", "Year Close": "178.5600", "Annual % Change": "7.74%"}, "2019": {"Average Stock Price": "142.0076", "Year Open": "120.7300", "Year High": "167.7600", "Year Low": "115.6900", "Year Close": "165.7400", "Annual % Change": "38.42%"}, "2018": {"Average Stock Price": "143.1755", "Year Open": "168.5100", "Year High": "175.9100", "Year Low": "108.4500", "Year Close": "119.7400", "Annual % Change": "-29.44%"}, "2017": {"Average Stock Price": "142.5807", "Year Open": "115.7500", "Year High": "170.0300", "Year Low": "115.7500", "Year Close": "169.6900", "Annual % Change": "47.96%"}, "2016": {"Average Stock Price": "112.1698", "Year Open": "104.8700", "Year High": "125.7800", "Year Low": "90.1400", "Year Close": "114.6900", "Annual % Change": "7.46%"}, "2015": {"Average Stock Price": "101.5716", "Year Open": "96.0200", "Year High": "110.1700", "Year Low": "90.5100", "Year Close": "106.7300", "Annual % Change": "11.08%"}, "2014": {"Average Stock Price": "86.8433", "Year Open": "80.1800", "Year High": "97.3600", "Year Low": "75.6400", "Year Close": "96.0800", "Annual % Change": "19.07%"}, "2013": {"Average Stock Price": "80.9783", "Year Open": "75.4400", "Year High": "92.3600", "Year Low": "74.0500", "Year Close": "80.6900", "Annual % Change": "9.08%"}, "2012": {"Average Stock Price": "70.8298", "Year Open": "70.2400", "Year High": "81.3400", "Year Low": "59.2500", "Year Close": "73.9700", "Annual % Change": "9.42%"}, "2011": {"Average Stock Price": "67.3641", "Year Open": "68.0700", "Year High": "77.2900", "Year Low": "47.8300", "Year Close": "67.6000", "Annual % Change": "1.09%"}, "2010": {"Average Stock Price": "58.3011", "Year Open": "52.7100", "Year High": "67.2900", "Year Low": "49.5800", "Year Close": "66.8700", "Annual % Change": "29.82%"}, "2009": {"Average Stock Price": "38.4106", "Year Open": "35.4700", "Year High": "53.1300", "Year Low": "22.7500", "Year Close": "51.5100", "Annual % Change": "51.06%"}, "2008": {"Average Stock Price": "43.7721", "Year Open": "46.5600", "Year High": "51.4200", "Year Low": "25.3800", "Year Close": "34.1000", "Annual % Change": "-29.66%"}, "2007": {"Average Stock Price": "56.2855", "Year Open": "50.7800", "Year High": "63.9200", "Year Low": "47.4600", "Year Close": "48.4800", "Annual % Change": "-3.60%"}, "2006": {"Average Stock Price": "49.1119", "Year Open": "48.1700", "Year High": "54.3300", "Year Low": "41.9500", "Year Close": "50.2900", "Annual % Change": "4.68%"}, "2005": {"Average Stock Price": "46.2812", "Year Open": "47.9300", "Year High": "51.1700", "Year Low": "42.2000", "Year Close": "48.0400", "Annual % Change": "-1.94%"}, "2004": {"Average Stock Price": "42.7408", "Year Open": "37.0500", "Year High": "48.9900", "Year Low": "36.5000", "Year Close": "48.9900", "Annual % Change": "29.36%"}, "2003": {"Average Stock Price": "28.7679", "Year Open": "36.0600", "Year High": "37.8700", "Year Low": "21.0000", "Year Close": "37.8700", "Annual % Change": "9.51%"}, "2002": {"Average Stock Price": "39.7740", "Year Open": "45.9600", "Year High": "51.9800", "Year Low": "28.3800", "Year Close": "34.5800", "Annual % Change": "-25.75%"}, "2001": {"Average Stock Price": "38.3057", "Year Open": "30.7500", "Year High": "46.6000", "Year Low": "28.5000", "Year Close": "46.5700", "Annual % Change": "49.31%"}, "2000": {"Average Stock Price": "26.0699", "Year Open": "28.7500", "Year High": "31.1900", "Year Low": "19.2500", "Year Close": "31.1900", "Annual % Change": "3.52%"}, "1999": {"Average Stock Price": "28.2058", "Year Open": "27.7500", "Year High": "33.9400", "Year Low": "22.1300", "Year Close": "30.1300", "Annual % Change": "8.58%"}, "1998": {"Average Stock Price": "41.4140", "Year Open": "45.5600", "Year High": "56.3800", "Year Low": "24.5000", "Year Close": "27.7500", "Annual % Change": "-41.20%"}, "1997": {"Average Stock Price": "41.1538", "Year Open": "29.3800", "Year High": "47.1900", "Year Low": "29.3800", "Year Close": "47.1900", "Annual % Change": "74.78%"}, "1996": {"Average Stock Price": "28.3829", "Year Open": "25.1900", "Year High": "32.6900", "Year Low": "24.3100", "Year Close": "27.0000", "Annual % Change": "4.85%"}, "1995": {"Average Stock Price": "21.1848", "Year Open": "18.0000", "Year High": "26.3150", "Year Low": "17.8750", "Year Close": "25.7500", "Annual % Change": "43.53%"}, "1994": {"Average Stock Price": "20.1255", "Year Open": "21.8150", "Year High": "22.2500", "Year Low": "17.6250", "Year Close": "17.9400", "Annual % Change": "-19.37%"}, "1993": {"Average Stock Price": "21.3344", "Year Open": "20.6250", "Year High": "23.6900", "Year Low": "19.2500", "Year Close": "22.2500", "Annual % Change": "4.71%"}, "1992": {"Average Stock Price": "20.4416", "Year Open": "20.4400", "Year High": "23.8750", "Year Low": "17.0000", "Year Close": "21.2500", "Annual % Change": "3.96%"}, "1991": {"Average Stock Price": "18.5283", "Year Open": "14.5000", "Year High": "21.8150", "Year Low": "13.3150", "Year Close": "20.4400", "Annual % Change": "40.97%"}, "1990": {"Average Stock Price": "16.3378", "Year Open": "19.8750", "Year High": "19.8750", "Year Low": "13.3150", "Year Close": "14.5000", "Annual % Change": "-25.64%"}, "1989": {"Average Stock Price": "17.0839", "Year Open": "13.9400", "Year High": "19.6250", "Year Low": "13.7500", "Year Close": "19.5000", "Annual % Change": "36.84%"}, "1988": {"Average Stock Price": "13.5944", "Year Open": "13.5000", "Year High": "15.6250", "Year Low": "12.1900", "Year Close": "14.2500", "Annual % Change": "10.12%"}, "1987": {"Average Stock Price": "15.4477", "Year Open": "13.2500", "Year High": "18.0000", "Year Low": "10.8750", "Year Close": "12.9400", "Annual % Change": "1.49%"}, "1986": {"Average Stock Price": "13.2697", "Year Open": "10.5000", "Year High": "15.2067", "Year Low": "10.3733", "Year Close": "12.7500", "Annual % Change": "19.53%"}}}, "market cap": {"value": "$28.3B"}, "income statement": {"Revenue": {"2020-12-31": "14534.60000", "2019-12-31": "14442.20000", "2018-12-31": "13982.40000", "2017-12-31": "12966.60000", "2016-12-31": "11593.50000", "2015-12-31": "11171.80000", "2014-12-31": "11338.60000", "2013-12-31": "10889.50000", "2012-12-31": "10022.40000", "2011-12-31": "9376.50000", "2010-12-31": "7496.90000", "2009-12-31": "3682.60000", "2008-12-31": "4426.20000", "2007-12-31": "4360.50000", "2006-12-31": "3897.30000", "2005-12-31": "3285.30000"}, "Cost Of Goods Sold": {"2020-12-31": "9566.70000", "2019-12-31": "9636.70000", "2018-12-31": "9131.30000", "2017-12-31": "8188.30000", "2016-12-31": "7325.50000", "2015-12-31": "7099.80000", "2014-12-31": "7235.90000", "2013-12-31": "6985.80000", "2012-12-31": "6365.10000", "2011-12-31": "5925.70000", "2010-12-31": "4806.60000", "2009-12-31": "2190.20000", "2008-12-31": "2754.80000", "2007-12-31": "2707.50000", "2006-12-31": "2484.30000", "2005-12-31": "2104.00000"}, "Gross Profit": {"2020-12-31": "4967.89900", "2019-12-31": "4805.50000", "2018-12-31": "4851.10100", "2017-12-31": "4778.30000", "2016-12-31": "4268.00000", "2015-12-31": "4072.00000", "2014-12-31": "4102.70000", "2013-12-31": "3903.70000", "2012-12-31": "3657.30000", "2011-12-31": "3450.80000", "2010-12-31": "2690.30000", "2009-12-31": "1492.40000", "2008-12-31": "1671.40000", "2007-12-31": "1653.00000", "2006-12-31": "1413.00000", "2005-12-31": "1181.30000"}, "Research And Development Expenses": {"2020-12-31": "", "2019-12-31": "", "2018-12-31": "", "2017-12-31": "", "2016-12-31": "", "2015-12-31": "", "2014-12-31": "", "2013-12-31": "", "2012-12-31": "", "2011-12-31": "", "2010-12-31": "", "2009-12-31": "", "2008-12-31": "", "2007-12-31": "", "2006-12-31": "", "2005-12-31": ""}, "SG&A Expenses": {"2020-12-31": "3089.60000", "2019-12-31": "3008.00000", "2018-12-31": "3143.70000", "2017-12-31": "2982.90000", "2016-12-31": "2609.30000", "2015-12-31": "2459.10000", "2014-12-31": "2575.00000", "2013-12-31": "2676.40000", "2012-12-31": "2462.50000", "2011-12-31": "2342.40000", "2010-12-31": "1993.50000", "2009-12-31": "1002.20000", "2008-12-31": "1090.00000", "2007-12-31": "1029.10000", "2006-12-31": "928.50000", "2005-12-31": "736.80000"}, "Other Operating Income Or Expenses": {"2020-12-31": "-323.20000", "2019-12-31": "-265.10000", "2018-12-31": "-315.80000", "2017-12-31": "-21.40000", "2016-12-31": "-209.10000", "2015-12-31": "-249.30000", "2014-12-31": "-260.50000", "2013-12-31": "-298.10000", "2012-12-31": "-308.20000", "2011-12-31": "-269.40000", "2010-12-31": "-195.40000", "2009-12-31": "-152.00000", "2008-12-31": "-129.20000", "2007-12-31": "-94.10000", "2006-12-31": "-58.10000", "2005-12-31": "-47.90000"}, "Operating Expenses": {"2020-12-31": "13062.50000", "2019-12-31": "13063.90000", "2018-12-31": "12751.10000", "2017-12-31": "11256.30000", "2016-12-31": "10192.90000", "2015-12-31": "9855.80000", "2014-12-31": "10090.20000", "2013-12-31": "10134.00000", "2012-12-31": "9309.89900", "2011-12-31": "8603.70000", "2010-12-31": "7227.20000", "2009-12-31": "3383.20000", "2008-12-31": "4059.50000", "2007-12-31": "3843.50000", "2006-12-31": "3484.70000", "2005-12-31": "2893.30000"}, "Operating Income": {"2020-12-31": "1472.09900", "2019-12-31": "1378.30100", "2018-12-31": "1231.30100", "2017-12-31": "1710.30000", "2016-12-31": "1400.60100", "2015-12-31": "1316.00000", "2014-12-31": "1248.39900", "2013-12-31": "755.50100", "2012-12-31": "712.50100", "2011-12-31": "772.79980", "2010-12-31": "269.69970", "2009-12-31": "299.40010", "2008-12-31": "366.70020", "2007-12-31": "516.99980", "2006-12-31": "412.59990", "2005-12-31": "392.00000"}, "Total Non-Operating Income/Expense": {"2020-12-31": "-205.10000", "2019-12-31": "-248.30000", "2018-12-31": "-209.20000", "2017-12-31": "-182.50000", "2016-12-31": "-171.30000", "2015-12-31": "-165.20000", "2014-12-31": "-163.60000", "2013-12-31": "-167.90000", "2012-12-31": "-179.40000", "2011-12-31": "-113.90000", "2010-12-31": "-101.10000", "2009-12-31": "-16.80000", "2008-12-31": "-73.50000", "2007-12-31": "-87.70000", "2006-12-31": "-64.90000", "2005-12-31": "-33.80000"}, "Pre-Tax Income": {"2020-12-31": "1267.00000", "2019-12-31": "1130.00000", "2018-12-31": "1022.10000", "2017-12-31": "1527.80000", "2016-12-31": "1229.30000", "2015-12-31": "1150.80000", "2014-12-31": "1084.80000", "2013-12-31": "587.60000", "2012-12-31": "533.10000", "2011-12-31": "658.90000", "2010-12-31": "168.60000", "2009-12-31": "282.60000", "2008-12-31": "293.20000", "2007-12-31": "429.30000", "2006-12-31": "347.70000", "2005-12-31": "358.20000"}, "Income Taxes": {"2020-12-31": "41.40000", "2019-12-31": "160.80000", "2018-12-31": "416.30000", "2017-12-31": "300.90000", "2016-12-31": "261.70000", "2015-12-31": "248.60000", "2014-12-31": "227.10000", "2013-12-31": "68.60000", "2012-12-31": "75.80000", "2011-12-31": "52.30000", "2010-12-31": "18.00000", "2009-12-31": "55.00000", "2008-12-31": "72.50000", "2007-12-31": "106.80000", "2006-12-31": "69.00000", "2005-12-31": "86.50000"}, "Income After Taxes": {"2020-12-31": "1225.60000", "2019-12-31": "969.20000", "2018-12-31": "605.80000", "2017-12-31": "1226.90000", "2016-12-31": "967.60000", "2015-12-31": "902.20010", "2014-12-31": "857.70010", "2013-12-31": "519.00000", "2012-12-31": "457.30000", "2011-12-31": "606.60000", "2010-12-31": "150.60000", "2009-12-31": "227.60000", "2008-12-31": "220.70000", "2007-12-31": "322.50000", "2006-12-31": "278.70000", "2005-12-31": "271.70000"}, "Other Income": {"2020-12-31": "", "2019-12-31": "", "2018-12-31": "", "2017-12-31": "", "2016-12-31": "", "2015-12-31": "", "2014-12-31": "", "2013-12-31": "", "2012-12-31": "", "2011-12-31": "", "2010-12-31": "", "2009-12-31": "", "2008-12-31": "", "2007-12-31": "", "2006-12-31": "", "2005-12-31": ""}, "Income From Continuous Operations": {"2020-12-31": "1234.70000", "2019-12-31": "958.00000", "2018-12-31": "605.80000", "2017-12-31": "1226.90000", "2016-12-31": "967.60000", "2015-12-31": "902.20000", "2014-12-31": "857.20000", "2013-12-31": "520.00000", "2012-12-31": "458.10000", "2011-12-31": "606.70000", "2010-12-31": "150.60000", "2009-12-31": "225.60000", "2008-12-31": "219.00000", "2007-12-31": "320.60000", "2006-12-31": "278.70000", "2005-12-31": "271.70000"}, "Income From Discontinued Operations": {"2020-12-31": "", "2019-12-31": "", "2018-12-31": "", "2017-12-31": "", "2016-12-31": "", "2015-12-31": "", "2014-12-31": "-96.30000", "2013-12-31": "-29.70000", "2012-12-31": "425.70000", "2011-12-31": "67.90000", "2010-12-31": "47.60000", "2009-12-31": "-1.30000", "2008-12-31": "87.90000", "2007-12-31": "11.30000", "2006-12-31": "10.80000", "2005-12-31": "-2.10000"}, "Net Income": {"2020-12-31": "1210.40000", "2019-12-31": "955.80000", "2018-12-31": "605.20000", "2017-12-31": "1227.30000", "2016-12-31": "968.00000", "2015-12-31": "903.80000", "2014-12-31": "760.90000", "2013-12-31": "490.30000", "2012-12-31": "883.80000", "2011-12-31": "674.60000", "2010-12-31": "197.70000", "2009-12-31": "224.30000", "2008-12-31": "306.90000", "2007-12-31": "331.90000", "2006-12-31": "289.50000", "2005-12-31": "269.60000"}, "EBITDA": {"2020-12-31": "2050.19900", "2019-12-31": "1945.90100", "2018-12-31": "1747.40100", "2017-12-31": "2214.20000", "2016-12-31": "1808.60100", "2015-12-31": "1730.00000", "2014-12-31": "1698.19900", "2013-12-31": "1196.80100", "2012-12-31": "1157.80100", "2011-12-31": "1182.90000", "2010-12-31": "618.39970", "2009-12-31": "499.50020", "2008-12-31": "549.70020", "2007-12-31": "679.19980", "2006-12-31": "533.79990", "2005-12-31": "488.50000"}, "EBIT": {"2020-12-31": "1472.09900", "2019-12-31": "1378.30100", "2018-12-31": "1231.30100", "2017-12-31": "1710.30000", "2016-12-31": "1400.60100", "2015-12-31": "1316.00000", "2014-12-31": "1248.39900", "2013-12-31": "755.50100", "2012-12-31": "712.50100", "2011-12-31": "772.79980", "2010-12-31": "269.69970", "2009-12-31": "299.40010", "2008-12-31": "366.70020", "2007-12-31": "516.99980", "2006-12-31": "412.59990", "2005-12-31": "392.00000"}, "Basic Shares Outstanding": {"2020-12-31": "154.17600", "2019-12-31": "148.36500", "2018-12-31": "148.91900", "2017-12-31": "149.62900", "2016-12-31": "146.04100", "2015-12-31": "148.23400", "2014-12-31": "156.09000", "2013-12-31": "155.23700", "2012-12-31": "163.06700", "2011-12-31": "165.83200", "2010-12-31": "147.22400", "2009-12-31": "79.78800", "2008-12-31": "78.89700", "2007-12-31": "82.31300", "2006-12-31": "81.86600", "2005-12-31": "83.34700"}, "Shares Outstanding": {"2020-12-31": "155.86100", "2019-12-31": "150.55800", "2018-12-31": "151.64300", "2017-12-31": "152.44900", "2016-12-31": "148.20700", "2015-12-31": "152.70600", "2014-12-31": "159.73700", "2013-12-31": "158.77600", "2012-12-31": "166.70100", "2011-12-31": "170.10500", "2010-12-31": "150.16700", "2009-12-31": "80.39600", "2008-12-31": "79.87400", "2007-12-31": "84.04600", "2006-12-31": "83.70400", "2005-12-31": "85.40600"}, "Basic EPS": {"2020-12-31": "7.85000", "2019-12-31": "6.44000", "2018-12-31": "4.06000", "2017-12-31": "8.20000", "2016-12-31": "6.63000", "2015-12-31": "5.96000", "2014-12-31": "4.87000", "2013-12-31": "3.16000", "2012-12-31": "5.41000", "2011-12-31": "4.06000", "2010-12-31": "1.34000", "2009-12-31": "2.81000", "2008-12-31": "3.88000", "2007-12-31": "4.03000", "2006-12-31": "3.54000", "2005-12-31": "3.23000"}, "EPS - Earnings Per Share": {"2020-12-31": "7.77000", "2019-12-31": "6.35000", "2018-12-31": "3.99000", "2017-12-31": "8.05000", "2016-12-31": "6.53000", "2015-12-31": "5.79000", "2014-12-31": "4.76000", "2013-12-31": "3.09000", "2012-12-31": "5.30000", "2011-12-31": "3.97000", "2010-12-31": "1.32000", "2009-12-31": "2.79000", "2008-12-31": "3.84000", "2007-12-31": "3.95000", "2006-12-31": "3.46000", "2005-12-31": "3.16000"}}, "income statement, quarterly": {"Revenue": {"2020-12-31": "4407.60000", "2020-09-30": "3850.20000", "2020-06-30": "3147.40000", "2020-03-31": "3129.40000", "2019-12-31": "3714.20000", "2019-09-30": "3633.10000", "2019-06-30": "3761.30000", "2019-03-31": "3333.60000", "2018-12-31": "3634.70000", "2018-09-30": "3494.80000", "2018-06-30": "3643.60000", "2018-03-31": "3209.30000", "2017-12-31": "3464.19900", "2017-09-30": "3359.40000", "2017-06-30": "3286.70000", "2017-03-31": "2856.30000", "2016-12-31": "3107.00000", "2016-09-30": "2882.00000", "2016-06-30": "2932.40000", "2016-03-31": "2672.10000", "2015-12-31": "2845.40000", "2015-09-30": "2829.50000", "2015-06-30": "2866.90000", "2015-03-31": "2630.00000", "2014-12-31": "2982.49900", "2014-09-30": "2878.90000", "2014-06-30": "2860.10000", "2014-03-31": "2617.10000", "2013-12-31": "2796.50000", "2013-09-30": "2758.30000", "2013-06-30": "2858.20000", "2013-03-31": "2476.50000", "2012-12-31": "2512.10000", "2012-09-30": "2517.20000", "2012-06-30": "2567.00000", "2012-03-31": "2426.10000", "2011-12-31": "1792.00000", "2011-09-30": "2619.70000", "2011-06-30": "2603.30000", "2011-03-31": "2361.50000", "2010-12-31": "1500.20000", "2010-09-30": "2369.10000", "2010-06-30": "2365.60000", "2010-03-31": "1262.00000", "2009-12-31": "914.90010", "2009-09-30": "935.50000", "2009-06-30": "919.20000", "2009-03-31": "913.00000", "2008-12-31": "1085.90000", "2008-09-30": "1117.60000", "2008-06-30": "1151.70000", "2008-03-31": "1071.00000", "2007-12-31": "1096.50000", "2007-09-30": "1106.20000", "2007-06-30": "1095.70000", "2007-03-31": "1062.10000", "2006-12-31": "898.00010", "2006-09-30": "1012.70000", "2006-06-30": "1017.90000", "2006-03-31": "968.70000", "2005-12-31": "839.40000", "2005-09-30": "834.90000", "2005-06-30": "814.70000", "2005-03-31": "796.30000"}, "Cost Of Goods Sold": {"2020-12-31": "2851.80000", "2020-09-30": "2473.90000", "2020-06-30": "2134.70000", "2020-03-31": "2106.30000", "2019-12-31": "2553.60000", "2019-09-30": "2393.60000", "2019-06-30": "2461.50000", "2019-03-31": "2228.00000", "2018-12-31": "2474.80000", "2018-09-30": "2256.40000", "2018-06-30": "2356.50000", "2018-03-31": "2043.60000", "2017-12-31": "2218.20000", "2017-09-30": "2106.40000", "2017-06-30": "2073.40000", "2017-03-31": "1790.30000", "2016-12-31": "2029.60000", "2016-09-30": "1797.90000", "2016-06-30": "1803.50000", "2016-03-31": "1694.50000", "2015-12-31": "1831.20000", "2015-09-30": "1802.50000", "2015-06-30": "1809.70000", "2015-03-31": "1656.40000", "2014-12-31": "1931.40000", "2014-09-30": "1832.30000", "2014-06-30": "1811.50000", "2014-03-31": "1660.70000", "2013-12-31": "1794.70000", "2013-09-30": "1770.70000", "2013-06-30": "1852.50000", "2013-03-31": "1567.90000", "2012-12-31": "1609.00000", "2012-09-30": "1605.30000", "2012-06-30": "1636.70000", "2012-03-31": "1514.10000", "2011-12-31": "1149.80000", "2011-09-30": "1651.40000", "2011-06-30": "1640.40000", "2011-03-31": "1484.10000", "2010-12-31": "889.10010", "2010-09-30": "1514.80000", "2010-06-30": "1596.60000", "2010-03-31": "806.10000", "2009-12-31": "536.60000", "2009-09-30": "549.10000", "2009-06-30": "552.60000", "2009-03-31": "551.90000", "2008-12-31": "693.40010", "2008-09-30": "686.20000", "2008-06-30": "710.10000", "2008-03-31": "665.10000", "2007-12-31": "682.80010", "2007-09-30": "684.60000", "2007-06-30": "673.30000", "2007-03-31": "666.80000", "2006-12-31": "571.40000", "2006-09-30": "634.90000", "2006-06-30": "641.20000", "2006-03-31": "636.80000", "2005-12-31": "550.10000", "2005-09-30": "530.60000", "2005-06-30": "514.00000", "2005-03-31": "509.30000"}, "Gross Profit": {"2020-12-31": "1555.80000", "2020-09-30": "1376.30000", "2020-06-30": "1012.70000", "2020-03-31": "1023.10000", "2019-12-31": "1160.60000", "2019-09-30": "1239.50000", "2019-06-30": "1299.80000", "2019-03-31": "1105.60000", "2018-12-31": "1159.90100", "2018-09-30": "1238.40000", "2018-06-30": "1287.10000", "2018-03-31": "1165.70000", "2017-12-31": "1245.99900", "2017-09-30": "1253.00000", "2017-06-30": "1213.30000", "2017-03-31": "1066.00000", "2016-12-31": "1077.40000", "2016-09-30": "1084.10000", "2016-06-30": "1128.90000", "2016-03-31": "977.60010", "2015-12-31": "1014.20000", "2015-09-30": "1027.00000", "2015-06-30": "1057.20000", "2015-03-31": "973.60000", "2014-12-31": "1051.09900", "2014-09-30": "1046.60000", "2014-06-30": "1048.60000", "2014-03-31": "956.40010", "2013-12-31": "1001.80000", "2013-09-30": "987.60010", "2013-06-30": "1005.70000", "2013-03-31": "908.60000", "2012-12-31": "903.10020", "2012-09-30": "911.89990", "2012-06-30": "930.30000", "2012-03-31": "912.00010", "2011-12-31": "642.19960", "2011-09-30": "968.29990", "2011-06-30": "962.90000", "2011-03-31": "877.40000", "2010-12-31": "611.09960", "2010-09-30": "854.30000", "2010-06-30": "769.00010", "2010-03-31": "455.90000", "2009-12-31": "378.30020", "2009-09-30": "386.40000", "2009-06-30": "366.60000", "2009-03-31": "361.10000", "2008-12-31": "392.50000", "2008-09-30": "431.40000", "2008-06-30": "441.60000", "2008-03-31": "405.90000", "2007-12-31": "413.70000", "2007-09-30": "421.60000", "2007-06-30": "422.40000", "2007-03-31": "395.30000", "2006-12-31": "326.60010", "2006-09-30": "377.80000", "2006-06-30": "376.70000", "2006-03-31": "331.90000", "2005-12-31": "289.29990", "2005-09-30": "304.30000", "2005-06-30": "300.70000", "2005-03-31": "287.00000"}, "Research And Development Expenses": {"2020-12-31": "", "2020-09-30": "", "2020-06-30": "", "2020-03-31": "", "2019-12-31": "", "2019-09-30": "", "2019-06-30": "", "2019-03-31": "", "2018-12-31": "", "2018-09-30": "", "2018-06-30": "", "2018-03-31": "", "2017-12-31": "", "2017-09-30": "", "2017-06-30": "", "2017-03-31": "", "2016-12-31": "", "2016-09-30": "", "2016-06-30": "", "2016-03-31": "", "2015-12-31": "", "2015-09-30": "", "2015-06-30": "", "2015-03-31": "", "2014-12-31": "", "2014-09-30": "", "2014-06-30": "", "2014-03-31": "", "2013-12-31": "", "2013-09-30": "", "2013-06-30": "", "2013-03-31": "", "2012-12-31": "", "2012-09-30": "", "2012-06-30": "", "2012-03-31": "", "2011-12-31": "", "2011-09-30": "", "2011-06-30": "", "2011-03-31": "", "2010-12-31": "", "2010-09-30": "", "2010-06-30": "", "2010-03-31": "", "2009-12-31": "", "2009-09-30": "", "2009-06-30": "", "2009-03-31": "", "2008-12-31": "", "2008-09-30": "", "2008-06-30": "", "2008-03-31": "", "2007-12-31": "", "2007-09-30": "", "2007-06-30": "", "2007-03-31": "", "2006-12-31": "", "2006-09-30": "", "2006-06-30": "", "2006-03-31": "", "2005-12-31": "", "2005-09-30": "", "2005-06-30": "", "2005-03-31": ""}, "SG&A Expenses": {"2020-12-31": "870.20000", "2020-09-30": "731.30000", "2020-06-30": "713.00000", "2020-03-31": "737.80000", "2019-12-31": "718.40000", "2019-09-30": "752.80000", "2019-06-30": "776.20000", "2019-03-31": "760.60000", "2018-12-31": "770.19980", "2018-09-30": "792.90000", "2018-06-30": "801.80000", "2018-03-31": "778.80000", "2017-12-31": "798.90000", "2017-09-30": "763.40000", "2017-06-30": "738.60000", "2017-03-31": "682.00000", "2016-12-31": "685.40000", "2016-09-30": "643.80000", "2016-06-30": "659.70000", "2016-03-31": "620.40000", "2015-12-31": "615.50010", "2015-09-30": "598.40000", "2015-06-30": "631.50000", "2015-03-31": "613.70000", "2014-12-31": "651.90000", "2014-09-30": "637.20000", "2014-06-30": "649.00000", "2014-03-31": "636.90000", "2013-12-31": "674.39980", "2013-09-30": "665.00000", "2013-06-30": "673.80000", "2013-03-31": "663.20000", "2012-12-31": "600.00000", "2012-09-30": "604.60000", "2012-06-30": "622.90000", "2012-03-31": "635.00000", "2011-12-31": "483.39990", "2011-09-30": "635.90000", "2011-06-30": "624.10000", "2011-03-31": "599.00000", "2010-12-31": "454.60000", "2010-09-30": "579.30000", "2010-06-30": "581.10000", "2010-03-31": "378.50000", "2009-12-31": "252.80000", "2009-09-30": "248.60000", "2009-06-30": "253.20000", "2009-03-31": "247.60000", "2008-12-31": "268.30000", "2008-09-30": "269.20000", "2008-06-30": "280.10000", "2008-03-31": "272.40000", "2007-12-31": "260.10000", "2007-09-30": "250.60000", "2007-06-30": "259.40000", "2007-03-31": "259.00000", "2006-12-31": "218.10000", "2006-09-30": "229.10000", "2006-06-30": "243.50000", "2006-03-31": "237.80000", "2005-12-31": "190.50000", "2005-09-30": "175.20000", "2005-06-30": "186.70000", "2005-03-31": "184.40000"}, "Other Operating Income Or Expenses": {"2020-12-31": "-87.10000", "2020-09-30": "-81.90000", "2020-06-30": "-105.90000", "2020-03-31": "-85.60000", "2019-12-31": "-72.00000", "2019-09-30": "-58.30000", "2019-06-30": "-51.10000", "2019-03-31": "-83.70000", "2018-12-31": "-61.50000", "2018-09-30": "-65.40000", "2018-06-30": "-124.10000", "2018-03-31": "-64.80000", "2017-12-31": "-50.80000", "2017-09-30": "-69.20000", "2017-06-30": "-61.80000", "2017-03-31": "160.40000", "2016-12-31": "-42.30000", "2016-09-30": "-58.40000", "2016-06-30": "-54.80000", "2016-03-31": "-53.60000", "2015-12-31": "-48.90000", "2015-09-30": "-63.90000", "2015-06-30": "-63.50000", "2015-03-31": "-73.00000", "2014-12-31": "-66.90000", "2014-09-30": "-64.80000", "2014-06-30": "-64.20000", "2014-03-31": "-64.60000", "2013-12-31": "-79.80000", "2013-09-30": "-71.20000", "2013-06-30": "-74.80000", "2013-03-31": "-72.30000", "2012-12-31": "-80.40000", "2012-09-30": "-71.80000", "2012-06-30": "-85.80000", "2012-03-31": "-70.20000", "2011-12-31": "-55.10000", "2011-09-30": "-93.40000", "2011-06-30": "-65.70000", "2011-03-31": "-55.20000", "2010-12-31": "-2.70000", "2010-09-30": "-55.60000", "2010-06-30": "-68.20000", "2010-03-31": "-68.90000", "2009-12-31": "-46.90000", "2009-09-30": "-36.40000", "2009-06-30": "-33.30000", "2009-03-31": "-35.40000", "2008-12-31": "-50.10000", "2008-09-30": "-33.50000", "2008-06-30": "-23.30000", "2008-03-31": "-22.30000", "2007-12-31": "-19.70000", "2007-09-30": "-27.00000", "2007-06-30": "-27.50000", "2007-03-31": "-19.90000", "2006-12-31": "-7.60000", "2006-09-30": "-18.20000", "2006-06-30": "-12.00000", "2006-03-31": "-20.30000", "2005-12-31": "-8.20000", "2005-09-30": "-16.50000", "2005-06-30": "-13.70000", "2005-03-31": "-9.50000"}, "Operating Expenses": {"2020-12-31": "3817.50000", "2020-09-30": "3329.90000", "2020-06-30": "2981.50000", "2020-03-31": "2933.60000", "2019-12-31": "3406.89900", "2019-09-30": "3278.70000", "2019-06-30": "3297.30000", "2019-03-31": "3081.00000", "2018-12-31": "3408.70000", "2018-09-30": "3136.50000", "2018-06-30": "3295.80000", "2018-03-31": "2910.10000", "2017-12-31": "3075.90000", "2017-09-30": "2958.10000", "2017-06-30": "2882.10000", "2017-03-31": "2340.20000", "2016-12-31": "2778.99900", "2016-09-30": "2509.20000", "2016-06-30": "2528.20000", "2016-03-31": "2376.50000", "2015-12-31": "2499.30000", "2015-09-30": "2478.80000", "2015-06-30": "2509.70000", "2015-03-31": "2368.00000", "2014-12-31": "2674.60000", "2014-09-30": "2534.10000", "2014-06-30": "2523.00000", "2014-03-31": "2358.50000", "2013-12-31": "2682.09900", "2013-09-30": "2535.40000", "2013-06-30": "2570.20000", "2013-03-31": "2346.30000", "2012-12-31": "2346.20000", "2012-09-30": "2334.60000", "2012-06-30": "2369.80000", "2012-03-31": "2259.30000", "2011-12-31": "1705.30100", "2011-09-30": "2395.60000", "2011-06-30": "2351.20000", "2011-03-31": "2151.60000", "2010-12-31": "1370.10000", "2010-09-30": "2174.50000", "2010-06-30": "2331.70000", "2010-03-31": "1350.90000", "2009-12-31": "849.50000", "2009-09-30": "840.70000", "2009-06-30": "849.00000", "2009-03-31": "844.00000", "2008-12-31": "1072.30000", "2008-09-30": "993.70000", "2008-06-30": "1030.50000", "2008-03-31": "963.00000", "2007-12-31": "965.00030", "2007-09-30": "964.99990", "2007-06-30": "963.79990", "2007-03-31": "949.70000", "2006-12-31": "800.90010", "2006-09-30": "883.10000", "2006-06-30": "898.50000", "2006-03-31": "902.20000", "2005-12-31": "749.50020", "2005-09-30": "724.60000", "2005-06-30": "716.00000", "2005-03-31": "703.20000"}, "Operating Income": {"2020-12-31": "590.10010", "2020-09-30": "520.30000", "2020-06-30": "165.90010", "2020-03-31": "195.79980", "2019-12-31": "307.30030", "2019-09-30": "354.39990", "2019-06-30": "464.00000", "2019-03-31": "252.60010", "2018-12-31": "226.00050", "2018-09-30": "358.30030", "2018-06-30": "347.80000", "2018-03-31": "299.20020", "2017-12-31": "388.29910", "2017-09-30": "401.30000", "2017-06-30": "404.59990", "2017-03-31": "516.09990", "2016-12-31": "328.00100", "2016-09-30": "372.80000", "2016-06-30": "404.20000", "2016-03-31": "295.60010", "2015-12-31": "346.10010", "2015-09-30": "350.70020", "2015-06-30": "357.20000", "2015-03-31": "262.00000", "2014-12-31": "307.89920", "2014-09-30": "344.79980", "2014-06-30": "337.10010", "2014-03-31": "258.59990", "2013-12-31": "114.40110", "2013-09-30": "222.90010", "2013-06-30": "287.99980", "2013-03-31": "130.20000", "2012-12-31": "165.90010", "2012-09-30": "182.60010", "2012-06-30": "197.20000", "2012-03-31": "166.80000", "2011-12-31": "86.69950", "2011-09-30": "224.10010", "2011-06-30": "252.10010", "2011-03-31": "209.89990", "2010-12-31": "130.09950", "2010-09-30": "194.59990", "2010-06-30": "33.90020", "2010-03-31": "-88.90000", "2009-12-31": "65.40020", "2009-09-30": "94.80010", "2009-06-30": "70.20000", "2009-03-31": "69.00000", "2008-12-31": "13.60010", "2008-09-30": "123.90000", "2008-06-30": "121.20000", "2008-03-31": "108.00000", "2007-12-31": "131.49980", "2007-09-30": "141.20000", "2007-06-30": "131.90000", "2007-03-31": "112.40000", "2006-12-31": "97.09990", "2006-09-30": "129.60000", "2006-06-30": "119.40000", "2006-03-31": "66.50010", "2005-12-31": "89.89970", "2005-09-30": "110.30000", "2005-06-30": "98.70000", "2005-03-31": "93.10000"}, "Total Non-Operating Income/Expense": {"2020-12-31": "-50.00000", "2020-09-30": "-50.70000", "2020-06-30": "-54.80000", "2020-03-31": "-49.60000", "2019-12-31": "-70.50000", "2019-09-30": "-59.70000", "2019-06-30": "-60.30000", "2019-03-31": "-57.80000", "2018-12-31": "-55.00000", "2018-09-30": "-53.40000", "2018-06-30": "-53.40000", "2018-03-31": "-47.40000", "2017-12-31": "-46.60000", "2017-09-30": "-46.90000", "2017-06-30": "-46.30000", "2017-03-31": "-42.70000", "2016-12-31": "-42.50000", "2016-09-30": "-45.10000", "2016-06-30": "-42.20000", "2016-03-31": "-41.50000", "2015-12-31": "-39.70000", "2015-09-30": "-41.60000", "2015-06-30": "-43.20000", "2015-03-31": "-40.70000", "2014-12-31": "-42.20000", "2014-09-30": "-40.40000", "2014-06-30": "-40.30000", "2014-03-31": "-40.70000", "2013-12-31": "-58.80000", "2013-09-30": "-36.10000", "2013-06-30": "-36.30000", "2013-03-31": "-36.70000", "2012-12-31": "-35.90000", "2012-09-30": "-79.70000", "2012-06-30": "-32.40000", "2012-03-31": "-31.40000", "2011-12-31": "-30.70000", "2011-09-30": "-26.80000", "2011-06-30": "-26.80000", "2011-03-31": "-29.60000", "2010-12-31": "-31.70000", "2010-09-30": "-26.70000", "2010-06-30": "-24.60000", "2010-03-31": "-18.10000", "2009-12-31": "-14.00000", "2009-09-30": "-15.00000", "2009-06-30": "28.50000", "2009-03-31": "-16.30000", "2008-12-31": "-11.50000", "2008-09-30": "-20.80000", "2008-06-30": "-20.30000", "2008-03-31": "-20.90000", "2007-12-31": "-27.00000", "2007-09-30": "-20.20000", "2007-06-30": "-20.30000", "2007-03-31": "-20.20000", "2006-12-31": "-15.40000", "2006-09-30": "-16.50000", "2006-06-30": "-17.40000", "2006-03-31": "-15.60000", "2005-12-31": "-9.90000", "2005-09-30": "-8.10000", "2005-06-30": "-8.20000", "2005-03-31": "-7.60000"}, "Pre-Tax Income": {"2020-12-31": "540.10000", "2020-09-30": "469.60000", "2020-06-30": "111.10000", "2020-03-31": "146.20000", "2019-12-31": "236.80000", "2019-09-30": "294.70000", "2019-06-30": "403.70000", "2019-03-31": "194.80000", "2018-12-31": "171.00000", "2018-09-30": "304.90000", "2018-06-30": "294.40000", "2018-03-31": "251.80000", "2017-12-31": "341.70000", "2017-09-30": "354.40000", "2017-06-30": "358.30000", "2017-03-31": "473.40000", "2016-12-31": "285.50000", "2016-09-30": "327.70000", "2016-06-30": "362.00000", "2016-03-31": "254.10000", "2015-12-31": "306.40010", "2015-09-30": "309.10000", "2015-06-30": "314.00000", "2015-03-31": "221.30000", "2014-12-31": "265.70000", "2014-09-30": "304.40000", "2014-06-30": "296.80000", "2014-03-31": "217.90000", "2013-12-31": "55.60000", "2013-09-30": "186.80000", "2013-06-30": "251.70000", "2013-03-31": "93.50000", "2012-12-31": "130.00000", "2012-09-30": "102.90000", "2012-06-30": "164.80000", "2012-03-31": "135.40000", "2011-12-31": "56.00000", "2011-09-30": "197.30000", "2011-06-30": "225.30000", "2011-03-31": "180.30000", "2010-12-31": "98.40000", "2010-09-30": "167.90000", "2010-06-30": "9.30000", "2010-03-31": "-107.00000", "2009-12-31": "51.40000", "2009-09-30": "79.80000", "2009-06-30": "98.70000", "2009-03-31": "52.70000", "2008-12-31": "2.10000", "2008-09-30": "103.10000", "2008-06-30": "100.90000", "2008-03-31": "87.10000", "2007-12-31": "104.50000", "2007-09-30": "121.00000", "2007-06-30": "111.60000", "2007-03-31": "92.20000", "2006-12-31": "81.70000", "2006-09-30": "113.10000", "2006-06-30": "102.00000", "2006-03-31": "50.90000", "2005-12-31": "80.00000", "2005-09-30": "102.20000", "2005-06-30": "90.50000", "2005-03-31": "85.50000"}, "Income Taxes": {"2020-12-31": "67.40000", "2020-09-30": "78.40000", "2020-06-30": "-117.30000", "2020-03-31": "12.90000", "2019-12-31": "25.30000", "2019-09-30": "59.20000", "2019-06-30": "51.60000", "2019-03-31": "24.70000", "2018-12-31": "277.00000", "2018-09-30": "56.60000", "2018-06-30": "1.00000", "2018-03-31": "81.70000", "2017-12-31": "60.60000", "2017-09-30": "79.90000", "2017-06-30": "80.70000", "2017-03-31": "79.70000", "2016-12-31": "27.00000", "2016-09-30": "78.70000", "2016-06-30": "90.50000", "2016-03-31": "65.50000", "2015-12-31": "39.10000", "2015-09-30": "75.70000", "2015-06-30": "78.50000", "2015-03-31": "55.30000", "2014-12-31": "46.70000", "2014-09-30": "58.30000", "2014-06-30": "74.10000", "2014-03-31": "48.00000", "2013-12-31": "-11.90000", "2013-09-30": "17.30000", "2013-06-30": "54.40000", "2013-03-31": "8.80000", "2012-12-31": "-5.50000", "2012-09-30": "12.90000", "2012-06-30": "38.60000", "2012-03-31": "29.80000", "2011-12-31": "-33.70000", "2011-09-30": "35.10000", "2011-06-30": "27.70000", "2011-03-31": "23.20000", "2010-12-31": "8.70000", "2010-09-30": "44.80000", "2010-06-30": "-37.00000", "2010-03-31": "1.50000", "2009-12-31": "-3.10000", "2009-09-30": "17.70000", "2009-06-30": "26.70000", "2009-03-31": "13.70000", "2008-12-31": "-2.00000", "2008-09-30": "25.40000", "2008-06-30": "26.30000", "2008-03-31": "22.80000", "2007-12-31": "20.70000", "2007-09-30": "32.50000", "2007-06-30": "29.00000", "2007-03-31": "24.60000", "2006-12-31": "6.70000", "2006-09-30": "22.90000", "2006-06-30": "27.00000", "2006-03-31": "12.40000", "2005-12-31": "15.80000", "2005-09-30": "25.80000", "2005-06-30": "25.20000", "2005-03-31": "19.70000"}, "Income After Taxes": {"2020-12-31": "472.70000", "2020-09-30": "391.20000", "2020-06-30": "228.40000", "2020-03-31": "133.30000", "2019-12-31": "211.50000", "2019-09-30": "235.50000", "2019-06-30": "352.10000", "2019-03-31": "170.10000", "2018-12-31": "-106.00000", "2018-09-30": "248.30000", "2018-06-30": "293.40000", "2018-03-31": "170.10000", "2017-12-31": "281.10000", "2017-09-30": "274.50000", "2017-06-30": "277.60000", "2017-03-31": "393.70000", "2016-12-31": "258.50000", "2016-09-30": "249.00000", "2016-06-30": "271.50000", "2016-03-31": "188.60000", "2015-12-31": "267.30000", "2015-09-30": "233.40000", "2015-06-30": "235.50000", "2015-03-31": "166.00000", "2014-12-31": "219.00010", "2014-09-30": "246.10000", "2014-06-30": "222.70000", "2014-03-31": "169.90000", "2013-12-31": "67.50000", "2013-09-30": "169.50000", "2013-06-30": "197.30000", "2013-03-31": "84.70000", "2012-12-31": "135.50000", "2012-09-30": "90.00000", "2012-06-30": "126.20000", "2012-03-31": "105.60000", "2011-12-31": "89.70000", "2011-09-30": "162.20000", "2011-06-30": "197.60000", "2011-03-31": "157.10000", "2010-12-31": "89.70000", "2010-09-30": "123.10000", "2010-06-30": "46.30000", "2010-03-31": "-108.50000", "2009-12-31": "54.50000", "2009-09-30": "62.10000", "2009-06-30": "72.00000", "2009-03-31": "39.00000", "2008-12-31": "4.10000", "2008-09-30": "77.70000", "2008-06-30": "74.60000", "2008-03-31": "64.30000", "2007-12-31": "83.80000", "2007-09-30": "88.50000", "2007-06-30": "82.60000", "2007-03-31": "67.60000", "2006-12-31": "75.00000", "2006-09-30": "90.20000", "2006-06-30": "75.00000", "2006-03-31": "38.50000", "2005-12-31": "64.20000", "2005-09-30": "76.40000", "2005-06-30": "65.30000", "2005-03-31": "65.80000"}, "Other Income": {"2020-12-31": "", "2020-09-30": "", "2020-06-30": "", "2020-03-31": "", "2019-12-31": "", "2019-09-30": "", "2019-06-30": "", "2019-03-31": "", "2018-12-31": "", "2018-09-30": "", "2018-06-30": "", "2018-03-31": "", "2017-12-31": "", "2017-09-30": "", "2017-06-30": "", "2017-03-31": "", "2016-12-31": "", "2016-09-30": "", "2016-06-30": "", "2016-03-31": "", "2015-12-31": "", "2015-09-30": "", "2015-06-30": "", "2015-03-31": "", "2014-12-31": "", "2014-09-30": "", "2014-06-30": "", "2014-03-31": "", "2013-12-31": "", "2013-09-30": "", "2013-06-30": "", "2013-03-31": "", "2012-12-31": "", "2012-09-30": "", "2012-06-30": "", "2012-03-31": "", "2011-12-31": "", "2011-09-30": "", "2011-06-30": "", "2011-03-31": "", "2010-12-31": "", "2010-09-30": "", "2010-06-30": "", "2010-03-31": "", "2009-12-31": "", "2009-09-30": "", "2009-06-30": "", "2009-03-31": "", "2008-12-31": "", "2008-09-30": "", "2008-06-30": "", "2008-03-31": "", "2007-12-31": "", "2007-09-30": "", "2007-06-30": "", "2007-03-31": "", "2006-12-31": "", "2006-09-30": "", "2006-06-30": "", "2006-03-31": "", "2005-12-31": "", "2005-09-30": "", "2005-06-30": "", "2005-03-31": ""}, "Income From Continuous Operations": {"2020-12-31": "467.70000", "2020-09-30": "395.20000", "2020-06-30": "238.70000", "2020-03-31": "133.10000", "2019-12-31": "199.10000", "2019-09-30": "231.10000", "2019-06-30": "357.40000", "2019-03-31": "170.40000", "2018-12-31": "-106.00000", "2018-09-30": "248.30000", "2018-06-30": "293.40000", "2018-03-31": "170.10000", "2017-12-31": "281.10000", "2017-09-30": "274.50000", "2017-06-30": "277.60000", "2017-03-31": "393.70000", "2016-12-31": "258.50000", "2016-09-30": "249.00000", "2016-06-30": "271.50000", "2016-03-31": "188.60000", "2015-12-31": "265.60000", "2015-09-30": "234.10000", "2015-06-30": "235.70000", "2015-03-31": "166.80000", "2014-12-31": "219.30010", "2014-09-30": "246.40000", "2014-06-30": "221.80000", "2014-03-31": "169.70000", "2013-12-31": "67.50000", "2013-09-30": "169.80000", "2013-06-30": "197.60000", "2013-03-31": "85.10000", "2012-12-31": "135.10000", "2012-09-30": "90.20000", "2012-06-30": "126.50000", "2012-03-31": "106.30000", "2011-12-31": "90.20000", "2011-09-30": "161.50000", "2011-06-30": "197.60000", "2011-03-31": "157.40000", "2010-12-31": "90.20000", "2010-09-30": "123.20000", "2010-06-30": "45.80000", "2010-03-31": "-108.60000", "2009-12-31": "54.70000", "2009-09-30": "61.80000", "2009-06-30": "70.80000", "2009-03-31": "38.30000", "2008-12-31": "3.60000", "2008-09-30": "77.10000", "2008-06-30": "74.20000", "2008-03-31": "64.10000", "2007-12-31": "81.90000", "2007-09-30": "88.50000", "2007-06-30": "82.60000", "2007-03-31": "67.60000", "2006-12-31": "75.00000", "2006-09-30": "90.20000", "2006-06-30": "75.00000", "2006-03-31": "38.50000", "2005-12-31": "64.20000", "2005-09-30": "76.40000", "2005-06-30": "65.30000", "2005-03-31": "65.80000"}, "Income From Discontinued Operations": {"2020-12-31": "", "2020-09-30": "", "2020-06-30": "", "2020-03-31": "", "2019-12-31": "", "2019-09-30": "", "2019-06-30": "", "2019-03-31": "", "2018-12-31": "", "2018-09-30": "", "2018-06-30": "", "2018-03-31": "", "2017-12-31": "", "2017-09-30": "", "2017-06-30": "", "2017-03-31": "", "2016-12-31": "", "2016-09-30": "", "2016-06-30": "", "2016-03-31": "", "2015-12-31": "", "2015-09-30": "-5.40000", "2015-06-30": "-8.50000", "2015-03-31": "-4.50000", "2014-12-31": "-73.50000", "2014-09-30": "-9.70000", "2014-06-30": "-5.30000", "2014-03-31": "-7.80000", "2013-12-31": "-11.40000", "2013-09-30": "-3.80000", "2013-06-30": "-10.50000", "2013-03-31": "-4.00000", "2012-12-31": "356.90000", "2012-09-30": "25.00000", "2012-06-30": "28.30000", "2012-03-31": "15.50000", "2011-12-31": "73.80000", "2011-09-30": "-6.90000", "2011-06-30": "-0.30000", "2011-03-31": "1.30000", "2010-12-31": "", "2010-09-30": "", "2010-06-30": "", "2010-03-31": "", "2009-12-31": "2.00000", "2009-09-30": "-1.40000", "2009-06-30": "-1.30000", "2009-03-31": "-0.60000", "2008-12-31": "-4.30000", "2008-09-30": "85.90000", "2008-06-30": "3.90000", "2008-03-31": "2.40000", "2007-12-31": "5.70000", "2007-09-30": "2.90000", "2007-06-30": "2.70000", "2007-03-31": "", "2006-12-31": "11.60000", "2006-09-30": "0.30000", "2006-06-30": "-0.30000", "2006-03-31": "-0.80000", "2005-12-31": "-4.00000", "2005-09-30": "0.50000", "2005-06-30": "0.60000", "2005-03-31": "0.80000"}, "Net Income": {"2020-12-31": "458.00000", "2020-09-30": "385.50000", "2020-06-30": "233.70000", "2020-03-31": "133.20000", "2019-12-31": "199.10000", "2019-09-30": "230.50000", "2019-06-30": "356.30000", "2019-03-31": "169.90000", "2018-12-31": "-106.80000", "2018-09-30": "247.80000", "2018-06-30": "293.60000", "2018-03-31": "170.60000", "2017-12-31": "281.50010", "2017-09-30": "274.50000", "2017-06-30": "277.60000", "2017-03-31": "393.70000", "2016-12-31": "258.20000", "2016-09-30": "248.90000", "2016-06-30": "271.50000", "2016-03-31": "189.40000", "2015-12-31": "285.60000", "2015-09-30": "228.70000", "2015-06-30": "227.20000", "2015-03-31": "162.30000", "2014-12-31": "145.80000", "2014-09-30": "236.70000", "2014-06-30": "216.50000", "2014-03-31": "161.90000", "2013-12-31": "56.10000", "2013-09-30": "166.00000", "2013-06-30": "187.10000", "2013-03-31": "81.10000", "2012-12-31": "492.00000", "2012-09-30": "115.20000", "2012-06-30": "154.80000", "2012-03-31": "121.80000", "2011-12-31": "164.00000", "2011-09-30": "154.60000", "2011-06-30": "197.30000", "2011-03-31": "158.70000", "2010-12-31": "137.30000", "2010-09-30": "123.20000", "2010-06-30": "45.80000", "2010-03-31": "-108.60000", "2009-12-31": "56.70000", "2009-09-30": "60.40000", "2009-06-30": "69.50000", "2009-03-31": "37.70000", "2008-12-31": "-0.70000", "2008-09-30": "163.00000", "2008-06-30": "78.10000", "2008-03-31": "66.50000", "2007-12-31": "87.60000", "2007-09-30": "91.40000", "2007-06-30": "85.30000", "2007-03-31": "67.60000", "2006-12-31": "86.60000", "2006-09-30": "90.50000", "2006-06-30": "74.70000", "2006-03-31": "37.70000", "2005-12-31": "60.20000", "2005-09-30": "76.90000", "2005-06-30": "65.90000", "2005-03-31": "66.60000"}, "EBITDA": {"2020-12-31": "", "2020-09-30": "665.60010", "2020-06-30": "310.60010", "2020-03-31": "336.89980", "2019-12-31": "454.50030", "2019-09-30": "495.29990", "2019-06-30": "605.70000", "2019-03-31": "390.40010", "2018-12-31": "361.10050", "2018-09-30": "488.00030", "2018-06-30": "475.50010", "2018-03-31": "422.80020", "2017-12-31": "554.19910", "2017-09-30": "522.00010", "2017-06-30": "520.39980", "2017-03-31": "617.59990", "2016-12-31": "430.80100", "2016-09-30": "475.90010", "2016-06-30": "506.20000", "2016-03-31": "395.70010", "2015-12-31": "451.70010", "2015-09-30": "454.60020", "2015-06-30": "459.20000", "2015-03-31": "364.50000", "2014-12-31": "420.29920", "2014-09-30": "457.39980", "2014-06-30": "451.50010", "2014-03-31": "368.99980", "2013-12-31": "233.00110", "2013-09-30": "331.70020", "2013-06-30": "396.09970", "2013-03-31": "236.00000", "2012-12-31": "280.60010", "2012-09-30": "288.40010", "2012-06-30": "306.20000", "2012-03-31": "282.60000", "2011-12-31": "198.79950", "2011-09-30": "324.40010", "2011-06-30": "345.90010", "2011-03-31": "313.79990", "2010-12-31": "239.99950", "2010-09-30": "280.99990", "2010-06-30": "126.60010", "2010-03-31": "-29.20000", "2009-12-31": "116.70010", "2009-09-30": "146.70000", "2009-06-30": "119.10000", "2009-03-31": "117.00000", "2008-12-31": "68.10010", "2008-09-30": "171.10000", "2008-06-30": "161.70000", "2008-03-31": "148.80000", "2007-12-31": "173.59980", "2007-09-30": "183.40000", "2007-06-30": "172.60000", "2007-03-31": "149.60000", "2006-12-31": "126.99990", "2006-09-30": "159.60000", "2006-06-30": "150.40000", "2006-03-31": "96.80010", "2005-12-31": "115.69970", "2005-09-30": "133.70000", "2005-06-30": "122.60000", "2005-03-31": "116.50000"}, "EBIT": {"2020-12-31": "590.10010", "2020-09-30": "520.30000", "2020-06-30": "165.90010", "2020-03-31": "195.79980", "2019-12-31": "307.30080", "2019-09-30": "354.39990", "2019-06-30": "464.00000", "2019-03-31": "252.60010", "2018-12-31": "226.00020", "2018-09-30": "358.30030", "2018-06-30": "347.80000", "2018-03-31": "299.20020", "2017-12-31": "388.30000", "2017-09-30": "401.30000", "2017-06-30": "404.59990", "2017-03-31": "516.09990", "2016-12-31": "328.00050", "2016-09-30": "372.80000", "2016-06-30": "404.20000", "2016-03-31": "295.60010", "2015-12-31": "346.09990", "2015-09-30": "350.70020", "2015-06-30": "357.20000", "2015-03-31": "262.00000", "2014-12-31": "307.89970", "2014-09-30": "344.79980", "2014-06-30": "337.10010", "2014-03-31": "258.59990", "2013-12-31": "114.40110", "2013-09-30": "222.90010", "2013-06-30": "287.99980", "2013-03-31": "130.20000", "2012-12-31": "165.90090", "2012-09-30": "182.60010", "2012-06-30": "197.20000", "2012-03-31": "166.80000", "2011-12-31": "86.69970", "2011-09-30": "224.10010", "2011-06-30": "252.10010", "2011-03-31": "209.89990", "2010-12-31": "130.09970", "2010-09-30": "194.59990", "2010-06-30": "33.90020", "2010-03-31": "-88.90000", "2009-12-31": "65.40010", "2009-09-30": "94.80010", "2009-06-30": "70.20000", "2009-03-31": "69.00000", "2008-12-31": "13.60030", "2008-09-30": "123.90000", "2008-06-30": "121.20000", "2008-03-31": "108.00000", "2007-12-31": "131.49980", "2007-09-30": "141.20000", "2007-06-30": "131.90000", "2007-03-31": "112.40000", "2006-12-31": "97.09980", "2006-09-30": "129.60000", "2006-06-30": "119.40000", "2006-03-31": "66.50010", "2005-12-31": "89.89990", "2005-09-30": "110.30000", "2005-06-30": "98.70000", "2005-03-31": "93.10000"}, "Basic Shares Outstanding": {"2020-12-31": "156.86600", "2020-09-30": "156.37000", "2020-06-30": "153.33000", "2020-03-31": "150.33000", "2019-12-31": "148.36500", "2019-09-30": "148.35000", "2019-06-30": "148.09900", "2019-03-31": "147.86300", "2018-12-31": "148.91900", "2018-09-30": "147.96400", "2018-06-30": "149.74800", "2018-03-31": "150.61200", "2017-12-31": "149.62900", "2017-09-30": "149.68900", "2017-06-30": "149.51400", "2017-03-31": "149.20800", "2016-12-31": "146.04100", "2016-09-30": "145.41000", "2016-06-30": "145.13500", "2016-03-31": "145.87000", "2015-12-31": "148.23400", "2015-09-30": "145.91100", "2015-06-30": "148.05900", "2015-03-31": "152.17200", "2014-12-31": "156.09000", "2014-09-30": "156.62800", "2014-06-30": "156.31600", "2014-03-31": "155.90500", "2013-12-31": "155.23700", "2013-09-30": "155.04300", "2013-06-30": "155.06400", "2013-03-31": "155.55200", "2012-12-31": "163.06700", "2012-09-30": "162.99000", "2012-06-30": "164.08200", "2012-03-31": "164.53000", "2011-12-31": "165.83200", "2011-09-30": "164.96200", "2011-06-30": "168.11900", "2011-03-31": "167.25900", "2010-12-31": "147.22400", "2010-09-30": "165.79300", "2010-06-30": "162.84700", "2010-03-31": "97.67200", "2009-12-31": "79.78800", "2009-09-30": "79.96600", "2009-06-30": "79.32700", "2009-03-31": "79.20900", "2008-12-31": "78.89700", "2008-09-30": "78.80800", "2008-06-30": "78.65000", "2008-03-31": "79.17600", "2007-12-31": "82.31300", "2007-09-30": "82.28800", "2007-06-30": "82.81000", "2007-03-31": "82.85100", "2006-12-31": "81.86600", "2006-09-30": "81.20600", "2006-06-30": "81.13200", "2006-03-31": "82.89200", "2005-12-31": "83.34700", "2005-09-30": "83.56600", "2005-06-30": "83.02000", "2005-03-31": "82.82200"}, "Shares Outstanding": {"2020-12-31": "159.28400", "2020-09-30": "157.97100", "2020-06-30": "154.15400", "2020-03-31": "151.90300", "2019-12-31": "150.55800", "2019-09-30": "150.62300", "2019-06-30": "150.35800", "2019-03-31": "149.90800", "2018-12-31": "151.64300", "2018-09-30": "150.59900", "2018-06-30": "152.49400", "2018-03-31": "153.90500", "2017-12-31": "152.44900", "2017-09-30": "152.62200", "2017-06-30": "152.22600", "2017-03-31": "151.52600", "2016-12-31": "148.20700", "2016-09-30": "147.97500", "2016-06-30": "147.26300", "2016-03-31": "147.61900", "2015-12-31": "152.70600", "2015-09-30": "150.78100", "2015-06-30": "152.66300", "2015-03-31": "156.53700", "2014-12-31": "159.73700", "2014-09-30": "160.58200", "2014-06-30": "159.66600", "2014-03-31": "158.95100", "2013-12-31": "158.77600", "2013-09-30": "158.92500", "2013-06-30": "158.35100", "2013-03-31": "158.99400", "2012-12-31": "166.70100", "2012-09-30": "166.04300", "2012-06-30": "167.92100", "2012-03-31": "168.94800", "2011-12-31": "170.10500", "2011-09-30": "168.89600", "2011-06-30": "173.07500", "2011-03-31": "171.94500", "2010-12-31": "150.16700", "2010-09-30": "168.88900", "2010-06-30": "166.08400", "2010-03-31": "97.67200", "2009-12-31": "80.39600", "2009-09-30": "80.56500", "2009-06-30": "79.74400", "2009-03-31": "79.47100", "2008-12-31": "79.87400", "2008-09-30": "79.84600", "2008-06-30": "79.82700", "2008-03-31": "80.40400", "2007-12-31": "84.04600", "2007-09-30": "83.99900", "2007-06-30": "84.54200", "2007-03-31": "84.77400", "2006-12-31": "83.70400", "2006-09-30": "82.86700", "2006-06-30": "82.97800", "2006-03-31": "84.80400", "2005-12-31": "85.40600", "2005-09-30": "85.48300", "2005-06-30": "84.98300", "2005-03-31": "85.15600"}, "Basic EPS": {"2020-12-31": "2.92000", "2020-09-30": "2.47000", "2020-06-30": "1.52000", "2020-03-31": "0.89000", "2019-12-31": "1.33000", "2019-09-30": "1.55000", "2019-06-30": "2.41000", "2019-03-31": "1.15000", "2018-12-31": "-0.70000", "2018-09-30": "1.67000", "2018-06-30": "1.96000", "2018-03-31": "1.13000", "2017-12-31": "1.87000", "2017-09-30": "1.83000", "2017-06-30": "1.86000", "2017-03-31": "2.64000", "2016-12-31": "1.75000", "2016-09-30": "1.71000", "2016-06-30": "1.87000", "2016-03-31": "1.30000", "2015-12-31": "1.79000", "2015-09-30": "1.57000", "2015-06-30": "1.53000", "2015-03-31": "1.07000", "2014-12-31": "0.94000", "2014-09-30": "1.51000", "2014-06-30": "1.38000", "2014-03-31": "1.04000", "2013-12-31": "0.36000", "2013-09-30": "1.07000", "2013-06-30": "1.21000", "2013-03-31": "0.52000", "2012-12-31": "3.02000", "2012-09-30": "0.71000", "2012-06-30": "0.94000", "2012-03-31": "0.74000", "2011-12-31": "1.00000", "2011-09-30": "0.94000", "2011-06-30": "1.17000", "2011-03-31": "0.95000", "2010-12-31": "1.43000", "2010-09-30": "0.74000", "2010-06-30": "0.28000", "2010-03-31": "-1.11000", "2009-12-31": "0.70000", "2009-09-30": "0.75000", "2009-06-30": "0.88000", "2009-03-31": "0.48000", "2008-12-31": "-0.01000", "2008-09-30": "2.06000", "2008-06-30": "0.99000", "2008-03-31": "0.84000", "2007-12-31": "1.07000", "2007-09-30": "1.11000", "2007-06-30": "1.03000", "2007-03-31": "0.82000", "2006-12-31": "1.05000", "2006-09-30": "1.11000", "2006-06-30": "0.92000", "2006-03-31": "0.46000", "2005-12-31": "0.72000", "2005-09-30": "0.92000", "2005-06-30": "0.79000", "2005-03-31": "0.80000"}, "EPS - Earnings Per Share": {"2020-12-31": "2.88000", "2020-09-30": "2.44000", "2020-06-30": "1.52000", "2020-03-31": "0.88000", "2019-12-31": "1.32000", "2019-09-30": "1.53000", "2019-06-30": "2.37000", "2019-03-31": "1.13000", "2018-12-31": "-0.70000", "2018-09-30": "1.65000", "2018-06-30": "1.93000", "2018-03-31": "1.11000", "2017-12-31": "1.83000", "2017-09-30": "1.80000", "2017-06-30": "1.82000", "2017-03-31": "2.60000", "2016-12-31": "1.73000", "2016-09-30": "1.68000", "2016-06-30": "1.84000", "2016-03-31": "1.28000", "2015-12-31": "1.74000", "2015-09-30": "1.52000", "2015-06-30": "1.49000", "2015-03-31": "1.04000", "2014-12-31": "0.91000", "2014-09-30": "1.47000", "2014-06-30": "1.36000", "2014-03-31": "1.02000", "2013-12-31": "0.36000", "2013-09-30": "1.04000", "2013-06-30": "1.18000", "2013-03-31": "0.51000", "2012-12-31": "2.97000", "2012-09-30": "0.69000", "2012-06-30": "0.92000", "2012-03-31": "0.72000", "2011-12-31": "0.99000", "2011-09-30": "0.92000", "2011-06-30": "1.14000", "2011-03-31": "0.92000", "2010-12-31": "1.42000", "2010-09-30": "0.73000", "2010-06-30": "0.28000", "2010-03-31": "-1.11000", "2009-12-31": "0.70000", "2009-09-30": "0.75000", "2009-06-30": "0.87000", "2009-03-31": "0.47000", "2008-12-31": "-0.01000", "2008-09-30": "2.04000", "2008-06-30": "0.98000", "2008-03-31": "0.83000", "2007-12-31": "1.05000", "2007-09-30": "1.09000", "2007-06-30": "1.01000", "2007-03-31": "0.80000", "2006-12-31": "1.02000", "2006-09-30": "1.09000", "2006-06-30": "0.90000", "2006-03-31": "0.45000", "2005-12-31": "0.70000", "2005-09-30": "0.90000", "2005-06-30": "0.78000", "2005-03-31": "0.78000"}}, "balance sheet": {"Cash On Hand": {"2020-12-31": "1381.00000", "2019-12-31": "297.70000", "2018-12-31": "288.70000", "2017-12-31": "637.50000", "2016-12-31": "1131.80000", "2015-12-31": "465.40000", "2014-12-31": "496.60000", "2013-12-31": "496.20000", "2012-12-31": "716.00000", "2011-12-31": "906.90000", "2010-12-31": "1742.80000", "2009-12-31": "400.70000", "2008-12-31": "211.60000", "2007-12-31": "240.40000", "2006-12-31": "176.60000", "2005-12-31": "657.80000"}, "Receivables": {"2020-12-31": "1512.20000", "2019-12-31": "1454.60000", "2018-12-31": "1607.80000", "2017-12-31": "1628.70000", "2016-12-31": "1302.80000", "2015-12-31": "1331.80000", "2014-12-31": "1396.70000", "2013-12-31": "1578.50000", "2012-12-31": "1525.80000", "2011-12-31": "1445.00000", "2010-12-31": "1399.70000", "2009-12-31": "532.00000", "2008-12-31": "677.70000", "2007-12-31": "805.70000", "2006-12-31": "749.60000", "2005-12-31": "609.60000"}, "Inventory": {"2020-12-31": "2737.40000", "2019-12-31": "2255.00000", "2018-12-31": "2373.50000", "2017-12-31": "2018.40000", "2016-12-31": "1478.00000", "2015-12-31": "1526.40000", "2014-12-31": "1562.70000", "2013-12-31": "1473.30000", "2012-12-31": "1304.60000", "2011-12-31": "1270.90000", "2010-12-31": "1262.00000", "2009-12-31": "366.20000", "2008-12-31": "514.70000", "2007-12-31": "556.40000", "2006-12-31": "598.90000", "2005-12-31": "460.70000"}, "Pre-Paid Expenses": {"2020-12-31": "", "2019-12-31": "395.40000", "2018-12-31": "240.50000", "2017-12-31": "234.60000", "2016-12-31": "193.20000", "2015-12-31": "172.40000", "2014-12-31": "180.50000", "2013-12-31": "170.60000", "2012-12-31": "199.10000", "2011-12-31": "201.90000", "2010-12-31": "222.90000", "2009-12-31": "73.20000", "2008-12-31": "45.50000", "2007-12-31": "", "2006-12-31": "", "2005-12-31": ""}, "Other Current Assets": {"2020-12-31": "405.40000", "2019-12-31": "53.90000", "2018-12-31": "58.90000", "2017-12-31": "39.80000", "2016-12-31": "682.70000", "2015-12-31": "166.10000", "2014-12-31": "312.30000", "2013-12-31": "298.00000", "2012-12-31": "365.80000", "2011-12-31": "1264.80000", "2010-12-31": "223.80000", "2009-12-31": "39.80000", "2008-12-31": "48.50000", "2007-12-31": "176.30000", "2006-12-31": "89.20000", "2005-12-31": "81.00000"}, "Total Current Assets": {"2020-12-31": "6036.00000", "2019-12-31": "4456.60000", "2018-12-31": "4569.40000", "2017-12-31": "4559.00000", "2016-12-31": "4788.50000", "2015-12-31": "3662.10000", "2014-12-31": "3948.80000", "2013-12-31": "4016.60000", "2012-12-31": "4111.30000", "2011-12-31": "5089.50000", "2010-12-31": "4851.20000", "2009-12-31": "1411.90000", "2008-12-31": "1498.00000", "2007-12-31": "1801.10000", "2006-12-31": "1638.50000", "2005-12-31": "1825.60000"}, "Property, Plant, And Equipment": {"2020-12-31": "2053.80000", "2019-12-31": "1959.50000", "2018-12-31": "1915.20000", "2017-12-31": "1742.50000", "2016-12-31": "1451.20000", "2015-12-31": "1450.20000", "2014-12-31": "1454.10000", "2013-12-31": "1478.60000", "2012-12-31": "1329.90000", "2011-12-31": "1142.60000", "2010-12-31": "1156.00000", "2009-12-31": "575.90000", "2008-12-31": "579.80000", "2007-12-31": "564.90000", "2006-12-31": "559.40000", "2005-12-31": "467.10000"}, "Long-Term Investments": {"2020-12-31": "", "2019-12-31": "", "2018-12-31": "", "2017-12-31": "", "2016-12-31": "", "2015-12-31": "", "2014-12-31": "", "2013-12-31": "", "2012-12-31": "", "2011-12-31": "", "2010-12-31": "", "2009-12-31": "", "2008-12-31": "", "2007-12-31": "", "2006-12-31": "", "2005-12-31": ""}, "Goodwill And Intangible Assets": {"2020-12-31": "14093.50000", "2019-12-31": "12859.50000", "2018-12-31": "12441.10000", "2017-12-31": "12283.50000", "2016-12-31": "8993.50000", "2015-12-31": "9625.80000", "2014-12-31": "10027.20000", "2013-12-31": "10600.00000", "2012-12-31": "9947.00000", "2011-12-31": "9382.10000", "2010-12-31": "8793.40000", "2009-12-31": "2594.80000", "2008-12-31": "2596.10000", "2007-12-31": "2206.70000", "2006-12-31": "1621.50000", "2005-12-31": "1060.40000"}, "Other Long-Term Assets": {"2020-12-31": "1383.00000", "2019-12-31": "1321.00000", "2018-12-31": "482.30000", "2017-12-31": "512.70000", "2016-12-31": "401.70000", "2015-12-31": "389.70000", "2014-12-31": "419.00000", "2013-12-31": "439.90000", "2012-12-31": "455.80000", "2011-12-31": "334.80000", "2010-12-31": "338.80000", "2009-12-31": "186.50000", "2008-12-31": "192.70000", "2007-12-31": "190.30000", "2006-12-31": "116.00000", "2005-12-31": "192.00000"}, "Total Long-Term Assets": {"2020-12-31": "17530.30000", "2019-12-31": "16140.00000", "2018-12-31": "14838.60000", "2017-12-31": "14538.70000", "2016-12-31": "10846.40000", "2015-12-31": "11465.70000", "2014-12-31": "11900.30000", "2013-12-31": "12518.50000", "2012-12-31": "11732.70000", "2011-12-31": "10859.50000", "2010-12-31": "10288.20000", "2009-12-31": "3357.20000", "2008-12-31": "3368.60000", "2007-12-31": "2961.90000", "2006-12-31": "2296.90000", "2005-12-31": "1719.50000"}, "Total Assets": {"2020-12-31": "23566.30000", "2019-12-31": "20596.60000", "2018-12-31": "19408.00000", "2017-12-31": "19097.70000", "2016-12-31": "15634.90000", "2015-12-31": "15127.80000", "2014-12-31": "15849.10000", "2013-12-31": "16535.10000", "2012-12-31": "15844.00000", "2011-12-31": "15949.00000", "2010-12-31": "15139.40000", "2009-12-31": "4769.10000", "2008-12-31": "4866.60000", "2007-12-31": "4763.00000", "2006-12-31": "3935.40000", "2005-12-31": "3545.10000"}, "Total Current Liabilities": {"2020-12-31": "4558.30000", "2019-12-31": "4405.70000", "2018-12-31": "4001.60000", "2017-12-31": "4391.50000", "2016-12-31": "2807.50000", "2015-12-31": "2802.60000", "2014-12-31": "2832.00000", "2013-12-31": "3236.00000", "2012-12-31": "3074.70000", "2011-12-31": "3329.90000", "2010-12-31": "2747.40000", "2009-12-31": "1192.00000", "2008-12-31": "1193.20000", "2007-12-31": "1262.70000", "2006-12-31": "1251.10000", "2005-12-31": "875.30000"}, "Long Term Debt": {"2020-12-31": "4245.40000", "2019-12-31": "3176.40000", "2018-12-31": "3819.80000", "2017-12-31": "2828.20000", "2016-12-31": "3815.30000", "2015-12-31": "3792.10000", "2014-12-31": "3839.80000", "2013-12-31": "3799.40000", "2012-12-31": "3526.50000", "2011-12-31": "2925.80000", "2010-12-31": "3018.10000", "2009-12-31": "1084.70000", "2008-12-31": "1383.80000", "2007-12-31": "1212.10000", "2006-12-31": "679.20000", "2005-12-31": "895.30000"}, "Other Non-Current Liabilities": {"2020-12-31": "3696.20000", "2019-12-31": "2531.70000", "2018-12-31": "2446.00000", "2017-12-31": "2507.00000", "2016-12-31": "1258.80000", "2015-12-31": "1178.60000", "2014-12-31": "922.80000", "2013-12-31": "975.50000", "2012-12-31": "753.60000", "2011-12-31": "1051.70000", "2010-12-31": "763.40000", "2009-12-31": "223.80000", "2008-12-31": "445.30000", "2007-12-31": "479.20000", "2006-12-31": "385.90000", "2005-12-31": "246.20000"}, "Total Long Term Liabilities": {"2020-12-31": "7941.60000", "2019-12-31": "7048.70000", "2018-12-31": "7566.50000", "2017-12-31": "6401.20000", "2016-12-31": "6453.80000", "2015-12-31": "6466.00000", "2014-12-31": "6505.20000", "2013-12-31": "6418.60000", "2012-12-31": "6042.20000", "2011-12-31": "5552.30000", "2010-12-31": "5322.30000", "2009-12-31": "1565.60000", "2008-12-31": "1948.60000", "2007-12-31": "1771.80000", "2006-12-31": "1132.30000", "2005-12-31": "1224.90000"}, "Total Liabilities": {"2020-12-31": "12499.90000", "2019-12-31": "11454.40000", "2018-12-31": "11568.10000", "2017-12-31": "10792.70000", "2016-12-31": "9261.30000", "2015-12-31": "9268.60000", "2014-12-31": "9337.20000", "2013-12-31": "9654.60000", "2012-12-31": "9116.90000", "2011-12-31": "8882.20000", "2010-12-31": "8069.70000", "2009-12-31": "2757.60000", "2008-12-31": "3141.80000", "2007-12-31": "3034.50000", "2006-12-31": "2383.40000", "2005-12-31": "2100.20000"}, "Common Stock Net": {"2020-12-31": "", "2019-12-31": "442.30000", "2018-12-31": "442.30000", "2017-12-31": "442.30000", "2016-12-31": "442.30000", "2015-12-31": "442.30000", "2014-12-31": "442.30000", "2013-12-31": "442.30000", "2012-12-31": "442.30000", "2011-12-31": "440.70000", "2010-12-31": "440.70000", "2009-12-31": "230.90000", "2008-12-31": "230.90000", "2007-12-31": "233.90000", "2006-12-31": "233.90000", "2005-12-31": "237.70000"}, "Retained Earnings (Accumulated Deficit)": {"2020-12-31": "", "2019-12-31": "6772.80000", "2018-12-31": "6219.00000", "2017-12-31": "5998.70000", "2016-12-31": "5127.30000", "2015-12-31": "4491.70000", "2014-12-31": "3926.30000", "2013-12-31": "3484.90000", "2012-12-31": "3299.50000", "2011-12-31": "2707.30000", "2010-12-31": "2301.80000", "2009-12-31": "2295.50000", "2008-12-31": "2199.90000", "2007-12-31": "2045.50000", "2006-12-31": "1883.60000", "2005-12-31": "1657.20000"}, "Comprehensive Income": {"2020-12-31": "", "2019-12-31": "-1884.60000", "2018-12-31": "-1814.30000", "2017-12-31": "-1589.10000", "2016-12-31": "-1921.20000", "2015-12-31": "-1694.20000", "2014-12-31": "-1270.20000", "2013-12-31": "-499.00000", "2012-12-31": "-388.00000", "2011-12-31": "-349.20000", "2010-12-31": "-116.30000", "2009-12-31": "-76.50000", "2008-12-31": "-152.00000", "2007-12-31": "47.70000", "2006-12-31": "-81.80000", "2005-12-31": "-91.30000"}, "Other Share Holders Equity": {"2020-12-31": "", "2019-12-31": "-2.30000", "2018-12-31": "-10.50000", "2017-12-31": "-18.80000", "2016-12-31": "-25.90000", "2015-12-31": "-34.90000", "2014-12-31": "-43.60000", "2013-12-31": "-53.20000", "2012-12-31": "-62.80000", "2011-12-31": "-68.50000", "2010-12-31": "-74.50000", "2009-12-31": "-80.80000", "2008-12-31": "-87.20000", "2007-12-31": "-93.80000", "2006-12-31": "-100.90000", "2005-12-31": "-108.20000"}, "Share Holder Equity": {"2020-12-31": "11066.40000", "2019-12-31": "9142.20000", "2018-12-31": "7839.90000", "2017-12-31": "8305.00000", "2016-12-31": "6373.60000", "2015-12-31": "5859.20000", "2014-12-31": "6511.90000", "2013-12-31": "6880.50000", "2012-12-31": "6727.10000", "2011-12-31": "7066.80000", "2010-12-31": "7069.70000", "2009-12-31": "2011.50000", "2008-12-31": "1724.80000", "2007-12-31": "1728.50000", "2006-12-31": "1552.00000", "2005-12-31": "1444.90000"}, "Total Liabilities And Share Holders Equity": {"2020-12-31": "23566.30000", "2019-12-31": "20596.60000", "2018-12-31": "19408.00000", "2017-12-31": "19097.70000", "2016-12-31": "15634.90000", "2015-12-31": "15127.80000", "2014-12-31": "15849.10000", "2013-12-31": "16535.10000", "2012-12-31": "15844.00000", "2011-12-31": "15949.00000", "2010-12-31": "15139.40000", "2009-12-31": "4769.10000", "2008-12-31": "4866.60000", "2007-12-31": "4763.00000", "2006-12-31": "3935.40000", "2005-12-31": "3545.10000"}}, "balance sheet, quarterly": {"Cash On Hand": {"2020-12-31": "1381.00000", "2020-09-30": "683.00000", "2020-06-30": "859.80000", "2020-03-31": "987.10000", "2019-12-31": "297.70000", "2019-09-30": "311.70000", "2019-06-30": "310.70000", "2019-03-31": "281.80000", "2018-12-31": "288.70000", "2018-09-30": "368.70000", "2018-06-30": "385.80000", "2018-03-31": "405.60000", "2017-12-31": "637.50000", "2017-09-30": "483.30000", "2017-06-30": "539.50000", "2017-03-31": "378.00000", "2016-12-31": "1131.80000", "2016-09-30": "420.80000", "2016-06-30": "568.20000", "2016-03-31": "352.20000", "2015-12-31": "465.40000", "2015-09-30": "293.30000", "2015-06-30": "391.90000", "2015-03-31": "435.50000", "2014-12-31": "496.60000", "2014-09-30": "486.80000", "2014-06-30": "515.70000", "2014-03-31": "432.60000", "2013-12-31": "496.20000", "2013-09-30": "469.10000", "2013-06-30": "561.70000", "2013-03-31": "557.50000", "2012-12-31": "716.00000", "2012-09-30": "769.50000", "2012-06-30": "577.80000", "2012-03-31": "883.60000", "2011-12-31": "906.90000", "2011-09-30": "851.90000", "2011-06-30": "1915.00000", "2011-03-31": "1883.50000", "2010-12-31": "1742.80000", "2010-09-30": "1635.90000", "2010-06-30": "1598.40000", "2010-03-31": "1505.40000", "2009-12-31": "400.70000", "2009-09-30": "207.40000", "2009-06-30": "156.30000", "2009-03-31": "128.00000", "2008-12-31": "211.60000", "2008-09-30": "299.30000", "2008-06-30": "384.20000", "2008-03-31": "324.80000", "2007-12-31": "240.40000", "2007-09-30": "280.60000", "2007-06-30": "225.70000", "2007-03-31": "210.80000", "2006-12-31": "176.60000", "2006-09-30": "241.30000", "2006-06-30": "207.10000", "2006-03-31": "204.90000", "2005-12-31": "657.80000", "2005-09-30": "338.10000", "2005-06-30": "325.60000", "2005-03-31": "310.50000"}, "Receivables": {"2020-12-31": "1512.20000", "2020-09-30": "1764.20000", "2020-06-30": "1719.40000", "2020-03-31": "1681.50000", "2019-12-31": "1454.60000", "2019-09-30": "1902.60000", "2019-06-30": "1823.90000", "2019-03-31": "1882.10000", "2018-12-31": "1607.80000", "2018-09-30": "2236.20000", "2018-06-30": "2151.40000", "2018-03-31": "1986.10000", "2017-12-31": "1628.70000", "2017-09-30": "2009.80000", "2017-06-30": "1927.90000", "2017-03-31": "1728.00000", "2016-12-31": "1302.80000", "2016-09-30": "1730.20000", "2016-06-30": "1571.00000", "2016-03-31": "1592.80000", "2015-12-31": "1331.80000", "2015-09-30": "1690.90000", "2015-06-30": "1645.90000", "2015-03-31": "1612.80000", "2014-12-31": "1396.70000", "2014-09-30": "1861.10000", "2014-06-30": "1788.80000", "2014-03-31": "1795.80000", "2013-12-31": "1578.50000", "2013-09-30": "1936.40000", "2013-06-30": "1794.30000", "2013-03-31": "1782.70000", "2012-12-31": "1525.80000", "2012-09-30": "1829.90000", "2012-06-30": "1675.80000", "2012-03-31": "1725.80000", "2011-12-31": "1445.00000", "2011-09-30": "1836.90000", "2011-06-30": "1624.60000", "2011-03-31": "1547.80000", "2010-12-31": "1399.70000", "2010-09-30": "1699.40000", "2010-06-30": "1550.00000", "2010-03-31": "1557.40000", "2009-12-31": "532.00000", "2009-09-30": "650.50000", "2009-06-30": "654.90000", "2009-03-31": "659.10000", "2008-12-31": "677.70000", "2008-09-30": "884.70000", "2008-06-30": "928.10000", "2008-03-31": "891.00000", "2007-12-31": "805.70000", "2007-09-30": "906.20000", "2007-06-30": "854.40000", "2007-03-31": "803.40000", "2006-12-31": "749.60000", "2006-09-30": "763.80000", "2006-06-30": "751.20000", "2006-03-31": "782.40000", "2005-12-31": "609.60000", "2005-09-30": "652.90000", "2005-06-30": "622.30000", "2005-03-31": "619.60000"}, "Inventory": {"2020-12-31": "2737.40000", "2020-09-30": "2874.70000", "2020-06-30": "2753.40000", "2020-03-31": "2532.40000", "2019-12-31": "2255.00000", "2019-09-30": "2743.50000", "2019-06-30": "2863.20000", "2019-03-31": "2791.60000", "2018-12-31": "2373.50000", "2018-09-30": "2649.70000", "2018-06-30": "2444.20000", "2018-03-31": "2350.30000", "2017-12-31": "2018.40000", "2017-09-30": "2247.40000", "2017-06-30": "2078.00000", "2017-03-31": "1976.70000", "2016-12-31": "1478.00000", "2016-09-30": "1720.30000", "2016-06-30": "1688.60000", "2016-03-31": "1685.00000", "2015-12-31": "1526.40000", "2015-09-30": "1867.00000", "2015-06-30": "1839.60000", "2015-03-31": "1742.20000", "2014-12-31": "1562.70000", "2014-09-30": "1758.00000", "2014-06-30": "1721.70000", "2014-03-31": "1663.10000", "2013-12-31": "1473.30000", "2013-09-30": "1629.50000", "2013-06-30": "1475.80000", "2013-03-31": "1539.70000", "2012-12-31": "1304.60000", "2012-09-30": "1702.00000", "2012-06-30": "1574.90000", "2012-03-31": "1589.70000", "2011-12-31": "1270.90000", "2011-09-30": "1604.60000", "2011-06-30": "1448.40000", "2011-03-31": "1413.60000", "2010-12-31": "1262.00000", "2010-09-30": "1396.80000", "2010-06-30": "1295.20000", "2010-03-31": "1397.60000", "2009-12-31": "366.20000", "2009-09-30": "437.50000", "2009-06-30": "466.50000", "2009-03-31": "503.70000", "2008-12-31": "514.70000", "2008-09-30": "571.40000", "2008-06-30": "563.30000", "2008-03-31": "591.60000", "2007-12-31": "556.40000", "2007-09-30": "624.50000", "2007-06-30": "604.40000", "2007-03-31": "615.70000", "2006-12-31": "598.90000", "2006-09-30": "619.20000", "2006-06-30": "571.60000", "2006-03-31": "548.50000", "2005-12-31": "460.70000", "2005-09-30": "447.00000", "2005-06-30": "443.00000", "2005-03-31": "432.30000"}, "Pre-Paid Expenses": {"2020-12-31": "", "2020-09-30": "", "2020-06-30": "", "2020-03-31": "", "2019-12-31": "", "2019-09-30": "", "2019-06-30": "", "2019-03-31": "", "2018-12-31": "240.50000", "2018-09-30": "", "2018-06-30": "", "2018-03-31": "", "2017-12-31": "234.60000", "2017-09-30": "", "2017-06-30": "", "2017-03-31": "", "2016-12-31": "193.20000", "2016-09-30": "", "2016-06-30": "", "2016-03-31": "", "2015-12-31": "172.40000", "2015-09-30": "", "2015-06-30": "", "2015-03-31": "", "2014-12-31": "180.50000", "2014-09-30": "", "2014-06-30": "", "2014-03-31": "", "2013-12-31": "170.60000", "2013-09-30": "", "2013-06-30": "", "2013-03-31": "", "2012-12-31": "199.10000", "2012-09-30": "", "2012-06-30": "", "2012-03-31": "", "2011-12-31": "201.90000", "2011-09-30": "314.80000", "2011-06-30": "199.20000", "2011-03-31": "203.30000", "2010-12-31": "222.90000", "2010-09-30": "110.20000", "2010-06-30": "106.60000", "2010-03-31": "146.60000", "2009-12-31": "73.20000", "2009-09-30": "", "2009-06-30": "", "2009-03-31": "", "2008-12-31": "45.50000", "2008-09-30": "", "2008-06-30": "", "2008-03-31": "", "2007-12-31": "", "2007-09-30": "", "2007-06-30": "", "2007-03-31": "", "2006-12-31": "", "2006-09-30": "", "2006-06-30": "", "2006-03-31": "", "2005-12-31": "", "2005-09-30": "", "2005-06-30": "", "2005-03-31": ""}, "Other Current Assets": {"2020-12-31": "405.40000", "2020-09-30": "465.10000", "2020-06-30": "436.90000", "2020-03-31": "491.90000", "2019-12-31": "449.30000", "2019-09-30": "370.20000", "2019-06-30": "347.40000", "2019-03-31": "298.40000", "2018-12-31": "58.90000", "2018-09-30": "300.80000", "2018-06-30": "341.20000", "2018-03-31": "335.90000", "2017-12-31": "39.80000", "2017-09-30": "288.20000", "2017-06-30": "293.70000", "2017-03-31": "285.60000", "2016-12-31": "682.70000", "2016-09-30": "390.80000", "2016-06-30": "465.40000", "2016-03-31": "386.80000", "2015-12-31": "166.10000", "2015-09-30": "422.10000", "2015-06-30": "467.40000", "2015-03-31": "534.20000", "2014-12-31": "312.30000", "2014-09-30": "346.20000", "2014-06-30": "374.40000", "2014-03-31": "379.70000", "2013-12-31": "298.00000", "2013-09-30": "396.20000", "2013-06-30": "425.10000", "2013-03-31": "546.00000", "2012-12-31": "365.80000", "2012-09-30": "452.50000", "2012-06-30": "477.30000", "2012-03-31": "404.20000", "2011-12-31": "1264.80000", "2011-09-30": "129.10000", "2011-06-30": "151.80000", "2011-03-31": "126.30000", "2010-12-31": "223.80000", "2010-09-30": "260.00000", "2010-06-30": "322.20000", "2010-03-31": "376.90000", "2009-12-31": "39.80000", "2009-09-30": "109.70000", "2009-06-30": "98.20000", "2009-03-31": "100.30000", "2008-12-31": "48.50000", "2008-09-30": "93.10000", "2008-06-30": "177.20000", "2008-03-31": "91.80000", "2007-12-31": "176.30000", "2007-09-30": "99.80000", "2007-06-30": "93.10000", "2007-03-31": "111.70000", "2006-12-31": "89.20000", "2006-09-30": "101.20000", "2006-06-30": "83.40000", "2006-03-31": "93.90000", "2005-12-31": "81.00000", "2005-09-30": "75.10000", "2005-06-30": "76.40000", "2005-03-31": "72.20000"}, "Total Current Assets": {"2020-12-31": "6036.00000", "2020-09-30": "5787.00000", "2020-06-30": "5769.50000", "2020-03-31": "5692.90000", "2019-12-31": "4456.60000", "2019-09-30": "5328.00000", "2019-06-30": "5345.20000", "2019-03-31": "5253.90000", "2018-12-31": "4569.40000", "2018-09-30": "5555.40000", "2018-06-30": "5322.60000", "2018-03-31": "5077.90000", "2017-12-31": "4559.00000", "2017-09-30": "5028.70000", "2017-06-30": "4839.10000", "2017-03-31": "4368.30000", "2016-12-31": "4788.50000", "2016-09-30": "4262.10000", "2016-06-30": "4293.20000", "2016-03-31": "4016.80000", "2015-12-31": "3662.10000", "2015-09-30": "4273.30000", "2015-06-30": "4344.80000", "2015-03-31": "4324.70000", "2014-12-31": "3948.80000", "2014-09-30": "4452.10000", "2014-06-30": "4400.60000", "2014-03-31": "4271.20000", "2013-12-31": "4016.60000", "2013-09-30": "4431.20000", "2013-06-30": "4256.90000", "2013-03-31": "4425.90000", "2012-12-31": "4111.30000", "2012-09-30": "4753.90000", "2012-06-30": "4305.80000", "2012-03-31": "4603.30000", "2011-12-31": "5089.50000", "2011-09-30": "4737.30000", "2011-06-30": "5339.00000", "2011-03-31": "5174.50000", "2010-12-31": "4851.20000", "2010-09-30": "5102.30000", "2010-06-30": "4872.40000", "2010-03-31": "4983.90000", "2009-12-31": "1411.90000", "2009-09-30": "1405.10000", "2009-06-30": "1375.90000", "2009-03-31": "1391.10000", "2008-12-31": "1498.00000", "2008-09-30": "1848.50000", "2008-06-30": "2052.80000", "2008-03-31": "1899.20000", "2007-12-31": "1801.10000", "2007-09-30": "1911.10000", "2007-06-30": "1777.60000", "2007-03-31": "1741.60000", "2006-12-31": "1638.50000", "2006-09-30": "1725.50000", "2006-06-30": "1613.30000", "2006-03-31": "1629.70000", "2005-12-31": "1825.60000", "2005-09-30": "1513.10000", "2005-06-30": "1467.30000", "2005-03-31": "1434.60000"}, "Property, Plant, And Equipment": {"2020-12-31": "2053.80000", "2020-09-30": "2005.90000", "2020-06-30": "2024.40000", "2020-03-31": "2036.70000", "2019-12-31": "1959.50000", "2019-09-30": "1911.90000", "2019-06-30": "1933.30000", "2019-03-31": "1927.40000", "2018-12-31": "1915.20000", "2018-09-30": "1846.20000", "2018-06-30": "1817.10000", "2018-03-31": "1770.20000", "2017-12-31": "1742.50000", "2017-09-30": "1677.30000", "2017-06-30": "1649.80000", "2017-03-31": "1538.30000", "2016-12-31": "1451.20000", "2016-09-30": "1480.10000", "2016-06-30": "1462.50000", "2016-03-31": "1462.90000", "2015-12-31": "1450.20000", "2015-09-30": "1407.60000", "2015-06-30": "1419.20000", "2015-03-31": "1411.50000", "2014-12-31": "1454.10000", "2014-09-30": "1448.10000", "2014-06-30": "1483.70000", "2014-03-31": "1482.40000", "2013-12-31": "1478.60000", "2013-09-30": "1455.40000", "2013-06-30": "1398.00000", "2013-03-31": "1354.60000", "2012-12-31": "1329.90000", "2012-09-30": "1385.50000", "2012-06-30": "1295.20000", "2012-03-31": "1268.20000", "2011-12-31": "1142.60000", "2011-09-30": "1225.80000", "2011-06-30": "1186.40000", "2011-03-31": "1144.90000", "2010-12-31": "1156.00000", "2010-09-30": "1141.80000", "2010-06-30": "1067.00000", "2010-03-31": "1030.10000", "2009-12-31": "575.90000", "2009-09-30": "572.20000", "2009-06-30": "573.90000", "2009-03-31": "566.10000", "2008-12-31": "579.80000", "2008-09-30": "588.70000", "2008-06-30": "572.50000", "2008-03-31": "579.50000", "2007-12-31": "564.90000", "2007-09-30": "566.30000", "2007-06-30": "562.60000", "2007-03-31": "568.20000", "2006-12-31": "559.40000", "2006-09-30": "498.00000", "2006-06-30": "493.50000", "2006-03-31": "491.40000", "2005-12-31": "467.10000", "2005-09-30": "402.00000", "2005-06-30": "394.60000", "2005-03-31": "396.90000"}, "Long-Term Investments": {"2020-12-31": "", "2020-09-30": "", "2020-06-30": "", "2020-03-31": "", "2019-12-31": "", "2019-09-30": "", "2019-06-30": "", "2019-03-31": "", "2018-12-31": "", "2018-09-30": "", "2018-06-30": "", "2018-03-31": "", "2017-12-31": "", "2017-09-30": "", "2017-06-30": "", "2017-03-31": "", "2016-12-31": "", "2016-09-30": "", "2016-06-30": "", "2016-03-31": "", "2015-12-31": "", "2015-09-30": "", "2015-06-30": "", "2015-03-31": "", "2014-12-31": "", "2014-09-30": "", "2014-06-30": "", "2014-03-31": "", "2013-12-31": "", "2013-09-30": "", "2013-06-30": "", "2013-03-31": "", "2012-12-31": "", "2012-09-30": "", "2012-06-30": "", "2012-03-31": "", "2011-12-31": "", "2011-09-30": "", "2011-06-30": "", "2011-03-31": "", "2010-12-31": "", "2010-09-30": "", "2010-06-30": "", "2010-03-31": "", "2009-12-31": "", "2009-09-30": "", "2009-06-30": "", "2009-03-31": "", "2008-12-31": "", "2008-09-30": "", "2008-06-30": "", "2008-03-31": "", "2007-12-31": "", "2007-09-30": "", "2007-06-30": "", "2007-03-31": "", "2006-12-31": "", "2006-09-30": "", "2006-06-30": "", "2006-03-31": "", "2005-12-31": "", "2005-09-30": "", "2005-06-30": "", "2005-03-31": ""}, "Goodwill And Intangible Assets": {"2020-12-31": "14093.50000", "2020-09-30": "13956.00000", "2020-06-30": "13911.60000", "2020-03-31": "13877.40000", "2019-12-31": "12859.50000", "2019-09-30": "12813.00000", "2019-06-30": "12954.90000", "2019-03-31": "13028.30000", "2018-12-31": "12441.10000", "2018-09-30": "12554.10000", "2018-06-30": "12544.40000", "2018-03-31": "12325.10000", "2017-12-31": "12283.50000", "2017-09-30": "12240.80000", "2017-06-30": "12020.20000", "2017-03-31": "11967.50000", "2016-12-31": "8993.50000", "2016-09-30": "9589.30000", "2016-06-30": "9592.60000", "2016-03-31": "9700.90000", "2015-12-31": "9625.80000", "2015-09-30": "9739.60000", "2015-06-30": "9798.70000", "2015-03-31": "9788.60000", "2014-12-31": "10027.20000", "2014-09-30": "10355.90000", "2014-06-30": "10589.60000", "2014-03-31": "10618.90000", "2013-12-31": "10600.00000", "2013-09-30": "10688.80000", "2013-06-30": "10613.30000", "2013-03-31": "10679.40000", "2012-12-31": "9947.00000", "2012-09-30": "10694.50000", "2012-06-30": "10447.00000", "2012-03-31": "10178.00000", "2011-12-31": "9382.10000", "2011-09-30": "10142.00000", "2011-06-30": "9094.10000", "2011-03-31": "9062.50000", "2010-12-31": "8793.40000", "2010-09-30": "8255.50000", "2010-06-30": "7711.20000", "2010-03-31": "8190.10000", "2009-12-31": "2594.80000", "2009-09-30": "2628.00000", "2009-06-30": "2600.70000", "2009-03-31": "2570.10000", "2008-12-31": "2596.10000", "2008-09-30": "2486.90000", "2008-06-30": "2233.90000", "2008-03-31": "2274.80000", "2007-12-31": "2206.70000", "2007-09-30": "2256.90000", "2007-06-30": "2185.80000", "2007-03-31": "2188.50000", "2006-12-31": "1621.50000", "2006-09-30": "1612.20000", "2006-06-30": "1517.10000", "2006-03-31": "1492.30000", "2005-12-31": "1060.40000", "2005-09-30": "986.90000", "2005-06-30": "989.30000", "2005-03-31": "967.00000"}, "Other Long-Term Assets": {"2020-12-31": "1383.00000", "2020-09-30": "1292.00000", "2020-06-30": "1278.90000", "2020-03-31": "1298.00000", "2019-12-31": "1321.00000", "2019-09-30": "1269.60000", "2019-06-30": "1290.20000", "2019-03-31": "1250.70000", "2018-12-31": "482.30000", "2018-09-30": "492.00000", "2018-06-30": "495.50000", "2018-03-31": "510.00000", "2017-12-31": "512.70000", "2017-09-30": "826.40000", "2017-06-30": "803.20000", "2017-03-31": "788.00000", "2016-12-31": "401.70000", "2016-09-30": "389.20000", "2016-06-30": "392.50000", "2016-03-31": "426.80000", "2015-12-31": "389.70000", "2015-09-30": "450.40000", "2015-06-30": "436.10000", "2015-03-31": "418.90000", "2014-12-31": "419.00000", "2014-09-30": "477.70000", "2014-06-30": "484.90000", "2014-03-31": "460.40000", "2013-12-31": "439.90000", "2013-09-30": "448.30000", "2013-06-30": "434.70000", "2013-03-31": "437.60000", "2012-12-31": "455.80000", "2012-09-30": "280.30000", "2012-06-30": "302.40000", "2012-03-31": "300.80000", "2011-12-31": "334.80000", "2011-09-30": "377.90000", "2011-06-30": "414.00000", "2011-03-31": "374.10000", "2010-12-31": "338.80000", "2010-09-30": "373.10000", "2010-06-30": "345.00000", "2010-03-31": "430.60000", "2009-12-31": "186.50000", "2009-09-30": "112.20000", "2009-06-30": "199.20000", "2009-03-31": "196.40000", "2008-12-31": "192.70000", "2008-09-30": "197.20000", "2008-06-30": "207.30000", "2008-03-31": "201.20000", "2007-12-31": "190.30000", "2007-09-30": "131.10000", "2007-06-30": "131.00000", "2007-03-31": "142.10000", "2006-12-31": "116.00000", "2006-09-30": "202.20000", "2006-06-30": "221.40000", "2006-03-31": "184.50000", "2005-12-31": "192.00000", "2005-09-30": "151.40000", "2005-06-30": "152.40000", "2005-03-31": "154.30000"}, "Total Long-Term Assets": {"2020-12-31": "17530.30000", "2020-09-30": "17253.90000", "2020-06-30": "17214.90000", "2020-03-31": "17212.10000", "2019-12-31": "16140.00000", "2019-09-30": "15994.50000", "2019-06-30": "16178.40000", "2019-03-31": "16206.40000", "2018-12-31": "14838.60000", "2018-09-30": "14892.30000", "2018-06-30": "14857.00000", "2018-03-31": "14605.30000", "2017-12-31": "14538.70000", "2017-09-30": "14744.50000", "2017-06-30": "14473.20000", "2017-03-31": "14293.80000", "2016-12-31": "10846.40000", "2016-09-30": "11458.60000", "2016-06-30": "11447.60000", "2016-03-31": "11590.60000", "2015-12-31": "11465.70000", "2015-09-30": "11597.60000", "2015-06-30": "11654.00000", "2015-03-31": "11619.00000", "2014-12-31": "11900.30000", "2014-09-30": "12281.70000", "2014-06-30": "12558.20000", "2014-03-31": "12561.70000", "2013-12-31": "12518.50000", "2013-09-30": "12592.50000", "2013-06-30": "12446.00000", "2013-03-31": "12471.60000", "2012-12-31": "11732.70000", "2012-09-30": "12360.30000", "2012-06-30": "12044.60000", "2012-03-31": "11747.00000", "2011-12-31": "10859.50000", "2011-09-30": "11745.70000", "2011-06-30": "10694.50000", "2011-03-31": "10581.50000", "2010-12-31": "10288.20000", "2010-09-30": "9770.39900", "2010-06-30": "9123.20000", "2010-03-31": "9650.80000", "2009-12-31": "3357.20000", "2009-09-30": "3397.60000", "2009-06-30": "3373.80000", "2009-03-31": "3332.60000", "2008-12-31": "3368.60000", "2008-09-30": "3272.80000", "2008-06-30": "3013.70000", "2008-03-31": "3055.50000", "2007-12-31": "2961.90000", "2007-09-30": "2954.30000", "2007-06-30": "2879.40000", "2007-03-31": "2898.80000", "2006-12-31": "2296.90000", "2006-09-30": "2312.40000", "2006-06-30": "2232.00000", "2006-03-31": "2168.20000", "2005-12-31": "1719.50000", "2005-09-30": "1540.30000", "2005-06-30": "1536.30000", "2005-03-31": "1518.20000"}, "Total Assets": {"2020-12-31": "23566.30000", "2020-09-30": "23040.90000", "2020-06-30": "22984.40000", "2020-03-31": "22905.00000", "2019-12-31": "20596.60000", "2019-09-30": "21322.50000", "2019-06-30": "21523.60000", "2019-03-31": "21460.30000", "2018-12-31": "19408.00000", "2018-09-30": "20447.70000", "2018-06-30": "20179.60000", "2018-03-31": "19683.20000", "2017-12-31": "19097.70000", "2017-09-30": "19773.20000", "2017-06-30": "19312.30000", "2017-03-31": "18662.10000", "2016-12-31": "15634.90000", "2016-09-30": "15720.70000", "2016-06-30": "15740.80000", "2016-03-31": "15607.40000", "2015-12-31": "15127.80000", "2015-09-30": "15870.90000", "2015-06-30": "15998.80000", "2015-03-31": "15943.70000", "2014-12-31": "15849.10000", "2014-09-30": "16733.80000", "2014-06-30": "16958.80000", "2014-03-31": "16832.90000", "2013-12-31": "16535.10000", "2013-09-30": "17023.70000", "2013-06-30": "16702.90000", "2013-03-31": "16897.50000", "2012-12-31": "15844.00000", "2012-09-30": "17114.20000", "2012-06-30": "16350.40000", "2012-03-31": "16350.30000", "2011-12-31": "15949.00000", "2011-09-30": "16483.00000", "2011-06-30": "16033.50000", "2011-03-31": "15756.00000", "2010-12-31": "15139.40000", "2010-09-30": "14872.70000", "2010-06-30": "13995.60000", "2010-03-31": "14634.70000", "2009-12-31": "4769.10000", "2009-09-30": "4802.70000", "2009-06-30": "4749.70000", "2009-03-31": "4723.70000", "2008-12-31": "4866.60000", "2008-09-30": "5121.30000", "2008-06-30": "5066.50000", "2008-03-31": "4954.70000", "2007-12-31": "4763.00000", "2007-09-30": "4865.40000", "2007-06-30": "4657.00000", "2007-03-31": "4640.40000", "2006-12-31": "3935.40000", "2006-09-30": "4037.90000", "2006-06-30": "3845.30000", "2006-03-31": "3797.90000", "2005-12-31": "3545.10000", "2005-09-30": "3053.40000", "2005-06-30": "3003.60000", "2005-03-31": "2952.80000"}, "Total Current Liabilities": {"2020-12-31": "4558.30000", "2020-09-30": "4221.80000", "2020-06-30": "4578.30000", "2020-03-31": "5370.30000", "2019-12-31": "4405.70000", "2019-09-30": "5441.90000", "2019-06-30": "5653.10000", "2019-03-31": "5766.20000", "2018-12-31": "4001.60000", "2018-09-30": "6052.00000", "2018-06-30": "5638.90000", "2018-03-31": "4810.20000", "2017-12-31": "4391.50000", "2017-09-30": "4002.20000", "2017-06-30": "3866.90000", "2017-03-31": "4214.40000", "2016-12-31": "2807.50000", "2016-09-30": "3463.00000", "2016-06-30": "3709.90000", "2016-03-31": "3696.60000", "2015-12-31": "2802.60000", "2015-09-30": "3422.30000", "2015-06-30": "3385.00000", "2015-03-31": "3446.80000", "2014-12-31": "2832.00000", "2014-09-30": "3387.30000", "2014-06-30": "3387.00000", "2014-03-31": "3455.80000", "2013-12-31": "3236.00000", "2013-09-30": "3948.80000", "2013-06-30": "3929.90000", "2013-03-31": "4132.60000", "2012-12-31": "3074.70000", "2012-09-30": "4670.30000", "2012-06-30": "3771.10000", "2012-03-31": "3437.10000", "2011-12-31": "3329.90000", "2011-09-30": "3810.30000", "2011-06-30": "3404.70000", "2011-03-31": "2992.10000", "2010-12-31": "2747.40000", "2010-09-30": "3157.10000", "2010-06-30": "3074.70000", "2010-03-31": "3158.90000", "2009-12-31": "1192.00000", "2009-09-30": "1238.60000", "2009-06-30": "1118.30000", "2009-03-31": "1098.10000", "2008-12-31": "1193.20000", "2008-09-30": "1498.80000", "2008-06-30": "1485.70000", "2008-03-31": "1429.50000", "2007-12-31": "1262.70000", "2007-09-30": "1389.80000", "2007-06-30": "1329.40000", "2007-03-31": "1295.90000", "2006-12-31": "1251.10000", "2006-09-30": "1265.00000", "2006-06-30": "1199.10000", "2006-03-31": "1276.20000", "2005-12-31": "875.30000", "2005-09-30": "893.40000", "2005-06-30": "932.80000", "2005-03-31": "886.70000"}, "Long Term Debt": {"2020-12-31": "4245.40000", "2020-09-30": "4658.50000", "2020-06-30": "4658.70000", "2020-03-31": "4662.60000", "2019-12-31": "3176.40000", "2019-09-30": "3908.80000", "2019-06-30": "3909.10000", "2019-03-31": "3909.40000", "2018-12-31": "3819.80000", "2018-09-30": "2830.60000", "2018-06-30": "2831.20000", "2018-03-31": "2827.60000", "2017-12-31": "2828.20000", "2017-09-30": "3818.00000", "2017-06-30": "3817.40000", "2017-03-31": "3815.60000", "2016-12-31": "3815.30000", "2016-09-30": "3815.10000", "2016-06-30": "3814.10000", "2016-03-31": "3817.20000", "2015-12-31": "3792.10000", "2015-09-30": "3847.30000", "2015-06-30": "3823.20000", "2015-03-31": "3855.70000", "2014-12-31": "3839.80000", "2014-09-30": "3856.80000", "2014-06-30": "3849.30000", "2014-03-31": "3831.10000", "2013-12-31": "3799.40000", "2013-09-30": "3396.90000", "2013-06-30": "3428.90000", "2013-03-31": "3494.10000", "2012-12-31": "3526.50000", "2012-09-30": "2728.90000", "2012-06-30": "2924.50000", "2012-03-31": "2905.70000", "2011-12-31": "2925.80000", "2011-09-30": "2738.70000", "2011-06-30": "2729.00000", "2011-03-31": "3008.50000", "2010-12-31": "3018.10000", "2010-09-30": "2719.20000", "2010-06-30": "2318.70000", "2010-03-31": "2743.40000", "2009-12-31": "1084.70000", "2009-09-30": "1086.60000", "2009-06-30": "1276.90000", "2009-03-31": "1385.40000", "2008-12-31": "1383.80000", "2008-09-30": "1194.40000", "2008-06-30": "1197.80000", "2008-03-31": "1204.00000", "2007-12-31": "1212.10000", "2007-09-30": "1212.20000", "2007-06-30": "1211.10000", "2007-03-31": "1209.20000", "2006-12-31": "679.20000", "2006-09-30": "823.30000", "2006-06-30": "821.00000", "2006-03-31": "821.30000", "2005-12-31": "895.30000", "2005-09-30": "467.10000", "2005-06-30": "468.10000", "2005-03-31": "474.50000"}, "Other Non-Current Liabilities": {"2020-12-31": "3696.20000", "2020-09-30": "2598.40000", "2020-06-30": "2584.30000", "2020-03-31": "2598.90000", "2019-12-31": "2531.70000", "2019-09-30": "2429.90000", "2019-06-30": "2422.20000", "2019-03-31": "2521.80000", "2018-12-31": "2446.00000", "2018-09-30": "2468.00000", "2018-06-30": "2451.00000", "2018-03-31": "2534.50000", "2017-12-31": "2507.00000", "2017-09-30": "2116.20000", "2017-06-30": "2099.80000", "2017-03-31": "2001.60000", "2016-12-31": "1258.80000", "2016-09-30": "983.60000", "2016-06-30": "952.80000", "2016-03-31": "900.70000", "2015-12-31": "1178.60000", "2015-09-30": "1227.50000", "2015-06-30": "1217.50000", "2015-03-31": "1246.60000", "2014-12-31": "922.80000", "2014-09-30": "822.20000", "2014-06-30": "851.10000", "2014-03-31": "825.90000", "2013-12-31": "975.50000", "2013-09-30": "867.10000", "2013-06-30": "846.10000", "2013-03-31": "795.40000", "2012-12-31": "753.60000", "2012-09-30": "747.40000", "2012-06-30": "1066.10000", "2012-03-31": "1073.00000", "2011-12-31": "1051.70000", "2011-09-30": "1155.00000", "2011-06-30": "742.20000", "2011-03-31": "792.60000", "2010-12-31": "763.40000", "2010-09-30": "729.90000", "2010-06-30": "672.50000", "2010-03-31": "649.60000", "2009-12-31": "223.80000", "2009-09-30": "542.40000", "2009-06-30": "534.60000", "2009-03-31": "534.00000", "2008-12-31": "445.30000", "2008-09-30": "556.60000", "2008-06-30": "591.70000", "2008-03-31": "604.60000", "2007-12-31": "479.20000", "2007-09-30": "568.30000", "2007-06-30": "535.60000", "2007-03-31": "569.10000", "2006-12-31": "385.90000", "2006-09-30": "448.50000", "2006-06-30": "418.20000", "2006-03-31": "373.40000", "2005-12-31": "246.20000", "2005-09-30": "314.70000", "2005-06-30": "310.20000", "2005-03-31": "324.10000"}, "Total Long Term Liabilities": {"2020-12-31": "7941.60000", "2020-09-30": "8439.80000", "2020-06-30": "8440.50000", "2020-03-31": "8575.50000", "2019-12-31": "7048.70000", "2019-09-30": "7612.40000", "2019-06-30": "7637.20000", "2019-03-31": "7757.39900", "2018-12-31": "7566.50000", "2018-09-30": "6310.60000", "2018-06-30": "6352.90000", "2018-03-31": "6431.20000", "2017-12-31": "6401.20000", "2017-09-30": "7752.20000", "2017-06-30": "7739.00000", "2017-03-31": "7629.60000", "2016-12-31": "6453.80000", "2016-09-30": "6176.50000", "2016-06-30": "6180.80000", "2016-03-31": "6195.60000", "2015-12-31": "6466.00000", "2015-09-30": "6728.00000", "2015-06-30": "6747.30000", "2015-03-31": "6799.70000", "2014-12-31": "6505.20000", "2014-09-30": "6302.50000", "2014-06-30": "6434.50000", "2014-03-31": "6397.80000", "2013-12-31": "6418.60000", "2013-09-30": "6056.60000", "2013-06-30": "6048.50000", "2013-03-31": "6105.80000", "2012-12-31": "6042.20000", "2012-09-30": "5180.00000", "2012-06-30": "5687.10000", "2012-03-31": "5651.60000", "2011-12-31": "5552.30000", "2011-09-30": "5571.00000", "2011-06-30": "5045.00000", "2011-03-31": "5378.10000", "2010-12-31": "5322.30000", "2010-09-30": "4778.00000", "2010-06-30": "4286.40000", "2010-03-31": "4937.40000", "2009-12-31": "1565.60000", "2009-09-30": "1629.00000", "2009-06-30": "1811.50000", "2009-03-31": "1919.40000", "2008-12-31": "1948.60000", "2008-09-30": "1751.00000", "2008-06-30": "1789.50000", "2008-03-31": "1808.60000", "2007-12-31": "1771.80000", "2007-09-30": "1780.50000", "2007-06-30": "1746.70000", "2007-03-31": "1778.30000", "2006-12-31": "1132.30000", "2006-09-30": "1271.80000", "2006-06-30": "1239.20000", "2006-03-31": "1194.70000", "2005-12-31": "1224.90000", "2005-09-30": "781.80000", "2005-06-30": "778.30000", "2005-03-31": "798.60000"}, "Total Liabilities": {"2020-12-31": "12499.90000", "2020-09-30": "12661.60000", "2020-06-30": "13018.80000", "2020-03-31": "13945.80000", "2019-12-31": "11454.40000", "2019-09-30": "13054.30000", "2019-06-30": "13290.30000", "2019-03-31": "13523.60000", "2018-12-31": "11568.10000", "2018-09-30": "12362.60000", "2018-06-30": "11991.80000", "2018-03-31": "11241.40000", "2017-12-31": "10792.70000", "2017-09-30": "11754.40000", "2017-06-30": "11605.90000", "2017-03-31": "11844.00000", "2016-12-31": "9261.30000", "2016-09-30": "9639.50000", "2016-06-30": "9890.70000", "2016-03-31": "9892.20000", "2015-12-31": "9268.60000", "2015-09-30": "10150.30000", "2015-06-30": "10132.30000", "2015-03-31": "10246.50000", "2014-12-31": "9337.20000", "2014-09-30": "9689.80000", "2014-06-30": "9821.50000", "2014-03-31": "9853.60000", "2013-12-31": "9654.60000", "2013-09-30": "10005.40000", "2013-06-30": "9978.40000", "2013-03-31": "10238.40000", "2012-12-31": "9116.90000", "2012-09-30": "9850.30000", "2012-06-30": "9458.20000", "2012-03-31": "9088.70000", "2011-12-31": "8882.20000", "2011-09-30": "9381.30000", "2011-06-30": "8449.70000", "2011-03-31": "8370.20000", "2010-12-31": "8069.70000", "2010-09-30": "7935.10000", "2010-06-30": "7361.10000", "2010-03-31": "8096.30000", "2009-12-31": "2757.60000", "2009-09-30": "2867.60000", "2009-06-30": "2929.80000", "2009-03-31": "3017.50000", "2008-12-31": "3141.80000", "2008-09-30": "3249.80000", "2008-06-30": "3275.20000", "2008-03-31": "3238.10000", "2007-12-31": "3034.50000", "2007-09-30": "3170.30000", "2007-06-30": "3076.10000", "2007-03-31": "3074.20000", "2006-12-31": "2383.40000", "2006-09-30": "2536.80000", "2006-06-30": "2438.30000", "2006-03-31": "2470.90000", "2005-12-31": "2100.20000", "2005-09-30": "1675.20000", "2005-06-30": "1711.10000", "2005-03-31": "1685.30000"}, "Common Stock Net": {"2020-12-31": "", "2020-09-30": "442.30000", "2020-06-30": "442.30000", "2020-03-31": "442.30000", "2019-12-31": "442.30000", "2019-09-30": "442.30000", "2019-06-30": "442.30000", "2019-03-31": "442.30000", "2018-12-31": "442.30000", "2018-09-30": "442.30000", "2018-06-30": "442.30000", "2018-03-31": "442.30000", "2017-12-31": "442.30000", "2017-09-30": "442.30000", "2017-06-30": "442.30000", "2017-03-31": "442.30000", "2016-12-31": "442.30000", "2016-09-30": "442.30000", "2016-06-30": "442.30000", "2016-03-31": "442.30000", "2015-12-31": "442.30000", "2015-09-30": "442.30000", "2015-06-30": "442.30000", "2015-03-31": "442.30000", "2014-12-31": "442.30000", "2014-09-30": "442.30000", "2014-06-30": "442.30000", "2014-03-31": "442.30000", "2013-12-31": "442.30000", "2013-09-30": "442.30000", "2013-06-30": "442.30000", "2013-03-31": "442.30000", "2012-12-31": "442.30000", "2012-09-30": "442.30000", "2012-06-30": "442.30000", "2012-03-31": "440.70000", "2011-12-31": "440.70000", "2011-09-30": "440.70000", "2011-06-30": "440.70000", "2011-03-31": "440.70000", "2010-12-31": "440.70000", "2010-09-30": "440.70000", "2010-06-30": "440.70000", "2010-03-31": "427.20000", "2009-12-31": "230.90000", "2009-09-30": "230.90000", "2009-06-30": "230.90000", "2009-03-31": "230.90000", "2008-12-31": "230.90000", "2008-09-30": "233.90000", "2008-06-30": "233.90000", "2008-03-31": "233.90000", "2007-12-31": "233.90000", "2007-09-30": "233.90000", "2007-06-30": "233.90000", "2007-03-31": "233.90000", "2006-12-31": "233.90000", "2006-09-30": "237.70000", "2006-06-30": "237.70000", "2006-03-31": "237.70000", "2005-12-31": "237.70000", "2005-09-30": "237.70000", "2005-06-30": "237.70000", "2005-03-31": "237.70000"}, "Retained Earnings (Accumulated Deficit)": {"2020-12-31": "", "2020-09-30": "7200.40000", "2020-06-30": "6924.50000", "2020-03-31": "6796.60000", "2019-12-31": "6772.80000", "2019-09-30": "6678.10000", "2019-06-30": "6549.90000", "2019-03-31": "6291.30000", "2018-12-31": "6219.00000", "2018-09-30": "6424.30000", "2018-06-30": "6273.90000", "2018-03-31": "6074.50000", "2017-12-31": "5998.70000", "2017-09-30": "5803.90000", "2017-06-30": "5624.40000", "2017-03-31": "5433.80000", "2016-12-31": "5127.30000", "2016-09-30": "4958.70000", "2016-06-30": "4793.80000", "2016-03-31": "4601.80000", "2015-12-31": "4491.70000", "2015-09-30": "4306.40000", "2015-06-30": "4157.00000", "2015-03-31": "4006.40000", "2014-12-31": "3926.30000", "2014-09-30": "3863.90000", "2014-06-30": "3708.20000", "2014-03-31": "3569.40000", "2013-12-31": "3484.90000", "2013-09-30": "3506.00000", "2013-06-30": "3416.80000", "2013-03-31": "3304.80000", "2012-12-31": "3299.50000", "2012-09-30": "2886.90000", "2012-06-30": "2850.90000", "2012-03-31": "2762.20000", "2011-12-31": "2707.30000", "2011-09-30": "2609.80000", "2011-06-30": "2521.40000", "2011-03-31": "2392.50000", "2010-12-31": "2301.80000", "2010-09-30": "2219.90000", "2010-06-30": "2152.50000", "2010-03-31": "2160.80000", "2009-12-31": "2295.50000", "2009-09-30": "2374.70000", "2009-06-30": "2333.70000", "2009-03-31": "2288.00000", "2008-12-31": "2199.90000", "2008-09-30": "2288.90000", "2008-06-30": "2147.90000", "2008-03-31": "2089.20000", "2007-12-31": "2045.50000", "2007-09-30": "1974.10000", "2007-06-30": "1905.10000", "2007-03-31": "1837.00000", "2006-12-31": "1883.60000", "2006-09-30": "1816.20000", "2006-06-30": "1745.10000", "2006-03-31": "1679.00000", "2005-12-31": "1657.20000", "2005-09-30": "1644.90000", "2005-06-30": "1587.10000", "2005-03-31": "1542.70000"}, "Comprehensive Income": {"2020-12-31": "", "2020-09-30": "-1961.10000", "2020-06-30": "-2040.60000", "2020-03-31": "-2143.40000", "2019-12-31": "-1884.60000", "2019-09-30": "-1944.90000", "2019-06-30": "-1814.00000", "2019-03-31": "-1813.30000", "2018-12-31": "-1814.30000", "2018-09-30": "-1751.20000", "2018-06-30": "-1772.40000", "2018-03-31": "-1493.30000", "2017-12-31": "-1589.10000", "2017-09-30": "-1618.80000", "2017-06-30": "-1722.40000", "2017-03-31": "-1807.70000", "2016-12-31": "-1921.20000", "2016-09-30": "-1681.80000", "2016-06-30": "-1711.20000", "2016-03-31": "-1614.40000", "2015-12-31": "-1694.20000", "2015-09-30": "-1581.70000", "2015-06-30": "-1455.30000", "2015-03-31": "-1527.50000", "2014-12-31": "-1270.20000", "2014-09-30": "-785.90000", "2014-06-30": "-502.90000", "2014-03-31": "-494.20000", "2013-12-31": "-499.00000", "2013-09-30": "-481.00000", "2013-06-30": "-645.90000", "2013-03-31": "-530.20000", "2012-12-31": "-388.00000", "2012-09-30": "-270.00000", "2012-06-30": "-547.60000", "2012-03-31": "-272.30000", "2011-12-31": "-349.20000", "2011-09-30": "-181.60000", "2011-06-30": "78.40000", "2011-03-31": "33.30000", "2010-12-31": "-116.30000", "2010-09-30": "-174.80000", "2010-06-30": "-384.40000", "2010-03-31": "-117.60000", "2009-12-31": "-76.50000", "2009-09-30": "-87.00000", "2009-06-30": "-123.70000", "2009-03-31": "-172.80000", "2008-12-31": "-152.00000", "2008-09-30": "19.00000", "2008-06-30": "91.00000", "2008-03-31": "84.00000", "2007-12-31": "47.70000", "2007-09-30": "-4.00000", "2007-06-30": "-44.90000", "2007-03-31": "-69.60000", "2006-12-31": "-81.80000", "2006-09-30": "-46.40000", "2006-06-30": "-54.80000", "2006-03-31": "-81.60000", "2005-12-31": "-91.30000", "2005-09-30": "-84.60000", "2005-06-30": "-91.60000", "2005-03-31": "-66.60000"}, "Other Share Holders Equity": {"2020-12-31": "", "2020-09-30": "0.00000", "2020-06-30": "0.00000", "2020-03-31": "0.00000", "2019-12-31": "-2.30000", "2019-09-30": "-2.30000", "2019-06-30": "-3.40000", "2019-03-31": "-6.30000", "2018-12-31": "-10.50000", "2018-09-30": "-13.30000", "2018-06-30": "-14.40000", "2018-03-31": "-15.50000", "2017-12-31": "-18.80000", "2017-09-30": "-20.00000", "2017-06-30": "-21.10000", "2017-03-31": "-22.30000", "2016-12-31": "-25.90000", "2016-09-30": "-27.10000", "2016-06-30": "-28.40000", "2016-03-31": "-29.60000", "2015-12-31": "-34.90000", "2015-09-30": "-36.20000", "2015-06-30": "-37.50000", "2015-03-31": "-38.80000", "2014-12-31": "-43.60000", "2014-09-30": "-44.90000", "2014-06-30": "-46.20000", "2014-03-31": "-47.60000", "2013-12-31": "-53.20000", "2013-09-30": "-58.60000", "2013-06-30": "-60.00000", "2013-03-31": "-61.40000", "2012-12-31": "-62.80000", "2012-09-30": "-64.20000", "2012-06-30": "-65.60000", "2012-03-31": "-67.10000", "2011-12-31": "-68.50000", "2011-09-30": "-70.00000", "2011-06-30": "-71.50000", "2011-03-31": "-73.00000", "2010-12-31": "-74.50000", "2010-09-30": "-76.10000", "2010-06-30": "-77.60000", "2010-03-31": "-79.20000", "2009-12-31": "-80.80000", "2009-09-30": "-82.40000", "2009-06-30": "-84.00000", "2009-03-31": "-85.60000", "2008-12-31": "-87.20000", "2008-09-30": "-88.80000", "2008-06-30": "-90.50000", "2008-03-31": "-92.10000", "2007-12-31": "-93.80000", "2007-09-30": "-95.40000", "2007-06-30": "-97.40000", "2007-03-31": "-99.10000", "2006-12-31": "-100.90000", "2006-09-30": "-102.70000", "2006-06-30": "-104.60000", "2006-03-31": "-106.40000", "2005-12-31": "-108.20000", "2005-09-30": "-161.60000", "2005-06-30": "-163.40000", "2005-03-31": "-165.10000"}, "Share Holder Equity": {"2020-12-31": "11066.40000", "2020-09-30": "10379.30000", "2020-06-30": "9965.60000", "2020-03-31": "8959.20000", "2019-12-31": "9142.20000", "2019-09-30": "8268.20000", "2019-06-30": "8233.30000", "2019-03-31": "7936.70000", "2018-12-31": "7839.90000", "2018-09-30": "8085.10000", "2018-06-30": "8187.80000", "2018-03-31": "8441.80000", "2017-12-31": "8305.00000", "2017-09-30": "8018.80000", "2017-06-30": "7706.40000", "2017-03-31": "6818.10000", "2016-12-31": "6373.60000", "2016-09-30": "6081.20000", "2016-06-30": "5850.10000", "2016-03-31": "5715.20000", "2015-12-31": "5859.20000", "2015-09-30": "5720.60000", "2015-06-30": "5866.50000", "2015-03-31": "5697.20000", "2014-12-31": "6511.90000", "2014-09-30": "7044.00000", "2014-06-30": "7137.30000", "2014-03-31": "6979.30000", "2013-12-31": "6880.50000", "2013-09-30": "7018.30000", "2013-06-30": "6724.50000", "2013-03-31": "6659.10000", "2012-12-31": "6727.10000", "2012-09-30": "7263.90000", "2012-06-30": "6892.20000", "2012-03-31": "7261.60000", "2011-12-31": "7066.80000", "2011-09-30": "7101.70000", "2011-06-30": "7583.80000", "2011-03-31": "7385.80000", "2010-12-31": "7069.70000", "2010-09-30": "6937.60000", "2010-06-30": "6634.50000", "2010-03-31": "6538.40000", "2009-12-31": "2011.50000", "2009-09-30": "1935.10000", "2009-06-30": "1819.90000", "2009-03-31": "1706.20000", "2008-12-31": "1724.80000", "2008-09-30": "1871.50000", "2008-06-30": "1791.30000", "2008-03-31": "1716.60000", "2007-12-31": "1728.50000", "2007-09-30": "1695.10000", "2007-06-30": "1580.90000", "2007-03-31": "1566.20000", "2006-12-31": "1552.00000", "2006-09-30": "1501.10000", "2006-06-30": "1407.00000", "2006-03-31": "1327.00000", "2005-12-31": "1444.90000", "2005-09-30": "1378.20000", "2005-06-30": "1292.50000", "2005-03-31": "1267.50000"}, "Total Liabilities And Share Holders Equity": {"2020-12-31": "23566.30000", "2020-09-30": "23040.90000", "2020-06-30": "22984.40000", "2020-03-31": "22905.00000", "2019-12-31": "20596.60000", "2019-09-30": "21322.50000", "2019-06-30": "21523.60000", "2019-03-31": "21460.30000", "2018-12-31": "19408.00000", "2018-09-30": "20447.70000", "2018-06-30": "20179.60000", "2018-03-31": "19683.20000", "2017-12-31": "19097.70000", "2017-09-30": "19773.20000", "2017-06-30": "19312.30000", "2017-03-31": "18662.10000", "2016-12-31": "15634.90000", "2016-09-30": "15720.70000", "2016-06-30": "15740.80000", "2016-03-31": "15607.40000", "2015-12-31": "15127.80000", "2015-09-30": "15870.90000", "2015-06-30": "15998.80000", "2015-03-31": "15943.70000", "2014-12-31": "15849.10000", "2014-09-30": "16733.80000", "2014-06-30": "16958.80000", "2014-03-31": "16832.90000", "2013-12-31": "16535.10000", "2013-09-30": "17023.70000", "2013-06-30": "16702.90000", "2013-03-31": "16897.50000", "2012-12-31": "15844.00000", "2012-09-30": "17114.20000", "2012-06-30": "16350.40000", "2012-03-31": "16350.30000", "2011-12-31": "15949.00000", "2011-09-30": "16483.00000", "2011-06-30": "16033.50000", "2011-03-31": "15756.00000", "2010-12-31": "15139.40000", "2010-09-30": "14872.70000", "2010-06-30": "13995.60000", "2010-03-31": "14634.70000", "2009-12-31": "4769.10000", "2009-09-30": "4802.70000", "2009-06-30": "4749.70000", "2009-03-31": "4723.70000", "2008-12-31": "4866.60000", "2008-09-30": "5121.30000", "2008-06-30": "5066.50000", "2008-03-31": "4954.70000", "2007-12-31": "4763.00000", "2007-09-30": "4865.40000", "2007-06-30": "4657.00000", "2007-03-31": "4640.40000", "2006-12-31": "3935.40000", "2006-09-30": "4037.90000", "2006-06-30": "3845.30000", "2006-03-31": "3797.90000", "2005-12-31": "3545.10000", "2005-09-30": "3053.40000", "2005-06-30": "3003.60000", "2005-03-31": "2952.80000"}}, "cash flow statement": {"Net Income/Loss": {"2020-12-31": "1234.70000", "2019-12-31": "958.00000", "2018-12-31": "605.80000", "2017-12-31": "1226.90000", "2016-12-31": "967.60000", "2015-12-31": "883.70000", "2014-12-31": "760.90000", "2013-12-31": "490.30000", "2012-12-31": "883.80000", "2011-12-31": "674.60000", "2010-12-31": "198.20000", "2009-12-31": "224.30000", "2008-12-31": "308.60000", "2007-12-31": "333.80000", "2006-12-31": "289.50000", "2005-12-31": "269.60000"}, "Total Depreciation And Amortization - Cash Flow": {"2020-12-31": "578.10000", "2019-12-31": "567.60000", "2018-12-31": "516.10000", "2017-12-31": "503.90000", "2016-12-31": "408.00000", "2015-12-31": "414.00000", "2014-12-31": "449.80000", "2013-12-31": "441.30000", "2012-12-31": "445.30000", "2011-12-31": "410.10000", "2010-12-31": "348.70000", "2009-12-31": "200.10000", "2008-12-31": "183.00000", "2007-12-31": "162.20000", "2006-12-31": "121.20000", "2005-12-31": "96.50000"}, "Other Non-Cash Items": {"2020-12-31": "340.30000", "2019-12-31": "102.20000", "2018-12-31": "306.50000", "2017-12-31": "-247.70000", "2016-12-31": "118.70000", "2015-12-31": "124.70000", "2014-12-31": "197.00000", "2013-12-31": "5.90000", "2012-12-31": "-367.30000", "2011-12-31": "-26.00000", "2010-12-31": "259.20000", "2009-12-31": "36.60000", "2008-12-31": "-42.70000", "2007-12-31": "51.60000", "2006-12-31": "49.00000", "2005-12-31": "50.20000"}, "Total Non-Cash Items": {"2020-12-31": "918.40000", "2019-12-31": "669.79990", "2018-12-31": "822.60010", "2017-12-31": "256.20000", "2016-12-31": "526.70000", "2015-12-31": "538.70000", "2014-12-31": "646.80000", "2013-12-31": "447.20000", "2012-12-31": "78.00000", "2011-12-31": "384.10000", "2010-12-31": "607.90000", "2009-12-31": "236.70000", "2008-12-31": "140.30000", "2007-12-31": "213.80000", "2006-12-31": "170.20000", "2005-12-31": "146.70000"}, "Change In Accounts Receivable": {"2020-12-31": "", "2019-12-31": "137.80000", "2018-12-31": "-48.80000", "2017-12-31": "-905.60000", "2016-12-31": "-410.30000", "2015-12-31": "-53.90000", "2014-12-31": "68.40000", "2013-12-31": "-0.50000", "2012-12-31": "-70.40000", "2011-12-31": "-11.00000", "2010-12-31": "7.90000", "2009-12-31": "106.10000", "2008-12-31": "112.50000", "2007-12-31": "-35.60000", "2006-12-31": "50.90000", "2005-12-31": "7.80000"}, "Change In Inventories": {"2020-12-31": "", "2019-12-31": "137.70000", "2018-12-31": "-401.60000", "2017-12-31": "-303.00000", "2016-12-31": "-23.90000", "2015-12-31": "-54.70000", "2014-12-31": "-175.90000", "2013-12-31": "-101.90000", "2012-12-31": "11.40000", "2011-12-31": "-90.20000", "2010-12-31": "35.30000", "2009-12-31": "152.80000", "2008-12-31": "26.50000", "2007-12-31": "47.40000", "2006-12-31": "-62.70000", "2005-12-31": "-19.30000"}, "Change In Accounts Payable": {"2020-12-31": "", "2019-12-31": "-169.10000", "2018-12-31": "211.00000", "2017-12-31": "240.40000", "2016-12-31": "159.70000", "2015-12-31": "-9.70000", "2014-12-31": "71.70000", "2013-12-31": "105.00000", "2012-12-31": "109.10000", "2011-12-31": "214.20000", "2010-12-31": "77.30000", "2009-12-31": "-57.30000", "2008-12-31": "-32.90000", "2007-12-31": "34.90000", "2006-12-31": "40.50000", "2005-12-31": "12.70000"}, "Change In Assets/Liabilities": {"2020-12-31": "-131.00000", "2019-12-31": "-352.10000", "2018-12-31": "1.80000", "2017-12-31": "30.30000", "2016-12-31": "-41.20000", "2015-12-31": "-62.80000", "2014-12-31": "-135.70000", "2013-12-31": "83.90000", "2012-12-31": "-69.90000", "2011-12-31": "-175.00000", "2010-12-31": "-202.50000", "2009-12-31": "-55.00000", "2008-12-31": "-33.80000", "2007-12-31": "-16.70000", "2006-12-31": "30.30000", "2005-12-31": "-1.60000"}, "Total Change In Assets/Liabilities": {"2020-12-31": "-131.00000", "2019-12-31": "-122.10000", "2018-12-31": "-167.50000", "2017-12-31": "-814.60000", "2016-12-31": "-308.80000", "2015-12-31": "-240.10000", "2014-12-31": "-111.80000", "2013-12-31": "-69.50000", "2012-12-31": "4.40000", "2011-12-31": "-59.80000", "2010-12-31": "-66.80000", "2009-12-31": "75.80000", "2008-12-31": "67.70000", "2007-12-31": "-3.50000", "2006-12-31": "-20.60000", "2005-12-31": "-54.00000"}, "Cash Flow From Operating Activities": {"2020-12-31": "2022.10000", "2019-12-31": "1505.70000", "2018-12-31": "1260.90000", "2017-12-31": "668.50000", "2016-12-31": "1185.50000", "2015-12-31": "1182.30000", "2014-12-31": "1295.90000", "2013-12-31": "868.00000", "2012-12-31": "966.20000", "2011-12-31": "998.90000", "2010-12-31": "739.30000", "2009-12-31": "536.80000", "2008-12-31": "516.60000", "2007-12-31": "544.10000", "2006-12-31": "439.10000", "2005-12-31": "362.30000"}, "Net Change In Property, Plant, And Equipment": {"2020-12-31": "-289.00000", "2019-12-31": "-324.60000", "2018-12-31": "-446.90000", "2017-12-31": "-392.20000", "2016-12-31": "-336.40000", "2015-12-31": "-282.30000", "2014-12-31": "-275.60000", "2013-12-31": "-336.30000", "2012-12-31": "-363.30000", "2011-12-31": "-272.70000", "2010-12-31": "-174.50000", "2009-12-31": "-90.90000", "2008-12-31": "-136.50000", "2007-12-31": "-69.30000", "2006-12-31": "-48.60000", "2005-12-31": "-64.70000"}, "Net Change In Intangible Assets": {"2020-12-31": "", "2019-12-31": "", "2018-12-31": "", "2017-12-31": "", "2016-12-31": "", "2015-12-31": "", "2014-12-31": "", "2013-12-31": "", "2012-12-31": "", "2011-12-31": "", "2010-12-31": "", "2009-12-31": "", "2008-12-31": "", "2007-12-31": "", "2006-12-31": "", "2005-12-31": ""}, "Net Acquisitions/Divestitures": {"2020-12-31": "-1304.50000", "2019-12-31": "-608.80000", "2018-12-31": "-527.60000", "2017-12-31": "-1826.60000", "2016-12-31": "-35.30000", "2015-12-31": "-17.60000", "2014-12-31": "-7.10000", "2013-12-31": "-840.40000", "2012-12-31": "553.30000", "2011-12-31": "-1152.50000", "2010-12-31": "-550.30000", "2009-12-31": "-24.30000", "2008-12-31": "-370.40000", "2007-12-31": "-642.50000", "2006-12-31": "-570.90000", "2005-12-31": "-307.20000"}, "Net Change In Short-term Investments": {"2020-12-31": "-18.70000", "2019-12-31": "-260.60000", "2018-12-31": "-21.70000", "2017-12-31": "-17.90000", "2016-12-31": "", "2015-12-31": "", "2014-12-31": "", "2013-12-31": "", "2012-12-31": "", "2011-12-31": "", "2010-12-31": "", "2009-12-31": "", "2008-12-31": "", "2007-12-31": "", "2006-12-31": "", "2005-12-31": ""}, "Net Change In Long-Term Investments": {"2020-12-31": "", "2019-12-31": "", "2018-12-31": "", "2017-12-31": "", "2016-12-31": "", "2015-12-31": "", "2014-12-31": "", "2013-12-31": "", "2012-12-31": "", "2011-12-31": "", "2010-12-31": "", "2009-12-31": "", "2008-12-31": "", "2007-12-31": "", "2006-12-31": "", "2005-12-31": ""}, "Net Change In Investments - Total": {"2020-12-31": "-18.70000", "2019-12-31": "-260.60000", "2018-12-31": "-21.70000", "2017-12-31": "-17.90000", "2016-12-31": "", "2015-12-31": "", "2014-12-31": "", "2013-12-31": "", "2012-12-31": "", "2011-12-31": "", "2010-12-31": "", "2009-12-31": "", "2008-12-31": "", "2007-12-31": "", "2006-12-31": "", "2005-12-31": ""}, "Investing Activities - Other": {"2020-12-31": "41.00000", "2019-12-31": "-14.60000", "2018-12-31": "7.10000", "2017-12-31": "669.90000", "2016-12-31": "432.80000", "2015-12-31": "94.90000", "2014-12-31": "-99.50000", "2013-12-31": "-21.70000", "2012-12-31": "-7.30000", "2011-12-31": "-39.10000", "2010-12-31": "994.40000", "2009-12-31": "", "2008-12-31": "42.30000", "2007-12-31": "-5.10000", "2006-12-31": "-6.80000", "2005-12-31": "-11.60000"}, "Cash Flow From Investing Activities": {"2020-12-31": "-1571.20000", "2019-12-31": "-1208.60000", "2018-12-31": "-989.10000", "2017-12-31": "-1566.80000", "2016-12-31": "61.10000", "2015-12-31": "-205.00000", "2014-12-31": "-382.20000", "2013-12-31": "-1198.40000", "2012-12-31": "182.70000", "2011-12-31": "-1464.30000", "2010-12-31": "269.60000", "2009-12-31": "-115.20000", "2008-12-31": "-464.60000", "2007-12-31": "-716.90000", "2006-12-31": "-626.30000", "2005-12-31": "-383.50000"}, "Net Long-Term Debt": {"2020-12-31": "1068.20000", "2019-12-31": "-653.80000", "2018-12-31": "12.50000", "2017-12-31": "-2.80000", "2016-12-31": "", "2015-12-31": "", "2014-12-31": "-46.60000", "2013-12-31": "424.50000", "2012-12-31": "101.20000", "2011-12-31": "17.80000", "2010-12-31": "494.00000", "2009-12-31": "-64.50000", "2008-12-31": "204.80000", "2007-12-31": "253.00000", "2006-12-31": "-4.20000", "2005-12-31": "378.50000"}, "Net Current Debt": {"2020-12-31": "-342.60000", "2019-12-31": "-18.10000", "2018-12-31": "433.20000", "2017-12-31": "-76.70000", "2016-12-31": "1.90000", "2015-12-31": "1.20000", "2014-12-31": "-391.00000", "2013-12-31": "388.70000", "2012-12-31": "-19.00000", "2011-12-31": "-199.40000", "2010-12-31": "-263.60000", "2009-12-31": "-119.90000", "2008-12-31": "-73.50000", "2007-12-31": "192.30000", "2006-12-31": "-66.40000", "2005-12-31": "102.60000"}, "Debt Issuance/Retirement Net - Total": {"2020-12-31": "725.60000", "2019-12-31": "-671.90000", "2018-12-31": "445.70000", "2017-12-31": "-79.50000", "2016-12-31": "1.90000", "2015-12-31": "1.20000", "2014-12-31": "-437.60000", "2013-12-31": "813.20000", "2012-12-31": "82.20000", "2011-12-31": "-181.60000", "2010-12-31": "230.40000", "2009-12-31": "-184.40000", "2008-12-31": "131.30000", "2007-12-31": "445.30000", "2006-12-31": "-70.60000", "2005-12-31": "481.10000"}, "Net Common Equity Issued/Repurchased": {"2020-12-31": "870.80000", "2019-12-31": "118.50000", "2018-12-31": "-488.60000", "2017-12-31": "62.10000", "2016-12-31": "44.40000", "2015-12-31": "-486.30000", "2014-12-31": "43.10000", "2013-12-31": "115.40000", "2012-12-31": "-947.50000", "2011-12-31": "108.50000", "2010-12-31": "391.20000", "2009-12-31": "58.60000", "2008-12-31": "-84.10000", "2007-12-31": "-110.40000", "2006-12-31": "-137.20000", "2005-12-31": "38.70000"}, "Net Total Equity Issued/Repurchased": {"2020-12-31": "870.80000", "2019-12-31": "853.50000", "2018-12-31": "-488.60000", "2017-12-31": "788.10000", "2016-12-31": "44.40000", "2015-12-31": "-486.30000", "2014-12-31": "43.10000", "2013-12-31": "115.40000", "2012-12-31": "-947.50000", "2011-12-31": "108.50000", "2010-12-31": "391.20000", "2009-12-31": "58.60000", "2008-12-31": "-84.10000", "2007-12-31": "-110.40000", "2006-12-31": "-137.20000", "2005-12-31": "38.70000"}, "Total Common And Preferred Stock Dividends Paid": {"2020-12-31": "-450.60000", "2019-12-31": "-402.00000", "2018-12-31": "-384.90000", "2017-12-31": "-362.90000", "2016-12-31": "-330.90000", "2015-12-31": "-319.90000", "2014-12-31": "-321.30000", "2013-12-31": "-312.70000", "2012-12-31": "-304.00000", "2011-12-31": "-275.90000", "2010-12-31": "-201.60000", "2009-12-31": "-103.60000", "2008-12-31": "-99.00000", "2007-12-31": "-99.80000", "2006-12-31": "-96.10000", "2005-12-31": "-94.90000"}, "Financial Activities - Other": {"2020-12-31": "-535.80000", "2019-12-31": "-72.10000", "2018-12-31": "-133.80000", "2017-12-31": "-50.50000", "2016-12-31": "-148.50000", "2015-12-31": "-70.60000", "2014-12-31": "-50.40000", "2013-12-31": "-460.40000", "2012-12-31": "-168.10000", "2011-12-31": "-22.80000", "2010-12-31": "-106.40000", "2009-12-31": "-19.60000", "2008-12-31": "3.60000", "2007-12-31": "-24.50000", "2006-12-31": "5.90000", "2005-12-31": "-7.60000"}, "Cash Flow From Financial Activities": {"2020-12-31": "610.00000", "2019-12-31": "-292.50000", "2018-12-31": "-561.60000", "2017-12-31": "295.20000", "2016-12-31": "-433.10000", "2015-12-31": "-875.60000", "2014-12-31": "-766.20000", "2013-12-31": "155.50000", "2012-12-31": "-1337.40000", "2011-12-31": "-371.80000", "2010-12-31": "313.60000", "2009-12-31": "-249.00000", "2008-12-31": "-48.20000", "2007-12-31": "210.60000", "2006-12-31": "-298.00000", "2005-12-31": "417.30000"}, "Net Cash Flow": {"2020-12-31": "1083.70000", "2019-12-31": "3.20000", "2018-12-31": "-343.70000", "2017-12-31": "-522.10000", "2016-12-31": "711.80000", "2015-12-31": "-31.20000", "2014-12-31": "0.40000", "2013-12-31": "-219.80000", "2012-12-31": "-190.90000", "2011-12-31": "-835.90000", "2010-12-31": "1344.70000", "2009-12-31": "186.50000", "2008-12-31": "-28.80000", "2007-12-31": "63.80000", "2006-12-31": "-481.20000", "2005-12-31": "407.80000"}, "Stock-Based Compensation": {"2020-12-31": "", "2019-12-31": "88.80000", "2018-12-31": "76.50000", "2017-12-31": "78.70000", "2016-12-31": "81.20000", "2015-12-31": "67.90000", "2014-12-31": "57.10000", "2013-12-31": "66.40000", "2012-12-31": "89.70000", "2011-12-31": "68.90000", "2010-12-31": "85.10000", "2009-12-31": "20.70000", "2008-12-31": "13.90000", "2007-12-31": "14.10000", "2006-12-31": "", "2005-12-31": ""}, "Common Stock Dividends Paid": {"2020-12-31": "-431.80000", "2019-12-31": "-402.00000", "2018-12-31": "-384.90000", "2017-12-31": "-362.90000", "2016-12-31": "-330.90000", "2015-12-31": "-319.90000", "2014-12-31": "-321.30000", "2013-12-31": "-312.70000", "2012-12-31": "-304.00000", "2011-12-31": "-275.90000", "2010-12-31": "-201.60000", "2009-12-31": "-103.60000", "2008-12-31": "-99.00000", "2007-12-31": "-99.80000", "2006-12-31": "-96.10000", "2005-12-31": "-94.90000"}}, "cash flow statement, quarterly": {"Net Income/Loss": {"2020-12-31": 467.7, "2020-09-30": 395.2, "2020-06-30": 238.7, "2020-03-31": "133.10000", "2019-12-31": 199.1, "2019-09-30": 231.1, "2019-06-30": 357.4, "2019-03-31": "170.40000", "2018-12-31": -106, "2018-09-30": 248.3, "2018-06-30": 293.4, "2018-03-31": "170.10000", "2017-12-31": 281.1, "2017-09-30": 274.5, "2017-06-30": 277.6, "2017-03-31": "393.70000", "2016-12-31": 257.8, "2016-09-30": 248.9, "2016-06-30": 271.5, "2016-03-31": "189.40000", "2015-12-31": 265.5, "2015-09-30": 228.7, "2015-06-30": 227.2, "2015-03-31": "162.30000", "2014-12-31": 145.8, "2014-09-30": 236.7, "2014-06-30": 216.5, "2014-03-31": "161.90000", "2013-12-31": 56.1, "2013-09-30": 166, "2013-06-30": 187.1, "2013-03-31": "81.10000", "2012-12-31": 492, "2012-09-30": 115.2, "2012-06-30": 154.8, "2012-03-31": "121.80000", "2011-12-31": 164, "2011-09-30": 154.6, "2011-06-30": 197.3, "2011-03-31": "158.70000", "2010-12-31": 137.3, "2010-09-30": 123.1, "2010-06-30": 46.3, "2010-03-31": "-108.50000", "2009-12-31": 54.5, "2009-09-30": 60.7, "2009-06-30": 70.7, "2009-03-31": "38.40000", "2008-12-31": -0.2, "2008-09-30": 163.6, "2008-06-30": 78.5, "2008-03-31": "66.70000", "2007-12-31": 89.5, "2007-09-30": 91.4, "2007-06-30": 85.3, "2007-03-31": "67.60000", "2006-12-31": 86.6, "2006-09-30": 90.5, "2006-06-30": 74.7, "2006-03-31": "37.70000", "2005-12-31": 60.2, "2005-09-30": 76.9, "2005-06-30": 65.9, "2005-03-31": "66.60000"}, "Total Depreciation And Amortization - Cash Flow": {"2020-12-31": 147, "2020-09-30": 145.3, "2020-06-30": 144.7, "2020-03-31": "141.10000", "2019-12-31": 147.2, "2019-09-30": 140.9, "2019-06-30": 141.7, "2019-03-31": "137.80000", "2018-12-31": 135.1, "2018-09-30": 129.7, "2018-06-30": 127.7, "2018-03-31": "123.60000", "2017-12-31": 165.9, "2017-09-30": 120.7, "2017-06-30": 115.8, "2017-03-31": "101.50000", "2016-12-31": 102.8, "2016-09-30": 103.1, "2016-06-30": 102, "2016-03-31": "100.10000", "2015-12-31": 105.6, "2015-09-30": 103.9, "2015-06-30": 102, "2015-03-31": "102.50000", "2014-12-31": 112.4, "2014-09-30": 112.6, "2014-06-30": 114.4, "2014-03-31": "110.40000", "2013-12-31": 118.6, "2013-09-30": 108.8, "2013-06-30": 108.1, "2013-03-31": "105.80000", "2012-12-31": 114.7, "2012-09-30": 105.8, "2012-06-30": 109, "2012-03-31": "115.80000", "2011-12-31": 112.1, "2011-09-30": 100.3, "2011-06-30": 93.8, "2011-03-31": "103.90000", "2010-12-31": 109.9, "2010-09-30": 86.4, "2010-06-30": 92.7, "2010-03-31": "59.70000", "2009-12-31": 51.3, "2009-09-30": 51.9, "2009-06-30": 48.9, "2009-03-31": "48.00000", "2008-12-31": 54.5, "2008-09-30": 47.2, "2008-06-30": 40.5, "2008-03-31": "40.80000", "2007-12-31": 42.1, "2007-09-30": 42.2, "2007-06-30": 40.7, "2007-03-31": "37.20000", "2006-12-31": 29.9, "2006-09-30": 30, "2006-06-30": 31, "2006-03-31": "30.30000", "2005-12-31": 25.8, "2005-09-30": 23.4, "2005-06-30": 23.9, "2005-03-31": "23.40000"}, "Other Non-Cash Items": {"2020-12-31": 354.4, "2020-09-30": -4, "2020-06-30": -10.3, "2020-03-31": "0.20000", "2019-12-31": 120.6, "2019-09-30": 4.4, "2019-06-30": -22.5, "2019-03-31": "-0.30000", "2018-12-31": 305.7, "2018-09-30": 0, "2018-06-30": 0.8, "2018-03-31": "", "2017-12-31": 17.4, "2017-09-30": 3.2, "2017-06-30": 0.9, "2017-03-31": "-269.20000", "2016-12-31": 118.7, "2016-09-30": 0, "2016-06-30": 0, "2016-03-31": "", "2015-12-31": 124.7, "2015-09-30": 0, "2015-06-30": 0, "2015-03-31": "", "2014-12-31": 197, "2014-09-30": 0, "2014-06-30": 0, "2014-03-31": "", "2013-12-31": -15, "2013-09-30": 18.4, "2013-06-30": -14, "2013-03-31": "16.50000", "2012-12-31": -423.6, "2012-09-30": 56.3, "2012-06-30": 0, "2012-03-31": "", "2011-12-31": 36.9, "2011-09-30": 7.6, "2011-06-30": -68.9, "2011-03-31": "-1.60000", "2010-12-31": 48, "2010-09-30": 38.3, "2010-06-30": 173, "2010-03-31": "-0.10000", "2009-12-31": 23.3, "2009-09-30": 5.2, "2009-06-30": 8.8, "2009-03-31": "-0.70000", "2008-12-31": 44.4, "2008-09-30": -84.5, "2008-06-30": -2.4, "2008-03-31": "-0.20000", "2007-12-31": 51.6, "2007-09-30": 0, "2007-06-30": -4, "2007-03-31": "4.00000", "2006-12-31": 39, "2006-09-30": 0.9, "2006-06-30": 1.8, "2006-03-31": "7.30000", "2005-12-31": 46.3, "2005-09-30": 2.3, "2005-06-30": 1.6, "2005-03-31": ""}, "Total Non-Cash Items": {"2020-12-31": 501.4, "2020-09-30": 141.3, "2020-06-30": 134.4, "2020-03-31": "141.30000", "2019-12-31": 267.7999, "2019-09-30": 145.3, "2019-06-30": 119.2, "2019-03-31": "137.50000", "2018-12-31": 440.8001, "2018-09-30": 129.7, "2018-06-30": 128.5, "2018-03-31": "123.60000", "2017-12-31": 183.3, "2017-09-30": 123.9, "2017-06-30": 116.7, "2017-03-31": "-167.70000", "2016-12-31": 221.5, "2016-09-30": 103.1, "2016-06-30": 102, "2016-03-31": "100.10000", "2015-12-31": 230.3, "2015-09-30": 103.9, "2015-06-30": 102, "2015-03-31": "102.50000", "2014-12-31": 309.4, "2014-09-30": 112.6, "2014-06-30": 114.4, "2014-03-31": "110.40000", "2013-12-31": 103.6, "2013-09-30": 127.2, "2013-06-30": 94.1, "2013-03-31": "122.30000", "2012-12-31": -308.9, "2012-09-30": 162.1, "2012-06-30": 109, "2012-03-31": "115.80000", "2011-12-31": 149, "2011-09-30": 107.9, "2011-06-30": 24.9, "2011-03-31": "102.30000", "2010-12-31": 157.9, "2010-09-30": 124.7, "2010-06-30": 265.7, "2010-03-31": "59.60000", "2009-12-31": 74.6, "2009-09-30": 57.1, "2009-06-30": 57.7, "2009-03-31": "47.30000", "2008-12-31": 98.9, "2008-09-30": -37.3, "2008-06-30": 38.1, "2008-03-31": "40.60000", "2007-12-31": 93.7, "2007-09-30": 42.2, "2007-06-30": 36.7, "2007-03-31": "41.20000", "2006-12-31": 68.9, "2006-09-30": 30.9, "2006-06-30": 32.8, "2006-03-31": "37.60000", "2005-12-31": 72.1, "2005-09-30": 25.7, "2005-06-30": 25.5, "2005-03-31": "23.40000"}, "Change In Accounts Receivable": {"2020-12-31": 0, "2020-09-30": 0, "2020-06-30": 0, "2020-03-31": "", "2019-12-31": 137.8, "2019-09-30": 0, "2019-06-30": 0, "2019-03-31": "", "2018-12-31": -48.8, "2018-09-30": 0, "2018-06-30": 0, "2018-03-31": "", "2017-12-31": -905.6, "2017-09-30": 0, "2017-06-30": 0, "2017-03-31": "", "2016-12-31": -410.3, "2016-09-30": 0, "2016-06-30": 0, "2016-03-31": "", "2015-12-31": -53.9, "2015-09-30": 0, "2015-06-30": 0, "2015-03-31": "", "2014-12-31": 68.4, "2014-09-30": 0, "2014-06-30": 0, "2014-03-31": "", "2013-12-31": -0.5, "2013-09-30": 0, "2013-06-30": 0, "2013-03-31": "", "2012-12-31": -70.4, "2012-09-30": 0, "2012-06-30": 0, "2012-03-31": "", "2011-12-31": -11, "2011-09-30": 0, "2011-06-30": 0, "2011-03-31": "", "2010-12-31": 7.9, "2010-09-30": 0, "2010-06-30": 0, "2010-03-31": "", "2009-12-31": 106.1, "2009-09-30": 0, "2009-06-30": 0, "2009-03-31": "", "2008-12-31": 112.5, "2008-09-30": 0, "2008-06-30": 0, "2008-03-31": "", "2007-12-31": -35.6, "2007-09-30": 0, "2007-06-30": 0, "2007-03-31": "", "2006-12-31": 50.9, "2006-09-30": 0, "2006-06-30": 0, "2006-03-31": "", "2005-12-31": 7.8, "2005-09-30": 0, "2005-06-30": 0, "2005-03-31": ""}, "Change In Inventories": {"2020-12-31": 0, "2020-09-30": 0, "2020-06-30": 0, "2020-03-31": "", "2019-12-31": 137.7, "2019-09-30": 0, "2019-06-30": 0, "2019-03-31": "", "2018-12-31": -401.6, "2018-09-30": 0, "2018-06-30": 0, "2018-03-31": "", "2017-12-31": -303, "2017-09-30": 0, "2017-06-30": 0, "2017-03-31": "", "2016-12-31": -23.9, "2016-09-30": 0, "2016-06-30": 0, "2016-03-31": "", "2015-12-31": -54.7, "2015-09-30": 0, "2015-06-30": 0, "2015-03-31": "", "2014-12-31": -175.9, "2014-09-30": 0, "2014-06-30": 0, "2014-03-31": "", "2013-12-31": -101.9, "2013-09-30": 0, "2013-06-30": 0, "2013-03-31": "", "2012-12-31": 11.4, "2012-09-30": 0, "2012-06-30": 0, "2012-03-31": "", "2011-12-31": -90.2, "2011-09-30": 0, "2011-06-30": 0, "2011-03-31": "", "2010-12-31": 35.3, "2010-09-30": 0, "2010-06-30": 0, "2010-03-31": "", "2009-12-31": 152.8, "2009-09-30": 0, "2009-06-30": 0, "2009-03-31": "", "2008-12-31": 26.5, "2008-09-30": 0, "2008-06-30": 0, "2008-03-31": "", "2007-12-31": 47.4, "2007-09-30": 0, "2007-06-30": 0, "2007-03-31": "", "2006-12-31": -62.7, "2006-09-30": 0, "2006-06-30": 0, "2006-03-31": "", "2005-12-31": -19.3, "2005-09-30": 0, "2005-06-30": 0, "2005-03-31": ""}, "Change In Accounts Payable": {"2020-12-31": 0, "2020-09-30": 0, "2020-06-30": 0, "2020-03-31": "", "2019-12-31": -169.1, "2019-09-30": 0, "2019-06-30": 0, "2019-03-31": "", "2018-12-31": 211, "2018-09-30": 0, "2018-06-30": 0, "2018-03-31": "", "2017-12-31": 240.4, "2017-09-30": 0, "2017-06-30": 0, "2017-03-31": "", "2016-12-31": 159.7, "2016-09-30": 0, "2016-06-30": 0, "2016-03-31": "", "2015-12-31": -9.7, "2015-09-30": 0, "2015-06-30": 0, "2015-03-31": "", "2014-12-31": 71.7, "2014-09-30": 0, "2014-06-30": 0, "2014-03-31": "", "2013-12-31": 105, "2013-09-30": 0, "2013-06-30": 0, "2013-03-31": "", "2012-12-31": 109.1, "2012-09-30": 0, "2012-06-30": 0, "2012-03-31": "", "2011-12-31": 214.2, "2011-09-30": 0, "2011-06-30": 0, "2011-03-31": "", "2010-12-31": 77.3, "2010-09-30": 0, "2010-06-30": 0, "2010-03-31": "", "2009-12-31": -57.3, "2009-09-30": 0, "2009-06-30": 0, "2009-03-31": "", "2008-12-31": -32.9, "2008-09-30": 0, "2008-06-30": 0, "2008-03-31": "", "2007-12-31": 34.9, "2007-09-30": 0, "2007-06-30": 0, "2007-03-31": "", "2006-12-31": 40.5, "2006-09-30": 0, "2006-06-30": 0, "2006-03-31": "", "2005-12-31": 12.7, "2005-09-30": 0, "2005-06-30": 0, "2005-03-31": ""}, "Change In Assets/Liabilities": {"2020-12-31": 452.8, "2020-09-30": 140.7, "2020-06-30": -44.9, "2020-03-31": "-679.60000", "2019-12-31": 546.4, "2019-09-30": -183.7, "2019-06-30": 24.4, "2019-03-31": "-739.20000", "2018-12-31": 1055.3, "2018-09-30": -186.5, "2018-06-30": -223.9, "2018-03-31": "-643.10000", "2017-12-31": 1095.7, "2017-09-30": -282.8, "2017-06-30": -242.5, "2017-03-31": "-540.10000", "2016-12-31": 323.8, "2016-09-30": -105.3, "2016-06-30": 122.9, "2016-03-31": "-382.60000", "2015-12-31": 509.7, "2015-09-30": -93.6, "2015-06-30": -16.6, "2015-03-31": "-462.30000", "2014-12-31": 282.5, "2014-09-30": -100.2, "2014-06-30": 106.3, "2014-03-31": "-424.30000", "2013-12-31": 725.4, "2013-09-30": -193.6, "2013-06-30": -97, "2013-03-31": "-350.90000", "2012-12-31": 290.7, "2012-09-30": -126.1, "2012-06-30": 35.4, "2012-03-31": "-269.90000", "2011-12-31": 115.1, "2011-09-30": -106.6, "2011-06-30": -42.8, "2011-03-31": "-140.70000", "2010-12-31": -79, "2010-09-30": -48.7, "2010-06-30": -91, "2010-03-31": "16.20000", "2009-12-31": 28.9, "2009-09-30": 58.5, "2009-06-30": -60.3, "2009-03-31": "-82.10000", "2008-12-31": -6.5, "2008-09-30": 5.4, "2008-06-30": -33.1, "2008-03-31": "0.40000", "2007-12-31": 21.5, "2007-09-30": -3.3, "2007-06-30": -19.9, "2007-03-31": "-15.00000", "2006-12-31": 14.7, "2006-09-30": -4.1, "2006-06-30": 9.8, "2006-03-31": "9.90000", "2005-12-31": 70.1, "2005-09-30": -28, "2005-06-30": -14.3, "2005-03-31": "-29.40000"}, "Total Change In Assets/Liabilities": {"2020-12-31": 452.8, "2020-09-30": 140.7, "2020-06-30": -44.9, "2020-03-31": "-679.60000", "2019-12-31": 776.4, "2019-09-30": -183.7, "2019-06-30": 24.4, "2019-03-31": "-739.20000", "2018-12-31": 886, "2018-09-30": -186.5, "2018-06-30": -223.9, "2018-03-31": "-643.10000", "2017-12-31": 250.8, "2017-09-30": -282.8, "2017-06-30": -242.5, "2017-03-31": "-540.10000", "2016-12-31": 56.2, "2016-09-30": -105.3, "2016-06-30": 122.9, "2016-03-31": "-382.60000", "2015-12-31": 332.4, "2015-09-30": -93.6, "2015-06-30": -16.6, "2015-03-31": "-462.30000", "2014-12-31": 306.4, "2014-09-30": -100.2, "2014-06-30": 106.3, "2014-03-31": "-424.30000", "2013-12-31": 572, "2013-09-30": -193.6, "2013-06-30": -97, "2013-03-31": "-350.90000", "2012-12-31": 365, "2012-09-30": -126.1, "2012-06-30": 35.4, "2012-03-31": "-269.90000", "2011-12-31": 230.3, "2011-09-30": -106.6, "2011-06-30": -42.8, "2011-03-31": "-140.70000", "2010-12-31": 56.7, "2010-09-30": -48.7, "2010-06-30": -91, "2010-03-31": "16.20000", "2009-12-31": 159.7, "2009-09-30": 58.5, "2009-06-30": -60.3, "2009-03-31": "-82.10000", "2008-12-31": 95, "2008-09-30": 5.4, "2008-06-30": -33.1, "2008-03-31": "0.40000", "2007-12-31": 34.7, "2007-09-30": -3.3, "2007-06-30": -19.9, "2007-03-31": "-15.00000", "2006-12-31": -36.2, "2006-09-30": -4.1, "2006-06-30": 9.8, "2006-03-31": "9.90000", "2005-12-31": 17.7, "2005-09-30": -28, "2005-06-30": -14.3, "2005-03-31": "-29.40000"}, "Cash Flow From Operating Activities": {"2020-12-31": 1421.9, "2020-09-30": 677.2, "2020-06-30": 328.2, "2020-03-31": "-405.20000", "2019-12-31": 1243.3, "2019-09-30": 192.7, "2019-06-30": 501, "2019-03-31": "-431.30000", "2018-12-31": 1220.8, "2018-09-30": 191.5, "2018-06-30": 198, "2018-03-31": "-349.40000", "2017-12-31": 715.2, "2017-09-30": 115.6, "2017-06-30": 151.8, "2017-03-31": "-314.10000", "2016-12-31": 535.5, "2016-09-30": 246.7, "2016-06-30": 496.4, "2016-03-31": "-93.10000", "2015-12-31": 828.2, "2015-09-30": 239, "2015-06-30": 312.6, "2015-03-31": "-197.50000", "2014-12-31": 761.6, "2014-09-30": 249.1, "2014-06-30": 437.2, "2014-03-31": "-152.00000", "2013-12-31": 731.7, "2013-09-30": 99.6, "2013-06-30": 184.2, "2013-03-31": "-147.50000", "2012-12-31": 548.1, "2012-09-30": 151.2, "2012-06-30": 299.2, "2012-03-31": "-32.30000", "2011-12-31": 543.3, "2011-09-30": 155.9, "2011-06-30": 179.4, "2011-03-31": "120.30000", "2010-12-31": 351.9, "2010-09-30": 199.1, "2010-06-30": 221, "2010-03-31": "-32.70000", "2009-12-31": 288.8, "2009-09-30": 176.3, "2009-06-30": 68.1, "2009-03-31": "3.60000", "2008-12-31": 193.7, "2008-09-30": 131.7, "2008-06-30": 83.5, "2008-03-31": "107.70000", "2007-12-31": 217.9, "2007-09-30": 130.3, "2007-06-30": 102.1, "2007-03-31": "93.80000", "2006-12-31": 119.3, "2006-09-30": 117.3, "2006-06-30": 117.3, "2006-03-31": "85.20000", "2005-12-31": 150, "2005-09-30": 74.6, "2005-06-30": 77.1, "2005-03-31": "60.60000"}, "Net Change In Property, Plant, And Equipment": {"2020-12-31": -79.5, "2020-09-30": -62.1, "2020-06-30": -64.5, "2020-03-31": "-82.90000", "2019-12-31": -41.1, "2019-09-30": -96.7, "2019-06-30": -97.2, "2019-03-31": "-89.60000", "2018-12-31": -119.5, "2018-09-30": -109.4, "2018-06-30": -111.7, "2018-03-31": "-106.30000", "2017-12-31": -142.3, "2017-09-30": -85.5, "2017-06-30": -119, "2017-03-31": "-45.40000", "2016-12-31": -123.6, "2016-09-30": -76.8, "2016-06-30": -73.2, "2016-03-31": "-62.80000", "2015-12-31": -119.4, "2015-09-30": -65.5, "2015-06-30": -52.5, "2015-03-31": "-44.90000", "2014-12-31": -96.2, "2014-09-30": -60.2, "2014-06-30": -61.4, "2014-03-31": "-57.80000", "2013-12-31": -91, "2013-09-30": -88.7, "2013-06-30": -80, "2013-03-31": "-76.60000", "2012-12-31": -103.8, "2012-09-30": -95.3, "2012-06-30": -104.6, "2012-03-31": "-59.60000", "2011-12-31": -104.8, "2011-09-30": -55.9, "2011-06-30": -65.7, "2011-03-31": "-46.30000", "2010-12-31": -71.4, "2010-09-30": -45.9, "2010-06-30": -35.1, "2010-03-31": "-22.10000", "2009-12-31": -25.7, "2009-09-30": -18.4, "2009-06-30": -25.1, "2009-03-31": "-21.70000", "2008-12-31": -54.6, "2008-09-30": -28.3, "2008-06-30": -28.5, "2008-03-31": "-25.10000", "2007-12-31": -14.3, "2007-09-30": -11.5, "2007-06-30": -17.3, "2007-03-31": "-26.20000", "2006-12-31": 10.3, "2006-09-30": -21.2, "2006-06-30": -24.1, "2006-03-31": "-13.60000", "2005-12-31": -20.7, "2005-09-30": -17, "2005-06-30": -16.5, "2005-03-31": "-10.50000"}, "Net Change In Intangible Assets": {"2020-12-31": 0, "2020-09-30": 0, "2020-06-30": 0, "2020-03-31": "", "2019-12-31": 0, "2019-09-30": 0, "2019-06-30": 0, "2019-03-31": "", "2018-12-31": 0, "2018-09-30": 0, "2018-06-30": 0, "2018-03-31": "", "2017-12-31": 0, "2017-09-30": 0, "2017-06-30": 0, "2017-03-31": "", "2016-12-31": 0, "2016-09-30": 0, "2016-06-30": 0, "2016-03-31": "", "2015-12-31": 0, "2015-09-30": 0, "2015-06-30": 0, "2015-03-31": "", "2014-12-31": 0, "2014-09-30": 0, "2014-06-30": 0, "2014-03-31": "", "2013-12-31": 0, "2013-09-30": 0, "2013-06-30": 0, "2013-03-31": "", "2012-12-31": 0, "2012-09-30": 0, "2012-06-30": 0, "2012-03-31": "", "2011-12-31": 0, "2011-09-30": 0, "2011-06-30": 0, "2011-03-31": "", "2010-12-31": 0, "2010-09-30": 0, "2010-06-30": 0, "2010-03-31": "", "2009-12-31": 0, "2009-09-30": 0, "2009-06-30": 0, "2009-03-31": "", "2008-12-31": 0, "2008-09-30": 0, "2008-06-30": 0, "2008-03-31": "", "2007-12-31": 0, "2007-09-30": 0, "2007-06-30": 0, "2007-03-31": "", "2006-12-31": 0, "2006-09-30": 0, "2006-06-30": 0, "2006-03-31": "", "2005-12-31": 0, "2005-09-30": 0, "2005-06-30": 0, "2005-03-31": ""}, "Net Acquisitions/Divestitures": {"2020-12-31": -3.9, "2020-09-30": 1.4, "2020-06-30": 0.4, "2020-03-31": "-1302.40000", "2019-12-31": -3.3, "2019-09-30": -6.2, "2019-06-30": 76.9, "2019-03-31": "-676.20000", "2018-12-31": -2.7, "2018-09-30": -16.2, "2018-06-30": -507.5, "2018-03-31": "-1.20000", "2017-12-31": 10.2, "2017-09-30": -152, "2017-06-30": 5.8, "2017-03-31": "-1690.60000", "2016-12-31": 24, "2016-09-30": -38.3, "2016-06-30": -8, "2016-03-31": "-13.00000", "2015-12-31": -0.1, "2015-09-30": -17.1, "2015-06-30": 0, "2015-03-31": "-0.40000", "2014-12-31": -16.7, "2014-09-30": 5.8, "2014-06-30": 1, "2014-03-31": "2.80000", "2013-12-31": -10.3, "2013-09-30": -15.7, "2013-06-30": 38.5, "2013-03-31": "-852.90000", "2012-12-31": 1239.8, "2012-09-30": -97.8, "2012-06-30": -474, "2012-03-31": "-114.70000", "2011-12-31": 25.2, "2011-09-30": -1013.1, "2011-06-30": -96.3, "2011-03-31": "-68.30000", "2010-12-31": -1021, "2010-09-30": -460.6, "2010-06-30": -10.9, "2010-03-31": "942.20000", "2009-12-31": -4.2, "2009-09-30": -15.3, "2009-06-30": 0.4, "2009-03-31": "-5.20000", "2008-12-31": -207.2, "2008-09-30": -139.5, "2008-06-30": -23.2, "2008-03-31": "-0.50000", "2007-12-31": -9.4, "2007-09-30": -64.2, "2007-06-30": -27.5, "2007-03-31": "-541.40000", "2006-12-31": -3.2, "2006-09-30": -51.9, "2006-06-30": -25.2, "2006-03-31": "-490.60000", "2005-12-31": -178.2, "2005-09-30": -4.2, "2005-06-30": -54.5, "2005-03-31": "-70.30000"}, "Net Change In Short-term Investments": {"2020-12-31": -4.1, "2020-09-30": -14.6, "2020-06-30": 0, "2020-03-31": "", "2019-12-31": -2, "2019-09-30": -258.6, "2019-06-30": 0, "2019-03-31": "", "2018-12-31": -21.7, "2018-09-30": 0, "2018-06-30": 0, "2018-03-31": "", "2017-12-31": -17.9, "2017-09-30": 0, "2017-06-30": 0, "2017-03-31": "", "2016-12-31": 0, "2016-09-30": 0, "2016-06-30": 0, "2016-03-31": "", "2015-12-31": 0, "2015-09-30": 0, "2015-06-30": 0, "2015-03-31": "", "2014-12-31": 0, "2014-09-30": 0, "2014-06-30": 0, "2014-03-31": "", "2013-12-31": 0, "2013-09-30": 0, "2013-06-30": 0, "2013-03-31": "", "2012-12-31": 0, "2012-09-30": 0, "2012-06-30": 0, "2012-03-31": "", "2011-12-31": 17.8, "2011-09-30": 24.7, "2011-06-30": -42.5, "2011-03-31": "", "2010-12-31": 0, "2010-09-30": 0, "2010-06-30": 0, "2010-03-31": "", "2009-12-31": 0, "2009-09-30": 0, "2009-06-30": 0, "2009-03-31": "", "2008-12-31": 0, "2008-09-30": 0, "2008-06-30": 0, "2008-03-31": "", "2007-12-31": 0, "2007-09-30": 0, "2007-06-30": 0, "2007-03-31": "", "2006-12-31": 0, "2006-09-30": 0, "2006-06-30": 0, "2006-03-31": "", "2005-12-31": 0, "2005-09-30": 0, "2005-06-30": 0, "2005-03-31": ""}, "Net Change In Long-Term Investments": {"2020-12-31": 0, "2020-09-30": 13.6, "2020-06-30": -7.1, "2020-03-31": "-6.50000", "2019-12-31": 0, "2019-09-30": 253.7, "2019-06-30": -8.3, "2019-03-31": "-245.40000", "2018-12-31": 16.1, "2018-09-30": -5.8, "2018-06-30": -6.3, "2018-03-31": "-4.00000", "2017-12-31": 0, "2017-09-30": 0, "2017-06-30": 0, "2017-03-31": "", "2016-12-31": 0, "2016-09-30": 0, "2016-06-30": 0, "2016-03-31": "", "2015-12-31": 0, "2015-09-30": 0, "2015-06-30": 0, "2015-03-31": "", "2014-12-31": 0, "2014-09-30": 0, "2014-06-30": 0, "2014-03-31": "", "2013-12-31": 0, "2013-09-30": 0, "2013-06-30": 0, "2013-03-31": "", "2012-12-31": 0, "2012-09-30": 0, "2012-06-30": 0, "2012-03-31": "", "2011-12-31": 0, "2011-09-30": 0, "2011-06-30": 0, "2011-03-31": "", "2010-12-31": 0, "2010-09-30": 0, "2010-06-30": 0, "2010-03-31": "", "2009-12-31": 0, "2009-09-30": 0, "2009-06-30": 0, "2009-03-31": "", "2008-12-31": 0, "2008-09-30": 0, "2008-06-30": 0, "2008-03-31": "", "2007-12-31": 0, "2007-09-30": 0, "2007-06-30": 0, "2007-03-31": "", "2006-12-31": 0, "2006-09-30": 0, "2006-06-30": 0, "2006-03-31": "", "2005-12-31": 0, "2005-09-30": 0, "2005-06-30": 0, "2005-03-31": ""}, "Net Change In Investments - Total": {"2020-12-31": -4.1, "2020-09-30": -1, "2020-06-30": -7.1, "2020-03-31": "-6.50000", "2019-12-31": -2, "2019-09-30": -4.9, "2019-06-30": -8.3, "2019-03-31": "-245.40000", "2018-12-31": -5.6, "2018-09-30": -5.8, "2018-06-30": -6.3, "2018-03-31": "-4.00000", "2017-12-31": -17.9, "2017-09-30": 0, "2017-06-30": 0, "2017-03-31": "", "2016-12-31": 0, "2016-09-30": 0, "2016-06-30": 0, "2016-03-31": "", "2015-12-31": 0, "2015-09-30": 0, "2015-06-30": 0, "2015-03-31": "", "2014-12-31": 0, "2014-09-30": 0, "2014-06-30": 0, "2014-03-31": "", "2013-12-31": 0, "2013-09-30": 0, "2013-06-30": 0, "2013-03-31": "", "2012-12-31": 0, "2012-09-30": 0, "2012-06-30": 0, "2012-03-31": "", "2011-12-31": 17.8, "2011-09-30": 24.7, "2011-06-30": -42.5, "2011-03-31": "", "2010-12-31": 0, "2010-09-30": 0, "2010-06-30": 0, "2010-03-31": "", "2009-12-31": 0, "2009-09-30": 0, "2009-06-30": 0, "2009-03-31": "", "2008-12-31": 0, "2008-09-30": 0, "2008-06-30": 0, "2008-03-31": "", "2007-12-31": 0, "2007-09-30": 0, "2007-06-30": 0, "2007-03-31": "", "2006-12-31": 0, "2006-09-30": 0, "2006-06-30": 0, "2006-03-31": "", "2005-12-31": 0, "2005-09-30": 0, "2005-06-30": 0, "2005-03-31": ""}, "Investing Activities - Other": {"2020-12-31": 0.6, "2020-09-30": -2.1, "2020-06-30": 14.4, "2020-03-31": "28.10000", "2019-12-31": -22.3, "2019-09-30": 7.4, "2019-06-30": -3.6, "2019-03-31": "3.90000", "2018-12-31": -13.1, "2018-09-30": -3, "2018-06-30": 38, "2018-03-31": "-14.80000", "2017-12-31": 257.8, "2017-09-30": 205.3, "2017-06-30": 66.8, "2017-03-31": "140.00000", "2016-12-31": 385.7, "2016-09-30": 53.8, "2016-06-30": -0.8, "2016-03-31": "-5.90000", "2015-12-31": 17.7, "2015-09-30": 33.9, "2015-06-30": 22.6, "2015-03-31": "20.70000", "2014-12-31": -8.9, "2014-09-30": -44.2, "2014-06-30": -35.7, "2014-03-31": "-10.70000", "2013-12-31": -11.9, "2013-09-30": -0.2, "2013-06-30": 2.5, "2013-03-31": "-12.10000", "2012-12-31": -19.1, "2012-09-30": 4.8, "2012-06-30": 5, "2012-03-31": "2.00000", "2011-12-31": -1.5, "2011-09-30": -8.4, "2011-06-30": -6.5, "2011-03-31": "-22.70000", "2010-12-31": 936.5, "2010-09-30": 28.2, "2010-06-30": 15.8, "2010-03-31": "13.90000", "2009-12-31": 0, "2009-09-30": 0, "2009-06-30": 0, "2009-03-31": "", "2008-12-31": 19, "2008-09-30": 15.8, "2008-06-30": 3.5, "2008-03-31": "4.00000", "2007-12-31": -14.8, "2007-09-30": 6.6, "2007-06-30": 1.4, "2007-03-31": "1.70000", "2006-12-31": -37.1, "2006-09-30": 26.7, "2006-06-30": 7.5, "2006-03-31": "-3.90000", "2005-12-31": 1.1, "2005-09-30": -0.1, "2005-06-30": -4.6, "2005-03-31": "-8.00000"}, "Cash Flow From Investing Activities": {"2020-12-31": -86.9, "2020-09-30": -63.8, "2020-06-30": -56.8, "2020-03-31": "-1363.70000", "2019-12-31": -68.7, "2019-09-30": -100.4, "2019-06-30": -32.2, "2019-03-31": "-1007.30000", "2018-12-31": -140.9, "2018-09-30": -134.4, "2018-06-30": -587.5, "2018-03-31": "-126.30000", "2017-12-31": 107.8, "2017-09-30": -32.2, "2017-06-30": -46.4, "2017-03-31": "-1596.00000", "2016-12-31": 286.1, "2016-09-30": -61.3, "2016-06-30": -82, "2016-03-31": "-81.70000", "2015-12-31": -101.8, "2015-09-30": -48.7, "2015-06-30": -29.9, "2015-03-31": "-24.60000", "2014-12-31": -121.8, "2014-09-30": -98.6, "2014-06-30": -96.1, "2014-03-31": "-65.70000", "2013-12-31": -113.2, "2013-09-30": -104.6, "2013-06-30": -39, "2013-03-31": "-941.60000", "2012-12-31": 1116.9, "2012-09-30": -188.3, "2012-06-30": -573.6, "2012-03-31": "-172.30000", "2011-12-31": -63.3, "2011-09-30": -1052.7, "2011-06-30": -211, "2011-03-31": "-137.30000", "2010-12-31": -155.9, "2010-09-30": -478.3, "2010-06-30": -30.2, "2010-03-31": "934.00000", "2009-12-31": -29.9, "2009-09-30": -33.7, "2009-06-30": -24.7, "2009-03-31": "-26.90000", "2008-12-31": -242.8, "2008-09-30": -152, "2008-06-30": -48.2, "2008-03-31": "-21.60000", "2007-12-31": -38.5, "2007-09-30": -69.1, "2007-06-30": -43.4, "2007-03-31": "-565.90000", "2006-12-31": -30, "2006-09-30": -46.4, "2006-06-30": -41.8, "2006-03-31": "-508.10000", "2005-12-31": -197.8, "2005-09-30": -21.3, "2005-06-30": -75.6, "2005-03-31": "-88.80000"}, "Net Long-Term Debt": {"2020-12-31": -414.4, "2020-09-30": 0, "2020-06-30": -3.8, "2020-03-31": "1486.40000", "2019-12-31": -750, "2019-09-30": 0, "2019-06-30": -0.7, "2019-03-31": "96.90000", "2018-12-31": 12.5, "2018-09-30": 0, "2018-06-30": 0, "2018-03-31": "", "2017-12-31": -2.8, "2017-09-30": 0, "2017-06-30": 0, "2017-03-31": "", "2016-12-31": 0, "2016-09-30": 0, "2016-06-30": 0, "2016-03-31": "", "2015-12-31": 16.1, "2015-09-30": -15.5, "2015-06-30": -0.3, "2015-03-31": "-0.30000", "2014-12-31": -45.7, "2014-09-30": -0.3, "2014-06-30": -0.3, "2014-03-31": "-0.30000", "2013-12-31": 426.2, "2013-09-30": -0.6, "2013-06-30": -0.5, "2013-03-31": "-0.60000", "2012-12-31": 593.8, "2012-09-30": -171.5, "2012-06-30": -320.8, "2012-03-31": "-0.30000", "2011-12-31": 399.6, "2011-09-30": -0.9, "2011-06-30": -380.4, "2011-03-31": "-0.50000", "2010-12-31": 300.2, "2010-09-30": 395.4, "2010-06-30": -0.8, "2010-03-31": "-200.80000", "2009-12-31": -1.3, "2009-09-30": -1.6, "2009-06-30": -60.7, "2009-03-31": "-0.90000", "2008-12-31": 213.3, "2008-09-30": -0.8, "2008-06-30": -6.6, "2008-03-31": "-1.10000", "2007-12-31": -199.9, "2007-09-30": -0.5, "2007-06-30": -0.3, "2007-03-31": "453.70000", "2006-12-31": -2.4, "2006-09-30": -0.9, "2006-06-30": -0.6, "2006-03-31": "-0.30000", "2005-12-31": 400.3, "2005-09-30": -7.2, "2005-06-30": -7.4, "2005-03-31": "-7.20000"}, "Net Current Debt": {"2020-12-31": -0.8, "2020-09-30": -712.9, "2020-06-30": -980.8, "2020-03-31": "1351.90000", "2019-12-31": -1136, "2019-09-30": 28.6, "2019-06-30": -330.6, "2019-03-31": "1419.90000", "2018-12-31": -1011.9, "2018-09-30": 309.5, "2018-06-30": 753.6, "2018-03-31": "382.00000", "2017-12-31": -575.9, "2017-09-30": -64.4, "2017-06-30": -593.1, "2017-03-31": "1156.70000", "2016-12-31": -90.5, "2016-09-30": -255.9, "2016-06-30": -132.9, "2016-03-31": "481.20000", "2015-12-31": -449.6, "2015-09-30": 32.1, "2015-06-30": -180.2, "2015-03-31": "598.90000", "2014-12-31": -424.8, "2014-09-30": -48.8, "2014-06-30": -199.7, "2014-03-31": "282.30000", "2013-12-31": -810.8, "2013-09-30": -70.9, "2013-06-30": -60.1, "2013-03-31": "1330.50000", "2012-12-31": -1335.3, "2012-09-30": 527.4, "2012-06-30": 592.1, "2012-03-31": "196.80000", "2011-12-31": -755.4, "2011-09-30": -68.8, "2011-06-30": 483.4, "2011-03-31": "141.40000", "2010-12-31": -303.8, "2010-09-30": -38.6, "2010-06-30": -357.1, "2010-03-31": "435.90000", "2009-12-31": -62.2, "2009-09-30": -105.1, "2009-06-30": 54.8, "2009-03-31": "-7.40000", "2008-12-31": -214.5, "2008-09-30": -31.5, "2008-06-30": 52.8, "2008-03-31": "119.70000", "2007-12-31": 46.6, "2007-09-30": 13.4, "2007-06-30": 48.4, "2007-03-31": "83.90000", "2006-12-31": -152.1, "2006-09-30": -24.2, "2006-06-30": -36.5, "2006-03-31": "146.40000", "2005-12-31": -9.9, "2005-09-30": -29.8, "2005-06-30": 37.4, "2005-03-31": "104.90000"}, "Debt Issuance/Retirement Net - Total": {"2020-12-31": -415.2, "2020-09-30": -712.9, "2020-06-30": -984.6, "2020-03-31": "2838.30000", "2019-12-31": -1886, "2019-09-30": 28.6, "2019-06-30": -331.3, "2019-03-31": "1516.80000", "2018-12-31": -999.4, "2018-09-30": 309.5, "2018-06-30": 753.6, "2018-03-31": "382.00000", "2017-12-31": -578.7, "2017-09-30": -64.4, "2017-06-30": -593.1, "2017-03-31": "1156.70000", "2016-12-31": -90.5, "2016-09-30": -255.9, "2016-06-30": -132.9, "2016-03-31": "481.20000", "2015-12-31": -433.5, "2015-09-30": 16.6, "2015-06-30": -180.5, "2015-03-31": "598.60000", "2014-12-31": -470.5, "2014-09-30": -49.1, "2014-06-30": -200, "2014-03-31": "282.00000", "2013-12-31": -384.6, "2013-09-30": -71.5, "2013-06-30": -60.6, "2013-03-31": "1329.90000", "2012-12-31": -741.5001, "2012-09-30": 355.9001, "2012-06-30": 271.3, "2012-03-31": "196.50000", "2011-12-31": -355.8, "2011-09-30": -69.7, "2011-06-30": 103, "2011-03-31": "140.90000", "2010-12-31": -3.6, "2010-09-30": 356.8, "2010-06-30": -357.9, "2010-03-31": "235.10000", "2009-12-31": -63.5, "2009-09-30": -106.7, "2009-06-30": -5.9, "2009-03-31": "-8.30000", "2008-12-31": -1.2, "2008-09-30": -32.3, "2008-06-30": 46.2, "2008-03-31": "118.60000", "2007-12-31": -153.3, "2007-09-30": 12.9, "2007-06-30": 48.1, "2007-03-31": "537.60000", "2006-12-31": -154.5, "2006-09-30": -25.1, "2006-06-30": -37.1, "2006-03-31": "146.10000", "2005-12-31": 390.4, "2005-09-30": -37, "2005-06-30": 30, "2005-03-31": "97.70000"}, "Net Common Equity Issued/Repurchased": {"2020-12-31": 38.2, "2020-09-30": 40.6, "2020-06-30": 756.4, "2020-03-31": "35.60000", "2019-12-31": 84.3, "2019-09-30": 18.8, "2019-06-30": 13.3, "2019-03-31": "2.10000", "2018-12-31": -6.9, "2018-09-30": -291.6, "2018-06-30": -191.8, "2018-03-31": "1.70000", "2017-12-31": 30.8, "2017-09-30": 14, "2017-06-30": 13.5, "2017-03-31": "3.80000", "2016-12-31": 355.8, "2016-09-30": 18.5, "2016-06-30": 23, "2016-03-31": "-352.90000", "2015-12-31": 69.8, "2015-09-30": -182.8, "2015-06-30": -68.3, "2015-03-31": "-305.00000", "2014-12-31": 12.8, "2014-09-30": 22.1, "2014-06-30": 14.4, "2014-03-31": "-6.20000", "2013-12-31": 9.3, "2013-09-30": 24.5, "2013-06-30": 19.5, "2013-03-31": "62.10000", "2012-12-31": -832.6, "2012-09-30": 27.4, "2012-06-30": -196, "2012-03-31": "53.70000", "2011-12-31": 12.3, "2011-09-30": 16.9, "2011-06-30": 24.6, "2011-03-31": "54.70000", "2010-12-31": 16, "2010-09-30": 16.5, "2010-06-30": 344.8, "2010-03-31": "13.90000", "2009-12-31": 24.6, "2009-09-30": 27.1, "2009-06-30": 7.5, "2009-03-31": "-0.60000", "2008-12-31": 0.8, "2008-09-30": 7.4, "2008-06-30": 7.2, "2008-03-31": "-99.50000", "2007-12-31": -93.4, "2007-09-30": 4.1, "2007-06-30": -73.8, "2007-03-31": "52.70000", "2006-12-31": 18, "2006-09-30": 11.8, "2006-06-30": -14, "2006-03-31": "-153.00000", "2005-12-31": 38.7, "2005-09-30": 0, "2005-06-30": 0.1, "2005-03-31": "-0.10000"}, "Net Total Equity Issued/Repurchased": {"2020-12-31": 38.2, "2020-09-30": 40.6, "2020-06-30": 756.4, "2020-03-31": "35.60000", "2019-12-31": 819.3, "2019-09-30": 18.8, "2019-06-30": 13.3, "2019-03-31": "2.10000", "2018-12-31": -6.9, "2018-09-30": -291.6, "2018-06-30": -191.8, "2018-03-31": "1.70000", "2017-12-31": 29.3, "2017-09-30": 14, "2017-06-30": 741, "2017-03-31": "3.80000", "2016-12-31": 355.8, "2016-09-30": 18.5, "2016-06-30": 23, "2016-03-31": "-352.90000", "2015-12-31": 69.8, "2015-09-30": -182.8, "2015-06-30": -68.3, "2015-03-31": "-305.00000", "2014-12-31": 12.8, "2014-09-30": 22.1, "2014-06-30": 14.4, "2014-03-31": "-6.20000", "2013-12-31": 9.3, "2013-09-30": 24.5, "2013-06-30": 19.5, "2013-03-31": "62.10000", "2012-12-31": -832.6, "2012-09-30": 27.4, "2012-06-30": -196, "2012-03-31": "53.70000", "2011-12-31": 12.3, "2011-09-30": 16.9, "2011-06-30": 24.6, "2011-03-31": "54.70000", "2010-12-31": 16, "2010-09-30": 16.5, "2010-06-30": 344.8, "2010-03-31": "13.90000", "2009-12-31": 24.6, "2009-09-30": 27.1, "2009-06-30": 7.5, "2009-03-31": "-0.60000", "2008-12-31": 0.8, "2008-09-30": 7.4, "2008-06-30": 7.2, "2008-03-31": "-99.50000", "2007-12-31": -93.4, "2007-09-30": 4.1, "2007-06-30": -73.8, "2007-03-31": "52.70000", "2006-12-31": 18, "2006-09-30": 11.8, "2006-06-30": -14, "2006-03-31": "-153.00000", "2005-12-31": 38.7, "2005-09-30": 0, "2005-06-30": 0.1, "2005-03-31": "-0.10000"}, "Total Common And Preferred Stock Dividends Paid": {"2020-12-31": -120.2, "2020-09-30": -119, "2020-06-30": -105.8, "2020-03-31": "-105.60000", "2019-12-31": -104.4, "2019-09-30": -102.3, "2019-06-30": -97.7, "2019-03-31": "-97.60000", "2018-12-31": -98.4, "2018-09-30": -97.4, "2018-06-30": -94.2, "2018-03-31": "-94.90000", "2017-12-31": -95, "2017-09-30": -94.7, "2017-06-30": -86.5, "2017-03-31": "-86.70000", "2016-12-31": -87, "2016-09-30": -84.5, "2016-06-30": -79.8, "2016-03-31": "-79.60000", "2015-12-31": -80.7, "2015-09-30": -79.7, "2015-06-30": -76.8, "2015-03-31": "-82.70000", "2014-12-31": -80.8, "2014-09-30": -81.4, "2014-06-30": -78.4, "2014-03-31": "-80.70000", "2013-12-31": -77.7, "2013-09-30": -77.5, "2013-06-30": -78.4, "2013-03-31": "-79.10000", "2012-12-31": -82.7, "2012-09-30": -82.5, "2012-06-30": -68.9, "2012-03-31": "-69.90000", "2011-12-31": -69.3, "2011-09-30": -69.1, "2011-06-30": -68.9, "2011-03-31": "-68.60000", "2010-12-31": -56.4, "2010-09-30": -56.3, "2010-06-30": -54.6, "2010-03-31": "-34.30000", "2009-12-31": -26.7, "2009-09-30": -26.3, "2009-06-30": -25.3, "2009-03-31": "-25.30000", "2008-12-31": -25.2, "2008-09-30": -25.2, "2008-06-30": -24.3, "2008-03-31": "-24.30000", "2007-12-31": -24.9, "2007-09-30": -25.4, "2007-06-30": -24.6, "2007-03-31": "-24.90000", "2006-12-31": -24.5, "2006-09-30": -24.3, "2006-06-30": -23.5, "2006-03-31": "-23.80000", "2005-12-31": -24.3, "2005-09-30": -24.2, "2005-06-30": -23.2, "2005-03-31": "-23.20000"}, "Financial Activities - Other": {"2020-12-31": -166.3, "2020-09-30": -18.9, "2020-06-30": -57.5, "2020-03-31": "-293.10000", "2019-12-31": -32.3, "2019-09-30": -12.5, "2019-06-30": -14.2, "2019-03-31": "-13.10000", "2018-12-31": -32.7, "2018-09-30": -18.1, "2018-06-30": -10.1, "2018-03-31": "-72.90000", "2017-12-31": -6.3, "2017-09-30": -16.8, "2017-06-30": -26.4, "2017-03-31": "-1.00000", "2016-12-31": -164.6, "2016-09-30": -3.5, "2016-06-30": 23.8, "2016-03-31": "-4.20000", "2015-12-31": -57.8, "2015-09-30": -4.3, "2015-06-30": -4.2, "2015-03-31": "-4.30000", "2014-12-31": -7.5, "2014-09-30": -4.7, "2014-06-30": -4.3, "2014-03-31": "-33.90000", "2013-12-31": -126.8, "2013-09-30": 18, "2013-06-30": -0.8, "2013-03-31": "-350.80000", "2012-12-31": -54.1, "2012-09-30": -91.8, "2012-06-30": -0.8, "2012-03-31": "-21.40000", "2011-12-31": -0.8, "2011-09-30": -0.8, "2011-06-30": -20.4, "2011-03-31": "-0.80000", "2010-12-31": -48.1, "2010-09-30": -50.6, "2010-06-30": -3.9, "2010-03-31": "-3.80000", "2009-12-31": -3, "2009-09-30": 3.4, "2009-06-30": 0.2, "2009-03-31": "-20.20000", "2008-12-31": 15.4, "2008-09-30": -4, "2008-06-30": -3.8, "2008-03-31": "-4.00000", "2007-12-31": 36.9, "2007-09-30": 0, "2007-06-30": -1, "2007-03-31": "-60.40000", "2006-12-31": 5.9, "2006-09-30": 0, "2006-06-30": 0, "2006-03-31": "", "2005-12-31": -38.2, "2005-09-30": 18.5, "2005-06-30": 3.8, "2005-03-31": "8.30000"}, "Cash Flow From Financial Activities": {"2020-12-31": -663.5, "2020-09-30": -810.2, "2020-06-30": -391.5, "2020-03-31": "2475.20000", "2019-12-31": -1203.4, "2019-09-30": -67.4, "2019-06-30": -429.9, "2019-03-31": "1408.20000", "2018-12-31": -1137.4, "2018-09-30": -97.6, "2018-06-30": 457.5, "2018-03-31": "215.90000", "2017-12-31": -650.7, "2017-09-30": -161.9, "2017-06-30": 35, "2017-03-31": "1072.80000", "2016-12-31": 13.7, "2016-09-30": -325.4, "2016-06-30": -165.9, "2016-03-31": "44.50000", "2015-12-31": -502.2, "2015-09-30": -250.2, "2015-06-30": -329.8, "2015-03-31": "206.60000", "2014-12-31": -546, "2014-09-30": -113.1, "2014-06-30": -268.3, "2014-03-31": "161.20000", "2013-12-31": -579.8, "2013-09-30": -106.5, "2013-06-30": -120.3, "2013-03-31": "962.10000", "2012-12-31": -1710.9, "2012-09-30": 209, "2012-06-30": 5.6, "2012-03-31": "158.90000", "2011-12-31": -413.6, "2011-09-30": -122.7, "2011-06-30": 38.3, "2011-03-31": "126.20000", "2010-12-31": -92.1, "2010-09-30": 266.4, "2010-06-30": -71.6, "2010-03-31": "210.90000", "2009-12-31": -68.6, "2009-09-30": -102.5, "2009-06-30": -23.5, "2009-03-31": "-54.40000", "2008-12-31": -10.2, "2008-09-30": -54.1, "2008-06-30": 25.3, "2008-03-31": "-9.20000", "2007-12-31": -234.7, "2007-09-30": -8.4, "2007-06-30": -51.3, "2007-03-31": "505.00000", "2006-12-31": -155.1, "2006-09-30": -37.6, "2006-06-30": -74.6, "2006-03-31": "-30.70000", "2005-12-31": 366.6, "2005-09-30": -42.7, "2005-06-30": 10.7, "2005-03-31": "82.70000"}, "Net Cash Flow": {"2020-12-31": 702.2, "2020-09-30": -180.5, "2020-06-30": -121.7, "2020-03-31": "683.70000", "2019-12-31": -9.8, "2019-09-30": -0.5, "2019-06-30": 39.1, "2019-03-31": "-25.60000", "2018-12-31": -57.3, "2018-09-30": -34.7, "2018-06-30": -19.8, "2018-03-31": "-231.90000", "2017-12-31": 171.8, "2017-09-30": -56.2, "2017-06-30": 161.5, "2017-03-31": "-799.20000", "2016-12-31": 756.4, "2016-09-30": -147.4, "2016-06-30": 216, "2016-03-31": "-113.20000", "2015-12-31": 172.1, "2015-09-30": -98.6, "2015-06-30": -43.6, "2015-03-31": "-61.10000", "2014-12-31": 9.8, "2014-09-30": -28.9, "2014-06-30": 83.1, "2014-03-31": "-63.60000", "2013-12-31": 27.1, "2013-09-30": -92.6, "2013-06-30": 4.2, "2013-03-31": "-158.50000", "2012-12-31": -53.5, "2012-09-30": 191.7, "2012-06-30": -305.8, "2012-03-31": "-23.30000", "2011-12-31": 56.7, "2011-09-30": -1064.2, "2011-06-30": 33.6, "2011-03-31": "138.00000", "2010-12-31": 109.5, "2010-09-30": 37.5, "2010-06-30": 93, "2010-03-31": "1104.70000", "2009-12-31": 190.7, "2009-09-30": 51.1, "2009-06-30": 28.3, "2009-03-31": "-83.60000", "2008-12-31": -87.7, "2008-09-30": -84.9, "2008-06-30": 59.4, "2008-03-31": "84.40000", "2007-12-31": -40.2, "2007-09-30": 54.9, "2007-06-30": 14.9, "2007-03-31": "34.20000", "2006-12-31": -64.7, "2006-09-30": 34.2, "2006-06-30": 2.2, "2006-03-31": "-452.90000", "2005-12-31": 319.7, "2005-09-30": 12.5, "2005-06-30": 15.1, "2005-03-31": "60.50000"}, "Stock-Based Compensation": {"2020-12-31": 0, "2020-09-30": 0, "2020-06-30": 0, "2020-03-31": "", "2019-12-31": 88.8, "2019-09-30": 0, "2019-06-30": 0, "2019-03-31": "", "2018-12-31": 76.5, "2018-09-30": 0, "2018-06-30": 0, "2018-03-31": "", "2017-12-31": 78.7, "2017-09-30": 0, "2017-06-30": 0, "2017-03-31": "", "2016-12-31": 81.2, "2016-09-30": 0, "2016-06-30": 0, "2016-03-31": "", "2015-12-31": 67.9, "2015-09-30": 0, "2015-06-30": 0, "2015-03-31": "", "2014-12-31": 57.1, "2014-09-30": 0, "2014-06-30": 0, "2014-03-31": "", "2013-12-31": 66.4, "2013-09-30": 0, "2013-06-30": 0, "2013-03-31": "", "2012-12-31": 89.7, "2012-09-30": 0, "2012-06-30": 0, "2012-03-31": "", "2011-12-31": 68.9, "2011-09-30": 0, "2011-06-30": 0, "2011-03-31": "", "2010-12-31": 21.7, "2010-09-30": 13.5, "2010-06-30": 49.9, "2010-03-31": "", "2009-12-31": 6.4, "2009-09-30": 5.3, "2009-06-30": 9, "2009-03-31": "", "2008-12-31": 13.9, "2008-09-30": 0, "2008-06-30": 0, "2008-03-31": "", "2007-12-31": 14.1, "2007-09-30": 0, "2007-06-30": 0, "2007-03-31": "", "2006-12-31": 0, "2006-09-30": 0, "2006-06-30": 0, "2006-03-31": "", "2005-12-31": 0, "2005-09-30": 0, "2005-06-30": 0, "2005-03-31": ""}, "Common Stock Dividends Paid": {"2020-12-31": -110.8, "2020-09-30": -109.6, "2020-06-30": -105.8, "2020-03-31": "-105.60000", "2019-12-31": -104.4, "2019-09-30": -102.3, "2019-06-30": -97.7, "2019-03-31": "-97.60000", "2018-12-31": -98.4, "2018-09-30": -97.4, "2018-06-30": -94.2, "2018-03-31": "-94.90000", "2017-12-31": -95, "2017-09-30": -94.7, "2017-06-30": -86.5, "2017-03-31": "-86.70000", "2016-12-31": -87, "2016-09-30": -84.5, "2016-06-30": -79.8, "2016-03-31": "-79.60000", "2015-12-31": -80.7, "2015-09-30": -79.7, "2015-06-30": -76.8, "2015-03-31": "-82.70000", "2014-12-31": -80.8, "2014-09-30": -81.4, "2014-06-30": -78.4, "2014-03-31": "-80.70000", "2013-12-31": -77.7, "2013-09-30": -77.5, "2013-06-30": -78.4, "2013-03-31": "-79.10000", "2012-12-31": -82.7, "2012-09-30": -82.5, "2012-06-30": -68.9, "2012-03-31": "-69.90000", "2011-12-31": -69.3, "2011-09-30": -69.1, "2011-06-30": -68.9, "2011-03-31": "-68.60000", "2010-12-31": -56.4, "2010-09-30": -56.3, "2010-06-30": -54.6, "2010-03-31": "-34.30000", "2009-12-31": -26.7, "2009-09-30": -26.3, "2009-06-30": -25.3, "2009-03-31": "-25.30000", "2008-12-31": -25.2, "2008-09-30": -25.2, "2008-06-30": -24.3, "2008-03-31": "-24.30000", "2007-12-31": -24.9, "2007-09-30": -25.4, "2007-06-30": -24.6, "2007-03-31": "-24.90000", "2006-12-31": -24.5, "2006-09-30": -24.3, "2006-06-30": -23.5, "2006-03-31": "-23.80000", "2005-12-31": -24.3, "2005-09-30": -24.2, "2005-06-30": -23.2, "2005-03-31": "-23.20000"}}, "financial ratios": {"Current Ratio": {"2019-12-31": "1.01160", "2018-12-31": "1.14190", "2017-12-31": "1.03810", "2016-12-31": "1.70560", "2015-12-31": "1.30670", "2014-12-31": "1.39440", "2013-12-31": "1.24120", "2012-12-31": "1.33710", "2011-12-31": "1.52840", "2010-12-31": "1.76570", "2009-12-31": "1.18450", "2008-12-31": "1.25540", "2007-12-31": "1.42640", "2006-12-31": "1.30960", "2005-12-31": "2.08570"}, "Long-term Debt / Capital": {"2019-12-31": "0.25790", "2018-12-31": "0.32760", "2017-12-31": "0.25400", "2016-12-31": "0.37450", "2015-12-31": "0.39290", "2014-12-31": "0.37090", "2013-12-31": "0.35580", "2012-12-31": "0.34390", "2011-12-31": "0.29280", "2010-12-31": "0.29920", "2009-12-31": "0.35030", "2008-12-31": "0.44520", "2007-12-31": "0.41220", "2006-12-31": "0.30440", "2005-12-31": "0.38260"}, "Debt/Equity Ratio": {"2019-12-31": "0.38470", "2018-12-31": "0.53550", "2017-12-31": "0.45890", "2016-12-31": "0.60050", "2015-12-31": "0.64850", "2014-12-31": "0.59080", "2013-12-31": "0.61070", "2012-12-31": "0.52590", "2011-12-31": "0.48850", "2010-12-31": "0.48600", "2009-12-31": "0.68760", "2008-12-31": "0.93430", "2007-12-31": "0.87060", "2006-12-31": "0.64380", "2005-12-31": "0.73740"}, "Gross Margin": {"2019-12-31": "33.27400", "2018-12-31": "34.69430", "2017-12-31": "36.85080", "2016-12-31": "36.81370", "2015-12-31": "36.44890", "2014-12-31": "36.18350", "2013-12-31": "35.84830", "2012-12-31": "36.49130", "2011-12-31": "36.80270", "2010-12-31": "35.88550", "2009-12-31": "40.52570", "2008-12-31": "37.76150", "2007-12-31": "37.90850", "2006-12-31": "36.25590", "2005-12-31": "35.95710"}, "Operating Margin": {"2019-12-31": "9.54360", "2018-12-31": "8.80610", "2017-12-31": "13.19000", "2016-12-31": "12.08090", "2015-12-31": "11.77970", "2014-12-31": "11.01020", "2013-12-31": "6.93790", "2012-12-31": "7.10910", "2011-12-31": "8.24190", "2010-12-31": "3.59750", "2009-12-31": "8.13010", "2008-12-31": "8.28480", "2007-12-31": "11.85640", "2006-12-31": "10.58680", "2005-12-31": "11.93190"}, "EBIT Margin": {"2019-12-31": "9.54360", "2018-12-31": "8.80610", "2017-12-31": "13.19000", "2016-12-31": "12.08090", "2015-12-31": "11.77970", "2014-12-31": "11.01020", "2013-12-31": "6.93790", "2012-12-31": "7.10910", "2011-12-31": "8.24190", "2010-12-31": "3.59750", "2009-12-31": "8.13010", "2008-12-31": "8.28480", "2007-12-31": "11.85640", "2006-12-31": "10.58680", "2005-12-31": "11.93190"}, "EBITDA Margin": {"2019-12-31": "13.47370", "2018-12-31": "12.49710", "2017-12-31": "17.07620", "2016-12-31": "15.60010", "2015-12-31": "15.48540", "2014-12-31": "14.97720", "2013-12-31": "10.99040", "2012-12-31": "11.55210", "2011-12-31": "12.61560", "2010-12-31": "8.24870", "2009-12-31": "13.56380", "2008-12-31": "12.41920", "2007-12-31": "15.57620", "2006-12-31": "13.69670", "2005-12-31": "14.86930"}, "Pre-Tax Profit Margin": {"2019-12-31": "7.82430", "2018-12-31": "7.30990", "2017-12-31": "11.78260", "2016-12-31": "10.60340", "2015-12-31": "10.30090", "2014-12-31": "9.56730", "2013-12-31": "5.39600", "2012-12-31": "5.31910", "2011-12-31": "7.02710", "2010-12-31": "2.24890", "2009-12-31": "7.67390", "2008-12-31": "6.62420", "2007-12-31": "9.84520", "2006-12-31": "8.92160", "2005-12-31": "10.90310"}, "Net Profit Margin": {"2019-12-31": "6.61810", "2018-12-31": "4.32830", "2017-12-31": "9.46510", "2016-12-31": "8.34950", "2015-12-31": "8.09000", "2014-12-31": "6.71070", "2013-12-31": "4.50250", "2012-12-31": "8.81820", "2011-12-31": "7.19460", "2010-12-31": "2.63710", "2009-12-31": "6.09080", "2008-12-31": "6.93370", "2007-12-31": "7.61150", "2006-12-31": "7.42820", "2005-12-31": "8.20630"}, "Asset Turnover": {"2019-12-31": "0.70120", "2018-12-31": "0.72040", "2017-12-31": "0.67900", "2016-12-31": "0.74150", "2015-12-31": "0.73850", "2014-12-31": "0.71540", "2013-12-31": "0.65860", "2012-12-31": "0.63260", "2011-12-31": "0.58790", "2010-12-31": "0.49520", "2009-12-31": "0.77220", "2008-12-31": "0.90950", "2007-12-31": "0.91550", "2006-12-31": "0.99030", "2005-12-31": "0.92670"}, "Inventory Turnover Ratio": {"2019-12-31": "4.27350", "2018-12-31": "3.84720", "2017-12-31": "4.05680", "2016-12-31": "4.95640", "2015-12-31": "4.65130", "2014-12-31": "4.63040", "2013-12-31": "4.74160", "2012-12-31": "4.87900", "2011-12-31": "4.66260", "2010-12-31": "3.80870", "2009-12-31": "5.98090", "2008-12-31": "5.35220", "2007-12-31": "4.86610", "2006-12-31": "4.14810", "2005-12-31": "4.56700"}, "Receiveable Turnover": {"2019-12-31": "9.92860", "2018-12-31": "8.69660", "2017-12-31": "7.96130", "2016-12-31": "8.89890", "2015-12-31": "8.38850", "2014-12-31": "8.11810", "2013-12-31": "6.89860", "2012-12-31": "6.56860", "2011-12-31": "6.48890", "2010-12-31": "5.35610", "2009-12-31": "6.92220", "2008-12-31": "6.53120", "2007-12-31": "5.41210", "2006-12-31": "5.19920", "2005-12-31": "5.38930"}, "Days Sales In Receivables": {"2019-12-31": "36.76230", "2018-12-31": "41.97040", "2017-12-31": "45.84670", "2016-12-31": "41.01630", "2015-12-31": "43.51200", "2014-12-31": "44.96110", "2013-12-31": "52.90900", "2012-12-31": "55.56720", "2011-12-31": "56.24970", "2010-12-31": "68.14690", "2009-12-31": "52.72910", "2008-12-31": "55.88550", "2007-12-31": "67.44190", "2006-12-31": "70.20350", "2005-12-31": "67.72720"}, "ROE - Return On Equity": {"2019-12-31": "12.53570", "2018-12-31": "8.54450", "2017-12-31": "16.23960", "2016-12-31": "15.18140", "2015-12-31": "15.39800", "2014-12-31": "13.16360", "2013-12-31": "7.55760", "2012-12-31": "6.80980", "2011-12-31": "8.58520", "2010-12-31": "2.13020", "2009-12-31": "11.21550", "2008-12-31": "12.69710", "2007-12-31": "18.54790", "2006-12-31": "17.95750", "2005-12-31": "18.80410"}, "Return On Tangible Equity": {"2019-12-31": "-25.77140", "2018-12-31": "-13.16610", "2017-12-31": "-30.83830", "2016-12-31": "-36.93270", "2015-12-31": "-23.95260", "2014-12-31": "-24.38480", "2013-12-31": "-13.98040", "2012-12-31": "-14.22720", "2011-12-31": "-26.20400", "2010-12-31": "-8.73700", "2009-12-31": "-38.67650", "2008-12-31": "-25.13490", "2007-12-31": "-67.04310", "2006-12-31": "-401.00720", "2005-12-31": "70.66320"}, "ROA - Return On Assets": {"2019-12-31": "4.65130", "2018-12-31": "3.12140", "2017-12-31": "6.42430", "2016-12-31": "6.18870", "2015-12-31": "5.96390", "2014-12-31": "5.40850", "2013-12-31": "3.14480", "2012-12-31": "2.89130", "2011-12-31": "3.80400", "2010-12-31": "0.99480", "2009-12-31": "4.73050", "2008-12-31": "4.50010", "2007-12-31": "6.73110", "2006-12-31": "7.08190", "2005-12-31": "7.66410"}, "ROI - Return On Investment": {"2019-12-31": "7.77690", "2018-12-31": "5.19570", "2017-12-31": "11.02020", "2016-12-31": "9.49660", "2015-12-31": "9.34800", "2014-12-31": "8.28080", "2013-12-31": "4.86900", "2012-12-31": "4.46770", "2011-12-31": "6.07150", "2010-12-31": "1.49290", "2009-12-31": "7.28640", "2008-12-31": "7.04500", "2007-12-31": "10.90250", "2006-12-31": "12.49100", "2005-12-31": "11.61010"}, "Book Value Per Share": {"2019-12-31": "59.55600", "2018-12-31": "51.81620", "2017-12-31": "53.91530", "2016-12-31": "41.77770", "2015-12-31": "38.06060", "2014-12-31": "41.44410", "2013-12-31": "44.25360", "2012-12-31": "42.05700", "2011-12-31": "41.80380", "2010-12-31": "42.49970", "2009-12-31": "24.99410", "2008-12-31": "21.86720", "2007-12-31": "21.50440", "2006-12-31": "18.96360", "2005-12-31": "17.24410"}, "Operating Cash Flow Per Share": {"2019-12-31": 1.6859, "2018-12-31": 3.9298, "2017-12-31": -3.6138, "2016-12-31": 0.2566, "2015-12-31": -0.3704, "2014-12-31": 2.6459, "2013-12-31": -0.3292, "2012-12-31": -0.0763, "2011-12-31": 0.9491, "2010-12-31": -1.7537, "2009-12-31": 0.2092, "2008-12-31": -0.0061, "2007-12-31": 1.2279, "2006-12-31": 1.0038, "2005-12-31": 4.2421}, "Free Cash Flow Per Share": {"2019-12-31": 2.4769, "2018-12-31": 3.5555, "2017-12-31": -3.9167, "2016-12-31": -0.1646, "2015-12-31": -0.4937, "2014-12-31": 3.0387, "2013-12-31": -0.268, "2012-12-31": -0.6524, "2011-12-31": 0.508, "2010-12-31": -1.7852, "2009-12-31": 0.7876, "2008-12-31": -0.8906, "2007-12-31": 0.9841, "2006-12-31": 1.1807, "2005-12-31": 3.4845}}, "financial ratios, quarterly": {"Current Ratio": {"2020-09-30": "1.37070", "2020-06-30": "1.26020", "2020-03-31": "1.06010", "2019-12-31": "1.01160", "2019-09-30": "0.97910", "2019-06-30": "0.94550", "2019-03-31": "0.91120", "2018-12-31": "1.14190", "2018-09-30": "0.91790", "2018-06-30": "0.94390", "2018-03-31": "1.05570", "2017-12-31": "1.03810", "2017-09-30": "1.25650", "2017-06-30": "1.25140", "2017-03-31": "1.03650", "2016-12-31": "1.70560", "2016-09-30": "1.23080", "2016-06-30": "1.15720", "2016-03-31": "1.08660", "2015-12-31": "1.30670", "2015-09-30": "1.24870", "2015-06-30": "1.28350", "2015-03-31": "1.25470", "2014-12-31": "1.39440", "2014-09-30": "1.31440", "2014-06-30": "1.29930", "2014-03-31": "1.23600", "2013-12-31": "1.24120", "2013-09-30": "1.12220", "2013-06-30": "1.08320", "2013-03-31": "1.07100", "2012-12-31": "1.33710", "2012-09-30": "1.01790", "2012-06-30": "1.14180", "2012-03-31": "1.33930", "2011-12-31": "1.52840", "2011-09-30": "1.24330", "2011-06-30": "1.56810", "2011-03-31": "1.72940", "2010-12-31": "1.76570", "2010-09-30": "1.61610", "2010-06-30": "1.58470", "2010-03-31": "1.57770", "2009-12-31": "1.18450", "2009-09-30": "1.13440", "2009-06-30": "1.23040", "2009-03-31": "1.26680", "2008-12-31": "1.25540", "2008-09-30": "1.23330", "2008-06-30": "1.38170", "2008-03-31": "1.32860", "2007-12-31": "1.42640", "2007-09-30": "1.37510", "2007-06-30": "1.33710", "2007-03-31": "1.34390", "2006-12-31": "1.30960", "2006-09-30": "1.36400", "2006-06-30": "1.34540", "2006-03-31": "1.27700", "2005-12-31": "2.08570", "2005-09-30": "1.69360", "2005-06-30": "1.57300", "2005-03-31": "1.61790"}, "Long-term Debt / Capital": {"2020-09-30": "0.30980", "2020-06-30": "0.31860", "2020-03-31": "0.34230", "2019-12-31": "0.25790", "2019-09-30": "0.32100", "2019-06-30": "0.32190", "2019-03-31": "0.33000", "2018-12-31": "0.32760", "2018-09-30": "0.25930", "2018-06-30": "0.25690", "2018-03-31": "0.25090", "2017-12-31": "0.25400", "2017-09-30": "0.32260", "2017-06-30": "0.33130", "2017-03-31": "0.35880", "2016-12-31": "0.37450", "2016-09-30": "0.38550", "2016-06-30": "0.39470", "2016-03-31": "0.40040", "2015-12-31": "0.39290", "2015-09-30": "0.40210", "2015-06-30": "0.39460", "2015-03-31": "0.40360", "2014-12-31": "0.37090", "2014-09-30": "0.35380", "2014-06-30": "0.35040", "2014-03-31": "0.35440", "2013-12-31": "0.35580", "2013-09-30": "0.32610", "2013-06-30": "0.33770", "2013-03-31": "0.34410", "2012-12-31": "0.34390", "2012-09-30": "0.27310", "2012-06-30": "0.29790", "2012-03-31": "0.28580", "2011-12-31": "0.29280", "2011-09-30": "0.27830", "2011-06-30": "0.26460", "2011-03-31": "0.28940", "2010-12-31": "0.29920", "2010-09-30": "0.28160", "2010-06-30": "0.25900", "2010-03-31": "0.29560", "2009-12-31": "0.35030", "2009-09-30": "0.35960", "2009-06-30": "0.41230", "2009-03-31": "0.44810", "2008-12-31": "0.44520", "2008-09-30": "0.38960", "2008-06-30": "0.40070", "2008-03-31": "0.41220", "2007-12-31": "0.41220", "2007-09-30": "0.41700", "2007-06-30": "0.43380", "2007-03-31": "0.43570", "2006-12-31": "0.30440", "2006-09-30": "0.35420", "2006-06-30": "0.36850", "2006-03-31": "0.38230", "2005-12-31": "0.38260", "2005-09-30": "0.25310", "2005-06-30": "0.26590", "2005-03-31": "0.27240"}, "Debt/Equity Ratio": {"2020-09-30": "0.44940", "2020-06-30": "0.53830", "2020-03-31": "0.70760", "2019-12-31": "0.38470", "2019-09-30": "0.64910", "2019-06-30": "0.65270", "2019-03-31": "0.71730", "2018-12-31": "0.53550", "2018-09-30": "0.64540", "2018-06-30": "0.59990", "2018-03-31": "0.49810", "2017-12-31": "0.45890", "2017-09-30": "0.54920", "2017-06-30": "0.57210", "2017-03-31": "0.73080", "2016-12-31": "0.60050", "2016-09-30": "0.64420", "2016-06-30": "0.71320", "2016-03-31": "0.75350", "2015-12-31": "0.64850", "2015-09-30": "0.75240", "2015-06-30": "0.72680", "2015-03-31": "0.78320", "2014-12-31": "0.59080", "2014-09-30": "0.60900", "2014-06-30": "0.60710", "2014-03-31": "0.64690", "2013-12-31": "0.61070", "2013-09-30": "0.65790", "2013-06-30": "0.70170", "2013-03-31": "0.72630", "2012-12-31": "0.52590", "2012-09-30": "0.58840", "2012-06-30": "0.57020", "2012-03-31": "0.50120", "2011-12-31": "0.48850", "2011-09-30": "0.53750", "2011-06-30": "0.48430", "2011-03-31": "0.48230", "2010-12-31": "0.48600", "2010-09-30": "0.49680", "2010-06-30": "0.46570", "2010-03-31": "0.52800", "2009-12-31": "0.68760", "2009-09-30": "0.74940", "2009-06-30": "0.85080", "2009-03-31": "0.93800", "2008-12-31": "0.93430", "2008-09-30": "0.88200", "2008-06-30": "0.92810", "2008-03-31": "0.94480", "2007-12-31": "0.87060", "2007-09-30": "0.94870", "2007-06-30": "1.00780", "2007-03-31": "0.98410", "2006-12-31": "0.64380", "2006-09-30": "0.76320", "2006-06-30": "0.82880", "2006-03-31": "0.92090", "2005-12-31": "0.73740", "2005-09-30": "0.49250", "2005-06-30": "0.55260", "2005-03-31": "0.54220"}, "Gross Margin": {"2020-09-30": "35.74620", "2020-06-30": "32.17580", "2020-03-31": "32.69320", "2019-12-31": "31.24770", "2019-09-30": "34.11690", "2019-06-30": "34.55720", "2019-03-31": "33.16530", "2018-12-31": "31.91190", "2018-09-30": "35.43550", "2018-06-30": "35.32500", "2018-03-31": "36.32260", "2017-12-31": "35.96790", "2017-09-30": "37.29830", "2017-06-30": "36.91550", "2017-03-31": "37.32100", "2016-12-31": "34.67650", "2016-09-30": "37.61620", "2016-06-30": "38.49750", "2016-03-31": "36.58550", "2015-12-31": "35.64350", "2015-09-30": "36.29620", "2015-06-30": "36.87610", "2015-03-31": "37.01900", "2014-12-31": "35.24230", "2014-09-30": "36.35420", "2014-06-30": "36.66310", "2014-03-31": "36.54430", "2013-12-31": "35.82340", "2013-09-30": "35.80470", "2013-06-30": "35.18650", "2013-03-31": "36.68890", "2012-12-31": "35.95000", "2012-09-30": "36.22680", "2012-06-30": "36.24080", "2012-03-31": "37.59120", "2011-12-31": "35.83710", "2011-09-30": "36.96230", "2011-06-30": "36.98770", "2011-03-31": "37.15440", "2010-12-31": "40.73460", "2010-09-30": "36.06010", "2010-06-30": "32.50760", "2010-03-31": "36.12520", "2009-12-31": "41.34880", "2009-09-30": "41.30410", "2009-06-30": "39.88250", "2009-03-31": "39.55090", "2008-12-31": "36.14510", "2008-09-30": "38.60060", "2008-06-30": "38.34330", "2008-03-31": "37.89920", "2007-12-31": "37.72910", "2007-09-30": "38.11250", "2007-06-30": "38.55070", "2007-03-31": "37.21870", "2006-12-31": "36.36970", "2006-09-30": "37.30620", "2006-06-30": "37.00760", "2006-03-31": "34.26240", "2005-12-31": "34.46510", "2005-09-30": "36.44750", "2005-06-30": "36.90930", "2005-03-31": "36.04170"}, "Operating Margin": {"2020-09-30": "13.51360", "2020-06-30": "5.27100", "2020-03-31": "6.25680", "2019-12-31": "8.27370", "2019-09-30": "9.75480", "2019-06-30": "12.33620", "2019-03-31": "7.57740", "2018-12-31": "6.21790", "2018-09-30": "10.25240", "2018-06-30": "9.54550", "2018-03-31": "9.32290", "2017-12-31": "11.20890", "2017-09-30": "11.94560", "2017-06-30": "12.31020", "2017-03-31": "18.06880", "2016-12-31": "10.55680", "2016-09-30": "12.93550", "2016-06-30": "13.78390", "2016-03-31": "11.06250", "2015-12-31": "12.16350", "2015-09-30": "12.39440", "2015-06-30": "12.45950", "2015-03-31": "9.96200", "2014-12-31": "10.32350", "2014-09-30": "11.97680", "2014-06-30": "11.78630", "2014-03-31": "9.88120", "2013-12-31": "4.09090", "2013-09-30": "8.08110", "2013-06-30": "10.07630", "2013-03-31": "5.25740", "2012-12-31": "6.60400", "2012-09-30": "7.25410", "2012-06-30": "7.68210", "2012-03-31": "6.87520", "2011-12-31": "4.83810", "2011-09-30": "8.55440", "2011-06-30": "9.68390", "2011-03-31": "8.88840", "2010-12-31": "8.67210", "2010-09-30": "8.21410", "2010-06-30": "1.43300", "2010-03-31": "-7.04440", "2009-12-31": "7.14830", "2009-09-30": "10.13360", "2009-06-30": "7.63710", "2009-03-31": "7.55750", "2008-12-31": "1.25240", "2008-09-30": "11.08630", "2008-06-30": "10.52360", "2008-03-31": "10.08400", "2007-12-31": "11.99270", "2007-09-30": "12.76440", "2007-06-30": "12.03800", "2007-03-31": "10.58280", "2006-12-31": "10.81290", "2006-09-30": "12.79750", "2006-06-30": "11.73000", "2006-03-31": "6.86490", "2005-12-31": "10.71000", "2005-09-30": "13.21120", "2005-06-30": "12.11490", "2005-03-31": "11.69160"}, "EBIT Margin": {"2020-09-30": "13.51360", "2020-06-30": "5.27100", "2020-03-31": "6.25680", "2019-12-31": "8.27370", "2019-09-30": "9.75480", "2019-06-30": "12.33620", "2019-03-31": "7.57740", "2018-12-31": "6.21790", "2018-09-30": "10.25240", "2018-06-30": "9.54550", "2018-03-31": "9.32290", "2017-12-31": "11.20890", "2017-09-30": "11.94560", "2017-06-30": "12.31020", "2017-03-31": "18.06880", "2016-12-31": "10.55680", "2016-09-30": "12.93550", "2016-06-30": "13.78390", "2016-03-31": "11.06250", "2015-12-31": "12.16350", "2015-09-30": "12.39440", "2015-06-30": "12.45950", "2015-03-31": "9.96200", "2014-12-31": "10.32360", "2014-09-30": "11.97680", "2014-06-30": "11.78630", "2014-03-31": "9.88120", "2013-12-31": "4.09090", "2013-09-30": "8.08110", "2013-06-30": "10.07630", "2013-03-31": "5.25740", "2012-12-31": "6.60410", "2012-09-30": "7.25410", "2012-06-30": "7.68210", "2012-03-31": "6.87520", "2011-12-31": "4.83820", "2011-09-30": "8.55440", "2011-06-30": "9.68390", "2011-03-31": "8.88840", "2010-12-31": "8.67220", "2010-09-30": "8.21410", "2010-06-30": "1.43300", "2010-03-31": "-7.04440", "2009-12-31": "7.14830", "2009-09-30": "10.13360", "2009-06-30": "7.63710", "2009-03-31": "7.55750", "2008-12-31": "1.25240", "2008-09-30": "11.08630", "2008-06-30": "10.52360", "2008-03-31": "10.08400", "2007-12-31": "11.99270", "2007-09-30": "12.76440", "2007-06-30": "12.03800", "2007-03-31": "10.58280", "2006-12-31": "10.81290", "2006-09-30": "12.79750", "2006-06-30": "11.73000", "2006-03-31": "6.86490", "2005-12-31": "10.71000", "2005-09-30": "13.21120", "2005-06-30": "12.11490", "2005-03-31": "11.69160"}, "EBITDA Margin": {"2020-09-30": "", "2020-06-30": "", "2020-03-31": "", "2019-12-31": "", "2019-09-30": "", "2019-06-30": "", "2019-03-31": "", "2018-12-31": "", "2018-09-30": "", "2018-06-30": "", "2018-03-31": "", "2017-12-31": "", "2017-09-30": "", "2017-06-30": "", "2017-03-31": "", "2016-12-31": "", "2016-09-30": "", "2016-06-30": "", "2016-03-31": "", "2015-12-31": "", "2015-09-30": "", "2015-06-30": "", "2015-03-31": "", "2014-12-31": "", "2014-09-30": "", "2014-06-30": "", "2014-03-31": "", "2013-12-31": "", "2013-09-30": "", "2013-06-30": "", "2013-03-31": "", "2012-12-31": "", "2012-09-30": "", "2012-06-30": "", "2012-03-31": "", "2011-12-31": "", "2011-09-30": "", "2011-06-30": "", "2011-03-31": "", "2010-12-31": "", "2010-09-30": "", "2010-06-30": "", "2010-03-31": "", "2009-12-31": "", "2009-09-30": "", "2009-06-30": "", "2009-03-31": "", "2008-12-31": "", "2008-09-30": "", "2008-06-30": "", "2008-03-31": "", "2007-12-31": "", "2007-09-30": "", "2007-06-30": "", "2007-03-31": "", "2006-12-31": "", "2006-09-30": "", "2006-06-30": "", "2006-03-31": "", "2005-12-31": "", "2005-09-30": "", "2005-06-30": "", "2005-03-31": ""}, "Pre-Tax Profit Margin": {"2020-09-30": "12.19680", "2020-06-30": "3.52990", "2020-03-31": "4.67180", "2019-12-31": "6.37550", "2019-09-30": "8.11150", "2019-06-30": "10.73300", "2019-03-31": "5.84350", "2018-12-31": "4.70470", "2018-09-30": "8.72440", "2018-06-30": "8.07990", "2018-03-31": "7.84590", "2017-12-31": "9.86380", "2017-09-30": "10.54950", "2017-06-30": "10.90150", "2017-03-31": "16.57390", "2016-12-31": "9.18890", "2016-09-30": "11.37060", "2016-06-30": "12.34480", "2016-03-31": "9.50940", "2015-12-31": "10.76830", "2015-09-30": "10.92420", "2015-06-30": "10.95260", "2015-03-31": "8.41440", "2014-12-31": "8.90860", "2014-09-30": "10.57350", "2014-06-30": "10.37730", "2014-03-31": "8.32600", "2013-12-31": "1.98820", "2013-09-30": "6.77230", "2013-06-30": "8.80620", "2013-03-31": "3.77550", "2012-12-31": "5.17500", "2012-09-30": "4.08790", "2012-06-30": "6.41990", "2012-03-31": "5.58100", "2011-12-31": "3.12500", "2011-09-30": "7.53140", "2011-06-30": "8.65440", "2011-03-31": "7.63500", "2010-12-31": "6.55910", "2010-09-30": "7.08710", "2010-06-30": "0.39310", "2010-03-31": "-8.47860", "2009-12-31": "5.61810", "2009-09-30": "8.53020", "2009-06-30": "10.73760", "2009-03-31": "5.77220", "2008-12-31": "0.19340", "2008-09-30": "9.22510", "2008-06-30": "8.76100", "2008-03-31": "8.13260", "2007-12-31": "9.53030", "2007-09-30": "10.93840", "2007-06-30": "10.18530", "2007-03-31": "8.68090", "2006-12-31": "9.09800", "2006-09-30": "11.16820", "2006-06-30": "10.02060", "2006-03-31": "5.25450", "2005-12-31": "9.53060", "2005-09-30": "12.24100", "2005-06-30": "11.10840", "2005-03-31": "10.73720"}, "Net Profit Margin": {"2020-09-30": "10.01250", "2020-06-30": "7.42520", "2020-03-31": "4.25640", "2019-12-31": "5.36050", "2019-09-30": "6.34440", "2019-06-30": "9.47280", "2019-03-31": "5.09660", "2018-12-31": "-2.93830", "2018-09-30": "7.09050", "2018-06-30": "8.05800", "2018-03-31": "5.31580", "2017-12-31": "8.12600", "2017-09-30": "8.17110", "2017-06-30": "8.44620", "2017-03-31": "13.78360", "2016-12-31": "8.31030", "2016-09-30": "8.63640", "2016-06-30": "9.25860", "2016-03-31": "7.08810", "2015-12-31": "10.03730", "2015-09-30": "8.08270", "2015-06-30": "7.92490", "2015-03-31": "6.17110", "2014-12-31": "4.88850", "2014-09-30": "8.22190", "2014-06-30": "7.56970", "2014-03-31": "6.18620", "2013-12-31": "2.00610", "2013-09-30": "6.01820", "2013-06-30": "6.54610", "2013-03-31": "3.27480", "2012-12-31": "19.58520", "2012-09-30": "4.57650", "2012-06-30": "6.03040", "2012-03-31": "5.02040", "2011-12-31": "9.15180", "2011-09-30": "5.90140", "2011-06-30": "7.57880", "2011-03-31": "6.72030", "2010-12-31": "9.15210", "2010-09-30": "5.20030", "2010-06-30": "1.93610", "2010-03-31": "-8.60540", "2009-12-31": "6.19740", "2009-09-30": "6.45640", "2009-06-30": "7.56090", "2009-03-31": "4.12920", "2008-12-31": "-0.06450", "2008-09-30": "14.58480", "2008-06-30": "6.78130", "2008-03-31": "6.20920", "2007-12-31": "7.98910", "2007-09-30": "8.26250", "2007-06-30": "7.78500", "2007-03-31": "6.36470", "2006-12-31": "9.64370", "2006-09-30": "8.93650", "2006-06-30": "7.33860", "2006-03-31": "3.89180", "2005-12-31": "7.17180", "2005-09-30": "9.21070", "2005-06-30": "8.08890", "2005-03-31": "8.36370"}, "Asset Turnover": {"2020-09-30": "0.16710", "2020-06-30": "0.13690", "2020-03-31": "0.13660", "2019-12-31": "0.18030", "2019-09-30": "0.17040", "2019-06-30": "0.17480", "2019-03-31": "0.15530", "2018-12-31": "0.18730", "2018-09-30": "0.17090", "2018-06-30": "0.18060", "2018-03-31": "0.16300", "2017-12-31": "0.18140", "2017-09-30": "0.16990", "2017-06-30": "0.17020", "2017-03-31": "0.15310", "2016-12-31": "0.19870", "2016-09-30": "0.18330", "2016-06-30": "0.18630", "2016-03-31": "0.17120", "2015-12-31": "0.18810", "2015-09-30": "0.17830", "2015-06-30": "0.17920", "2015-03-31": "0.16500", "2014-12-31": "0.18820", "2014-09-30": "0.17200", "2014-06-30": "0.16860", "2014-03-31": "0.15550", "2013-12-31": "0.16910", "2013-09-30": "0.16200", "2013-06-30": "0.17110", "2013-03-31": "0.14660", "2012-12-31": "0.15860", "2012-09-30": "0.14710", "2012-06-30": "0.15700", "2012-03-31": "0.14840", "2011-12-31": "0.11240", "2011-09-30": "0.15890", "2011-06-30": "0.16240", "2011-03-31": "0.14990", "2010-12-31": "0.09910", "2010-09-30": "0.15930", "2010-06-30": "0.16900", "2010-03-31": "0.08620", "2009-12-31": "0.19180", "2009-09-30": "0.19480", "2009-06-30": "0.19350", "2009-03-31": "0.19330", "2008-12-31": "0.22310", "2008-09-30": "0.21820", "2008-06-30": "0.22730", "2008-03-31": "0.21620", "2007-12-31": "0.23020", "2007-09-30": "0.22740", "2007-06-30": "0.23530", "2007-03-31": "0.22890", "2006-12-31": "0.22820", "2006-09-30": "0.25080", "2006-06-30": "0.26470", "2006-03-31": "0.25510", "2005-12-31": "0.23680", "2005-09-30": "0.27340", "2005-06-30": "0.27120", "2005-03-31": "0.26970"}, "Inventory Turnover Ratio": {"2020-09-30": "0.86060", "2020-06-30": "0.77530", "2020-03-31": "0.83170", "2019-12-31": "1.13240", "2019-09-30": "0.87250", "2019-06-30": "0.85970", "2019-03-31": "0.79810", "2018-12-31": "1.04270", "2018-09-30": "0.85160", "2018-06-30": "0.96410", "2018-03-31": "0.86950", "2017-12-31": "1.09900", "2017-09-30": "0.93730", "2017-06-30": "0.99780", "2017-03-31": "0.90570", "2016-12-31": "1.37320", "2016-09-30": "1.04510", "2016-06-30": "1.06800", "2016-03-31": "1.00560", "2015-12-31": "1.19970", "2015-09-30": "0.96550", "2015-06-30": "0.98370", "2015-03-31": "0.95080", "2014-12-31": "1.23590", "2014-09-30": "1.04230", "2014-06-30": "1.05220", "2014-03-31": "0.99860", "2013-12-31": "1.21810", "2013-09-30": "1.08670", "2013-06-30": "1.25530", "2013-03-31": "1.01830", "2012-12-31": "1.23330", "2012-09-30": "0.94320", "2012-06-30": "1.03920", "2012-03-31": "0.95240", "2011-12-31": "0.90470", "2011-09-30": "1.02920", "2011-06-30": "1.13260", "2011-03-31": "1.04990", "2010-12-31": "0.70450", "2010-09-30": "1.08450", "2010-06-30": "1.23270", "2010-03-31": "0.57680", "2009-12-31": "1.46530", "2009-09-30": "1.25510", "2009-06-30": "1.18460", "2009-03-31": "1.09570", "2008-12-31": "1.34720", "2008-09-30": "1.20090", "2008-06-30": "1.26060", "2008-03-31": "1.12420", "2007-12-31": "1.22720", "2007-09-30": "1.09620", "2007-06-30": "1.11400", "2007-03-31": "1.08300", "2006-12-31": "0.95410", "2006-09-30": "1.02540", "2006-06-30": "1.12180", "2006-03-31": "1.16100", "2005-12-31": "1.19410", "2005-09-30": "1.18700", "2005-06-30": "1.16030", "2005-03-31": "1.17810"}, "Receiveable Turnover": {"2020-09-30": "2.18240", "2020-06-30": "1.83050", "2020-03-31": "1.86110", "2019-12-31": "2.55340", "2019-09-30": "1.90950", "2019-06-30": "2.06220", "2019-03-31": "1.77120", "2018-12-31": "2.26070", "2018-09-30": "1.56280", "2018-06-30": "1.69360", "2018-03-31": "1.61590", "2017-12-31": "2.12700", "2017-09-30": "1.67150", "2017-06-30": "1.70480", "2017-03-31": "1.65300", "2016-12-31": "2.38490", "2016-09-30": "1.66570", "2016-06-30": "1.86660", "2016-03-31": "1.67760", "2015-12-31": "2.13650", "2015-09-30": "1.67340", "2015-06-30": "1.74180", "2015-03-31": "1.63070", "2014-12-31": "2.13540", "2014-09-30": "1.54690", "2014-06-30": "1.59890", "2014-03-31": "1.45730", "2013-12-31": "1.77160", "2013-09-30": "1.42440", "2013-06-30": "1.59290", "2013-03-31": "1.38920", "2012-12-31": "1.64640", "2012-09-30": "1.37560", "2012-06-30": "1.53180", "2012-03-31": "1.40580", "2011-12-31": "1.24010", "2011-09-30": "1.42620", "2011-06-30": "1.60240", "2011-03-31": "1.52570", "2010-12-31": "1.07180", "2010-09-30": "1.39410", "2010-06-30": "1.52620", "2010-03-31": "0.81030", "2009-12-31": "1.71970", "2009-09-30": "1.43810", "2009-06-30": "1.40360", "2009-03-31": "1.38520", "2008-12-31": "1.60230", "2008-09-30": "1.26330", "2008-06-30": "1.24090", "2008-03-31": "1.20200", "2007-12-31": "1.36090", "2007-09-30": "1.22070", "2007-06-30": "1.28240", "2007-03-31": "1.32200", "2006-12-31": "1.19800", "2006-09-30": "1.32590", "2006-06-30": "1.35500", "2006-03-31": "1.23810", "2005-12-31": "1.37700", "2005-09-30": "1.27880", "2005-06-30": "1.30920", "2005-03-31": "1.28520"}, "Days Sales In Receivables": {"2020-09-30": "41.23890", "2020-06-30": "49.16630", "2020-03-31": "48.35910", "2019-12-31": "35.24690", "2019-09-30": "47.13170", "2019-06-30": "43.64210", "2019-03-31": "50.81260", "2018-12-31": "39.81130", "2018-09-30": "57.58780", "2018-06-30": "53.14140", "2018-03-31": "55.69720", "2017-12-31": "42.31370", "2017-09-30": "53.84360", "2017-06-30": "52.79190", "2017-03-31": "54.44810", "2016-12-31": "37.73800", "2016-09-30": "54.03120", "2016-06-30": "48.21650", "2016-03-31": "53.64770", "2015-12-31": "42.12480", "2015-09-30": "53.78370", "2015-06-30": "51.66940", "2015-03-31": "55.19090", "2014-12-31": "42.14690", "2014-09-30": "58.18160", "2014-06-30": "56.28890", "2014-03-31": "61.75610", "2013-12-31": "50.80100", "2013-09-30": "63.18240", "2013-06-30": "56.49960", "2013-03-31": "64.78620", "2012-12-31": "54.66420", "2012-09-30": "65.42630", "2012-06-30": "58.75420", "2012-03-31": "64.02130", "2011-12-31": "72.57260", "2011-09-30": "63.10690", "2011-06-30": "56.16490", "2011-03-31": "58.98880", "2010-12-31": "83.97080", "2010-09-30": "64.55870", "2010-06-30": "58.97020", "2010-03-31": "111.06660", "2009-12-31": "52.33360", "2009-09-30": "62.58150", "2009-06-30": "64.12210", "2009-03-31": "64.97150", "2008-12-31": "56.16820", "2008-09-30": "71.24460", "2008-06-30": "72.52670", "2008-03-31": "74.87400", "2007-12-31": "66.13130", "2007-09-30": "73.72810", "2007-06-30": "70.17980", "2007-03-31": "68.07830", "2006-12-31": "75.12690", "2006-09-30": "67.87990", "2006-06-30": "66.41910", "2006-03-31": "72.69120", "2005-12-31": "65.36100", "2005-09-30": "70.38090", "2005-06-30": "68.74550", "2005-03-31": "70.02890"}, "ROE - Return On Equity": {"2020-09-30": "4.45080", "2020-06-30": "2.81960", "2020-03-31": "1.78440", "2019-12-31": "2.60530", "2019-09-30": "3.07390", "2019-06-30": "4.77600", "2019-03-31": "2.37100", "2018-12-31": "-1.49510", "2018-09-30": "3.38510", "2018-06-30": "3.94470", "2018-03-31": "2.21140", "2017-12-31": "3.72070", "2017-09-30": "3.77640", "2017-06-30": "3.99060", "2017-03-31": "5.77430", "2016-12-31": "4.05580", "2016-09-30": "4.09460", "2016-06-30": "4.64090", "2016-03-31": "3.30000", "2015-12-31": "4.53300", "2015-09-30": "4.09220", "2015-06-30": "4.01770", "2015-03-31": "2.92780", "2014-12-31": "3.36770", "2014-09-30": "3.49800", "2014-06-30": "3.10760", "2014-03-31": "2.43150", "2013-12-31": "0.98100", "2013-09-30": "2.41940", "2013-06-30": "2.93850", "2013-03-31": "1.27800", "2012-12-31": "2.00830", "2012-09-30": "1.24180", "2012-06-30": "1.83540", "2012-03-31": "1.46390", "2011-12-31": "1.27640", "2011-09-30": "2.27410", "2011-06-30": "2.60560", "2011-03-31": "2.13110", "2010-12-31": "1.27590", "2010-09-30": "1.77580", "2010-06-30": "0.69030", "2010-03-31": "-1.66100", "2009-12-31": "2.71940", "2009-09-30": "3.19360", "2009-06-30": "3.89030", "2009-03-31": "2.24480", "2008-12-31": "0.20870", "2008-09-30": "4.11970", "2008-06-30": "4.14220", "2008-03-31": "3.73410", "2007-12-31": "4.73820", "2007-09-30": "5.22090", "2007-06-30": "5.22490", "2007-03-31": "4.31620", "2006-12-31": "4.83250", "2006-09-30": "6.00890", "2006-06-30": "5.33050", "2006-03-31": "2.90130", "2005-12-31": "4.44320", "2005-09-30": "5.54350", "2005-06-30": "5.05220", "2005-03-31": "5.19130"}, "Return On Tangible Equity": {"2020-09-30": "-11.04930", "2020-06-30": "-6.04920", "2020-03-31": "-2.70630", "2019-12-31": "-5.35600", "2019-09-30": "-5.08490", "2019-06-30": "-7.56950", "2019-03-31": "-3.34670", "2018-12-31": "2.30370", "2018-09-30": "-5.55610", "2018-06-30": "-6.73460", "2018-03-31": "-4.38030", "2017-12-31": "-7.06550", "2017-09-30": "-6.50170", "2017-06-30": "-6.43520", "2017-03-31": "-7.64560", "2016-12-31": "-9.86680", "2016-09-30": "-7.09790", "2016-06-30": "-7.25450", "2016-03-31": "-4.73190", "2015-12-31": "-7.05150", "2015-09-30": "-5.82480", "2015-06-30": "-5.99410", "2015-03-31": "-4.07680", "2014-12-31": "-6.23840", "2014-09-30": "-7.43980", "2014-06-30": "-6.42470", "2014-03-31": "-4.66260", "2013-12-31": "-1.81480", "2013-09-30": "-4.62610", "2013-06-30": "-5.08130", "2013-03-31": "-2.11680", "2012-12-31": "-4.19580", "2012-09-30": "-2.62930", "2012-06-30": "-3.55860", "2012-03-31": "-3.64490", "2011-12-31": "-3.89580", "2011-09-30": "-5.31200", "2011-06-30": "-13.08350", "2011-03-31": "-9.38750", "2010-12-31": "-5.23290", "2010-09-30": "-9.34820", "2010-06-30": "-4.25370", "2010-03-31": "6.57500", "2009-12-31": "-9.37770", "2009-09-30": "-8.91900", "2009-06-30": "-9.06760", "2009-03-31": "-4.43340", "2008-12-31": "-0.41320", "2008-09-30": "-12.52840", "2008-06-30": "-16.76460", "2008-03-31": "-11.48330", "2007-12-31": "-17.12670", "2007-09-30": "-15.75290", "2007-06-30": "-13.65520", "2007-03-31": "-10.86290", "2006-12-31": "-107.91370", "2006-09-30": "-81.18810", "2006-06-30": "-68.11980", "2006-03-31": "-23.29100", "2005-12-31": "16.69700", "2005-09-30": "19.52470", "2005-06-30": "21.53690", "2005-03-31": "21.89680"}, "ROA - Return On Assets": {"2020-09-30": "1.71520", "2020-06-30": "1.03850", "2020-03-31": "0.58110", "2019-12-31": "0.96670", "2019-09-30": "1.08380", "2019-06-30": "1.66050", "2019-03-31": "0.79400", "2018-12-31": "-0.54620", "2018-09-30": "1.21430", "2018-06-30": "1.45390", "2018-03-31": "0.86420", "2017-12-31": "1.47190", "2017-09-30": "1.38820", "2017-06-30": "1.43740", "2017-03-31": "2.10960", "2016-12-31": "1.65340", "2016-09-30": "1.58390", "2016-06-30": "1.72480", "2016-03-31": "1.20840", "2015-12-31": "1.75570", "2015-09-30": "1.47500", "2015-06-30": "1.47320", "2015-03-31": "1.04620", "2014-12-31": "1.38370", "2014-09-30": "1.47250", "2014-06-30": "1.30790", "2014-03-31": "1.00810", "2013-12-31": "0.40820", "2013-09-30": "0.99740", "2013-06-30": "1.18300", "2013-03-31": "0.50360", "2012-12-31": "0.85270", "2012-09-30": "0.52700", "2012-06-30": "0.77370", "2012-03-31": "0.65010", "2011-12-31": "0.56560", "2011-09-30": "0.97980", "2011-06-30": "1.23240", "2011-03-31": "0.99900", "2010-12-31": "0.59580", "2010-09-30": "0.82840", "2010-06-30": "0.32720", "2010-03-31": "-0.74210", "2009-12-31": "1.14700", "2009-09-30": "1.28680", "2009-06-30": "1.49060", "2009-03-31": "0.81080", "2008-12-31": "0.07400", "2008-09-30": "1.50550", "2008-06-30": "1.46450", "2008-03-31": "1.29370", "2007-12-31": "1.71950", "2007-09-30": "1.81900", "2007-06-30": "1.77370", "2007-03-31": "1.45680", "2006-12-31": "1.90580", "2006-09-30": "2.23380", "2006-06-30": "1.95040", "2006-03-31": "1.01370", "2005-12-31": "1.81100", "2005-09-30": "2.50210", "2005-06-30": "2.17410", "2005-03-31": "2.22840"}, "ROI - Return On Investment": {"2020-09-30": "2.62800", "2020-06-30": "1.63220", "2020-03-31": "0.97710", "2019-12-31": "1.61630", "2019-09-30": "1.89780", "2019-06-30": "2.94340", "2019-03-31": "1.43840", "2018-12-31": "-0.90910", "2018-09-30": "2.27470", "2018-06-30": "2.66270", "2018-03-31": "1.50940", "2017-12-31": "2.52490", "2017-09-30": "2.31900", "2017-06-30": "2.40890", "2017-03-31": "3.70240", "2016-12-31": "2.53710", "2016-09-30": "2.51610", "2016-06-30": "2.80930", "2016-03-31": "1.97850", "2015-12-31": "2.75200", "2015-09-30": "2.44670", "2015-06-30": "2.43250", "2015-03-31": "1.74610", "2014-12-31": "2.11850", "2014-09-30": "2.26040", "2014-06-30": "2.01880", "2014-03-31": "1.56980", "2013-12-31": "0.63200", "2013-09-30": "1.63030", "2013-06-30": "1.94610", "2013-03-31": "0.83820", "2012-12-31": "1.31760", "2012-09-30": "0.90260", "2012-06-30": "1.28860", "2012-03-31": "1.04550", "2011-12-31": "0.90270", "2011-09-30": "1.64120", "2011-06-30": "1.91610", "2011-03-31": "1.51430", "2010-12-31": "0.89410", "2010-09-30": "1.27580", "2010-06-30": "0.51150", "2010-03-31": "-1.17000", "2009-12-31": "1.76670", "2009-09-30": "2.04520", "2009-06-30": "2.28620", "2009-03-31": "1.23880", "2008-12-31": "0.11580", "2008-09-30": "2.51480", "2008-06-30": "2.48240", "2008-03-31": "2.19480", "2007-12-31": "2.78510", "2007-09-30": "3.04410", "2007-06-30": "2.95850", "2007-03-31": "2.43570", "2006-12-31": "3.36140", "2006-09-30": "3.88060", "2006-06-30": "3.36620", "2006-03-31": "1.79210", "2005-12-31": "2.74340", "2005-09-30": "4.14020", "2005-06-30": "3.70900", "2005-03-31": "3.77730"}, "Book Value Per Share": {"2020-09-30": "64.78030", "2020-06-30": "62.40900", "2020-03-31": "58.12870", "2019-12-31": "59.55600", "2019-09-30": "54.39180", "2019-06-30": "54.25820", "2019-03-31": "52.37640", "2018-12-31": "51.81620", "2018-09-30": "53.52240", "2018-06-30": "53.51150", "2018-03-31": "54.70680", "2017-12-31": "53.91530", "2017-09-30": "52.29020", "2017-06-30": "50.31830", "2017-03-31": "44.57060", "2016-12-31": "41.77770", "2016-09-30": "40.35600", "2016-06-30": "38.89020", "2016-03-31": "38.07160", "2015-12-31": "38.06060", "2015-09-30": "38.20710", "2015-06-30": "38.28330", "2015-03-31": "37.06080", "2014-12-31": "41.44410", "2014-09-30": "44.96590", "2014-06-30": "45.67140", "2014-03-31": "44.72160", "2013-12-31": "44.25360", "2013-09-30": "45.21610", "2013-06-30": "42.00760", "2013-03-31": "41.12690", "2012-12-31": "42.05700", "2012-09-30": "43.03620", "2012-06-30": "40.99280", "2012-03-31": "42.49230", "2011-12-31": "41.80380", "2011-09-30": "42.04630", "2011-06-30": "45.04540", "2011-03-31": "43.93350", "2010-12-31": "42.49970", "2010-09-30": "41.79100", "2010-06-30": "40.04720", "2010-03-31": "40.76440", "2009-12-31": "24.99410", "2009-09-30": "24.06210", "2009-06-30": "22.93370", "2009-03-31": "21.57670", "2008-12-31": "21.86720", "2008-09-30": "23.75150", "2008-06-30": "22.79620", "2008-03-31": "21.90020", "2007-12-31": "21.50440", "2007-09-30": "20.62670", "2007-06-30": "19.25840", "2007-03-31": "18.78370", "2006-12-31": "18.96360", "2006-09-30": "18.46280", "2006-06-30": "17.38750", "2006-03-31": "16.33090", "2005-12-31": "17.24410", "2005-09-30": "16.48350", "2005-06-30": "15.48790", "2005-03-31": "15.30950"}, "Operating Cash Flow Per Share": {"2020-09-30": 4.2989, "2020-06-30": 2.168, "2020-03-31": "-2.66750", "2019-12-31": 8.2587, "2019-09-30": 1.2785, "2019-06-30": 3.3407, "2019-03-31": "-2.87710", "2018-12-31": 8.0486, "2018-09-30": 1.2591, "2018-06-30": 1.2774, "2018-03-31": "-2.27020", "2017-12-31": 4.6911, "2017-09-30": 0.7602, "2017-06-30": 1.0067, "2017-03-31": "-2.07290", "2016-12-31": 3.6063, "2016-09-30": 1.654, "2016-06-30": 3.3693, "2016-03-31": "-0.63070", "2015-12-31": 5.3939, "2015-09-30": 1.5945, "2015-06-30": 2.0156, "2015-03-31": "-1.26170", "2014-12-31": 4.7854, "2014-09-30": 1.5411, "2014-06-30": 2.7425, "2014-03-31": "-0.95630", "2013-12-31": 4.6092, "2013-09-30": 0.6258, "2013-06-30": 1.1595, "2013-03-31": "-0.92770", "2012-12-31": 3.278, "2012-09-30": 0.9286, "2012-06-30": 1.7806, "2012-03-31": "-0.19120", "2011-12-31": 3.1748, "2011-09-30": 0.9659, "2011-06-30": 1.032, "2011-03-31": "0.69960", "2010-12-31": 2.6294, "2010-09-30": 1.16, "2010-06-30": 1.4686, "2010-03-31": "-0.33480", "2009-12-31": 3.5986, "2009-09-30": 2.1792, "2009-06-30": 0.8538, "2009-03-31": "0.04530", "2008-12-31": 2.4237, "2008-09-30": 1.6488, "2008-06-30": 1.0557, "2008-03-31": "1.33950", "2007-12-31": 2.5904, "2007-09-30": 1.5662, "2007-06-30": 1.2107, "2007-03-31": "1.10650", "2006-12-31": 1.3867, "2006-09-30": 1.4188, "2006-06-30": 1.4357, "2006-03-31": "1.00470", "2005-12-31": 1.7586, "2005-09-30": 0.8632, "2005-06-30": 0.9087, "2005-03-31": "0.71160"}, "Free Cash Flow Per Share": {"2020-09-30": 3.9289, "2020-06-30": 1.7575, "2020-03-31": "-3.21320", "2019-12-31": 7.9849, "2019-09-30": 0.6387, "2019-06-30": 2.696, "2019-03-31": "-3.47480", "2018-12-31": 7.2756, "2018-09-30": 0.5147, "2018-06-30": 0.5385, "2018-03-31": "-2.96090", "2017-12-31": 3.7558, "2017-09-30": 0.2028, "2017-06-30": 0.2263, "2017-03-31": "-2.37250", "2016-12-31": 2.7745, "2016-09-30": 1.1395, "2016-06-30": 2.8712, "2016-03-31": "-1.05610", "2015-12-31": 4.6256, "2015-09-30": 1.1522, "2015-06-30": 1.6644, "2015-03-31": "-1.54850", "2014-12-31": 4.1773, "2014-09-30": 1.1704, "2014-06-30": 2.3596, "2014-03-31": "-1.31990", "2013-12-31": 4.0346, "2013-09-30": 0.0713, "2013-06-30": 0.6523, "2013-03-31": "-1.40950", "2012-12-31": 2.6615, "2012-09-30": 0.3436, "2012-06-30": 1.1556, "2012-03-31": "-0.54400", "2011-12-31": 2.5657, "2011-09-30": 0.6189, "2011-06-30": 0.6541, "2011-03-31": "0.43040", "2010-12-31": 2.0777, "2010-09-30": 0.894, "2010-06-30": 1.3505, "2010-03-31": "-0.56110", "2009-12-31": 3.2773, "2009-09-30": 1.9568, "2009-06-30": 0.54, "2009-03-31": "-0.22780", "2008-12-31": 1.7404, "2008-09-30": 1.2946, "2008-06-30": 0.6964, "2008-03-31": "1.02730", "2007-12-31": 2.4207, "2007-09-30": 1.4259, "2007-06-30": 1.0053, "2007-03-31": "0.79740", "2006-12-31": 1.5168, "2006-09-30": 1.1623, "2006-06-30": 1.1418, "2006-03-31": "0.84430", "2005-12-31": 1.5157, "2005-09-30": 0.6662, "2005-06-30": 0.7143, "2005-03-31": "0.58830"}}, "revenue": {"Stanley Black & Decker Annual Revenue (Millions of US $)": {"2020": "$14,535", "2019": "$14,442", "2018": "$13,982", "2017": "$12,967", "2016": "$11,594", "2015": "$11,172", "2014": "$11,339", "2013": "$10,890", "2012": "$10,022", "2011": "$9,377", "2010": "$7,497", "2009": "$3,683", "2008": "$4,426", "2007": "$4,361", "2006": "$3,897", "2005": "$3,285"}, "Stanley Black & Decker Quarterly Revenue (Millions of US $)": {"2020-12-31": "$4,408", "2020-09-30": "$3,850", "2020-06-30": "$3,147", "2020-03-31": "$3,129", "2019-12-31": "$3,714", "2019-09-30": "$3,633", "2019-06-30": "$3,761", "2019-03-31": "$3,334", "2018-12-31": "$3,635", "2018-09-30": "$3,495", "2018-06-30": "$3,644", "2018-03-31": "$3,209", "2017-12-31": "$3,464", "2017-09-30": "$3,359", "2017-06-30": "$3,287", "2017-03-31": "$2,856", "2016-12-31": "$3,107", "2016-09-30": "$2,882", "2016-06-30": "$2,932", "2016-03-31": "$2,672", "2015-12-31": "$2,845", "2015-09-30": "$2,830", "2015-06-30": "$2,867", "2015-03-31": "$2,630", "2014-12-31": "$2,982", "2014-09-30": "$2,879", "2014-06-30": "$2,860", "2014-03-31": "$2,617", "2013-12-31": "$2,797", "2013-09-30": "$2,758", "2013-06-30": "$2,858", "2013-03-31": "$2,477", "2012-12-31": "$2,512", "2012-09-30": "$2,517", "2012-06-30": "$2,567", "2012-03-31": "$2,426", "2011-12-31": "$1,792", "2011-09-30": "$2,620", "2011-06-30": "$2,603", "2011-03-31": "$2,362", "2010-12-31": "$1,500", "2010-09-30": "$2,369", "2010-06-30": "$2,366", "2010-03-31": "$1,262", "2009-12-31": "$915", "2009-09-30": "$936", "2009-06-30": "$919", "2009-03-31": "$913", "2008-12-31": "$1,086", "2008-09-30": "$1,118", "2008-06-30": "$1,152", "2008-03-31": "$1,071", "2007-12-31": "$1,097", "2007-09-30": "$1,106", "2007-06-30": "$1,096", "2007-03-31": "$1,062", "2006-12-31": "$898", "2006-09-30": "$1,013", "2006-06-30": "$1,018", "2006-03-31": "$969", "2005-12-31": "$839", "2005-09-30": "$835", "2005-06-30": "$815", "2005-03-31": "$796"}}, "gross-profit": {"Stanley Black & Decker Annual Gross Profit (Millions of US $)": {"2020": "$4,968", "2019": "$4,806", "2018": "$4,851", "2017": "$4,778", "2016": "$4,268", "2015": "$4,072", "2014": "$4,103", "2013": "$3,904", "2012": "$3,657", "2011": "$3,451", "2010": "$2,690", "2009": "$1,492", "2008": "$1,671", "2007": "$1,653", "2006": "$1,413", "2005": "$1,181"}, "Stanley Black & Decker Quarterly Gross Profit (Millions of US $)": {"2020-12-31": "$1,556", "2020-09-30": "$1,376", "2020-06-30": "$1,013", "2020-03-31": "$1,023", "2019-12-31": "$1,161", "2019-09-30": "$1,240", "2019-06-30": "$1,300", "2019-03-31": "$1,106", "2018-12-31": "$1,160", "2018-09-30": "$1,238", "2018-06-30": "$1,287", "2018-03-31": "$1,166", "2017-12-31": "$1,246", "2017-09-30": "$1,253", "2017-06-30": "$1,213", "2017-03-31": "$1,066", "2016-12-31": "$1,077", "2016-09-30": "$1,084", "2016-06-30": "$1,129", "2016-03-31": "$978", "2015-12-31": "$1,014", "2015-09-30": "$1,027", "2015-06-30": "$1,057", "2015-03-31": "$974", "2014-12-31": "$1,051", "2014-09-30": "$1,047", "2014-06-30": "$1,049", "2014-03-31": "$956", "2013-12-31": "$1,002", "2013-09-30": "$988", "2013-06-30": "$1,006", "2013-03-31": "$909", "2012-12-31": "$903", "2012-09-30": "$912", "2012-06-30": "$930", "2012-03-31": "$912", "2011-12-31": "$642", "2011-09-30": "$968", "2011-06-30": "$963", "2011-03-31": "$877", "2010-12-31": "$611", "2010-09-30": "$854", "2010-06-30": "$769", "2010-03-31": "$456", "2009-12-31": "$378", "2009-09-30": "$386", "2009-06-30": "$367", "2009-03-31": "$361", "2008-12-31": "$393", "2008-09-30": "$431", "2008-06-30": "$442", "2008-03-31": "$406", "2007-12-31": "$414", "2007-09-30": "$422", "2007-06-30": "$422", "2007-03-31": "$395", "2006-12-31": "$327", "2006-09-30": "$378", "2006-06-30": "$377", "2006-03-31": "$332", "2005-12-31": "$289", "2005-09-30": "$304", "2005-06-30": "$301", "2005-03-31": "$287"}}, "operating-income": {"Stanley Black & Decker Annual Operating Income (Millions of US $)": {"2020": "$1,472", "2019": "$1,378", "2018": "$1,231", "2017": "$1,710", "2016": "$1,401", "2015": "$1,316", "2014": "$1,248", "2013": "$756", "2012": "$713", "2011": "$773", "2010": "$270", "2009": "$299", "2008": "$367", "2007": "$517", "2006": "$413", "2005": "$392"}, "Stanley Black & Decker Quarterly Operating Income (Millions of US $)": {"2020-12-31": "$590", "2020-09-30": "$520", "2020-06-30": "$166", "2020-03-31": "$196", "2019-12-31": "$307", "2019-09-30": "$354", "2019-06-30": "$464", "2019-03-31": "$253", "2018-12-31": "$226", "2018-09-30": "$358", "2018-06-30": "$348", "2018-03-31": "$299", "2017-12-31": "$388", "2017-09-30": "$401", "2017-06-30": "$405", "2017-03-31": "$516", "2016-12-31": "$328", "2016-09-30": "$373", "2016-06-30": "$404", "2016-03-31": "$296", "2015-12-31": "$346", "2015-09-30": "$351", "2015-06-30": "$357", "2015-03-31": "$262", "2014-12-31": "$308", "2014-09-30": "$345", "2014-06-30": "$337", "2014-03-31": "$259", "2013-12-31": "$114", "2013-09-30": "$223", "2013-06-30": "$288", "2013-03-31": "$130", "2012-12-31": "$166", "2012-09-30": "$183", "2012-06-30": "$197", "2012-03-31": "$167", "2011-12-31": "$87", "2011-09-30": "$224", "2011-06-30": "$252", "2011-03-31": "$210", "2010-12-31": "$130", "2010-09-30": "$195", "2010-06-30": "$34", "2010-03-31": "$-89", "2009-12-31": "$65", "2009-09-30": "$95", "2009-06-30": "$70", "2009-03-31": "$69", "2008-12-31": "$14", "2008-09-30": "$124", "2008-06-30": "$121", "2008-03-31": "$108", "2007-12-31": "$132", "2007-09-30": "$141", "2007-06-30": "$132", "2007-03-31": "$112", "2006-12-31": "$97", "2006-09-30": "$130", "2006-06-30": "$119", "2006-03-31": "$67", "2005-12-31": "$90", "2005-09-30": "$110", "2005-06-30": "$99", "2005-03-31": "$93"}}, "ebitda": {"Stanley Black & Decker Annual EBITDA (Millions of US $)": {"2019": "$1,946", "2018": "$1,747", "2017": "$2,214", "2016": "$1,809", "2015": "$1,730", "2014": "$1,698", "2013": "$1,197", "2012": "$1,158", "2011": "$1,183", "2010": "$618", "2009": "$500", "2008": "$550", "2007": "$679", "2006": "$534", "2005": "$489"}, "Stanley Black & Decker Quarterly EBITDA (Millions of US $)": {"2020-09-30": "$666", "2020-06-30": "$311", "2020-03-31": "$337", "2019-12-31": "$455", "2019-09-30": "$495", "2019-06-30": "$606", "2019-03-31": "$390", "2018-12-31": "$361", "2018-09-30": "$488", "2018-06-30": "$476", "2018-03-31": "$423", "2017-12-31": "$554", "2017-09-30": "$522", "2017-06-30": "$520", "2017-03-31": "$618", "2016-12-31": "$431", "2016-09-30": "$476", "2016-06-30": "$506", "2016-03-31": "$396", "2015-12-31": "$452", "2015-09-30": "$455", "2015-06-30": "$459", "2015-03-31": "$365", "2014-12-31": "$420", "2014-09-30": "$457", "2014-06-30": "$452", "2014-03-31": "$369", "2013-12-31": "$233", "2013-09-30": "$332", "2013-06-30": "$396", "2013-03-31": "$236", "2012-12-31": "$281", "2012-09-30": "$288", "2012-06-30": "$306", "2012-03-31": "$283", "2011-12-31": "$199", "2011-09-30": "$324", "2011-06-30": "$346", "2011-03-31": "$314", "2010-12-31": "$240", "2010-09-30": "$281", "2010-06-30": "$127", "2010-03-31": "$-29", "2009-12-31": "$117", "2009-09-30": "$147", "2009-06-30": "$119", "2009-03-31": "$117", "2008-12-31": "$68", "2008-09-30": "$171", "2008-06-30": "$162", "2008-03-31": "$149", "2007-12-31": "$174", "2007-09-30": "$183", "2007-06-30": "$173", "2007-03-31": "$150", "2006-12-31": "$127", "2006-09-30": "$160", "2006-06-30": "$150", "2006-03-31": "$97", "2005-12-31": "$116", "2005-09-30": "$134", "2005-06-30": "$123", "2005-03-31": "$117"}}, "net-income": {"Stanley Black & Decker Annual Net Income (Millions of US $)": {"2020": "$1,210", "2019": "$956", "2018": "$605", "2017": "$1,227", "2016": "$968", "2015": "$904", "2014": "$761", "2013": "$490", "2012": "$884", "2011": "$675", "2010": "$198", "2009": "$224", "2008": "$307", "2007": "$332", "2006": "$290", "2005": "$270"}, "Stanley Black & Decker Quarterly Net Income (Millions of US $)": {"2020-12-31": "$458", "2020-09-30": "$386", "2020-06-30": "$234", "2020-03-31": "$133", "2019-12-31": "$199", "2019-09-30": "$231", "2019-06-30": "$356", "2019-03-31": "$170", "2018-12-31": "$-107", "2018-09-30": "$248", "2018-06-30": "$294", "2018-03-31": "$171", "2017-12-31": "$282", "2017-09-30": "$275", "2017-06-30": "$278", "2017-03-31": "$394", "2016-12-31": "$258", "2016-09-30": "$249", "2016-06-30": "$272", "2016-03-31": "$189", "2015-12-31": "$286", "2015-09-30": "$229", "2015-06-30": "$227", "2015-03-31": "$162", "2014-12-31": "$146", "2014-09-30": "$237", "2014-06-30": "$217", "2014-03-31": "$162", "2013-12-31": "$56", "2013-09-30": "$166", "2013-06-30": "$187", "2013-03-31": "$81", "2012-12-31": "$492", "2012-09-30": "$115", "2012-06-30": "$155", "2012-03-31": "$122", "2011-12-31": "$164", "2011-09-30": "$155", "2011-06-30": "$197", "2011-03-31": "$159", "2010-12-31": "$137", "2010-09-30": "$123", "2010-06-30": "$46", "2010-03-31": "$-109", "2009-12-31": "$57", "2009-09-30": "$60", "2009-06-30": "$70", "2009-03-31": "$38", "2008-12-31": "$-1", "2008-09-30": "$163", "2008-06-30": "$78", "2008-03-31": "$67", "2007-12-31": "$88", "2007-09-30": "$91", "2007-06-30": "$85", "2007-03-31": "$68", "2006-12-31": "$87", "2006-09-30": "$91", "2006-06-30": "$75", "2006-03-31": "$38", "2005-12-31": "$60", "2005-09-30": "$77", "2005-06-30": "$66", "2005-03-31": "$67"}}, "eps-earnings-per-share-diluted": {"Stanley Black & Decker Annual EPS": {"2020": "$7.77", "2019": "$6.35", "2018": "$3.99", "2017": "$8.05", "2016": "$6.53", "2015": "$5.79", "2014": "$4.76", "2013": "$3.09", "2012": "$5.30", "2011": "$3.97", "2010": "$1.32", "2009": "$2.79", "2008": "$3.84", "2007": "$3.95", "2006": "$3.46", "2005": "$3.16"}, "Stanley Black & Decker Quarterly EPS": {"2020-12-31": "$2.88", "2020-09-30": "$2.44", "2020-06-30": "$1.52", "2020-03-31": "$0.88", "2019-12-31": "$1.32", "2019-09-30": "$1.53", "2019-06-30": "$2.37", "2019-03-31": "$1.13", "2018-12-31": "$-0.70", "2018-09-30": "$1.65", "2018-06-30": "$1.93", "2018-03-31": "$1.11", "2017-12-31": "$1.83", "2017-09-30": "$1.80", "2017-06-30": "$1.82", "2017-03-31": "$2.60", "2016-12-31": "$1.73", "2016-09-30": "$1.68", "2016-06-30": "$1.84", "2016-03-31": "$1.28", "2015-12-31": "$1.74", "2015-09-30": "$1.52", "2015-06-30": "$1.49", "2015-03-31": "$1.04", "2014-12-31": "$0.91", "2014-09-30": "$1.47", "2014-06-30": "$1.36", "2014-03-31": "$1.02", "2013-12-31": "$0.36", "2013-09-30": "$1.04", "2013-06-30": "$1.18", "2013-03-31": "$0.51", "2012-12-31": "$2.97", "2012-09-30": "$0.69", "2012-06-30": "$0.92", "2012-03-31": "$0.72", "2011-12-31": "$0.99", "2011-09-30": "$0.92", "2011-06-30": "$1.14", "2011-03-31": "$0.92", "2010-12-31": "$1.42", "2010-09-30": "$0.73", "2010-06-30": "$0.28", "2010-03-31": "$-1.11", "2009-12-31": "$0.70", "2009-09-30": "$0.75", "2009-06-30": "$0.87", "2009-03-31": "$0.47", "2008-12-31": "$-0.01", "2008-09-30": "$2.04", "2008-06-30": "$0.98", "2008-03-31": "$0.83", "2007-12-31": "$1.05", "2007-09-30": "$1.09", "2007-06-30": "$1.01", "2007-03-31": "$0.80", "2006-12-31": "$1.02", "2006-09-30": "$1.09", "2006-06-30": "$0.90", "2006-03-31": "$0.45", "2005-12-31": "$0.70", "2005-09-30": "$0.90", "2005-06-30": "$0.78", "2005-03-31": "$0.78"}}, "shares-outstanding": {"Stanley Black & Decker Annual Shares Outstanding (Millions of Shares)": {"2020": "156", "2019": "151", "2018": "152", "2017": "152", "2016": "148", "2015": "153", "2014": "160", "2013": "159", "2012": "167", "2011": "170", "2010": "150", "2009": "80", "2008": "80", "2007": "84", "2006": "84", "2005": "85"}, "Stanley Black & Decker Quarterly Shares Outstanding (Millions of Shares)": {"2020-12-31": "159", "2020-09-30": "158", "2020-06-30": "154", "2020-03-31": "152", "2019-12-31": "151", "2019-09-30": "151", "2019-06-30": "150", "2019-03-31": "150", "2018-12-31": "152", "2018-09-30": "151", "2018-06-30": "152", "2018-03-31": "154", "2017-12-31": "152", "2017-09-30": "153", "2017-06-30": "152", "2017-03-31": "152", "2016-12-31": "148", "2016-09-30": "148", "2016-06-30": "147", "2016-03-31": "148", "2015-12-31": "153", "2015-09-30": "151", "2015-06-30": "153", "2015-03-31": "157", "2014-12-31": "160", "2014-09-30": "161", "2014-06-30": "160", "2014-03-31": "159", "2013-12-31": "159", "2013-09-30": "159", "2013-06-30": "158", "2013-03-31": "159", "2012-12-31": "167", "2012-09-30": "166", "2012-06-30": "168", "2012-03-31": "169", "2011-12-31": "170", "2011-09-30": "169", "2011-06-30": "173", "2011-03-31": "172", "2010-12-31": "150", "2010-09-30": "169", "2010-06-30": "166", "2010-03-31": "98", "2009-12-31": "80", "2009-09-30": "81", "2009-06-30": "80", "2009-03-31": "79", "2008-12-31": "80", "2008-09-30": "80", "2008-06-30": "80", "2008-03-31": "80", "2007-12-31": "84", "2007-09-30": "84", "2007-06-30": "85", "2007-03-31": "85", "2006-12-31": "84", "2006-09-30": "83", "2006-06-30": "83", "2006-03-31": "85", "2005-12-31": "85", "2005-09-30": "85", "2005-06-30": "85", "2005-03-31": "85"}}, "total-assets": {"Stanley Black & Decker Annual Total Assets (Millions of US $)": {"2019": "$20,597", "2018": "$19,408", "2017": "$19,098", "2016": "$15,635", "2015": "$15,128", "2014": "$15,849", "2013": "$16,535", "2012": "$15,844", "2011": "$15,949", "2010": "$15,139", "2009": "$4,769", "2008": "$4,867", "2007": "$4,763", "2006": "$3,935", "2005": "$3,545"}, "Stanley Black & Decker Quarterly Total Assets (Millions of US $)": {"2020-09-30": "$23,041", "2020-06-30": "$22,984", "2020-03-31": "$22,905", "2019-12-31": "$20,597", "2019-09-30": "$21,323", "2019-06-30": "$21,524", "2019-03-31": "$21,460", "2018-12-31": "$19,408", "2018-09-30": "$20,448", "2018-06-30": "$20,180", "2018-03-31": "$19,683", "2017-12-31": "$19,098", "2017-09-30": "$19,773", "2017-06-30": "$19,312", "2017-03-31": "$18,662", "2016-12-31": "$15,635", "2016-09-30": "$15,721", "2016-06-30": "$15,741", "2016-03-31": "$15,607", "2015-12-31": "$15,128", "2015-09-30": "$15,871", "2015-06-30": "$15,999", "2015-03-31": "$15,944", "2014-12-31": "$15,849", "2014-09-30": "$16,734", "2014-06-30": "$16,959", "2014-03-31": "$16,833", "2013-12-31": "$16,535", "2013-09-30": "$17,024", "2013-06-30": "$16,703", "2013-03-31": "$16,898", "2012-12-31": "$15,844", "2012-09-30": "$17,114", "2012-06-30": "$16,350", "2012-03-31": "$16,350", "2011-12-31": "$15,949", "2011-09-30": "$16,483", "2011-06-30": "$16,034", "2011-03-31": "$15,756", "2010-12-31": "$15,139", "2010-09-30": "$14,873", "2010-06-30": "$13,996", "2010-03-31": "$14,635", "2009-12-31": "$4,769", "2009-09-30": "$4,803", "2009-06-30": "$4,750", "2009-03-31": "$4,724", "2008-12-31": "$4,867", "2008-09-30": "$5,121", "2008-06-30": "$5,067", "2008-03-31": "$4,955", "2007-12-31": "$4,763", "2007-09-30": "$4,865", "2007-06-30": "$4,657", "2007-03-31": "$4,640", "2006-12-31": "$3,935", "2006-09-30": "$4,038", "2006-06-30": "$3,845", "2006-03-31": "$3,798", "2005-12-31": "$3,545", "2005-09-30": "$3,053", "2005-06-30": "$3,004", "2005-03-31": "$2,953"}}, "cash-on-hand": {"Stanley Black & Decker Annual Cash on Hand (Millions of US $)": {"2019": "$298", "2018": "$289", "2017": "$638", "2016": "$1,132", "2015": "$465", "2014": "$497", "2013": "$496", "2012": "$716", "2011": "$907", "2010": "$1,743", "2009": "$401", "2008": "$212", "2007": "$240", "2006": "$177", "2005": "$658"}, "Stanley Black & Decker Quarterly Cash on Hand (Millions of US $)": {"2020-09-30": "$683", "2020-06-30": "$860", "2020-03-31": "$987", "2019-12-31": "$298", "2019-09-30": "$312", "2019-06-30": "$311", "2019-03-31": "$282", "2018-12-31": "$289", "2018-09-30": "$369", "2018-06-30": "$386", "2018-03-31": "$406", "2017-12-31": "$638", "2017-09-30": "$483", "2017-06-30": "$540", "2017-03-31": "$378", "2016-12-31": "$1,132", "2016-09-30": "$421", "2016-06-30": "$568", "2016-03-31": "$352", "2015-12-31": "$465", "2015-09-30": "$293", "2015-06-30": "$392", "2015-03-31": "$436", "2014-12-31": "$497", "2014-09-30": "$487", "2014-06-30": "$516", "2014-03-31": "$433", "2013-12-31": "$496", "2013-09-30": "$469", "2013-06-30": "$562", "2013-03-31": "$558", "2012-12-31": "$716", "2012-09-30": "$770", "2012-06-30": "$578", "2012-03-31": "$884", "2011-12-31": "$907", "2011-09-30": "$852", "2011-06-30": "$1,915", "2011-03-31": "$1,884", "2010-12-31": "$1,743", "2010-09-30": "$1,636", "2010-06-30": "$1,598", "2010-03-31": "$1,505", "2009-12-31": "$401", "2009-09-30": "$207", "2009-06-30": "$156", "2009-03-31": "$128", "2008-12-31": "$212", "2008-09-30": "$299", "2008-06-30": "$384", "2008-03-31": "$325", "2007-12-31": "$240", "2007-09-30": "$281", "2007-06-30": "$226", "2007-03-31": "$211", "2006-12-31": "$177", "2006-09-30": "$241", "2006-06-30": "$207", "2006-03-31": "$205", "2005-12-31": "$658", "2005-09-30": "$338", "2005-06-30": "$326", "2005-03-31": "$311"}}, "long-term-debt": {"Stanley Black & Decker Annual Long Term Debt (Millions of US $)": {"2019": "$3,176", "2018": "$3,820", "2017": "$2,828", "2016": "$3,815", "2015": "$3,792", "2014": "$3,840", "2013": "$3,799", "2012": "$3,527", "2011": "$2,926", "2010": "$3,018", "2009": "$1,085", "2008": "$1,384", "2007": "$1,212", "2006": "$679", "2005": "$895"}, "Stanley Black & Decker Quarterly Long Term Debt (Millions of US $)": {"2020-09-30": "$4,659", "2020-06-30": "$4,659", "2020-03-31": "$4,663", "2019-12-31": "$3,176", "2019-09-30": "$3,909", "2019-06-30": "$3,909", "2019-03-31": "$3,909", "2018-12-31": "$3,820", "2018-09-30": "$2,831", "2018-06-30": "$2,831", "2018-03-31": "$2,828", "2017-12-31": "$2,828", "2017-09-30": "$3,818", "2017-06-30": "$3,817", "2017-03-31": "$3,816", "2016-12-31": "$3,815", "2016-09-30": "$3,815", "2016-06-30": "$3,814", "2016-03-31": "$3,817", "2015-12-31": "$3,792", "2015-09-30": "$3,847", "2015-06-30": "$3,823", "2015-03-31": "$3,856", "2014-12-31": "$3,840", "2014-09-30": "$3,857", "2014-06-30": "$3,849", "2014-03-31": "$3,831", "2013-12-31": "$3,799", "2013-09-30": "$3,397", "2013-06-30": "$3,429", "2013-03-31": "$3,494", "2012-12-31": "$3,527", "2012-09-30": "$2,729", "2012-06-30": "$2,925", "2012-03-31": "$2,906", "2011-12-31": "$2,926", "2011-09-30": "$2,739", "2011-06-30": "$2,729", "2011-03-31": "$3,009", "2010-12-31": "$3,018", "2010-09-30": "$2,719", "2010-06-30": "$2,319", "2010-03-31": "$2,743", "2009-12-31": "$1,085", "2009-09-30": "$1,087", "2009-06-30": "$1,277", "2009-03-31": "$1,385", "2008-12-31": "$1,384", "2008-09-30": "$1,194", "2008-06-30": "$1,198", "2008-03-31": "$1,204", "2007-12-31": "$1,212", "2007-09-30": "$1,212", "2007-06-30": "$1,211", "2007-03-31": "$1,209", "2006-12-31": "$679", "2006-09-30": "$823", "2006-06-30": "$821", "2006-03-31": "$821", "2005-12-31": "$895", "2005-09-30": "$467", "2005-06-30": "$468", "2005-03-31": "$475"}}, "total-liabilities": {"Stanley Black & Decker Annual Total Liabilities (Millions of US $)": {"2019": "$11,454", "2018": "$11,568", "2017": "$10,793", "2016": "$9,261", "2015": "$9,269", "2014": "$9,337", "2013": "$9,655", "2012": "$9,117", "2011": "$8,882", "2010": "$8,070", "2009": "$2,758", "2008": "$3,142", "2007": "$3,035", "2006": "$2,383", "2005": "$2,100"}, "Stanley Black & Decker Quarterly Total Liabilities (Millions of US $)": {"2020-09-30": "$12,662", "2020-06-30": "$13,019", "2020-03-31": "$13,946", "2019-12-31": "$11,454", "2019-09-30": "$13,054", "2019-06-30": "$13,290", "2019-03-31": "$13,524", "2018-12-31": "$11,568", "2018-09-30": "$12,363", "2018-06-30": "$11,992", "2018-03-31": "$11,241", "2017-12-31": "$10,793", "2017-09-30": "$11,754", "2017-06-30": "$11,606", "2017-03-31": "$11,844", "2016-12-31": "$9,261", "2016-09-30": "$9,640", "2016-06-30": "$9,891", "2016-03-31": "$9,892", "2015-12-31": "$9,269", "2015-09-30": "$10,150", "2015-06-30": "$10,132", "2015-03-31": "$10,247", "2014-12-31": "$9,337", "2014-09-30": "$9,690", "2014-06-30": "$9,822", "2014-03-31": "$9,854", "2013-12-31": "$9,655", "2013-09-30": "$10,005", "2013-06-30": "$9,978", "2013-03-31": "$10,238", "2012-12-31": "$9,117", "2012-09-30": "$9,850", "2012-06-30": "$9,458", "2012-03-31": "$9,089", "2011-12-31": "$8,882", "2011-09-30": "$9,381", "2011-06-30": "$8,450", "2011-03-31": "$8,370", "2010-12-31": "$8,070", "2010-09-30": "$7,935", "2010-06-30": "$7,361", "2010-03-31": "$8,096", "2009-12-31": "$2,758", "2009-09-30": "$2,868", "2009-06-30": "$2,930", "2009-03-31": "$3,018", "2008-12-31": "$3,142", "2008-09-30": "$3,250", "2008-06-30": "$3,275", "2008-03-31": "$3,238", "2007-12-31": "$3,035", "2007-09-30": "$3,170", "2007-06-30": "$3,076", "2007-03-31": "$3,074", "2006-12-31": "$2,383", "2006-09-30": "$2,537", "2006-06-30": "$2,438", "2006-03-31": "$2,471", "2005-12-31": "$2,100", "2005-09-30": "$1,675", "2005-06-30": "$1,711", "2005-03-31": "$1,685"}}, "total-share-holder-equity": {"Stanley Black & Decker Annual Share Holder Equity (Millions of US $)": {"2019": "$9,142", "2018": "$7,840", "2017": "$8,305", "2016": "$6,374", "2015": "$5,859", "2014": "$6,512", "2013": "$6,881", "2012": "$6,727", "2011": "$7,067", "2010": "$7,070", "2009": "$2,012", "2008": "$1,725", "2007": "$1,729", "2006": "$1,552", "2005": "$1,445"}, "Stanley Black & Decker Quarterly Share Holder Equity (Millions of US $)": {"2020-09-30": "$10,379", "2020-06-30": "$9,966", "2020-03-31": "$8,959", "2019-12-31": "$9,142", "2019-09-30": "$8,268", "2019-06-30": "$8,233", "2019-03-31": "$7,937", "2018-12-31": "$7,840", "2018-09-30": "$8,085", "2018-06-30": "$8,188", "2018-03-31": "$8,442", "2017-12-31": "$8,305", "2017-09-30": "$8,019", "2017-06-30": "$7,706", "2017-03-31": "$6,818", "2016-12-31": "$6,374", "2016-09-30": "$6,081", "2016-06-30": "$5,850", "2016-03-31": "$5,715", "2015-12-31": "$5,859", "2015-09-30": "$5,721", "2015-06-30": "$5,867", "2015-03-31": "$5,697", "2014-12-31": "$6,512", "2014-09-30": "$7,044", "2014-06-30": "$7,137", "2014-03-31": "$6,979", "2013-12-31": "$6,881", "2013-09-30": "$7,018", "2013-06-30": "$6,725", "2013-03-31": "$6,659", "2012-12-31": "$6,727", "2012-09-30": "$7,264", "2012-06-30": "$6,892", "2012-03-31": "$7,262", "2011-12-31": "$7,067", "2011-09-30": "$7,102", "2011-06-30": "$7,584", "2011-03-31": "$7,386", "2010-12-31": "$7,070", "2010-09-30": "$6,938", "2010-06-30": "$6,635", "2010-03-31": "$6,538", "2009-12-31": "$2,012", "2009-09-30": "$1,935", "2009-06-30": "$1,820", "2009-03-31": "$1,706", "2008-12-31": "$1,725", "2008-09-30": "$1,872", "2008-06-30": "$1,791", "2008-03-31": "$1,717", "2007-12-31": "$1,729", "2007-09-30": "$1,695", "2007-06-30": "$1,581", "2007-03-31": "$1,566", "2006-12-31": "$1,552", "2006-09-30": "$1,501", "2006-06-30": "$1,407", "2006-03-31": "$1,327", "2005-12-31": "$1,445", "2005-09-30": "$1,378", "2005-06-30": "$1,293", "2005-03-31": "$1,268"}}, "profit-margins": {"current": "8.49%"}, "gross margin": {"2020-12-31": "34.18%", "2020-09-30": "33.04%", "2020-06-30": "32.57%", "2020-03-31": "33.18%", "2019-12-31": "33.28%", "2019-09-30": "33.46%", "2019-06-30": "33.77%", "2019-03-31": "33.96%", "2018-12-31": "34.69%", "2018-09-30": "35.74%", "2018-06-30": "36.21%", "2018-03-31": "36.62%", "2017-12-31": "36.85%", "2017-09-30": "36.55%", "2017-06-30": "36.60%", "2017-03-31": "36.99%", "2016-12-31": "36.82%", "2016-09-30": "37.11%", "2016-06-30": "36.78%", "2016-03-31": "36.35%", "2015-12-31": "36.45%", "2015-09-30": "36.33%", "2015-06-30": "36.35%", "2015-03-31": "36.31%", "2014-12-31": "36.19%", "2014-09-30": "36.35%", "2014-06-30": "36.21%", "2014-03-31": "35.83%", "2013-12-31": "35.86%", "2013-09-30": "35.89%", "2013-06-30": "35.99%", "2013-03-31": "36.28%", "2012-12-31": "36.49%", "2012-09-30": "36.51%", "2012-06-30": "36.70%", "2012-03-31": "36.91%", "2011-12-31": "36.79%", "2011-09-30": "37.63%", "2011-06-30": "37.41%", "2011-03-31": "36.19%", "2010-12-31": "35.88%", "2010-09-30": "35.55%", "2010-06-30": "36.30%", "2010-03-31": "39.36%", "2009-12-31": "40.51%", "2009-09-30": "39.10%", "2009-06-30": "38.45%", "2009-03-31": "38.11%", "2008-12-31": "37.77%", "2008-09-30": "38.15%", "2008-06-30": "38.05%", "2008-03-31": "38.08%", "2007-12-31": "37.90%", "2007-09-30": "37.63%", "2007-06-30": "37.40%", "2007-03-31": "37.01%", "2006-12-31": "36.28%", "2006-09-30": "35.84%", "2006-06-30": "35.56%", "2006-03-31": "35.45%", "2005-12-31": "35.95%"}, "operating margin": {"2020-12-31": "10.13%", "2020-09-30": "8.59%", "2020-06-30": "7.51%", "2020-03-31": "9.28%", "2019-12-31": "9.54%", "2019-09-30": "9.03%", "2019-06-30": "9.15%", "2019-03-31": "8.40%", "2018-12-31": "8.80%", "2018-09-30": "10.09%", "2018-06-30": "10.50%", "2018-03-31": "11.21%", "2017-12-31": "13.19%", "2017-09-30": "13.09%", "2017-06-30": "13.37%", "2017-03-31": "13.76%", "2016-12-31": "12.08%", "2016-09-30": "12.52%", "2016-06-30": "12.39%", "2016-03-31": "12.04%", "2015-12-31": "11.78%", "2015-09-30": "11.30%", "2015-06-30": "11.20%", "2015-03-31": "11.03%", "2014-12-31": "11.02%", "2014-09-30": "9.46%", "2014-06-30": "8.46%", "2014-03-31": "8.01%", "2013-12-31": "6.93%", "2013-09-30": "7.61%", "2013-06-30": "7.40%", "2013-03-31": "6.71%", "2012-12-31": "7.11%", "2012-09-30": "6.82%", "2012-06-30": "7.18%", "2012-03-31": "7.73%", "2011-12-31": "8.24%", "2011-09-30": "8.98%", "2011-06-30": "8.91%", "2011-03-31": "6.62%", "2010-12-31": "3.60%", "2010-09-30": "2.97%", "2010-06-30": "1.92%", "2010-03-31": "3.50%", "2009-12-31": "8.12%", "2009-09-30": "6.43%", "2009-06-30": "6.86%", "2009-03-31": "7.68%", "2008-12-31": "8.29%", "2008-09-30": "10.91%", "2008-06-30": "11.32%", "2008-03-31": "11.72%", "2007-12-31": "11.83%", "2007-09-30": "11.58%", "2007-06-30": "11.58%", "2007-03-31": "11.48%", "2006-12-31": "10.60%", "2006-09-30": "10.58%", "2006-06-30": "10.54%", "2006-03-31": "10.58%", "2005-12-31": "11.93%"}, "ebitda margin": {"2020-09-30": "12.78%", "2020-06-30": "11.73%", "2020-03-31": "13.30%", "2019-12-31": "13.47%", "2019-09-30": "12.89%", "2019-06-30": "12.97%", "2019-03-31": "12.16%", "2018-12-31": "12.50%", "2018-09-30": "14.05%", "2018-06-30": "14.44%", "2018-03-31": "15.16%", "2017-12-31": "17.08%", "2017-09-30": "16.58%", "2017-06-30": "16.86%", "2017-03-31": "17.25%", "2016-12-31": "15.60%", "2016-09-30": "16.15%", "2016-06-30": "16.04%", "2016-03-31": "15.71%", "2015-12-31": "15.49%", "2015-09-30": "15.02%", "2015-06-30": "14.98%", "2015-03-31": "14.92%", "2014-12-31": "14.98%", "2014-09-30": "13.55%", "2014-06-30": "12.56%", "2014-03-31": "12.06%", "2013-12-31": "10.99%", "2013-09-30": "11.74%", "2013-06-30": "11.59%", "2013-03-31": "11.03%", "2012-12-31": "11.55%", "2012-09-30": "11.57%", "2012-06-30": "11.82%", "2012-03-31": "12.20%", "2011-12-31": "12.62%", "2011-09-30": "13.47%", "2011-06-30": "13.37%", "2011-03-31": "11.19%", "2010-12-31": "8.26%", "2010-09-30": "7.18%", "2010-06-30": "6.61%", "2010-03-31": "8.78%", "2009-12-31": "13.58%", "2009-09-30": "11.70%", "2009-06-30": "11.77%", "2009-03-31": "12.13%", "2008-12-31": "12.42%", "2008-09-30": "14.78%", "2008-06-30": "15.09%", "2008-03-31": "15.54%", "2007-12-31": "15.59%", "2007-09-30": "15.21%", "2007-06-30": "14.99%", "2007-03-31": "14.71%", "2006-12-31": "13.70%", "2006-09-30": "13.62%", "2006-06-30": "13.58%", "2006-03-31": "13.59%", "2005-12-31": "14.92%"}, "pre tax profit margin": {"2020-12-31": "8.72%", "2020-09-30": "6.97%", "2020-06-30": "5.79%", "2020-03-31": "7.60%", "2019-12-31": "7.83%", "2019-09-30": "7.41%", "2019-06-30": "7.56%", "2019-03-31": "6.84%", "2018-12-31": "7.31%", "2018-09-30": "8.64%", "2018-06-30": "9.08%", "2018-03-31": "9.81%", "2017-12-31": "11.78%", "2017-09-30": "11.67%", "2017-06-30": "11.91%", "2017-03-31": "12.30%", "2016-12-31": "10.61%", "2016-09-30": "11.03%", "2016-06-30": "10.91%", "2016-03-31": "10.55%", "2015-12-31": "10.29%", "2015-09-30": "9.82%", "2015-06-30": "9.73%", "2015-03-31": "9.59%", "2014-12-31": "9.57%", "2014-09-30": "7.85%", "2014-06-30": "6.87%", "2014-03-31": "6.46%", "2013-12-31": "5.41%", "2013-09-30": "6.25%", "2013-06-30": "5.59%", "2013-03-31": "4.88%", "2012-12-31": "5.32%", "2012-09-30": "4.93%", "2012-06-30": "5.88%", "2012-03-31": "6.49%", "2011-12-31": "7.02%", "2011-09-30": "7.71%", "2011-06-30": "7.60%", "2011-03-31": "5.29%", "2010-12-31": "2.24%", "2010-09-30": "1.75%", "2010-06-30": "0.60%", "2010-03-31": "3.05%", "2009-12-31": "7.68%", "2009-09-30": "6.07%", "2009-06-30": "6.37%", "2009-03-31": "6.07%", "2008-12-31": "6.62%", "2008-09-30": "8.92%", "2008-06-30": "9.35%", "2008-03-31": "9.73%", "2007-12-31": "9.86%", "2007-09-30": "9.78%", "2007-06-30": "9.81%", "2007-03-31": "9.75%", "2006-12-31": "8.93%", "2006-09-30": "9.01%", "2006-06-30": "9.15%", "2006-03-31": "9.37%", "2005-12-31": "10.93%"}, "net profit margin": {"2020-12-31": "8.33%", "2020-09-30": "6.88%", "2020-06-30": "5.85%", "2020-03-31": "6.46%", "2019-12-31": "6.62%", "2019-09-30": "4.53%", "2019-06-30": "4.69%", "2019-03-31": "4.29%", "2018-12-31": "4.33%", "2018-09-30": "7.20%", "2018-06-30": "7.47%", "2018-03-31": "7.55%", "2017-12-31": "9.48%", "2017-09-30": "9.56%", "2017-06-30": "9.72%", "2017-03-31": "9.96%", "2016-12-31": "8.35%", "2016-09-30": "8.79%", "2016-06-30": "8.65%", "2016-03-31": "8.30%", "2015-12-31": "8.09%", "2015-09-30": "6.76%", "2015-06-30": "6.80%", "2015-03-31": "6.71%", "2014-12-31": "6.72%", "2014-09-30": "6.03%", "2014-06-30": "5.45%", "2014-03-31": "5.18%", "2013-12-31": "4.50%", "2013-09-30": "8.73%", "2013-06-30": "8.44%", "2013-03-31": "8.37%", "2012-12-31": "8.82%", "2012-09-30": "5.98%", "2012-06-30": "6.34%", "2012-03-31": "6.76%", "2011-12-31": "7.20%", "2011-09-30": "7.13%", "2011-06-30": "6.97%", "2011-03-31": "5.41%", "2010-12-31": "2.63%", "2010-09-30": "1.69%", "2010-06-30": "0.99%", "2010-03-31": "1.93%", "2009-12-31": "6.11%", "2009-09-30": "4.33%", "2009-06-30": "6.69%", "2009-03-31": "6.51%", "2008-12-31": "6.93%", "2008-09-30": "8.92%", "2008-06-30": "7.32%", "2008-03-31": "7.57%", "2007-12-31": "7.61%", "2007-09-30": "7.95%", "2007-06-30": "8.13%", "2007-03-31": "8.04%", "2006-12-31": "7.47%", "2006-09-30": "6.88%", "2006-06-30": "6.83%", "2006-03-31": "6.97%", "2005-12-31": "8.22%"}, "pe ratio": {"current": "19.67", "2021-02-05": "36.50", "2020-12-31": "36.89", "2020-09-30": "26.23", "2020-06-30": "26.33", "2020-03-31": "16.17", "2019-12-31": "25.62", "2019-09-30": "30.82", "2019-06-30": "29.92", "2019-03-31": "30.92", "2018-12-31": "27.19", "2018-09-30": "21.59", "2018-06-30": "19.05", "2018-03-31": "22.24", "2017-12-31": "20.03", "2017-09-30": "18.04", "2017-06-30": "17.00", "2017-03-31": "15.95", "2016-12-31": "16.46", "2016-09-30": "17.40", "2016-06-30": "16.06", "2016-03-31": "15.99", "2015-12-31": "16.79", "2015-09-30": "17.81", "2015-06-30": "19.42", "2015-03-31": "17.98", "2014-12-31": "18.10", "2014-09-30": "18.85", "2014-06-30": "20.66", "2014-03-31": "19.95", "2013-12-31": "22.96", "2013-09-30": "13.79", "2013-06-30": "12.46", "2013-03-31": "13.63", "2012-12-31": "11.89", "2012-09-30": "19.50", "2012-06-30": "15.28", "2012-03-31": "17.10", "2011-12-31": "14.18", "2011-09-30": "10.72", "2011-06-30": "16.46", "2011-03-31": "22.86", "2010-12-31": "74.50", "2010-09-30": "82.61", "2010-06-30": "65.14", "2010-03-31": "37.71", "2009-12-31": "14.70", "2009-09-30": "15.96", "2009-06-30": "7.73", "2009-03-31": "6.35", "2008-12-31": "6.63", "2008-09-30": "6.27", "2008-06-30": "8.30", "2008-03-31": "8.73", "2007-12-31": "8.94", "2007-09-30": "10.50", "2007-06-30": "11.29", "2007-03-31": "10.55", "2006-12-31": "10.49"}, "price sales": {"2021-02-05": "1.90", "2020-12-31": "1.92", "2020-09-30": "1.79", "2020-06-30": "1.54", "2020-03-31": "1.04", "2019-12-31": "1.69", "2019-09-30": "1.48", "2019-06-30": "1.49", "2019-03-31": "1.41", "2018-12-31": "1.25", "2018-09-30": "1.55", "2018-06-30": "1.42", "2018-03-31": "1.68", "2017-12-31": "1.89", "2017-09-30": "1.71", "2017-06-30": "1.64", "2017-03-31": "1.57", "2016-12-31": "1.37", "2016-09-30": "1.50", "2016-06-30": "1.36", "2016-03-31": "1.30", "2015-12-31": "1.34", "2015-09-30": "1.21", "2015-06-30": "1.32", "2015-03-31": "1.21", "2014-12-31": "1.21", "2014-09-30": "1.13", "2014-06-30": "1.12", "2014-03-31": "1.03", "2013-12-31": "1.03", "2013-09-30": "1.19", "2013-06-30": "1.05", "2013-03-31": "1.14", "2012-12-31": "1.06", "2012-09-30": "1.17", "2012-06-30": "0.97", "2012-03-31": "1.16", "2011-12-31": "1.03", "2011-09-30": "0.75", "2011-06-30": "1.12", "2011-03-31": "1.20", "2010-12-31": "1.06", "2010-09-30": "0.94", "2010-06-30": "0.81", "2010-03-31": "0.96", "2009-12-31": "0.88", "2009-09-30": "0.70", "2009-06-30": "0.52", "2009-03-31": "0.42", "2008-12-31": "0.47", "2008-09-30": "0.57", "2008-06-30": "0.62", "2008-03-31": "0.68", "2007-12-31": "0.69", "2007-09-30": "0.84", "2007-06-30": "0.92", "2007-03-31": "0.84", "2006-12-31": "0.78"}, "price book": {"current": "2.56", "2021-02-05": "2.73", "2020-09-30": "2.49", "2020-06-30": "2.22", "2020-03-31": "1.70", "2019-12-31": "2.73", "2019-09-30": "2.60", "2019-06-30": "2.59", "2019-03-31": "2.52", "2018-12-31": "2.22", "2018-09-30": "2.63", "2018-06-30": "2.38", "2018-03-31": "2.67", "2017-12-31": "2.99", "2017-09-30": "2.73", "2017-06-30": "2.64", "2017-03-31": "2.80", "2016-12-31": "2.56", "2016-09-30": "2.83", "2016-06-30": "2.65", "2016-03-31": "2.54", "2015-12-31": "2.57", "2015-09-30": "2.31", "2015-06-30": "2.49", "2015-03-31": "2.32", "2014-12-31": "2.08", "2014-09-30": "1.76", "2014-06-30": "1.71", "2014-03-31": "1.60", "2013-12-31": "1.60", "2013-09-30": "1.74", "2013-06-30": "1.59", "2013-03-31": "1.69", "2012-12-31": "1.50", "2012-09-30": "1.50", "2012-06-30": "1.32", "2012-03-31": "1.52", "2011-12-31": "1.35", "2011-09-30": "0.97", "2011-06-30": "1.32", "2011-03-31": "1.43", "2010-12-31": "1.28", "2010-09-30": "1.19", "2010-06-30": "1.01", "2010-03-31": "1.12", "2009-12-31": "1.63", "2009-09-30": "1.39", "2009-06-30": "1.15", "2009-03-31": "1.04", "2008-12-31": "1.19", "2008-09-30": "1.33", "2008-06-30": "1.47", "2008-03-31": "1.62", "2007-12-31": "1.67", "2007-09-30": "2.00", "2007-06-30": "2.30", "2007-03-31": "2.14", "2006-12-31": "1.92", "2006-09-30": "1.94", "2006-06-30": "1.94", "2006-03-31": "2.20"}, "price fcf": {"2021-02-05": "", "2020-09-30": "$10.46", "2020-06-30": "$7.17", "2020-03-31": "$8.11", "2019-12-31": "$7.84", "2019-09-30": "$7.14", "2019-06-30": "$7.01", "2019-03-31": "$4.85", "2018-12-31": "$5.37", "2018-09-30": "$1.85", "2018-06-30": "$1.54", "2018-03-31": "$1.22", "2017-12-31": "$1.81", "2017-09-30": "$0.83", "2017-06-30": "$1.77", "2017-03-31": "$4.41", "2016-12-31": "$5.73", "2016-09-30": "$7.58", "2016-06-30": "$7.59", "2016-03-31": "$6.39", "2015-12-31": "$5.89", "2015-09-30": "$5.45", "2015-06-30": "$5.46", "2015-03-31": "$6.16", "2014-12-31": "$6.39", "2014-09-30": "$6.24", "2014-06-30": "$5.15", "2014-03-31": "$3.44", "2013-12-31": "$3.35", "2013-09-30": "$1.98", "2013-06-30": "$2.25", "2013-03-31": "$2.75", "2012-12-31": "$3.62", "2012-09-30": "$3.52", "2012-06-30": "$3.80", "2012-03-31": "$3.29", "2011-12-31": "$4.27", "2011-09-30": "$3.78", "2011-06-30": "$4.06", "2011-03-31": "$4.75", "2010-12-31": "$3.76", "2010-09-30": "$4.96", "2010-06-30": "$6.02", "2010-03-31": "$5.21", "2009-12-31": "$5.55", "2009-09-30": "$4.01", "2009-06-30": "$3.35", "2009-03-31": "$3.50", "2008-12-31": "$4.76", "2008-09-30": "$5.44", "2008-06-30": "$5.57", "2008-03-31": "$5.88", "2007-12-31": "$5.65", "2007-09-30": "$4.75", "2007-06-30": "$4.48", "2007-03-31": "$4.62", "2006-12-31": "$4.67"}, "net worth": {"value": "$28.3B"}, "current ratio": {"2020-12-31": "1.32", "2020-09-30": "1.37", "2020-06-30": "1.26", "2020-03-31": "1.06", "2019-12-31": "1.01", "2019-09-30": "0.98", "2019-06-30": "0.95", "2019-03-31": "0.91", "2018-12-31": "1.14", "2018-09-30": "0.92", "2018-06-30": "0.94", "2018-03-31": "1.06", "2017-12-31": "1.04", "2017-09-30": "1.26", "2017-06-30": "1.25", "2017-03-31": "1.04", "2016-12-31": "1.71", "2016-09-30": "1.23", "2016-06-30": "1.16", "2016-03-31": "1.09", "2015-12-31": "1.31", "2015-09-30": "1.25", "2015-06-30": "1.28", "2015-03-31": "1.26", "2014-12-31": "1.39", "2014-09-30": "1.31", "2014-06-30": "1.30", "2014-03-31": "1.24", "2013-12-31": "1.24", "2013-09-30": "1.12", "2013-06-30": "1.08", "2013-03-31": "1.07", "2012-12-31": "1.34", "2012-09-30": "1.02", "2012-06-30": "1.14", "2012-03-31": "1.34", "2011-12-31": "1.53", "2011-09-30": "1.24", "2011-06-30": "1.57", "2011-03-31": "1.73", "2010-12-31": "1.77", "2010-09-30": "1.62", "2010-06-30": "1.59", "2010-03-31": "1.58", "2009-12-31": "1.18", "2009-09-30": "1.13", "2009-06-30": "1.23", "2009-03-31": "1.27", "2008-12-31": "1.26", "2008-09-30": "1.23", "2008-06-30": "1.38", "2008-03-31": "1.33", "2007-12-31": "1.43", "2007-09-30": "1.38", "2007-06-30": "1.34", "2007-03-31": "1.34", "2006-12-31": "1.31", "2006-09-30": "1.36", "2006-06-30": "1.35", "2006-03-31": "1.28", "2005-12-31": "2.09", "2005-09-30": "1.69", "2005-06-30": "1.57", "2005-03-31": "1.62"}, "quick ratio": {"2020-12-31": "0.72", "2020-09-30": "0.69", "2020-06-30": "0.66", "2020-03-31": "0.59", "2019-12-31": "0.50", "2019-09-30": "0.48", "2019-06-30": "0.44", "2019-03-31": "0.43", "2018-12-31": "0.55", "2018-09-30": "0.48", "2018-06-30": "0.51", "2018-03-31": "0.57", "2017-12-31": "0.58", "2017-09-30": "0.70", "2017-06-30": "0.71", "2017-03-31": "0.57", "2016-12-31": "1.18", "2016-09-30": "0.73", "2016-06-30": "0.70", "2016-03-31": "0.63", "2015-12-31": "0.76", "2015-09-30": "0.70", "2015-06-30": "0.74", "2015-03-31": "0.75", "2014-12-31": "0.84", "2014-09-30": "0.80", "2014-06-30": "0.79", "2014-03-31": "0.76", "2013-12-31": "0.79", "2013-09-30": "0.71", "2013-06-30": "0.71", "2013-03-31": "0.70", "2012-12-31": "0.91", "2012-09-30": "0.65", "2012-06-30": "0.72", "2012-03-31": "0.88", "2011-12-31": "1.15", "2011-09-30": "0.82", "2011-06-30": "1.14", "2011-03-31": "1.26", "2010-12-31": "1.31", "2010-09-30": "1.17", "2010-06-30": "1.16", "2010-03-31": "1.14", "2009-12-31": "0.88", "2009-09-30": "0.78", "2009-06-30": "0.81", "2009-03-31": "0.81", "2008-12-31": "0.82", "2008-09-30": "0.85", "2008-06-30": "1.00", "2008-03-31": "0.92", "2007-12-31": "0.99", "2007-09-30": "0.93", "2007-06-30": "0.88", "2007-03-31": "0.87", "2006-12-31": "0.83", "2006-09-30": "0.88", "2006-06-30": "0.87", "2006-03-31": "0.85", "2005-12-31": "1.56", "2005-09-30": "1.19", "2005-06-30": "1.10", "2005-03-31": "1.13"}, "debt equity ratio": {"current": "0.38", "2020-12-31": "1.13", "2020-09-30": "1.22", "2020-06-30": "1.31", "2020-03-31": "1.56", "2019-12-31": "1.25", "2019-09-30": "1.58", "2019-06-30": "1.61", "2019-03-31": "1.70", "2018-12-31": "1.48", "2018-09-30": "1.53", "2018-06-30": "1.47", "2018-03-31": "1.33", "2017-12-31": "1.30", "2017-09-30": "1.47", "2017-06-30": "1.51", "2017-03-31": "1.74", "2016-12-31": "1.45", "2016-09-30": "1.59", "2016-06-30": "1.69", "2016-03-31": "1.73", "2015-12-31": "1.58", "2015-09-30": "1.77", "2015-06-30": "1.73", "2015-03-31": "1.80", "2014-12-31": "1.43", "2014-09-30": "1.38", "2014-06-30": "1.38", "2014-03-31": "1.41", "2013-12-31": "1.40", "2013-09-30": "1.43", "2013-06-30": "1.48", "2013-03-31": "1.54", "2012-12-31": "1.36", "2012-09-30": "1.36", "2012-06-30": "1.37", "2012-03-31": "1.25", "2011-12-31": "1.26", "2011-09-30": "1.32", "2011-06-30": "1.11", "2011-03-31": "1.13", "2010-12-31": "1.14", "2010-09-30": "1.14", "2010-06-30": "1.11", "2010-03-31": "1.24", "2009-12-31": "1.37", "2009-09-30": "1.48", "2009-06-30": "1.61", "2009-03-31": "1.77", "2008-12-31": "1.82", "2008-09-30": "1.74", "2008-06-30": "1.83", "2008-03-31": "1.89", "2007-12-31": "1.76", "2007-09-30": "1.87", "2007-06-30": "1.95", "2007-03-31": "1.96", "2006-12-31": "1.54", "2006-09-30": "1.69", "2006-06-30": "1.73", "2006-03-31": "1.86", "2005-12-31": "1.45", "2005-09-30": "1.22", "2005-06-30": "1.32", "2005-03-31": "1.33"}, "return on equity": {"2020-12-31": "12.00%", "2020-09-30": "9.90%", "2020-06-30": "8.77%", "2020-03-31": "10.62%", "2019-12-31": "11.39%", "2019-09-30": "8.06%", "2019-06-30": "8.31%", "2019-03-31": "7.55%", "2018-12-31": "7.45%", "2018-09-30": "12.05%", "2018-06-30": "12.41%", "2018-03-31": "12.39%", "2017-12-31": "15.94%", "2017-09-30": "16.67%", "2017-06-30": "17.48%", "2017-03-31": "18.68%", "2016-12-31": "16.12%", "2016-09-30": "16.95%", "2016-06-30": "16.87%", "2016-03-31": "16.08%", "2015-12-31": "15.62%", "2015-09-30": "12.84%", "2015-06-30": "12.29%", "2015-03-31": "11.55%", "2014-12-31": "11.01%", "2014-09-30": "9.59%", "2014-06-30": "8.58%", "2014-03-31": "8.27%", "2013-12-31": "7.18%", "2013-09-30": "13.65%", "2013-06-30": "12.79%", "2013-03-31": "12.24%", "2012-12-31": "12.56%", "2012-09-30": "7.81%", "2012-06-30": "8.42%", "2012-03-31": "8.80%", "2011-12-31": "9.27%", "2011-09-30": "8.89%", "2011-06-30": "8.50%", "2011-03-31": "6.64%", "2010-12-31": "2.90%", "2010-09-30": "2.12%", "2010-06-30": "1.26%", "2010-03-31": "2.54%", "2009-12-31": "12.04%", "2009-09-30": "9.30%", "2009-06-30": "15.16%", "2009-03-31": "15.68%", "2008-12-31": "17.28%", "2008-09-30": "22.28%", "2008-06-30": "18.70%", "2008-03-31": "19.70%", "2007-12-31": "20.21%", "2007-09-30": "20.71%", "2007-06-30": "21.35%", "2007-03-31": "21.31%", "2006-12-31": "20.11%", "2006-09-30": "18.59%", "2006-06-30": "18.00%", "2006-03-31": "17.71%", "2005-12-31": "20.06%"}, "return on assets": {"2020-12-31": "5.24%", "2020-09-30": "4.25%", "2020-06-30": "3.63%", "2020-03-31": "4.26%", "2019-12-31": "4.50%", "2019-09-30": "3.11%", "2019-06-30": "3.22%", "2019-03-31": "2.97%", "2018-12-31": "3.04%", "2018-09-30": "5.01%", "2018-06-30": "5.19%", "2018-03-31": "5.17%", "2017-12-31": "6.40%", "2017-09-30": "6.57%", "2017-06-30": "6.80%", "2017-03-31": "7.14%", "2016-12-31": "6.18%", "2016-09-30": "6.41%", "2016-06-30": "6.26%", "2016-03-31": "5.95%", "2015-12-31": "5.74%", "2015-09-30": "4.80%", "2015-06-30": "4.79%", "2015-03-31": "4.65%", "2014-12-31": "4.59%", "2014-09-30": "4.01%", "2014-06-30": "3.57%", "2014-03-31": "3.40%", "2013-12-31": "2.92%", "2013-09-30": "5.57%", "2013-06-30": "5.26%", "2013-03-31": "5.09%", "2012-12-31": "5.39%", "2012-09-30": "3.38%", "2012-06-30": "3.66%", "2012-03-31": "3.94%", "2011-12-31": "4.20%", "2011-09-30": "4.09%", "2011-06-30": "3.99%", "2011-03-31": "3.11%", "2010-12-31": "1.34%", "2010-09-30": "0.97%", "2010-06-30": "0.57%", "2010-03-31": "1.08%", "2009-12-31": "4.73%", "2009-09-30": "3.49%", "2009-06-30": "5.55%", "2009-03-31": "5.62%", "2008-12-31": "6.14%", "2008-09-30": "7.96%", "2008-06-30": "6.60%", "2008-03-31": "6.88%", "2007-12-31": "7.02%", "2007-09-30": "7.32%", "2007-06-30": "7.67%", "2007-03-31": "7.80%", "2006-12-31": "7.45%", "2006-09-30": "6.94%", "2006-06-30": "7.02%", "2006-03-31": "7.19%", "2005-12-31": "8.60%"}, "return on investments": {"2020-12-31": "10.05%", "2020-09-30": "8.55%", "2020-06-30": "7.76%", "2020-03-31": "10.51%", "2019-12-31": "11.37%", "2019-09-30": "10.85%", "2019-06-30": "11.18%", "2019-03-31": "10.43%", "2018-12-31": "10.98%", "2018-09-30": "12.57%", "2018-06-30": "12.69%", "2018-03-31": "13.05%", "2017-12-31": "15.16%", "2017-09-30": "14.94%", "2017-06-30": "15.36%", "2017-03-31": "16.06%", "2016-12-31": "14.27%", "2016-09-30": "14.65%", "2016-06-30": "14.55%", "2016-03-31": "14.05%", "2015-12-31": "13.69%", "2015-09-30": "13.05%", "2015-06-30": "12.56%", "2015-03-31": "11.98%", "2014-12-31": "11.61%", "2014-09-30": "9.73%", "2014-06-30": "8.70%", "2014-03-31": "8.41%", "2013-12-31": "7.29%", "2013-09-30": "7.88%", "2013-06-30": "7.57%", "2013-03-31": "6.72%", "2012-12-31": "7.09%", "2012-09-30": "6.34%", "2012-06-30": "6.78%", "2012-03-31": "7.24%", "2011-12-31": "7.63%", "2011-09-30": "8.03%", "2011-06-30": "7.78%", "2011-03-31": "5.82%", "2010-12-31": "2.84%", "2010-09-30": "2.65%", "2010-06-30": "1.72%", "2010-03-31": "3.05%", "2009-12-31": "9.72%", "2009-09-30": "8.05%", "2009-06-30": "8.96%", "2009-03-31": "10.70%", "2008-12-31": "12.15%", "2008-09-30": "16.25%", "2008-06-30": "17.04%", "2008-03-31": "17.71%", "2007-12-31": "18.08%", "2007-09-30": "18.01%", "2007-06-30": "18.61%", "2007-03-31": "19.17%", "2006-12-31": "18.50%", "2006-09-30": "17.96%", "2006-06-30": "18.04%", "2006-03-31": "18.09%", "2005-12-31": "20.40%"}, "return on tangible equity": {"2020-09-30": "-23.57%", "2020-06-30": "-18.61%", "2020-03-31": "-20.53%", "2019-12-31": "-21.16%", "2019-09-30": "-13.71%", "2019-06-30": "-14.13%", "2019-03-31": "-13.07%", "2018-12-31": "-14.00%", "2018-09-30": "-23.85%", "2018-06-30": "-24.86%", "2018-03-31": "-24.54%", "2017-12-31": "-27.83%", "2017-09-30": "-29.56%", "2017-06-30": "-30.25%", "2017-03-31": "-31.24%", "2016-12-31": "-27.94%", "2016-09-30": "-26.55%", "2016-06-30": "-25.16%", "2016-03-31": "-23.71%", "2015-12-31": "-22.87%", "2015-09-30": "-19.64%", "2015-06-30": "-20.79%", "2015-03-31": "-21.21%", "2014-12-31": "-21.90%", "2014-09-30": "-19.03%", "2014-06-30": "-16.60%", "2014-03-31": "-15.31%", "2013-12-31": "-12.81%", "2013-09-30": "-25.03%", "2013-06-30": "-24.04%", "2013-03-31": "-23.70%", "2012-12-31": "-26.95%", "2012-09-30": "-18.20%", "2012-06-30": "-20.16%", "2012-03-31": "-26.09%", "2011-12-31": "-31.61%", "2011-09-30": "-32.60%", "2011-06-30": "-39.56%", "2011-03-31": "-32.09%", "2010-12-31": "-13.65%", "2010-09-30": "-10.11%", "2010-06-30": "-5.39%", "2010-03-31": "-8.41%", "2009-12-31": "-30.81%", "2009-09-30": "-20.82%", "2009-06-30": "-34.49%", "2009-03-31": "-39.81%", "2008-12-31": "-49.38%", "2008-09-30": "-75.64%", "2008-06-30": "-63.50%", "2008-03-31": "-60.10%", "2007-12-31": "-58.58%", "2007-09-30": "-71.22%", "2007-06-30": "-94.03%", "2007-03-31": "-140.64%", "2006-12-31": "-255.26%", "2006-09-30": "-105600.00%", "2006-06-30": "199.60%", "2006-03-31": "105.47%", "2005-12-31": "78.26%"}, "dividend yield history": {"last payout": "$2.80", "last yield": "1.59%"}}