{"ticker": "STWD", "price": {"title": "STARWOOD PROPERTY TRUST, INC Historical Annual Stock Price Data", "value": 20.41, "historical": {"2020": {"Average Stock Price": "16.8889", "Year Open": "24.6900", "Year High": "26.1400", "Year Low": "8.8000", "Year Close": "19.3000", "Annual % Change": "-22.37%"}, "2019": {"Average Stock Price": "23.1574", "Year Open": "19.7200", "Year High": "25.4500", "Year Low": "19.6900", "Year Close": "24.8600", "Annual % Change": "26.13%"}, "2018": {"Average Stock Price": "21.4824", "Year Open": "21.1900", "Year High": "22.9000", "Year Low": "19.3600", "Year Close": "19.7100", "Annual % Change": "-7.68%"}, "2017": {"Average Stock Price": "22.1580", "Year Open": "22.1900", "Year High": "22.9700", "Year Low": "21.3200", "Year Close": "21.3500", "Annual % Change": "-2.73%"}, "2016": {"Average Stock Price": "20.6813", "Year Open": "20.3900", "Year High": "23.3000", "Year Low": "16.9300", "Year Close": "21.9500", "Annual % Change": "6.76%"}, "2015": {"Average Stock Price": "22.4681", "Year Open": "23.4100", "Year High": "24.6700", "Year Low": "19.7400", "Year Close": "20.5600", "Annual % Change": "-11.53%"}, "2014": {"Average Stock Price": "23.4933", "Year Open": "22.3432", "Year High": "24.7299", "Year Low": "21.7800", "Year Close": "23.2400", "Annual % Change": "4.05%"}, "2013": {"Average Stock Price": "20.9301", "Year Open": "18.9324", "Year High": "23.0205", "Year Low": "18.8115", "Year Close": "22.3351", "Annual % Change": "20.64%"}, "2012": {"Average Stock Price": "17.3867", "Year Open": "15.2637", "Year High": "19.6339", "Year Low": "14.9734", "Year Close": "18.5131", "Annual % Change": "24.04%"}, "2011": {"Average Stock Price": "16.3017", "Year Open": "17.4811", "Year High": "18.8599", "Year Low": "13.2237", "Year Close": "14.9250", "Annual % Change": "-13.83%"}, "2010": {"Average Stock Price": "15.4358", "Year Open": "15.6668", "Year High": "17.3601", "Year Low": "13.4414", "Year Close": "17.3198", "Annual % Change": "13.71%"}, "2009": {"Average Stock Price": "15.9047", "Year Open": "16.1264", "Year High": "16.6828", "Year Low": "14.8928", "Year Close": "15.2314", "Annual % Change": "0.00%"}}}, "market cap": {"value": "$5.81B"}, "income statement": {"Revenue": {"2019-12-31": "1196.41900", "2018-12-31": "1109.28000", "2017-12-31": "879.88800", "2016-12-31": "784.66700", "2015-12-31": "735.87700", "2014-12-31": "702.87500", "2013-12-31": "549.49500", "2012-12-31": "307.29400", "2011-12-31": "206.45200", "2010-12-31": "93.52400", "2009-12-31": "6.92700"}, "Cost Of Goods Sold": {"2019-12-31": "631.71100", "2018-12-31": "535.25600", "2017-12-31": "389.92400", "2016-12-31": "295.90000", "2015-12-31": "214.09200", "2014-12-31": "167.04200", "2013-12-31": "111.80300", "2012-12-31": "47.12500", "2011-12-31": "28.78200", "2010-12-31": "15.78800", "2009-12-31": "1.90400"}, "Gross Profit": {"2019-12-31": "564.70790", "2018-12-31": "574.02400", "2017-12-31": "489.96400", "2016-12-31": "488.76700", "2015-12-31": "521.78500", "2014-12-31": "535.83300", "2013-12-31": "437.69200", "2012-12-31": "260.16900", "2011-12-31": "177.67000", "2010-12-31": "77.73600", "2009-12-31": "5.02300"}, "Research And Development Expenses": {"2019-12-31": "", "2018-12-31": "", "2017-12-31": "", "2016-12-31": "", "2015-12-31": "", "2014-12-31": "", "2013-12-31": "", "2012-12-31": "", "2011-12-31": "", "2010-12-31": "", "2009-12-31": ""}, "SG&A Expenses": {"2019-12-31": "274.24400", "2018-12-31": "265.58700", "2017-12-31": "252.28600", "2016-12-31": "270.39200", "2015-12-31": "279.36100", "2014-12-31": "287.39300", "2013-12-31": "226.83500", "2012-12-31": "68.94900", "2011-12-31": "47.97700", "2010-12-31": "29.67400", "2009-12-31": "9.22000"}, "Other Operating Income Or Expenses": {"2019-12-31": "-9.49100", "2018-12-31": "-35.55300", "2017-12-31": "4.03600", "2016-12-31": "-4.58700", "2015-12-31": "-0.38700", "2014-12-31": "-9.26600", "2013-12-31": "-21.17900", "2012-12-31": "-2.21100", "2011-12-31": "0.00000", "2010-12-31": "", "2009-12-31": ""}, "Operating Expenses": {"2019-12-31": "1029.82400", "2018-12-31": "977.63190", "2017-12-31": "735.24900", "2016-12-31": "651.12700", "2015-12-31": "536.27910", "2014-12-31": "484.00900", "2013-12-31": "373.16600", "2012-12-31": "121.76100", "2011-12-31": "80.42000", "2010-12-31": "45.84000", "2009-12-31": "11.19000"}, "Operating Income": {"2019-12-31": "166.59480", "2018-12-31": "131.64810", "2017-12-31": "144.63900", "2016-12-31": "133.54000", "2015-12-31": "199.59800", "2014-12-31": "218.86600", "2013-12-31": "176.32900", "2012-12-31": "185.53300", "2011-12-31": "126.03200", "2010-12-31": "47.68400", "2009-12-31": "-4.26300"}, "Total Non-Operating Income/Expense": {"2019-12-31": "383.57200", "2018-12-31": "294.87900", "2017-12-31": "299.65000", "2016-12-31": "242.45500", "2015-12-31": "269.79100", "2014-12-31": "307.31900", "2013-12-31": "177.65300", "2012-12-31": "21.02500", "2011-12-31": "-4.63400", "2010-12-31": "11.58400", "2009-12-31": "1.68300"}, "Pre-Tax Income": {"2019-12-31": "550.16700", "2018-12-31": "426.52700", "2017-12-31": "444.28900", "2016-12-31": "375.99500", "2015-12-31": "469.38900", "2014-12-31": "526.18500", "2013-12-31": "353.98200", "2012-12-31": "206.55800", "2011-12-31": "121.39800", "2010-12-31": "59.26800", "2009-12-31": "-2.58000"}, "Income Taxes": {"2019-12-31": "13.23200", "2018-12-31": "15.33000", "2017-12-31": "31.52200", "2016-12-31": "8.34400", "2015-12-31": "17.20600", "2014-12-31": "24.09600", "2013-12-31": "23.85800", "2012-12-31": "0.87100", "2011-12-31": "0.79000", "2010-12-31": "0.42600", "2009-12-31": "0.00000"}, "Income After Taxes": {"2019-12-31": "536.93500", "2018-12-31": "411.19700", "2017-12-31": "412.76700", "2016-12-31": "367.65100", "2015-12-31": "452.18300", "2014-12-31": "502.08900", "2013-12-31": "330.12400", "2012-12-31": "205.68700", "2011-12-31": "120.60800", "2010-12-31": "58.84200", "2009-12-31": "-2.58000"}, "Other Income": {"2019-12-31": "", "2018-12-31": "", "2017-12-31": "", "2016-12-31": "", "2015-12-31": "", "2014-12-31": "", "2013-12-31": "", "2012-12-31": "", "2011-12-31": "", "2010-12-31": "", "2009-12-31": ""}, "Income From Continuous Operations": {"2019-12-31": "536.93500", "2018-12-31": "411.19700", "2017-12-31": "412.76700", "2016-12-31": "367.65100", "2015-12-31": "452.18300", "2014-12-31": "502.08900", "2013-12-31": "330.12400", "2012-12-31": "205.68700", "2011-12-31": "120.60800", "2010-12-31": "58.84200", "2009-12-31": "-2.58000"}, "Income From Discontinued Operations": {"2019-12-31": "", "2018-12-31": "", "2017-12-31": "", "2016-12-31": "", "2015-12-31": "", "2014-12-31": "-1.55100", "2013-12-31": "-19.79400", "2012-12-31": "-2.00500", "2011-12-31": "", "2010-12-31": "", "2009-12-31": ""}, "Net Income": {"2019-12-31": "509.66400", "2018-12-31": "385.83000", "2017-12-31": "400.77000", "2016-12-31": "363.13300", "2015-12-31": "447.26300", "2014-12-31": "495.02100", "2013-12-31": "305.03000", "2012-12-31": "201.19500", "2011-12-31": "119.37700", "2010-12-31": "55.65800", "2009-12-31": "-3.01700"}, "EBITDA": {"2019-12-31": "276.65880", "2018-12-31": "248.75110", "2017-12-31": "222.07210", "2016-12-31": "168.05700", "2015-12-31": "200.86100", "2014-12-31": "214.69800", "2013-12-31": "132.98600", "2012-12-31": "111.54100", "2011-12-31": "83.88800", "2010-12-31": "34.73500", "2009-12-31": "-4.90800"}, "EBIT": {"2019-12-31": "166.59480", "2018-12-31": "131.64810", "2017-12-31": "144.63900", "2016-12-31": "133.54000", "2015-12-31": "199.59800", "2014-12-31": "218.86600", "2013-12-31": "176.32900", "2012-12-31": "185.53300", "2011-12-31": "126.03200", "2010-12-31": "47.68400", "2009-12-31": "-4.26300"}, "Basic Shares Outstanding": {"2019-12-31": "279.33700", "2018-12-31": "265.27900", "2017-12-31": "259.62000", "2016-12-31": "238.52900", "2015-12-31": "233.41900", "2014-12-31": "214.94500", "2013-12-31": "166.35600", "2012-12-31": "113.72100", "2011-12-31": "84.97500", "2010-12-31": "49.13900", "2009-12-31": "47.57600"}, "Shares Outstanding": {"2019-12-31": "289.71200", "2018-12-31": "288.48400", "2017-12-31": "262.07900", "2016-12-31": "241.79400", "2015-12-31": "234.14200", "2014-12-31": "218.78100", "2013-12-31": "166.49500", "2012-12-31": "113.73400", "2011-12-31": "86.40900", "2010-12-31": "50.02200", "2009-12-31": "48.54000"}, "Basic EPS": {"2019-12-31": "1.81000", "2018-12-31": "1.44000", "2017-12-31": "1.53000", "2016-12-31": "1.52000", "2015-12-31": "1.92000", "2014-12-31": "2.28000", "2013-12-31": "1.82000", "2012-12-31": "1.76000", "2011-12-31": "1.38000", "2010-12-31": "1.16000", "2009-12-31": "-0.06000"}, "EPS - Earnings Per Share": {"2019-12-31": "1.79000", "2018-12-31": "1.42000", "2017-12-31": "1.52000", "2016-12-31": "1.50000", "2015-12-31": "1.91000", "2014-12-31": "2.24000", "2013-12-31": "1.82000", "2012-12-31": "1.76000", "2011-12-31": "1.38000", "2010-12-31": "1.14000", "2009-12-31": "-0.06000"}}, "income statement, quarterly": {"Revenue": {"2020-09-30": "267.42700", "2020-06-30": "265.60600", "2020-03-31": "312.56000", "2019-12-31": "286.42790", "2019-09-30": "288.33000", "2019-06-30": "311.18100", "2019-03-31": "310.48000", "2018-12-31": "293.41800", "2018-09-30": "285.71900", "2018-06-30": "269.55600", "2018-03-31": "260.58700", "2017-12-31": "242.83200", "2017-09-30": "226.76700", "2017-06-30": "211.56900", "2017-03-31": "198.72000", "2016-12-31": "184.47700", "2016-09-30": "204.70500", "2016-06-30": "199.99200", "2016-03-31": "195.49300", "2015-12-31": "186.22300", "2015-09-30": "192.14500", "2015-06-30": "178.66000", "2015-03-31": "178.84900", "2014-12-31": "178.77800", "2014-09-30": "181.36800", "2014-06-30": "170.75000", "2014-03-31": "171.97900", "2013-12-31": "180.65100", "2013-09-30": "150.39200", "2013-06-30": "134.44300", "2013-03-31": "84.00900", "2012-12-31": "87.62200", "2012-09-30": "72.97100", "2012-06-30": "68.94900", "2012-03-31": "77.75200", "2011-12-31": "60.63300", "2011-09-30": "58.07400", "2011-06-30": "48.16800", "2011-03-31": "39.57700", "2010-12-31": "30.36500", "2010-09-30": "27.79900", "2010-06-30": "21.33000", "2010-03-31": "14.03000", "2009-12-31": "", "2009-09-30": "0.86500"}, "Cost Of Goods Sold": {"2020-09-30": "125.50300", "2020-06-30": "131.12500", "2020-03-31": "148.23900", "2019-12-31": "151.88300", "2019-09-30": "154.72400", "2019-06-30": "160.78100", "2019-03-31": "164.32300", "2018-12-31": "161.04200", "2018-09-30": "132.84900", "2018-06-30": "124.48900", "2018-03-31": "116.87600", "2017-12-31": "108.61500", "2017-09-30": "100.23000", "2017-06-30": "94.34100", "2017-03-31": "86.73800", "2016-12-31": "76.14500", "2016-09-30": "77.09300", "2016-06-30": "73.48700", "2016-03-31": "69.17500", "2015-12-31": "57.81000", "2015-09-30": "53.04000", "2015-06-30": "51.01000", "2015-03-31": "52.23200", "2014-12-31": "48.32000", "2014-09-30": "41.52200", "2014-06-30": "39.36900", "2014-03-31": "37.83100", "2013-12-31": "37.71200", "2013-09-30": "34.01700", "2013-06-30": "22.64800", "2013-03-31": "17.42600", "2012-12-31": "12.78000", "2012-09-30": "12.03000", "2012-06-30": "10.46300", "2012-03-31": "11.85200", "2011-12-31": "6.27600", "2011-09-30": "7.32100", "2011-06-30": "7.04100", "2011-03-31": "8.14400", "2010-12-31": "5.82700", "2010-09-30": "4.97700", "2010-06-30": "3.35200", "2010-03-31": "1.63200", "2009-12-31": "", "2009-09-30": "0.25300"}, "Gross Profit": {"2020-09-30": "141.92400", "2020-06-30": "134.48100", "2020-03-31": "164.32100", "2019-12-31": "134.54500", "2019-09-30": "133.60600", "2019-06-30": "150.40000", "2019-03-31": "146.15700", "2018-12-31": "132.37600", "2018-09-30": "152.87000", "2018-06-30": "145.06700", "2018-03-31": "143.71100", "2017-12-31": "134.21700", "2017-09-30": "126.53700", "2017-06-30": "117.22800", "2017-03-31": "111.98200", "2016-12-31": "108.33200", "2016-09-30": "127.61200", "2016-06-30": "126.50500", "2016-03-31": "126.31800", "2015-12-31": "128.41300", "2015-09-30": "139.10500", "2015-06-30": "127.65000", "2015-03-31": "126.61700", "2014-12-31": "130.45800", "2014-09-30": "139.84600", "2014-06-30": "131.38100", "2014-03-31": "134.14800", "2013-12-31": "142.93900", "2013-09-30": "116.37500", "2013-06-30": "111.79500", "2013-03-31": "66.58300", "2012-12-31": "74.84200", "2012-09-30": "60.94100", "2012-06-30": "58.48600", "2012-03-31": "65.90000", "2011-12-31": "54.35700", "2011-09-30": "50.75300", "2011-06-30": "41.12700", "2011-03-31": "31.43300", "2010-12-31": "24.53800", "2010-09-30": "22.82200", "2010-06-30": "17.97800", "2010-03-31": "12.39800", "2009-12-31": "", "2009-09-30": "0.61200"}, "Research And Development Expenses": {"2020-09-30": "", "2020-06-30": "", "2020-03-31": "", "2019-12-31": "", "2019-09-30": "", "2019-06-30": "", "2019-03-31": "", "2018-12-31": "", "2018-09-30": "", "2018-06-30": "", "2018-03-31": "", "2017-12-31": "", "2017-09-30": "", "2017-06-30": "", "2017-03-31": "", "2016-12-31": "", "2016-09-30": "", "2016-06-30": "", "2016-03-31": "", "2015-12-31": "", "2015-09-30": "", "2015-06-30": "", "2015-03-31": "", "2014-12-31": "", "2014-09-30": "", "2014-06-30": "", "2014-03-31": "", "2013-12-31": "", "2013-09-30": "", "2013-06-30": "", "2013-03-31": "", "2012-12-31": "", "2012-09-30": "", "2012-06-30": "", "2012-03-31": "", "2011-12-31": "", "2011-09-30": "", "2011-06-30": "", "2011-03-31": "", "2010-12-31": "", "2010-09-30": "", "2010-06-30": "", "2010-03-31": "", "2009-12-31": "", "2009-09-30": ""}, "SG&A Expenses": {"2020-09-30": "62.60500", "2020-06-30": "55.79200", "2020-03-31": "79.43000", "2019-12-31": "85.74300", "2019-09-30": "70.00400", "2019-06-30": "60.10100", "2019-03-31": "58.39600", "2018-12-31": "82.05900", "2018-09-30": "57.72200", "2018-06-30": "63.02200", "2018-03-31": "62.78400", "2017-12-31": "76.44800", "2017-09-30": "63.87200", "2017-06-30": "57.15300", "2017-03-31": "54.81300", "2016-12-31": "74.20500", "2016-09-30": "79.25000", "2016-06-30": "59.17600", "2016-03-31": "57.76100", "2015-12-31": "81.12900", "2015-09-30": "66.77500", "2015-06-30": "68.22500", "2015-03-31": "63.23200", "2014-12-31": "72.70900", "2014-09-30": "72.58300", "2014-06-30": "68.17900", "2014-03-31": "73.92200", "2013-12-31": "78.84800", "2013-09-30": "68.39900", "2013-06-30": "60.48100", "2013-03-31": "19.10700", "2012-12-31": "17.43800", "2012-09-30": "17.74300", "2012-06-30": "15.57800", "2012-03-31": "18.19000", "2011-12-31": "11.92200", "2011-09-30": "12.18100", "2011-06-30": "12.42400", "2011-03-31": "11.45000", "2010-12-31": "7.99700", "2010-09-30": "8.66000", "2010-06-30": "6.26800", "2010-03-31": "6.74900", "2009-12-31": "", "2009-09-30": "2.96600"}, "Other Operating Income Or Expenses": {"2020-09-30": "3.41500", "2020-06-30": "-10.30400", "2020-03-31": "-49.05700", "2019-12-31": "-4.47200", "2019-09-30": "-0.08400", "2019-06-30": "-3.96100", "2019-03-31": "-0.97400", "2018-12-31": "-7.15000", "2018-09-30": "-1.00500", "2018-06-30": "-25.75600", "2018-03-31": "-1.64200", "2017-12-31": "2.14200", "2017-09-30": "-0.20500", "2017-06-30": "2.55200", "2017-03-31": "-0.45300", "2016-12-31": "-0.38100", "2016-09-30": "-2.83800", "2016-06-30": "-2.02900", "2016-03-31": "0.66100", "2015-12-31": "0.30200", "2015-09-30": "2.66400", "2015-06-30": "-2.66100", "2015-03-31": "-0.69200", "2014-12-31": "-0.37400", "2014-09-30": "-2.49300", "2014-06-30": "-4.21300", "2014-03-31": "-2.18600", "2013-12-31": "-0.56400", "2013-09-30": "-2.01500", "2013-06-30": "-14.34100", "2013-03-31": "-4.25900", "2012-12-31": "-1.88400", "2012-09-30": "-0.32700", "2012-06-30": "", "2012-03-31": "", "2011-12-31": "", "2011-09-30": "", "2011-06-30": "", "2011-03-31": "", "2010-12-31": "", "2010-09-30": "", "2010-06-30": "", "2010-03-31": "", "2009-12-31": "", "2009-09-30": ""}, "Operating Expenses": {"2020-09-30": "209.15800", "2020-06-30": "222.23200", "2020-03-31": "301.61500", "2019-12-31": "269.82210", "2019-09-30": "253.24400", "2019-06-30": "253.46900", "2019-03-31": "253.28900", "2018-12-31": "279.83490", "2018-09-30": "232.39600", "2018-06-30": "251.97800", "2018-03-31": "213.42300", "2017-12-31": "210.63300", "2017-09-30": "188.20200", "2017-06-30": "171.51100", "2017-03-31": "164.90300", "2016-12-31": "172.11190", "2016-09-30": "176.04200", "2016-06-30": "156.65300", "2016-03-31": "146.32000", "2015-12-31": "154.19400", "2015-09-30": "128.06700", "2015-06-30": "132.59100", "2015-03-31": "121.42700", "2014-12-31": "126.98000", "2014-09-30": "120.37400", "2014-06-30": "117.68600", "2014-03-31": "118.96900", "2013-12-31": "122.42000", "2013-09-30": "109.25900", "2013-06-30": "100.61400", "2013-03-31": "40.87300", "2012-12-31": "32.76300", "2012-09-30": "30.80000", "2012-06-30": "27.29500", "2012-03-31": "30.90300", "2011-12-31": "20.03900", "2011-09-30": "20.70300", "2011-06-30": "19.99600", "2011-03-31": "19.68200", "2010-12-31": "14.03800", "2010-09-30": "13.61200", "2010-06-30": "9.80900", "2010-03-31": "8.38100", "2009-12-31": "", "2009-09-30": "3.21900"}, "Operating Income": {"2020-09-30": "58.26900", "2020-06-30": "43.37400", "2020-03-31": "10.94500", "2019-12-31": "16.60590", "2019-09-30": "35.08600", "2019-06-30": "57.71200", "2019-03-31": "57.19100", "2018-12-31": "13.58310", "2018-09-30": "53.32300", "2018-06-30": "17.57800", "2018-03-31": "47.16400", "2017-12-31": "32.19900", "2017-09-30": "38.56500", "2017-06-30": "40.05800", "2017-03-31": "33.81700", "2016-12-31": "12.36510", "2016-09-30": "28.66300", "2016-06-30": "43.33900", "2016-03-31": "49.17300", "2015-12-31": "32.02900", "2015-09-30": "64.07800", "2015-06-30": "46.06900", "2015-03-31": "57.42200", "2014-12-31": "51.79800", "2014-09-30": "60.99400", "2014-06-30": "53.06400", "2014-03-31": "53.01000", "2013-12-31": "58.23100", "2013-09-30": "41.13300", "2013-06-30": "33.82900", "2013-03-31": "43.13600", "2012-12-31": "54.85900", "2012-09-30": "42.17100", "2012-06-30": "41.65400", "2012-03-31": "46.84900", "2011-12-31": "40.59400", "2011-09-30": "37.37100", "2011-06-30": "28.17200", "2011-03-31": "19.89500", "2010-12-31": "16.32700", "2010-09-30": "14.18700", "2010-06-30": "11.52100", "2010-03-31": "5.64900", "2009-12-31": "", "2009-09-30": "-2.35400"}, "Total Non-Operating Income/Expense": {"2020-09-30": "121.30800", "2020-06-30": "108.28900", "2020-03-31": "-83.94300", "2019-12-31": "166.22600", "2019-09-30": "119.42800", "2019-06-30": "78.26700", "2019-03-31": "19.65100", "2018-12-31": "87.19900", "2018-09-30": "44.33900", "2018-06-30": "102.85500", "2018-03-31": "60.48600", "2017-12-31": "74.91900", "2017-09-30": "64.05000", "2017-06-30": "92.62700", "2017-03-31": "68.05400", "2016-12-31": "115.23300", "2016-09-30": "79.81700", "2016-06-30": "69.43800", "2016-03-31": "-22.03300", "2015-12-31": "54.40700", "2015-09-30": "60.71300", "2015-06-30": "75.36300", "2015-03-31": "79.30800", "2014-12-31": "50.45000", "2014-09-30": "110.23200", "2014-06-30": "71.59500", "2014-03-31": "75.04200", "2013-12-31": "43.84700", "2013-09-30": "65.53200", "2013-06-30": "45.08300", "2013-03-31": "23.19100", "2012-12-31": "5.61000", "2012-09-30": "8.47200", "2012-06-30": "3.10500", "2012-03-31": "3.83800", "2011-12-31": "0.90400", "2011-09-30": "-23.33100", "2011-06-30": "5.96300", "2011-03-31": "11.83000", "2010-12-31": "1.78000", "2010-09-30": "9.26400", "2010-06-30": "-0.07100", "2010-03-31": "0.61100", "2009-12-31": "", "2009-09-30": "0.58300"}, "Pre-Tax Income": {"2020-09-30": "179.57700", "2020-06-30": "151.66300", "2020-03-31": "-72.99800", "2019-12-31": "182.83200", "2019-09-30": "154.51400", "2019-06-30": "135.97900", "2019-03-31": "76.84200", "2018-12-31": "100.78200", "2018-09-30": "97.66200", "2018-06-30": "120.43300", "2018-03-31": "107.65000", "2017-12-31": "107.11800", "2017-09-30": "102.61500", "2017-06-30": "132.68500", "2017-03-31": "101.87100", "2016-12-31": "127.59800", "2016-09-30": "108.48000", "2016-06-30": "112.77700", "2016-03-31": "27.14000", "2015-12-31": "86.43600", "2015-09-30": "124.79100", "2015-06-30": "121.43200", "2015-03-31": "136.73000", "2014-12-31": "102.24800", "2014-09-30": "171.22600", "2014-06-30": "124.65900", "2014-03-31": "128.05200", "2013-12-31": "102.07800", "2013-09-30": "106.66500", "2013-06-30": "78.91200", "2013-03-31": "66.32700", "2012-12-31": "60.46900", "2012-09-30": "50.64300", "2012-06-30": "44.75900", "2012-03-31": "50.68700", "2011-12-31": "41.49800", "2011-09-30": "14.04000", "2011-06-30": "34.13500", "2011-03-31": "31.72500", "2010-12-31": "18.10700", "2010-09-30": "23.45100", "2010-06-30": "11.45000", "2010-03-31": "6.26000", "2009-12-31": "", "2009-09-30": "-1.77100"}, "Income Taxes": {"2020-09-30": "14.84300", "2020-06-30": "-1.29800", "2020-03-31": "-6.72900", "2019-12-31": "4.85200", "2019-09-30": "4.51300", "2019-06-30": "3.53300", "2019-03-31": "0.33400", "2018-12-31": "0.85000", "2018-09-30": "8.28100", "2018-06-30": "3.34300", "2018-03-31": "2.85600", "2017-12-31": "13.23700", "2017-09-30": "9.81600", "2017-06-30": "9.45200", "2017-03-31": "-0.98300", "2016-12-31": "4.87700", "2016-09-30": "2.66700", "2016-06-30": "0.70600", "2016-03-31": "0.09400", "2015-12-31": "-10.21200", "2015-09-30": "7.67500", "2015-06-30": "3.79200", "2015-03-31": "15.95100", "2014-12-31": "10.36300", "2014-09-30": "3.83600", "2014-06-30": "4.27700", "2014-03-31": "5.62000", "2013-12-31": "-1.82100", "2013-09-30": "13.72100", "2013-06-30": "11.34300", "2013-03-31": "0.61500", "2012-12-31": "0.03100", "2012-09-30": "0.30100", "2012-06-30": "0.14000", "2012-03-31": "0.39900", "2011-12-31": "0.43000", "2011-09-30": "-0.46300", "2011-06-30": "0.82300", "2011-03-31": "", "2010-12-31": "0.21800", "2010-09-30": "0.16800", "2010-06-30": "0.04000", "2010-03-31": "", "2009-12-31": "", "2009-09-30": ""}, "Income After Taxes": {"2020-09-30": "164.73400", "2020-06-30": "152.96100", "2020-03-31": "-66.26900", "2019-12-31": "177.98000", "2019-09-30": "150.00100", "2019-06-30": "132.44600", "2019-03-31": "76.50800", "2018-12-31": "99.93200", "2018-09-30": "89.38100", "2018-06-30": "117.09000", "2018-03-31": "104.79400", "2017-12-31": "93.88100", "2017-09-30": "92.79900", "2017-06-30": "123.23300", "2017-03-31": "102.85400", "2016-12-31": "122.72100", "2016-09-30": "105.81300", "2016-06-30": "112.07100", "2016-03-31": "27.04600", "2015-12-31": "96.64800", "2015-09-30": "117.11600", "2015-06-30": "117.64000", "2015-03-31": "120.77900", "2014-12-31": "91.88500", "2014-09-30": "167.39000", "2014-06-30": "120.38200", "2014-03-31": "122.43200", "2013-12-31": "103.89900", "2013-09-30": "92.94400", "2013-06-30": "67.56900", "2013-03-31": "65.71200", "2012-12-31": "60.43800", "2012-09-30": "50.34200", "2012-06-30": "44.61900", "2012-03-31": "50.28800", "2011-12-31": "41.06800", "2011-09-30": "14.50300", "2011-06-30": "33.31200", "2011-03-31": "31.72500", "2010-12-31": "17.88900", "2010-09-30": "23.28300", "2010-06-30": "11.41000", "2010-03-31": "6.26000", "2009-12-31": "", "2009-09-30": "-1.77100"}, "Other Income": {"2020-09-30": "", "2020-06-30": "", "2020-03-31": "", "2019-12-31": "", "2019-09-30": "", "2019-06-30": "", "2019-03-31": "", "2018-12-31": "", "2018-09-30": "", "2018-06-30": "", "2018-03-31": "", "2017-12-31": "", "2017-09-30": "", "2017-06-30": "", "2017-03-31": "", "2016-12-31": "", "2016-09-30": "", "2016-06-30": "", "2016-03-31": "", "2015-12-31": "", "2015-09-30": "", "2015-06-30": "", "2015-03-31": "", "2014-12-31": "", "2014-09-30": "", "2014-06-30": "", "2014-03-31": "", "2013-12-31": "", "2013-09-30": "", "2013-06-30": "", "2013-03-31": "", "2012-12-31": "", "2012-09-30": "", "2012-06-30": "", "2012-03-31": "", "2011-12-31": "", "2011-09-30": "", "2011-06-30": "", "2011-03-31": "", "2010-12-31": "", "2010-09-30": "", "2010-06-30": "", "2010-03-31": "", "2009-12-31": "", "2009-09-30": ""}, "Income From Continuous Operations": {"2020-09-30": "164.73400", "2020-06-30": "152.96100", "2020-03-31": "-66.26900", "2019-12-31": "177.98000", "2019-09-30": "150.00100", "2019-06-30": "132.44600", "2019-03-31": "76.50800", "2018-12-31": "99.93200", "2018-09-30": "89.38100", "2018-06-30": "117.09000", "2018-03-31": "104.79400", "2017-12-31": "93.88100", "2017-09-30": "92.79900", "2017-06-30": "123.23300", "2017-03-31": "102.85400", "2016-12-31": "122.72100", "2016-09-30": "105.81300", "2016-06-30": "112.07100", "2016-03-31": "27.04600", "2015-12-31": "96.64800", "2015-09-30": "117.11600", "2015-06-30": "117.64000", "2015-03-31": "120.77900", "2014-12-31": "91.88500", "2014-09-30": "167.39000", "2014-06-30": "120.38200", "2014-03-31": "122.43200", "2013-12-31": "103.89900", "2013-09-30": "92.94400", "2013-06-30": "67.56900", "2013-03-31": "65.71200", "2012-12-31": "60.43800", "2012-09-30": "50.34200", "2012-06-30": "44.61900", "2012-03-31": "50.28800", "2011-12-31": "41.06800", "2011-09-30": "14.50300", "2011-06-30": "33.31200", "2011-03-31": "31.72500", "2010-12-31": "17.88900", "2010-09-30": "23.28300", "2010-06-30": "11.41000", "2010-03-31": "6.26000", "2009-12-31": "", "2009-09-30": "-1.77100"}, "Income From Discontinued Operations": {"2020-09-30": "", "2020-06-30": "", "2020-03-31": "", "2019-12-31": "", "2019-09-30": "", "2019-06-30": "", "2019-03-31": "", "2018-12-31": "", "2018-09-30": "", "2018-06-30": "", "2018-03-31": "", "2017-12-31": "", "2017-09-30": "", "2017-06-30": "", "2017-03-31": "", "2016-12-31": "", "2016-09-30": "", "2016-06-30": "", "2016-03-31": "", "2015-12-31": "", "2015-09-30": "", "2015-06-30": "", "2015-03-31": "", "2014-12-31": "", "2014-09-30": "", "2014-06-30": "", "2014-03-31": "-1.55100", "2013-12-31": "-7.75000", "2013-09-30": "-3.69800", "2013-06-30": "-6.05800", "2013-03-31": "-2.28800", "2012-12-31": "", "2012-09-30": "", "2012-06-30": "", "2012-03-31": "", "2011-12-31": "", "2011-09-30": "", "2011-06-30": "", "2011-03-31": "", "2010-12-31": "", "2010-09-30": "", "2010-06-30": "", "2010-03-31": "", "2009-12-31": "", "2009-09-30": ""}, "Net Income": {"2020-09-30": "150.11300", "2020-06-30": "139.65600", "2020-03-31": "-66.76900", "2019-12-31": "173.07400", "2019-09-30": "139.19100", "2019-06-30": "127.01600", "2019-03-31": "70.38300", "2018-12-31": "94.13600", "2018-09-30": "83.56600", "2018-06-30": "108.19600", "2018-03-31": "99.93200", "2017-12-31": "93.43200", "2017-09-30": "88.42800", "2017-06-30": "116.55200", "2017-03-31": "102.35800", "2016-12-31": "119.23700", "2016-09-30": "105.76600", "2016-06-30": "111.47300", "2016-03-31": "26.65700", "2015-12-31": "93.01700", "2015-09-30": "116.73500", "2015-06-30": "117.14800", "2015-03-31": "120.36300", "2014-12-31": "93.25000", "2014-09-30": "163.30200", "2014-06-30": "117.86800", "2014-03-31": "120.60100", "2013-12-31": "94.97300", "2013-09-30": "87.36000", "2013-06-30": "60.45400", "2013-03-31": "62.24300", "2012-12-31": "57.39500", "2012-09-30": "49.93700", "2012-06-30": "44.13800", "2012-03-31": "49.72500", "2011-12-31": "41.53500", "2011-09-30": "13.97100", "2011-06-30": "32.42400", "2011-03-31": "31.44700", "2010-12-31": "16.18500", "2010-09-30": "22.68300", "2010-06-30": "10.84900", "2010-03-31": "5.94100", "2009-12-31": "", "2009-09-30": "-1.91900"}, "EBITDA": {"2020-09-30": "81.33000", "2020-06-30": "66.44100", "2020-03-31": "31.54200", "2019-12-31": "43.25690", "2019-09-30": "63.76400", "2019-06-30": "82.72300", "2019-03-31": "86.91500", "2018-12-31": "42.06310", "2018-09-30": "86.30000", "2018-06-30": "51.66900", "2018-03-31": "68.71900", "2017-12-31": "51.73300", "2017-09-30": "56.86300", "2017-06-30": "59.35900", "2017-03-31": "54.11700", "2016-12-31": "20.45810", "2016-09-30": "32.29400", "2016-06-30": "52.19100", "2016-03-31": "63.11400", "2015-12-31": "37.65600", "2015-09-30": "67.42200", "2015-06-30": "46.57400", "2015-03-31": "49.20900", "2014-12-31": "51.36700", "2014-09-30": "57.60600", "2014-06-30": "51.03700", "2014-03-31": "54.68800", "2013-12-31": "45.74100", "2013-09-30": "30.81800", "2013-06-30": "25.95400", "2013-03-31": "30.47300", "2012-12-31": "37.73000", "2012-09-30": "27.12400", "2012-06-30": "26.16500", "2012-03-31": "20.52200", "2011-12-31": "27.63800", "2011-09-30": "26.20100", "2011-06-30": "17.91400", "2011-03-31": "12.13500", "2010-12-31": "11.06600", "2010-09-30": "9.05400", "2010-06-30": "10.16600", "2010-03-31": "4.44900", "2009-12-31": "", "2009-09-30": "-2.35400"}, "EBIT": {"2020-09-30": "58.26900", "2020-06-30": "43.37400", "2020-03-31": "10.94500", "2019-12-31": "16.60580", "2019-09-30": "35.08600", "2019-06-30": "57.71200", "2019-03-31": "57.19100", "2018-12-31": "13.58310", "2018-09-30": "53.32300", "2018-06-30": "17.57800", "2018-03-31": "47.16400", "2017-12-31": "32.19910", "2017-09-30": "38.56500", "2017-06-30": "40.05800", "2017-03-31": "33.81700", "2016-12-31": "12.36510", "2016-09-30": "28.66300", "2016-06-30": "43.33900", "2016-03-31": "49.17300", "2015-12-31": "32.02900", "2015-09-30": "64.07800", "2015-06-30": "46.06900", "2015-03-31": "57.42200", "2014-12-31": "51.79800", "2014-09-30": "60.99400", "2014-06-30": "53.06400", "2014-03-31": "53.01000", "2013-12-31": "58.23100", "2013-09-30": "41.13300", "2013-06-30": "33.82900", "2013-03-31": "43.13600", "2012-12-31": "54.85900", "2012-09-30": "42.17100", "2012-06-30": "41.65400", "2012-03-31": "46.84900", "2011-12-31": "40.59400", "2011-09-30": "37.37100", "2011-06-30": "28.17200", "2011-03-31": "19.89500", "2010-12-31": "16.32700", "2010-09-30": "14.18700", "2010-06-30": "11.52100", "2010-03-31": "5.64900", "2009-12-31": "", "2009-09-30": "-2.35400"}, "Basic Shares Outstanding": {"2020-09-30": "282.59600", "2020-06-30": "281.46100", "2020-03-31": "280.99000", "2019-12-31": "279.33700", "2019-09-30": "279.99200", "2019-06-30": "279.23900", "2019-03-31": "277.54400", "2018-12-31": "265.27900", "2018-09-30": "265.35500", "2018-06-30": "260.99800", "2018-03-31": "260.66400", "2017-12-31": "259.62000", "2017-09-30": "259.75900", "2017-06-30": "259.47200", "2017-03-31": "258.99700", "2016-12-31": "238.52900", "2016-09-30": "237.42900", "2016-06-30": "237.06000", "2016-03-31": "236.55600", "2015-12-31": "233.41900", "2015-09-30": "237.79600", "2015-06-30": "235.08700", "2015-03-31": "223.54100", "2014-12-31": "214.94500", "2014-09-30": "222.48100", "2014-06-30": "218.75100", "2014-03-31": "195.52400", "2013-12-31": "166.35600", "2013-09-30": "171.52000", "2013-06-30": "162.44800", "2013-03-31": "135.48000", "2012-12-31": "113.72100", "2012-09-30": "116.67300", "2012-06-30": "111.29200", "2012-03-31": "93.16700", "2011-12-31": "84.97500", "2011-09-30": "93.24900", "2011-06-30": "82.07900", "2011-03-31": "71.01300", "2010-12-31": "49.13900", "2010-09-30": "47.83800", "2010-06-30": "47.75000", "2010-03-31": "47.66300", "2009-12-31": "", "2009-09-30": "47.57500"}, "Shares Outstanding": {"2020-09-30": "292.45800", "2020-06-30": "291.29300", "2020-03-31": "280.99000", "2019-12-31": "289.71200", "2019-09-30": "289.91200", "2019-06-30": "289.07200", "2019-03-31": "277.69800", "2018-12-31": "288.48400", "2018-09-30": "265.45600", "2018-06-30": "288.31000", "2018-03-31": "262.12400", "2017-12-31": "262.07900", "2017-09-30": "262.43700", "2017-06-30": "262.85100", "2017-03-31": "262.44100", "2016-12-31": "241.79400", "2016-09-30": "241.09100", "2016-06-30": "237.59700", "2016-03-31": "236.75900", "2015-12-31": "234.14200", "2015-09-30": "237.92500", "2015-06-30": "235.83100", "2015-03-31": "229.03200", "2014-12-31": "218.78100", "2014-09-30": "223.54300", "2014-06-30": "222.89200", "2014-03-31": "198.87600", "2013-12-31": "166.49500", "2013-09-30": "171.52000", "2013-06-30": "162.44800", "2013-03-31": "135.48000", "2012-12-31": "113.73400", "2012-09-30": "117.38200", "2012-06-30": "112.18400", "2012-03-31": "94.22800", "2011-12-31": "86.40900", "2011-09-30": "94.59700", "2011-06-30": "83.63900", "2011-03-31": "72.74300", "2010-12-31": "50.02200", "2010-09-30": "48.62700", "2010-06-30": "48.62600", "2010-03-31": "48.62600", "2009-12-31": "", "2009-09-30": "47.57500"}, "Basic EPS": {"2020-09-30": "0.53000", "2020-06-30": "0.49000", "2020-03-31": "-0.24000", "2019-12-31": "0.61000", "2019-09-30": "0.50000", "2019-06-30": "0.45000", "2019-03-31": "0.25000", "2018-12-31": "0.34000", "2018-09-30": "0.31000", "2018-06-30": "0.41000", "2018-03-31": "0.38000", "2017-12-31": "0.35000", "2017-09-30": "0.34000", "2017-06-30": "0.45000", "2017-03-31": "0.39000", "2016-12-31": "0.50000", "2016-09-30": "0.44000", "2016-06-30": "0.47000", "2016-03-31": "0.11000", "2015-12-31": "0.41000", "2015-09-30": "0.49000", "2015-06-30": "0.49000", "2015-03-31": "0.53000", "2014-12-31": "0.41000", "2014-09-30": "0.73000", "2014-06-30": "0.53000", "2014-03-31": "0.61000", "2013-12-31": "0.48000", "2013-09-30": "0.51000", "2013-06-30": "0.37000", "2013-03-31": "0.46000", "2012-12-31": "0.40000", "2012-09-30": "0.43000", "2012-06-30": "0.40000", "2012-03-31": "0.53000", "2011-12-31": "0.38000", "2011-09-30": "0.16000", "2011-06-30": "0.40000", "2011-03-31": "0.44000", "2010-12-31": "0.34000", "2010-09-30": "0.47000", "2010-06-30": "0.23000", "2010-03-31": "0.12000", "2009-12-31": "", "2009-09-30": "-0.04000"}, "EPS - Earnings Per Share": {"2020-09-30": "0.52000", "2020-06-30": "0.49000", "2020-03-31": "-0.24000", "2019-12-31": "0.60000", "2019-09-30": "0.49000", "2019-06-30": "0.45000", "2019-03-31": "0.25000", "2018-12-31": "0.33000", "2018-09-30": "0.31000", "2018-06-30": "0.40000", "2018-03-31": "0.38000", "2017-12-31": "0.36000", "2017-09-30": "0.33000", "2017-06-30": "0.44000", "2017-03-31": "0.39000", "2016-12-31": "0.48000", "2016-09-30": "0.44000", "2016-06-30": "0.47000", "2016-03-31": "0.11000", "2015-12-31": "0.41000", "2015-09-30": "0.49000", "2015-06-30": "0.49000", "2015-03-31": "0.52000", "2014-12-31": "0.39000", "2014-09-30": "0.73000", "2014-06-30": "0.52000", "2014-03-31": "0.60000", "2013-12-31": "0.48000", "2013-09-30": "0.51000", "2013-06-30": "0.37000", "2013-03-31": "0.46000", "2012-12-31": "0.40000", "2012-09-30": "0.43000", "2012-06-30": "0.40000", "2012-03-31": "0.53000", "2011-12-31": "0.41000", "2011-09-30": "0.15000", "2011-06-30": "0.39000", "2011-03-31": "0.43000", "2010-12-31": "0.33000", "2010-09-30": "0.47000", "2010-06-30": "0.22000", "2010-03-31": "0.12000", "2009-12-31": "0.00000", "2009-09-30": "-0.04000"}}, "balance sheet": {"Cash On Hand": {"2019-12-31": "574.03100", "2018-12-31": "487.86500", "2017-12-31": "418.27300", "2016-12-31": "650.75490", "2015-12-31": "391.88400", "2014-12-31": "303.89100", "2013-12-31": "386.67900", "2012-12-31": "181.10000", "2011-12-31": "114.02700", "2010-12-31": "226.85400", "2009-12-31": "645.12900"}, "Receivables": {"2019-12-31": "64.08700", "2018-12-31": "60.35500", "2017-12-31": "47.74700", "2016-12-31": "28.22400", "2015-12-31": "34.31400", "2014-12-31": "40.10200", "2013-12-31": "37.63000", "2012-12-31": "24.12000", "2011-12-31": "15.17600", "2010-12-31": "31.77800", "2009-12-31": "2.18000"}, "Inventory": {"2019-12-31": "", "2018-12-31": "", "2017-12-31": "", "2016-12-31": "", "2015-12-31": "", "2014-12-31": "", "2013-12-31": "", "2012-12-31": "", "2011-12-31": "", "2010-12-31": "", "2009-12-31": ""}, "Pre-Paid Expenses": {"2019-12-31": "", "2018-12-31": "", "2017-12-31": "", "2016-12-31": "", "2015-12-31": "", "2014-12-31": "", "2013-12-31": "", "2012-12-31": "", "2011-12-31": "", "2010-12-31": "", "2009-12-31": ""}, "Other Current Assets": {"2019-12-31": "", "2018-12-31": "", "2017-12-31": "", "2016-12-31": "", "2015-12-31": "", "2014-12-31": "", "2013-12-31": "", "2012-12-31": "", "2011-12-31": "", "2010-12-31": "", "2009-12-31": ""}, "Total Current Assets": {"2019-12-31": "638.11800", "2018-12-31": "548.22000", "2017-12-31": "466.02000", "2016-12-31": "678.97890", "2015-12-31": "426.19800", "2014-12-31": "343.99300", "2013-12-31": "424.30900", "2012-12-31": "205.22000", "2011-12-31": "129.20300", "2010-12-31": "258.63200", "2009-12-31": "647.30900"}, "Property, Plant, And Equipment": {"2019-12-31": "2266.44000", "2018-12-31": "2784.89000", "2017-12-31": "2647.48100", "2016-12-31": "1944.72000", "2015-12-31": "919.22500", "2014-12-31": "39.85400", "2013-12-31": "749.21400", "2012-12-31": "99.11500", "2011-12-31": "", "2010-12-31": "", "2009-12-31": ""}, "Long-Term Investments": {"2019-12-31": "", "2018-12-31": "", "2017-12-31": "", "2016-12-31": "", "2015-12-31": "", "2014-12-31": "", "2013-12-31": "", "2012-12-31": "", "2011-12-31": "", "2010-12-31": "", "2009-12-31": ""}, "Goodwill And Intangible Assets": {"2019-12-31": "345.54600", "2018-12-31": "404.87900", "2017-12-31": "323.52900", "2016-12-31": "359.68500", "2015-12-31": "342.00700", "2014-12-31": "284.58900", "2013-12-31": "317.61000", "2012-12-31": "", "2011-12-31": "", "2010-12-31": "", "2009-12-31": ""}, "Other Long-Term Assets": {"2019-12-31": "74792.23000", "2018-12-31": "64524.46000", "2017-12-31": "59504.26000", "2016-12-31": "74272.88000", "2015-12-31": "84010.92000", "2014-12-31": "115430.90000", "2013-12-31": "109279.40000", "2012-12-31": "4020.03800", "2011-12-31": "2868.24400", "2010-12-31": "1842.77300", "2009-12-31": "461.47700"}, "Total Long-Term Assets": {"2019-12-31": "77404.22000", "2018-12-31": "67714.23000", "2017-12-31": "62475.27000", "2016-12-31": "76577.29000", "2015-12-31": "85272.16000", "2014-12-31": "115755.30000", "2013-12-31": "110346.30000", "2012-12-31": "4119.15300", "2011-12-31": "2868.24400", "2010-12-31": "1842.77300", "2009-12-31": "461.47700"}, "Total Assets": {"2019-12-31": "78042.34000", "2018-12-31": "68262.45000", "2017-12-31": "62941.29000", "2016-12-31": "77256.27000", "2015-12-31": "85698.35000", "2014-12-31": "116099.30000", "2013-12-31": "110770.60000", "2012-12-31": "4324.37300", "2011-12-31": "2997.44700", "2010-12-31": "2101.40500", "2009-12-31": "1108.78600"}, "Total Current Liabilities": {"2019-12-31": "212.00600", "2018-12-31": "217.66300", "2017-12-31": "185.11700", "2016-12-31": "198.13400", "2015-12-31": "156.80500", "2014-12-31": "144.51600", "2013-12-31": "225.37400", "2012-12-31": "30.09400", "2011-12-31": "5.05100", "2010-12-31": "5.52700", "2009-12-31": "1.03400"}, "Long Term Debt": {"2019-12-31": "11762.73000", "2018-12-31": "10756.64000", "2017-12-31": "7972.47600", "2016-12-31": "6200.67000", "2015-12-31": "5392.49400", "2014-12-31": "4685.25200", "2013-12-31": "3436.64900", "2012-12-31": "1393.70500", "2011-12-31": "1156.71600", "2010-12-31": "633.74500", "2009-12-31": "171.39400"}, "Other Non-Current Liabilities": {"2019-12-31": "60930.59000", "2018-12-31": "52387.96000", "2017-12-31": "50204.50000", "2016-12-31": "66297.39000", "2015-12-31": "75978.11000", "2014-12-31": "107386.60000", "2013-12-31": "102781.40000", "2012-12-31": "103.36900", "2011-12-31": "70.53300", "2010-12-31": "124.90400", "2009-12-31": "40.32300"}, "Total Long Term Liabilities": {"2019-12-31": "72693.31000", "2018-12-31": "63144.60000", "2017-12-31": "58176.97000", "2016-12-31": "72498.06000", "2015-12-31": "81370.60000", "2014-12-31": "112071.90000", "2013-12-31": "106218.10000", "2012-12-31": "1497.07400", "2011-12-31": "1227.24900", "2010-12-31": "758.64900", "2009-12-31": "211.71700"}, "Total Liabilities": {"2019-12-31": "72905.32000", "2018-12-31": "63362.27000", "2017-12-31": "58362.09000", "2016-12-31": "72696.20000", "2015-12-31": "81527.41000", "2014-12-31": "112216.40000", "2013-12-31": "106443.40000", "2012-12-31": "1527.16800", "2011-12-31": "1232.30000", "2010-12-31": "764.17600", "2009-12-31": "212.75100"}, "Common Stock Net": {"2019-12-31": "2.87400", "2018-12-31": "2.80800", "2017-12-31": "2.66000", "2016-12-31": "2.63900", "2015-12-31": "2.41000", "2014-12-31": "2.24800", "2013-12-31": "1.96100", "2012-12-31": "1.36100", "2011-12-31": "0.93800", "2010-12-31": "0.70600", "2009-12-31": "0.47600"}, "Retained Earnings (Accumulated Deficit)": {"2019-12-31": "-381.71900", "2018-12-31": "-348.99800", "2017-12-31": "-217.31200", "2016-12-31": "-115.57900", "2015-12-31": "-12.28600", "2014-12-31": "-9.37800", "2013-12-31": "-84.71900", "2012-12-31": "-72.40100", "2011-12-31": "-55.12900", "2010-12-31": "-19.30200", "2009-12-31": "-8.36600"}, "Comprehensive Income": {"2019-12-31": "50.93200", "2018-12-31": "58.66000", "2017-12-31": "69.92400", "2016-12-31": "36.13800", "2015-12-31": "29.72900", "2014-12-31": "55.89600", "2013-12-31": "75.44900", "2012-12-31": "79.67500", "2011-12-31": "-3.99800", "2010-12-31": "8.20300", "2009-12-31": ""}, "Other Share Holders Equity": {"2019-12-31": "", "2018-12-31": "", "2017-12-31": "", "2016-12-31": "", "2015-12-31": "", "2014-12-31": "", "2013-12-31": "", "2012-12-31": "", "2011-12-31": "", "2010-12-31": "", "2009-12-31": ""}, "Share Holder Equity": {"2019-12-31": "5137.01400", "2018-12-31": "4900.18900", "2017-12-31": "4579.20100", "2016-12-31": "4560.07300", "2015-12-31": "4170.94300", "2014-12-31": "3882.91200", "2013-12-31": "4327.13300", "2012-12-31": "2797.20500", "2011-12-31": "1765.14700", "2010-12-31": "1337.22900", "2009-12-31": "896.03500"}, "Total Liabilities And Share Holders Equity": {"2019-12-31": "78042.34000", "2018-12-31": "68262.45000", "2017-12-31": "62941.29000", "2016-12-31": "77256.27000", "2015-12-31": "85698.35000", "2014-12-31": "116099.30000", "2013-12-31": "110770.60000", "2012-12-31": "4324.37300", "2011-12-31": "2997.44700", "2010-12-31": "2101.40500", "2009-12-31": "1108.78600"}}, "balance sheet, quarterly": {"Cash On Hand": {"2020-09-30": "511.20600", "2020-06-30": "524.13100", "2020-03-31": "931.39300", "2019-12-31": "574.03100", "2019-09-30": "394.65800", "2019-06-30": "516.19800", "2019-03-31": "545.98400", "2018-12-31": "487.86500", "2018-09-30": "390.02100", "2018-06-30": "325.21300", "2018-03-31": "379.42100", "2017-12-31": "418.27300", "2017-09-30": "468.43600", "2017-06-30": "305.19300", "2017-03-31": "262.53400", "2016-12-31": "650.75490", "2016-09-30": "553.29200", "2016-06-30": "445.95100", "2016-03-31": "383.59400", "2015-12-31": "391.88400", "2015-09-30": "416.38800", "2015-06-30": "473.26900", "2015-03-31": "400.28800", "2014-12-31": "303.89100", "2014-09-30": "373.04700", "2014-06-30": "563.18800", "2014-03-31": "269.58800", "2013-12-31": "386.67900", "2013-09-30": "619.54000", "2013-06-30": "436.42500", "2013-03-31": "214.54300", "2012-12-31": "181.10000", "2012-09-30": "144.19900", "2012-06-30": "192.84100", "2012-03-31": "132.56500", "2011-12-31": "114.02700", "2011-09-30": "84.83500", "2011-06-30": "96.73000", "2011-03-31": "235.43300", "2010-12-31": "226.85400", "2010-09-30": "216.97300", "2010-06-30": "210.46900", "2010-03-31": "107.99400", "2009-12-31": "", "2009-09-30": "892.71400"}, "Receivables": {"2020-09-30": "78.03000", "2020-06-30": "71.74800", "2020-03-31": "58.53700", "2019-12-31": "64.08700", "2019-09-30": "51.77700", "2019-06-30": "61.38000", "2019-03-31": "60.31400", "2018-12-31": "60.35500", "2018-09-30": "52.91100", "2018-06-30": "54.66000", "2018-03-31": "41.25300", "2017-12-31": "47.74700", "2017-09-30": "35.04700", "2017-06-30": "33.34600", "2017-03-31": "32.75900", "2016-12-31": "28.22400", "2016-09-30": "26.74400", "2016-06-30": "30.03600", "2016-03-31": "35.97200", "2015-12-31": "34.31400", "2015-09-30": "36.04200", "2015-06-30": "38.35400", "2015-03-31": "39.12100", "2014-12-31": "40.10200", "2014-09-30": "35.06500", "2014-06-30": "37.48300", "2014-03-31": "34.51500", "2013-12-31": "37.63000", "2013-09-30": "20.95200", "2013-06-30": "25.50400", "2013-03-31": "227.10800", "2012-12-31": "24.12000", "2012-09-30": "18.31400", "2012-06-30": "19.17200", "2012-03-31": "15.85100", "2011-12-31": "15.17600", "2011-09-30": "14.06600", "2011-06-30": "11.86800", "2011-03-31": "10.93800", "2010-12-31": "31.77800", "2010-09-30": "18.15400", "2010-06-30": "7.18100", "2010-03-31": "6.02600", "2009-12-31": "", "2009-09-30": "1.02500"}, "Inventory": {"2020-09-30": "", "2020-06-30": "", "2020-03-31": "", "2019-12-31": "", "2019-09-30": "", "2019-06-30": "", "2019-03-31": "", "2018-12-31": "", "2018-09-30": "", "2018-06-30": "", "2018-03-31": "", "2017-12-31": "", "2017-09-30": "", "2017-06-30": "", "2017-03-31": "", "2016-12-31": "", "2016-09-30": "", "2016-06-30": "", "2016-03-31": "", "2015-12-31": "", "2015-09-30": "", "2015-06-30": "", "2015-03-31": "", "2014-12-31": "", "2014-09-30": "", "2014-06-30": "", "2014-03-31": "", "2013-12-31": "", "2013-09-30": "", "2013-06-30": "", "2013-03-31": "", "2012-12-31": "", "2012-09-30": "", "2012-06-30": "", "2012-03-31": "", "2011-12-31": "", "2011-09-30": "", "2011-06-30": "", "2011-03-31": "", "2010-12-31": "", "2010-09-30": "", "2010-06-30": "", "2010-03-31": "", "2009-12-31": "", "2009-09-30": ""}, "Pre-Paid Expenses": {"2020-09-30": "", "2020-06-30": "", "2020-03-31": "", "2019-12-31": "", "2019-09-30": "", "2019-06-30": "", "2019-03-31": "", "2018-12-31": "", "2018-09-30": "", "2018-06-30": "", "2018-03-31": "", "2017-12-31": "", "2017-09-30": "", "2017-06-30": "", "2017-03-31": "", "2016-12-31": "", "2016-09-30": "", "2016-06-30": "", "2016-03-31": "", "2015-12-31": "", "2015-09-30": "", "2015-06-30": "", "2015-03-31": "", "2014-12-31": "", "2014-09-30": "", "2014-06-30": "", "2014-03-31": "", "2013-12-31": "", "2013-09-30": "", "2013-06-30": "", "2013-03-31": "", "2012-12-31": "", "2012-09-30": "", "2012-06-30": "", "2012-03-31": "", "2011-12-31": "", "2011-09-30": "", "2011-06-30": "", "2011-03-31": "", "2010-12-31": "", "2010-09-30": "", "2010-06-30": "", "2010-03-31": "", "2009-12-31": "", "2009-09-30": ""}, "Other Current Assets": {"2020-09-30": "", "2020-06-30": "", "2020-03-31": "", "2019-12-31": "", "2019-09-30": "", "2019-06-30": "", "2019-03-31": "", "2018-12-31": "", "2018-09-30": "", "2018-06-30": "", "2018-03-31": "", "2017-12-31": "", "2017-09-30": "", "2017-06-30": "", "2017-03-31": "", "2016-12-31": "", "2016-09-30": "", "2016-06-30": "", "2016-03-31": "", "2015-12-31": "", "2015-09-30": "", "2015-06-30": "", "2015-03-31": "", "2014-12-31": "", "2014-09-30": "", "2014-06-30": "", "2014-03-31": "", "2013-12-31": "", "2013-09-30": "", "2013-06-30": "", "2013-03-31": "", "2012-12-31": "", "2012-09-30": "", "2012-06-30": "", "2012-03-31": "", "2011-12-31": "", "2011-09-30": "", "2011-06-30": "", "2011-03-31": "", "2010-12-31": "", "2010-09-30": "", "2010-06-30": "", "2010-03-31": "", "2009-12-31": "", "2009-09-30": ""}, "Total Current Assets": {"2020-09-30": "589.23600", "2020-06-30": "595.87900", "2020-03-31": "989.93000", "2019-12-31": "638.11800", "2019-09-30": "446.43500", "2019-06-30": "577.57800", "2019-03-31": "606.29800", "2018-12-31": "548.22000", "2018-09-30": "442.93200", "2018-06-30": "379.87300", "2018-03-31": "420.67400", "2017-12-31": "466.02000", "2017-09-30": "503.48300", "2017-06-30": "338.53900", "2017-03-31": "295.29300", "2016-12-31": "678.97890", "2016-09-30": "580.03600", "2016-06-30": "475.98700", "2016-03-31": "419.56600", "2015-12-31": "426.19800", "2015-09-30": "452.43000", "2015-06-30": "511.62300", "2015-03-31": "439.40900", "2014-12-31": "343.99300", "2014-09-30": "408.11200", "2014-06-30": "600.67100", "2014-03-31": "304.10300", "2013-12-31": "424.30900", "2013-09-30": "640.49200", "2013-06-30": "461.92900", "2013-03-31": "441.65100", "2012-12-31": "205.22000", "2012-09-30": "162.51300", "2012-06-30": "212.01300", "2012-03-31": "148.41600", "2011-12-31": "129.20300", "2011-09-30": "98.90100", "2011-06-30": "108.59800", "2011-03-31": "246.37100", "2010-12-31": "258.63200", "2010-09-30": "235.12700", "2010-06-30": "217.65000", "2010-03-31": "114.02000", "2009-12-31": "", "2009-09-30": "893.73900"}, "Property, Plant, And Equipment": {"2020-09-30": "2207.82200", "2020-06-30": "2224.32300", "2020-03-31": "2253.07000", "2019-12-31": "2266.44000", "2019-09-30": "2729.53800", "2019-06-30": "2771.96000", "2019-03-31": "2769.37400", "2018-12-31": "2784.89000", "2018-09-30": "2888.73700", "2018-06-30": "2936.68400", "2018-03-31": "2988.86400", "2017-12-31": "2647.48100", "2017-09-30": "2521.34200", "2017-06-30": "1960.49800", "2017-03-31": "1937.96800", "2016-12-31": "1944.72000", "2016-09-30": "1237.87900", "2016-06-30": "1232.85500", "2016-03-31": "1154.97500", "2015-12-31": "919.22500", "2015-09-30": "530.43800", "2015-06-30": "397.01600", "2015-03-31": "", "2014-12-31": "39.85400", "2014-09-30": "", "2014-06-30": "", "2014-03-31": "", "2013-12-31": "749.21400", "2013-09-30": "548.02200", "2013-06-30": "355.94000", "2013-03-31": "", "2012-12-31": "99.11500", "2012-09-30": "", "2012-06-30": "", "2012-03-31": "", "2011-12-31": "", "2011-09-30": "", "2011-06-30": "", "2011-03-31": "", "2010-12-31": "", "2010-09-30": "", "2010-06-30": "", "2010-03-31": "", "2009-12-31": "", "2009-09-30": ""}, "Long-Term Investments": {"2020-09-30": "", "2020-06-30": "", "2020-03-31": "", "2019-12-31": "", "2019-09-30": "", "2019-06-30": "", "2019-03-31": "", "2018-12-31": "", "2018-09-30": "", "2018-06-30": "", "2018-03-31": "", "2017-12-31": "", "2017-09-30": "", "2017-06-30": "", "2017-03-31": "", "2016-12-31": "", "2016-09-30": "", "2016-06-30": "", "2016-03-31": "", "2015-12-31": "", "2015-09-30": "", "2015-06-30": "", "2015-03-31": "", "2014-12-31": "", "2014-09-30": "", "2014-06-30": "", "2014-03-31": "", "2013-12-31": "", "2013-09-30": "", "2013-06-30": "", "2013-03-31": "", "2012-12-31": "", "2012-09-30": "", "2012-06-30": "", "2012-03-31": "", "2011-12-31": "", "2011-09-30": "", "2011-06-30": "", "2011-03-31": "", "2010-12-31": "", "2010-09-30": "", "2010-06-30": "", "2010-03-31": "", "2009-12-31": "", "2009-09-30": ""}, "Goodwill And Intangible Assets": {"2020-09-30": "333.98500", "2020-06-30": "336.13900", "2020-03-31": "341.85100", "2019-12-31": "345.54600", "2019-09-30": "379.79300", "2019-06-30": "389.32300", "2019-03-31": "396.68100", "2018-12-31": "404.87900", "2018-09-30": "410.37300", "2018-06-30": "307.12300", "2018-03-31": "320.06600", "2017-12-31": "323.52900", "2017-09-30": "322.30200", "2017-06-30": "331.80300", "2017-03-31": "342.53100", "2016-12-31": "359.68500", "2016-09-30": "295.82900", "2016-06-30": "317.49000", "2016-03-31": "320.91300", "2015-12-31": "342.00700", "2015-09-30": "331.51700", "2015-06-30": "316.04400", "2015-03-31": "279.23900", "2014-12-31": "284.58900", "2014-09-30": "286.22700", "2014-06-30": "297.28300", "2014-03-31": "308.49300", "2013-12-31": "317.61000", "2013-09-30": "294.83100", "2013-06-30": "291.49600", "2013-03-31": "", "2012-12-31": "", "2012-09-30": "", "2012-06-30": "", "2012-03-31": "", "2011-12-31": "", "2011-09-30": "", "2011-06-30": "", "2011-03-31": "", "2010-12-31": "", "2010-09-30": "", "2010-06-30": "", "2010-03-31": "", "2009-12-31": "", "2009-09-30": ""}, "Other Long-Term Assets": {"2020-09-30": "77486.59000", "2020-06-30": "76399.94000", "2020-03-31": "73992.34000", "2019-12-31": "74792.23000", "2019-09-30": "70878.33000", "2019-06-30": "69208.50000", "2019-03-31": "68393.23000", "2018-12-31": "64524.46000", "2018-09-30": "59179.44000", "2018-06-30": "56977.08000", "2018-03-31": "57397.25000", "2017-12-31": "59504.26000", "2017-09-30": "59359.14000", "2017-06-30": "61912.11000", "2017-03-31": "67902.95000", "2016-12-31": "74272.88000", "2016-09-30": "80807.41000", "2016-06-30": "87360.03000", "2016-03-31": "92540.85000", "2015-12-31": "84010.92000", "2015-09-30": "90505.02000", "2015-06-30": "100360.50000", "2015-03-31": "111262.20000", "2014-12-31": "115430.90000", "2014-09-30": "116199.60000", "2014-06-30": "120465.60000", "2014-03-31": "124559.80000", "2013-12-31": "109279.40000", "2013-09-30": "102591.20000", "2013-06-30": "102076.00000", "2013-03-31": "4169.31700", "2012-12-31": "4020.03800", "2012-09-30": "3642.83400", "2012-06-30": "3249.52200", "2012-03-31": "3093.09800", "2011-12-31": "2868.24400", "2011-09-30": "2398.36800", "2011-06-30": "2540.35900", "2011-03-31": "2146.02600", "2010-12-31": "1842.77300", "2010-09-30": "1250.67100", "2010-06-30": "1193.07500", "2010-03-31": "1025.86300", "2009-12-31": "", "2009-09-30": "209.04700"}, "Total Long-Term Assets": {"2020-09-30": "80028.40000", "2020-06-30": "78960.40000", "2020-03-31": "76587.26000", "2019-12-31": "77404.22000", "2019-09-30": "73987.66000", "2019-06-30": "72369.78000", "2019-03-31": "71559.29000", "2018-12-31": "67714.23000", "2018-09-30": "62478.55000", "2018-06-30": "60220.89000", "2018-03-31": "60706.18000", "2017-12-31": "62475.27000", "2017-09-30": "62202.79000", "2017-06-30": "64204.41000", "2017-03-31": "70183.45000", "2016-12-31": "76577.29000", "2016-09-30": "82341.13000", "2016-06-30": "88910.38000", "2016-03-31": "94016.74000", "2015-12-31": "85272.16000", "2015-09-30": "91366.98000", "2015-06-30": "101073.60000", "2015-03-31": "111541.40000", "2014-12-31": "115755.30000", "2014-09-30": "116485.80000", "2014-06-30": "120762.90000", "2014-03-31": "124868.30000", "2013-12-31": "110346.30000", "2013-09-30": "103434.10000", "2013-06-30": "102723.50000", "2013-03-31": "4169.31700", "2012-12-31": "4119.15300", "2012-09-30": "3642.83400", "2012-06-30": "3249.52200", "2012-03-31": "3093.09800", "2011-12-31": "2868.24400", "2011-09-30": "2398.36800", "2011-06-30": "2540.35900", "2011-03-31": "2146.02600", "2010-12-31": "1842.77300", "2010-09-30": "1250.67100", "2010-06-30": "1193.07500", "2010-03-31": "1025.86300", "2009-12-31": "", "2009-09-30": "209.04700"}, "Total Assets": {"2020-09-30": "80617.64000", "2020-06-30": "79556.28000", "2020-03-31": "77577.19000", "2019-12-31": "78042.34000", "2019-09-30": "74434.10000", "2019-06-30": "72947.36000", "2019-03-31": "72165.59000", "2018-12-31": "68262.45000", "2018-09-30": "62921.48000", "2018-06-30": "60600.76000", "2018-03-31": "61126.86000", "2017-12-31": "62941.29000", "2017-09-30": "62706.27000", "2017-06-30": "64542.95000", "2017-03-31": "70478.74000", "2016-12-31": "77256.27000", "2016-09-30": "82921.16000", "2016-06-30": "89386.36000", "2016-03-31": "94436.30000", "2015-12-31": "85698.35000", "2015-09-30": "91819.41000", "2015-06-30": "101585.20000", "2015-03-31": "111980.80000", "2014-12-31": "116099.30000", "2014-09-30": "116893.90000", "2014-06-30": "121363.50000", "2014-03-31": "125172.40000", "2013-12-31": "110770.60000", "2013-09-30": "104074.60000", "2013-06-30": "103185.40000", "2013-03-31": "4610.96800", "2012-12-31": "4324.37300", "2012-09-30": "3805.34700", "2012-06-30": "3461.53500", "2012-03-31": "3241.51400", "2011-12-31": "2997.44700", "2011-09-30": "2497.26900", "2011-06-30": "2648.95700", "2011-03-31": "2392.39700", "2010-12-31": "2101.40500", "2010-09-30": "1485.79800", "2010-06-30": "1410.72500", "2010-03-31": "1139.88300", "2009-12-31": "0.00000", "2009-09-30": "1102.78600"}, "Total Current Liabilities": {"2020-09-30": "201.49100", "2020-06-30": "211.72200", "2020-03-31": "221.66900", "2019-12-31": "212.00600", "2019-09-30": "234.12000", "2019-06-30": "221.43400", "2019-03-31": "193.14300", "2018-12-31": "217.66300", "2018-09-30": "214.90200", "2018-06-30": "189.67300", "2018-03-31": "157.56300", "2017-12-31": "185.11700", "2017-09-30": "203.78200", "2017-06-30": "171.44900", "2017-03-31": "151.40500", "2016-12-31": "198.13400", "2016-09-30": "174.12400", "2016-06-30": "140.61200", "2016-03-31": "139.28600", "2015-12-31": "156.80500", "2015-09-30": "137.78600", "2015-06-30": "141.08700", "2015-03-31": "112.95400", "2014-12-31": "144.51600", "2014-09-30": "154.05800", "2014-06-30": "140.80900", "2014-03-31": "137.83100", "2013-12-31": "225.37400", "2013-09-30": "189.17200", "2013-06-30": "175.11800", "2013-03-31": "18.73800", "2012-12-31": "30.09400", "2012-09-30": "8.86900", "2012-06-30": "5.65300", "2012-03-31": "5.05300", "2011-12-31": "5.05100", "2011-09-30": "5.18200", "2011-06-30": "7.30300", "2011-03-31": "5.50100", "2010-12-31": "5.52700", "2010-09-30": "2.58000", "2010-06-30": "2.00500", "2010-03-31": "5.86100", "2009-12-31": "", "2009-09-30": "0.69700"}, "Long Term Debt": {"2020-09-30": "12480.38000", "2020-06-30": "11698.19000", "2020-03-31": "12548.95000", "2019-12-31": "11762.73000", "2019-09-30": "11102.22000", "2019-06-30": "11209.60000", "2019-03-31": "11157.71000", "2018-12-31": "10756.64000", "2018-09-30": "10685.41000", "2018-06-30": "8546.65000", "2018-03-31": "7881.22000", "2017-12-31": "7972.47600", "2017-09-30": "7633.41800", "2017-06-30": "6790.00900", "2017-03-31": "6483.30100", "2016-12-31": "6200.67000", "2016-09-30": "5565.05700", "2016-06-30": "5905.31300", "2016-03-31": "5899.93700", "2015-12-31": "5392.49400", "2015-09-30": "5146.40700", "2015-06-30": "5032.05000", "2015-03-31": "5130.95900", "2014-12-31": "4685.25200", "2014-09-30": "3857.61000", "2014-06-30": "3707.92900", "2014-03-31": "3744.93900", "2013-12-31": "3436.64900", "2013-09-30": "2488.79800", "2013-06-30": "2451.75500", "2013-03-31": "1675.76600", "2012-12-31": "1393.70500", "2012-09-30": "1397.71800", "2012-06-30": "1118.14000", "2012-03-31": "1361.83800", "2011-12-31": "1156.71600", "2011-09-30": "657.75600", "2011-06-30": "751.31400", "2011-03-31": "858.42800", "2010-12-31": "633.74500", "2010-09-30": "507.03600", "2010-06-30": "449.54800", "2010-03-31": "196.35000", "2009-12-31": "", "2009-09-30": "171.50700"}, "Other Non-Current Liabilities": {"2020-09-30": "63050.08000", "2020-06-30": "62781.57000", "2020-03-31": "59989.22000", "2019-12-31": "60930.59000", "2019-09-30": "58184.75000", "2019-06-30": "56613.08000", "2019-03-31": "55897.77000", "2018-12-31": "52387.96000", "2018-09-30": "47138.89000", "2018-06-30": "47164.74000", "2018-03-31": "48383.39000", "2017-12-31": "50204.50000", "2017-09-30": "50329.34000", "2017-06-30": "53021.04000", "2017-03-31": "59300.68000", "2016-12-31": "66297.39000", "2016-09-30": "73076.59000", "2016-06-30": "79240.34000", "2016-03-31": "84306.22000", "2015-12-31": "75978.11000", "2015-09-30": "82334.03000", "2015-06-30": "92192.98000", "2015-03-31": "102856.80000", "2014-12-31": "107386.60000", "2014-09-30": "109018.30000", "2014-06-30": "113699.90000", "2014-03-31": "118073.90000", "2013-12-31": "102781.40000", "2013-09-30": "97083.18000", "2013-06-30": "96970.19000", "2013-03-31": "136.06500", "2012-12-31": "103.36900", "2012-09-30": "97.52200", "2012-06-30": "88.67400", "2012-03-31": "82.19200", "2011-12-31": "70.53300", "2011-09-30": "78.10400", "2011-06-30": "89.90700", "2011-03-31": "192.44000", "2010-12-31": "124.90400", "2010-09-30": "61.52800", "2010-06-30": "65.37700", "2010-03-31": "42.68300", "2009-12-31": "", "2009-09-30": "35.03500"}, "Total Long Term Liabilities": {"2020-09-30": "75530.45000", "2020-06-30": "74479.76000", "2020-03-31": "72538.17000", "2019-12-31": "72693.31000", "2019-09-30": "69286.97000", "2019-06-30": "67822.67000", "2019-03-31": "67055.48000", "2018-12-31": "63144.60000", "2018-09-30": "57824.30000", "2018-06-30": "55711.39000", "2018-03-31": "56264.61000", "2017-12-31": "58176.97000", "2017-09-30": "57962.75000", "2017-06-30": "59811.05000", "2017-03-31": "65783.98000", "2016-12-31": "72498.06000", "2016-09-30": "78641.65000", "2016-06-30": "85145.66000", "2016-03-31": "90206.16000", "2015-12-31": "81370.60000", "2015-09-30": "87480.44000", "2015-06-30": "97225.02000", "2015-03-31": "107987.70000", "2014-12-31": "112071.90000", "2014-09-30": "112875.90000", "2014-06-30": "117407.80000", "2014-03-31": "121818.90000", "2013-12-31": "106218.10000", "2013-09-30": "99571.98000", "2013-06-30": "99421.95000", "2013-03-31": "1811.83100", "2012-12-31": "1497.07400", "2012-09-30": "1495.24000", "2012-06-30": "1206.81400", "2012-03-31": "1444.03000", "2011-12-31": "1227.24900", "2011-09-30": "735.86000", "2011-06-30": "841.22100", "2011-03-31": "1050.86800", "2010-12-31": "758.64900", "2010-09-30": "568.56400", "2010-06-30": "514.92500", "2010-03-31": "239.03300", "2009-12-31": "", "2009-09-30": "206.54200"}, "Total Liabilities": {"2020-09-30": "75731.95000", "2020-06-30": "74691.48000", "2020-03-31": "72759.84000", "2019-12-31": "72905.32000", "2019-09-30": "69521.09000", "2019-06-30": "68044.11000", "2019-03-31": "67248.62000", "2018-12-31": "63362.27000", "2018-09-30": "58039.20000", "2018-06-30": "55901.07000", "2018-03-31": "56422.17000", "2017-12-31": "58362.09000", "2017-09-30": "58166.54000", "2017-06-30": "59982.50000", "2017-03-31": "65935.38000", "2016-12-31": "72696.20000", "2016-09-30": "78815.77000", "2016-06-30": "85286.27000", "2016-03-31": "90345.45000", "2015-12-31": "81527.41000", "2015-09-30": "87618.23000", "2015-06-30": "97366.11000", "2015-03-31": "108100.70000", "2014-12-31": "112216.40000", "2014-09-30": "113030.00000", "2014-06-30": "117548.70000", "2014-03-31": "121956.80000", "2013-12-31": "106443.40000", "2013-09-30": "99761.15000", "2013-06-30": "99597.06000", "2013-03-31": "1830.56900", "2012-12-31": "1527.16800", "2012-09-30": "1504.10900", "2012-06-30": "1212.46700", "2012-03-31": "1449.08300", "2011-12-31": "1232.30000", "2011-09-30": "741.04200", "2011-06-30": "848.52400", "2011-03-31": "1056.36900", "2010-12-31": "764.17600", "2010-09-30": "571.14400", "2010-06-30": "516.93000", "2010-03-31": "244.89400", "2009-12-31": "", "2009-09-30": "207.23900"}, "Common Stock Net": {"2020-09-30": "2.91800", "2020-06-30": "2.91600", "2020-03-31": "2.89400", "2019-12-31": "2.87400", "2019-09-30": "2.87100", "2019-06-30": "2.86400", "2019-03-31": "2.85500", "2018-12-31": "2.80800", "2018-09-30": "2.79300", "2018-06-30": "2.67500", "2018-03-31": "2.67100", "2017-12-31": "2.66000", "2017-09-30": "2.65400", "2017-06-30": "2.65200", "2017-03-31": "2.64800", "2016-12-31": "2.63900", "2016-09-30": "2.43000", "2016-06-30": "2.42700", "2016-03-31": "2.42200", "2015-12-31": "2.41000", "2015-09-30": "2.40700", "2015-06-30": "2.40200", "2015-03-31": "2.25500", "2014-12-31": "2.24800", "2014-09-30": "2.23600", "2014-06-30": "2.23200", "2014-03-31": "1.96700", "2013-12-31": "1.96100", "2013-09-30": "1.95900", "2013-06-30": "1.67000", "2013-03-31": "1.36300", "2012-12-31": "1.36100", "2012-09-30": "1.17500", "2012-06-30": "1.17300", "2012-03-31": "0.94000", "2011-12-31": "0.93800", "2011-09-30": "0.92600", "2011-06-30": "0.92600", "2011-03-31": "0.70600", "2010-12-31": "0.70600", "2010-09-30": "0.47600", "2010-06-30": "0.47600", "2010-03-31": "0.47600", "2009-12-31": "", "2009-09-30": "0.47600"}, "Retained Earnings (Accumulated Deficit)": {"2020-09-30": "-599.01400", "2020-06-30": "-614.09300", "2020-03-31": "-616.76500", "2019-12-31": "-381.71900", "2019-09-30": "-417.52900", "2019-06-30": "-421.85800", "2019-03-31": "-413.55300", "2018-12-31": "-348.99800", "2018-09-30": "-308.34300", "2018-06-30": "-260.76200", "2018-03-31": "-243.43800", "2017-12-31": "-217.31200", "2017-09-30": "-184.07300", "2017-06-30": "-146.86300", "2017-03-31": "-138.70000", "2016-12-31": "-115.57900", "2016-09-30": "-112.30300", "2016-06-30": "-103.37300", "2016-03-31": "-100.20100", "2015-12-31": "-12.28600", "2015-09-30": "5.84300", "2015-06-30": "4.12300", "2015-03-31": "2.55000", "2014-12-31": "-9.37800", "2014-09-30": "7.30200", "2014-06-30": "-49.68600", "2014-03-31": "-59.54200", "2013-12-31": "-84.71900", "2013-09-30": "-85.33900", "2013-06-30": "-84.92300", "2013-03-31": "-70.30500", "2012-12-31": "-72.40100", "2012-09-30": "-54.93800", "2012-06-30": "-53.52200", "2012-03-31": "-46.40900", "2011-12-31": "-55.12900", "2011-09-30": "-54.72600", "2011-06-30": "-27.64800", "2011-03-31": "-18.39400", "2010-12-31": "-19.30200", "2010-09-30": "-7.79400", "2010-06-30": "-14.43000", "2010-03-31": "-13.12300", "2009-12-31": "", "2009-09-30": "-7.26800"}, "Comprehensive Income": {"2020-09-30": "42.28500", "2020-06-30": "42.86600", "2020-03-31": "35.88400", "2019-12-31": "50.93200", "2019-09-30": "52.37700", "2019-06-30": "57.12400", "2019-03-31": "55.79800", "2018-12-31": "58.66000", "2018-09-30": "67.92000", "2018-06-30": "68.13400", "2018-03-31": "75.31000", "2017-12-31": "69.92400", "2017-09-30": "65.27100", "2017-06-30": "55.98100", "2017-03-31": "40.06700", "2016-12-31": "36.13800", "2016-09-30": "40.24800", "2016-06-30": "32.62700", "2016-03-31": "33.45700", "2015-12-31": "29.72900", "2015-09-30": "39.51000", "2015-06-30": "45.90100", "2015-03-31": "39.36200", "2014-12-31": "55.89600", "2014-09-30": "69.68100", "2014-06-30": "74.96200", "2014-03-31": "80.11500", "2013-12-31": "75.44900", "2013-09-30": "69.28700", "2013-06-30": "60.28500", "2013-03-31": "70.54400", "2012-12-31": "79.67500", "2012-09-30": "62.18300", "2012-06-30": "12.28700", "2012-03-31": "10.86300", "2011-12-31": "-3.99800", "2011-09-30": "-9.46500", "2011-06-30": "5.47900", "2011-03-31": "3.08600", "2010-12-31": "8.20300", "2010-09-30": "10.19800", "2010-06-30": "-1.94300", "2010-03-31": "-0.44700", "2009-12-31": "", "2009-09-30": ""}, "Other Share Holders Equity": {"2020-09-30": "", "2020-06-30": "", "2020-03-31": "", "2019-12-31": "", "2019-09-30": "", "2019-06-30": "", "2019-03-31": "", "2018-12-31": "", "2018-09-30": "", "2018-06-30": "", "2018-03-31": "", "2017-12-31": "", "2017-09-30": "", "2017-06-30": "", "2017-03-31": "", "2016-12-31": "", "2016-09-30": "", "2016-06-30": "", "2016-03-31": "", "2015-12-31": "", "2015-09-30": "", "2015-06-30": "", "2015-03-31": "", "2014-12-31": "", "2014-09-30": "", "2014-06-30": "", "2014-03-31": "", "2013-12-31": "", "2013-09-30": "", "2013-06-30": "", "2013-03-31": "", "2012-12-31": "", "2012-09-30": "", "2012-06-30": "", "2012-03-31": "", "2011-12-31": "", "2011-09-30": "", "2011-06-30": "", "2011-03-31": "", "2010-12-31": "", "2010-09-30": "", "2010-06-30": "", "2010-03-31": "", "2009-12-31": "", "2009-09-30": ""}, "Share Holder Equity": {"2020-09-30": "4885.69300", "2020-06-30": "4864.79600", "2020-03-31": "4817.35100", "2019-12-31": "5137.01400", "2019-09-30": "4913.01400", "2019-06-30": "4903.25100", "2019-03-31": "4916.96700", "2018-12-31": "4900.18900", "2018-09-30": "4882.27700", "2018-06-30": "4699.69100", "2018-03-31": "4704.68700", "2017-12-31": "4579.20100", "2017-09-30": "4539.73400", "2017-06-30": "4560.44900", "2017-03-31": "4543.35500", "2016-12-31": "4560.07300", "2016-09-30": "4105.38200", "2016-06-30": "4100.09300", "2016-03-31": "4090.86300", "2015-12-31": "4170.94300", "2015-09-30": "4201.18000", "2015-06-30": "4219.12500", "2015-03-31": "3880.11600", "2014-12-31": "3882.91200", "2014-09-30": "3863.96300", "2014-06-30": "3814.83300", "2014-03-31": "3215.64700", "2013-12-31": "4327.13300", "2013-09-30": "4313.42900", "2013-06-30": "3588.33300", "2013-03-31": "2780.39900", "2012-12-31": "2797.20500", "2012-09-30": "2301.23800", "2012-06-30": "2249.06800", "2012-03-31": "1792.43100", "2011-12-31": "1765.14700", "2011-09-30": "1756.22700", "2011-06-30": "1800.43300", "2011-03-31": "1336.02800", "2010-12-31": "1337.22900", "2010-09-30": "914.65400", "2010-06-30": "893.79500", "2010-03-31": "894.98900", "2009-12-31": "", "2009-09-30": "895.54700"}, "Total Liabilities And Share Holders Equity": {"2020-09-30": "80617.64000", "2020-06-30": "79556.28000", "2020-03-31": "77577.19000", "2019-12-31": "78042.34000", "2019-09-30": "74434.10000", "2019-06-30": "72947.36000", "2019-03-31": "72165.59000", "2018-12-31": "68262.45000", "2018-09-30": "62921.48000", "2018-06-30": "60600.76000", "2018-03-31": "61126.86000", "2017-12-31": "62941.29000", "2017-09-30": "62706.27000", "2017-06-30": "64542.95000", "2017-03-31": "70478.74000", "2016-12-31": "77256.27000", "2016-09-30": "82921.16000", "2016-06-30": "89386.36000", "2016-03-31": "94436.30000", "2015-12-31": "85698.35000", "2015-09-30": "91819.41000", "2015-06-30": "101585.20000", "2015-03-31": "111980.80000", "2014-12-31": "116099.30000", "2014-09-30": "116893.90000", "2014-06-30": "121363.50000", "2014-03-31": "125172.40000", "2013-12-31": "110770.60000", "2013-09-30": "104074.60000", "2013-06-30": "103185.40000", "2013-03-31": "4610.96800", "2012-12-31": "4324.37300", "2012-09-30": "3805.34700", "2012-06-30": "3461.53500", "2012-03-31": "3241.51400", "2011-12-31": "2997.44700", "2011-09-30": "2497.26900", "2011-06-30": "2648.95700", "2011-03-31": "2392.39700", "2010-12-31": "2101.40500", "2010-09-30": "1485.79800", "2010-06-30": "1410.72500", "2010-03-31": "1139.88300", "2009-12-31": "", "2009-09-30": "1102.78600"}}, "cash flow statement": {"Net Income/Loss": {"2019-12-31": "536.93500", "2018-12-31": "411.19700", "2017-12-31": "412.76700", "2016-12-31": "367.65100", "2015-12-31": "452.18300", "2014-12-31": "500.53800", "2013-12-31": "310.33000", "2012-12-31": "203.68200", "2011-12-31": "120.60800", "2010-12-31": "58.84200", "2009-12-31": "-2.58000"}, "Total Depreciation And Amortization - Cash Flow": {"2019-12-31": "110.06400", "2018-12-31": "117.10300", "2017-12-31": "77.43300", "2016-12-31": "34.51700", "2015-12-31": "1.26300", "2014-12-31": "-4.16800", "2013-12-31": "-43.34300", "2012-12-31": "-73.99200", "2011-12-31": "-42.14400", "2010-12-31": "-12.94900", "2009-12-31": "-0.64500"}, "Other Non-Cash Items": {"2019-12-31": "-141.81600", "2018-12-31": "-57.36200", "2017-12-31": "-17.57500", "2016-12-31": "13.21900", "2015-12-31": "28.59600", "2014-12-31": "-92.21700", "2013-12-31": "-72.04900", "2012-12-31": "-1.72900", "2011-12-31": "6.24600", "2010-12-31": "-2.71800", "2009-12-31": "2.42100"}, "Total Non-Cash Items": {"2019-12-31": "-31.75200", "2018-12-31": "59.74100", "2017-12-31": "59.85800", "2016-12-31": "47.73600", "2015-12-31": "29.85900", "2014-12-31": "-96.38500", "2013-12-31": "-115.39200", "2012-12-31": "-75.72100", "2011-12-31": "-35.89800", "2010-12-31": "-15.66700", "2009-12-31": "1.77600"}, "Change In Accounts Receivable": {"2019-12-31": "", "2018-12-31": "", "2017-12-31": "", "2016-12-31": "", "2015-12-31": "", "2014-12-31": "", "2013-12-31": "", "2012-12-31": "", "2011-12-31": "", "2010-12-31": "", "2009-12-31": ""}, "Change In Inventories": {"2019-12-31": "", "2018-12-31": "", "2017-12-31": "", "2016-12-31": "", "2015-12-31": "", "2014-12-31": "", "2013-12-31": "", "2012-12-31": "", "2011-12-31": "", "2010-12-31": "", "2009-12-31": ""}, "Change In Accounts Payable": {"2019-12-31": "", "2018-12-31": "", "2017-12-31": "", "2016-12-31": "", "2015-12-31": "", "2014-12-31": "", "2013-12-31": "", "2012-12-31": "", "2011-12-31": "", "2010-12-31": "", "2009-12-31": ""}, "Change In Assets/Liabilities": {"2019-12-31": "-512.92390", "2018-12-31": "89.37690", "2017-12-31": "-742.16600", "2016-12-31": "147.98400", "2015-12-31": "157.82200", "2014-12-31": "-142.49300", "2013-12-31": "95.97800", "2012-12-31": "113.68000", "2011-12-31": "1.06800", "2010-12-31": "-147.33900", "2009-12-31": "5.36300"}, "Total Change In Assets/Liabilities": {"2019-12-31": "-518.38190", "2018-12-31": "114.53190", "2017-12-31": "-719.46400", "2016-12-31": "141.24300", "2015-12-31": "123.63500", "2014-12-31": "-183.44400", "2013-12-31": "131.37590", "2012-12-31": "137.62100", "2011-12-31": "-5.30600", "2010-12-31": "-142.84600", "2009-12-31": "6.39700"}, "Cash Flow From Operating Activities": {"2019-12-31": "-13.19900", "2018-12-31": "585.47000", "2017-12-31": "-246.83900", "2016-12-31": "556.63000", "2015-12-31": "605.67700", "2014-12-31": "220.70900", "2013-12-31": "326.31400", "2012-12-31": "265.58200", "2011-12-31": "79.40400", "2010-12-31": "-99.67100", "2009-12-31": "5.59300"}, "Net Change In Property, Plant, And Equipment": {"2019-12-31": "313.03100", "2018-12-31": "257.10200", "2017-12-31": "-518.19100", "2016-12-31": "-15.96300", "2015-12-31": "33.65600", "2014-12-31": "-97.99600", "2013-12-31": "-628.48200", "2012-12-31": "-167.61200", "2011-12-31": "", "2010-12-31": "", "2009-12-31": ""}, "Net Change In Intangible Assets": {"2019-12-31": "", "2018-12-31": "", "2017-12-31": "", "2016-12-31": "", "2015-12-31": "", "2014-12-31": "", "2013-12-31": "", "2012-12-31": "", "2011-12-31": "", "2010-12-31": "", "2009-12-31": ""}, "Net Acquisitions/Divestitures": {"2019-12-31": "", "2018-12-31": "", "2017-12-31": "-17.63900", "2016-12-31": "-849.95000", "2015-12-31": "-544.22200", "2014-12-31": "", "2013-12-31": "-586.38300", "2012-12-31": "", "2011-12-31": "", "2010-12-31": "", "2009-12-31": ""}, "Net Change In Short-term Investments": {"2019-12-31": "", "2018-12-31": "", "2017-12-31": "", "2016-12-31": "", "2015-12-31": "", "2014-12-31": "", "2013-12-31": "", "2012-12-31": "", "2011-12-31": "", "2010-12-31": "", "2009-12-31": ""}, "Net Change In Long-Term Investments": {"2019-12-31": "-1102.94700", "2018-12-31": "-631.76120", "2017-12-31": "-505.91990", "2016-12-31": "-8.22510", "2015-12-31": "50.18310", "2014-12-31": "-1555.22300", "2013-12-31": "-1592.72000", "2012-12-31": "-1003.69200", "2011-12-31": "-983.70610", "2010-12-31": "-1165.71200", "2009-12-31": "-460.25300"}, "Net Change In Investments - Total": {"2019-12-31": "-1102.94700", "2018-12-31": "-631.76120", "2017-12-31": "-505.91990", "2016-12-31": "-8.22510", "2015-12-31": "50.18310", "2014-12-31": "-1555.22300", "2013-12-31": "-1592.72000", "2012-12-31": "-1003.69200", "2011-12-31": "-983.70610", "2010-12-31": "-1165.71200", "2009-12-31": "-460.25300"}, "Investing Activities - Other": {"2019-12-31": "14.04800", "2018-12-31": "-2146.15000", "2017-12-31": "5.19000", "2016-12-31": "73.60000", "2015-12-31": "40.34800", "2014-12-31": "-61.61100", "2013-12-31": "-20.01700", "2012-12-31": "-17.36100", "2011-12-31": "-18.35200", "2010-12-31": "", "2009-12-31": ""}, "Cash Flow From Investing Activities": {"2019-12-31": "-775.86800", "2018-12-31": "-2520.80900", "2017-12-31": "-1036.56000", "2016-12-31": "-800.53800", "2015-12-31": "-420.03500", "2014-12-31": "-1714.83000", "2013-12-31": "-2827.60200", "2012-12-31": "-1188.66500", "2011-12-31": "-1002.05800", "2010-12-31": "-1165.71200", "2009-12-31": "-460.25300"}, "Net Long-Term Debt": {"2019-12-31": "1307.63900", "2018-12-31": "2744.12500", "2017-12-31": "1575.48800", "2016-12-31": "510.63280", "2015-12-31": "65.87500", "2014-12-31": "1275.56700", "2013-12-31": "1472.40900", "2012-12-31": "238.03300", "2011-12-31": "523.85800", "2010-12-31": "462.35100", "2009-12-31": "171.39400"}, "Net Current Debt": {"2019-12-31": "", "2018-12-31": "", "2017-12-31": "", "2016-12-31": "", "2015-12-31": "", "2014-12-31": "", "2013-12-31": "", "2012-12-31": "", "2011-12-31": "", "2010-12-31": "", "2009-12-31": ""}, "Debt Issuance/Retirement Net - Total": {"2019-12-31": "1307.63900", "2018-12-31": "2744.12500", "2017-12-31": "1575.48800", "2016-12-31": "510.63280", "2015-12-31": "65.87500", "2014-12-31": "1275.56700", "2013-12-31": "1472.40900", "2012-12-31": "238.03300", "2011-12-31": "523.85800", "2010-12-31": "462.35100", "2009-12-31": "171.39400"}, "Net Common Equity Issued/Repurchased": {"2019-12-31": "0.76700", "2018-12-31": "-11.48200", "2017-12-31": "0.70200", "2016-12-31": "429.50700", "2015-12-31": "277.68200", "2014-12-31": "588.00500", "2013-12-31": "1513.51900", "2012-12-31": "875.73700", "2011-12-31": "466.09800", "2010-12-31": "453.79000", "2009-12-31": "951.49900"}, "Net Total Equity Issued/Repurchased": {"2019-12-31": "0.76700", "2018-12-31": "-11.48200", "2017-12-31": "0.70200", "2016-12-31": "429.50700", "2015-12-31": "277.68200", "2014-12-31": "588.00500", "2013-12-31": "1513.51900", "2012-12-31": "875.73700", "2011-12-31": "466.09800", "2010-12-31": "453.79000", "2009-12-31": "951.49900"}, "Total Common And Preferred Stock Dividends Paid": {"2019-12-31": "-538.42400", "2018-12-31": "-509.96600", "2017-12-31": "-501.66300", "2016-12-31": "-458.35100", "2015-12-31": "-446.84700", "2014-12-31": "-401.66100", "2013-12-31": "-300.97300", "2012-12-31": "-186.10200", "2011-12-31": "-142.85400", "2010-12-31": "-44.25000", "2009-12-31": ""}, "Financial Activities - Other": {"2019-12-31": "106.73900", "2018-12-31": "-217.95400", "2017-12-31": "-26.84300", "2016-12-31": "23.72400", "2015-12-31": "10.02800", "2014-12-31": "-24.39800", "2013-12-31": "-44.79300", "2012-12-31": "59.05900", "2011-12-31": "-37.27500", "2010-12-31": "-24.78300", "2009-12-31": "-23.10500"}, "Cash Flow From Financial Activities": {"2019-12-31": "876.72100", "2018-12-31": "2004.72400", "2017-12-31": "1047.68400", "2016-12-31": "505.51300", "2015-12-31": "-93.26200", "2014-12-31": "1437.51300", "2013-12-31": "2640.16200", "2012-12-31": "986.72700", "2011-12-31": "809.82700", "2010-12-31": "847.10800", "2009-12-31": "1099.78800"}, "Net Cash Flow": {"2019-12-31": "86.16600", "2018-12-31": "69.59200", "2017-12-31": "-232.48200", "2016-12-31": "258.87100", "2015-12-31": "87.99300", "2014-12-31": "-62.44000", "2013-12-31": "139.95600", "2012-12-31": "63.64400", "2011-12-31": "-112.82700", "2010-12-31": "-418.27500", "2009-12-31": "645.12800"}, "Stock-Based Compensation": {"2019-12-31": "36.15500", "2018-12-31": "22.75800", "2017-12-31": "18.15100", "2016-12-31": "32.63300", "2015-12-31": "32.14600", "2014-12-31": "28.62200", "2013-12-31": "16.34400", "2012-12-31": "16.16300", "2011-12-31": "13.74300", "2010-12-31": "7.52200", "2009-12-31": "2.42100"}, "Common Stock Dividends Paid": {"2019-12-31": "-538.42400", "2018-12-31": "-509.96600", "2017-12-31": "-501.66300", "2016-12-31": "-458.35100", "2015-12-31": "-446.84700", "2014-12-31": "-401.66100", "2013-12-31": "-300.97300", "2012-12-31": "-186.10200", "2011-12-31": "-142.85400", "2010-12-31": "-44.25000", "2009-12-31": "0.00000"}}, "cash flow statement, quarterly": {"Net Income/Loss": {"2020-09-30": 164.734, "2020-06-30": 152.961, "2020-03-31": "-66.26900", "2019-12-31": 177.98, "2019-09-30": 150.001, "2019-06-30": 132.446, "2019-03-31": "76.50800", "2018-12-31": 99.932, "2018-09-30": 89.381, "2018-06-30": 117.09, "2018-03-31": "104.79400", "2017-12-31": 93.881, "2017-09-30": 92.799, "2017-06-30": 123.233, "2017-03-31": "102.85400", "2016-12-31": 122.721, "2016-09-30": 105.813, "2016-06-30": 112.071, "2016-03-31": "27.04600", "2015-12-31": 96.648, "2015-09-30": 117.116, "2015-06-30": 117.64, "2015-03-31": "120.77900", "2014-12-31": 91.885, "2014-09-30": 167.39, "2014-06-30": 120.382, "2014-03-31": "120.88100", "2013-12-31": 96.149, "2013-09-30": 89.246, "2013-06-30": 61.511, "2013-03-31": "63.42400", "2012-12-31": 58.433, "2012-09-30": 50.342, "2012-06-30": 44.619, "2012-03-31": "50.28800", "2011-12-31": 41.068, "2011-09-30": 14.503, "2011-06-30": 33.312, "2011-03-31": "31.72500", "2010-12-31": 17.889, "2010-09-30": 23.283, "2010-06-30": 11.41, "2010-03-31": "6.26000", "2009-12-31": 1.771, "2009-09-30": -1.771}, "Total Depreciation And Amortization - Cash Flow": {"2020-09-30": 23.061, "2020-06-30": 23.067, "2020-03-31": "20.59700", "2019-12-31": 26.651, "2019-09-30": 28.678, "2019-06-30": 25.011, "2019-03-31": "29.72400", "2018-12-31": 28.48, "2018-09-30": 32.977, "2018-06-30": 34.091, "2018-03-31": "21.55500", "2017-12-31": 19.534, "2017-09-30": 18.298, "2017-06-30": 19.301, "2017-03-31": "20.30000", "2016-12-31": 8.093, "2016-09-30": 3.631, "2016-06-30": 8.852, "2016-03-31": "13.94100", "2015-12-31": 5.627, "2015-09-30": 3.344, "2015-06-30": 0.505, "2015-03-31": "-8.21300", "2014-12-31": -0.431, "2014-09-30": -3.388, "2014-06-30": -2.027, "2014-03-31": "1.67800", "2013-12-31": -12.49, "2013-09-30": -10.315, "2013-06-30": -7.875, "2013-03-31": "-12.66300", "2012-12-31": -17.129, "2012-09-30": -15.047, "2012-06-30": -15.489, "2012-03-31": "-26.32700", "2011-12-31": -12.956, "2011-09-30": -11.17, "2011-06-30": -10.258, "2011-03-31": "-7.76000", "2010-12-31": -5.261, "2010-09-30": -5.133, "2010-06-30": -1.355, "2010-03-31": "-1.20000", "2009-12-31": -0.001, "2009-09-30": 0.001}, "Other Non-Cash Items": {"2020-09-30": -76.895, "2020-06-30": -27.909, "2020-03-31": "187.92800", "2019-12-31": -111.48, "2019-09-30": -62.733, "2019-06-30": -18.921, "2019-03-31": "51.31800", "2018-12-31": -39.369, "2018-09-30": 6.599, "2018-06-30": -26.834, "2018-03-31": "2.24200", "2017-12-31": 35.961, "2017-09-30": -17.487, "2017-06-30": -31.241, "2017-03-31": "-4.80800", "2016-12-31": -51.975, "2016-09-30": -18.801, "2016-06-30": -11.745, "2016-03-31": "95.74000", "2015-12-31": 18.07, "2015-09-30": 12.877, "2015-06-30": 12.417, "2015-03-31": "-14.76800", "2014-12-31": 6.794, "2014-09-30": -56.259, "2014-06-30": -12.109, "2014-03-31": "-30.64300", "2013-12-31": -12.863, "2013-09-30": -21.803, "2013-06-30": -18.545, "2013-03-31": "-18.83800", "2012-12-31": 2.427, "2012-09-30": -1.573, "2012-06-30": 3.896, "2012-03-31": "-6.47900", "2011-12-31": -1.411, "2011-09-30": 20.109, "2011-06-30": -3.91, "2011-03-31": "-8.54200", "2010-12-31": 1.292, "2010-09-30": -7.212, "2010-06-30": 1.642, "2010-03-31": "1.56000", "2009-12-31": -0.822, "2009-09-30": 0.822}, "Total Non-Cash Items": {"2020-09-30": -53.834, "2020-06-30": -4.842, "2020-03-31": "208.52500", "2019-12-31": -84.829, "2019-09-30": -34.055, "2019-06-30": 6.09, "2019-03-31": "81.04200", "2018-12-31": -10.889, "2018-09-30": 39.576, "2018-06-30": 7.257, "2018-03-31": "23.79700", "2017-12-31": 55.495, "2017-09-30": 0.811, "2017-06-30": -11.94, "2017-03-31": "15.49200", "2016-12-31": -43.882, "2016-09-30": -15.17, "2016-06-30": -2.893, "2016-03-31": "109.68100", "2015-12-31": 23.697, "2015-09-30": 16.221, "2015-06-30": 12.922, "2015-03-31": "-22.98100", "2014-12-31": 6.363, "2014-09-30": -59.647, "2014-06-30": -14.136, "2014-03-31": "-28.96500", "2013-12-31": -25.353, "2013-09-30": -32.118, "2013-06-30": -26.42, "2013-03-31": "-31.50100", "2012-12-31": -14.702, "2012-09-30": -16.62, "2012-06-30": -11.593, "2012-03-31": "-32.80600", "2011-12-31": -14.367, "2011-09-30": 8.939, "2011-06-30": -14.168, "2011-03-31": "-16.30200", "2010-12-31": -3.969, "2010-09-30": -12.345, "2010-06-30": 0.287, "2010-03-31": "0.36000", "2009-12-31": -0.823, "2009-09-30": 0.823}, "Change In Accounts Receivable": {"2020-09-30": 0, "2020-06-30": 0, "2020-03-31": "", "2019-12-31": 0, "2019-09-30": 0, "2019-06-30": 0, "2019-03-31": "", "2018-12-31": 0, "2018-09-30": 0, "2018-06-30": 0, "2018-03-31": "", "2017-12-31": 0, "2017-09-30": 0, "2017-06-30": 0, "2017-03-31": "", "2016-12-31": 0, "2016-09-30": 0, "2016-06-30": 0, "2016-03-31": "", "2015-12-31": 0, "2015-09-30": 0, "2015-06-30": 0, "2015-03-31": "", "2014-12-31": 0, "2014-09-30": 0, "2014-06-30": 0, "2014-03-31": "", "2013-12-31": 0, "2013-09-30": 0, "2013-06-30": 0, "2013-03-31": "", "2012-12-31": 0, "2012-09-30": 0, "2012-06-30": 0, "2012-03-31": "", "2011-12-31": 0, "2011-09-30": 0, "2011-06-30": 0, "2011-03-31": "", "2010-12-31": 0, "2010-09-30": 0, "2010-06-30": 0, "2010-03-31": "", "2009-12-31": 0, "2009-09-30": 0}, "Change In Inventories": {"2020-09-30": 0, "2020-06-30": 0, "2020-03-31": "", "2019-12-31": 0, "2019-09-30": 0, "2019-06-30": 0, "2019-03-31": "", "2018-12-31": 0, "2018-09-30": 0, "2018-06-30": 0, "2018-03-31": "", "2017-12-31": 0, "2017-09-30": 0, "2017-06-30": 0, "2017-03-31": "", "2016-12-31": 0, "2016-09-30": 0, "2016-06-30": 0, "2016-03-31": "", "2015-12-31": 0, "2015-09-30": 0, "2015-06-30": 0, "2015-03-31": "", "2014-12-31": 0, "2014-09-30": 0, "2014-06-30": 0, "2014-03-31": "", "2013-12-31": 0, "2013-09-30": 0, "2013-06-30": 0, "2013-03-31": "", "2012-12-31": 0, "2012-09-30": 0, "2012-06-30": 0, "2012-03-31": "", "2011-12-31": 0, "2011-09-30": 0, "2011-06-30": 0, "2011-03-31": "", "2010-12-31": 0, "2010-09-30": 0, "2010-06-30": 0, "2010-03-31": "", "2009-12-31": 0, "2009-09-30": 0}, "Change In Accounts Payable": {"2020-09-30": 0, "2020-06-30": 0, "2020-03-31": "", "2019-12-31": 0, "2019-09-30": 0, "2019-06-30": 0, "2019-03-31": "", "2018-12-31": 0, "2018-09-30": 0, "2018-06-30": 0, "2018-03-31": "", "2017-12-31": 0, "2017-09-30": 0, "2017-06-30": 0, "2017-03-31": "", "2016-12-31": 0, "2016-09-30": 0, "2016-06-30": 0, "2016-03-31": "", "2015-12-31": 0, "2015-09-30": 0, "2015-06-30": 0, "2015-03-31": "", "2014-12-31": 0, "2014-09-30": 0, "2014-06-30": 0, "2014-03-31": "", "2013-12-31": 0, "2013-09-30": 0, "2013-06-30": 0, "2013-03-31": "", "2012-12-31": 0, "2012-09-30": 0, "2012-06-30": 0, "2012-03-31": "", "2011-12-31": 0, "2011-09-30": 0, "2011-06-30": 0, "2011-03-31": "", "2010-12-31": 0, "2010-09-30": 0, "2010-06-30": 0, "2010-03-31": "", "2009-12-31": 0, "2009-09-30": 0}, "Change In Assets/Liabilities": {"2020-09-30": -348.561, "2020-06-30": 427.886, "2020-03-31": "55.24000", "2019-12-31": 466.1651, "2019-09-30": -212.306, "2019-06-30": -539.502, "2019-03-31": "-227.28100", "2018-12-31": 319.6219, "2018-09-30": 170.445, "2018-06-30": -396.107, "2018-03-31": "-4.58300", "2017-12-31": -159.122, "2017-09-30": -5.605, "2017-06-30": -277.758, "2017-03-31": "-299.68100", "2016-12-31": 279.825, "2016-09-30": -63.541, "2016-06-30": -93.295, "2016-03-31": "24.99500", "2015-12-31": 234.621, "2015-09-30": -161.201, "2015-06-30": 44.772, "2015-03-31": "39.63000", "2014-12-31": -120.129, "2014-09-30": -84.431, "2014-06-30": 27.085, "2014-03-31": "34.98200", "2013-12-31": 82.215, "2013-09-30": -84.16, "2013-06-30": 80.975, "2013-03-31": "16.94800", "2012-12-31": -23.068, "2012-09-30": 6.547, "2012-06-30": -26.442, "2012-03-31": "156.64300", "2011-12-31": -12.196, "2011-09-30": 141.84, "2011-06-30": -67.013, "2011-03-31": "-61.56300", "2010-12-31": -130.841, "2010-09-30": -16.25, "2010-06-30": 3.844, "2010-03-31": "-4.09200", "2009-12-31": -0.122, "2009-09-30": 0.122}, "Total Change In Assets/Liabilities": {"2020-09-30": -354.489, "2020-06-30": 430.887, "2020-03-31": "48.47600", "2019-12-31": 463.4411, "2019-09-30": -202.887, "2019-06-30": -528.668, "2019-03-31": "-250.26800", "2018-12-31": 321.7799, "2018-09-30": 193.357, "2018-06-30": -364.41, "2018-03-31": "-36.19500", "2017-12-31": -173.787, "2017-09-30": 28.999, "2017-06-30": -260.309, "2017-03-31": "-314.36700", "2016-12-31": 276.621, "2016-09-30": -38.023, "2016-06-30": -91.757, "2016-03-31": "-5.59800", "2015-12-31": 225.645, "2015-09-30": -168.602, "2015-06-30": 50.244, "2015-03-31": "16.34800", "2014-12-31": -114.083, "2014-09-30": -101.641, "2014-06-30": 19.872, "2014-03-31": "12.40800", "2013-12-31": 81.5259, "2013-09-30": -78.466, "2013-06-30": 75.384, "2013-03-31": "52.93200", "2012-12-31": -9.6, "2012-09-30": 6.999, "2012-06-30": -16.423, "2012-03-31": "156.64500", "2011-12-31": -18.225, "2011-09-30": 139.719, "2011-06-30": -65.158, "2011-03-31": "-61.64200", "2010-12-31": -127.894, "2010-09-30": -15.675, "2010-06-30": 3.752, "2010-03-31": "-3.02900", "2009-12-31": -0.569, "2009-09-30": 0.569}, "Cash Flow From Operating Activities": {"2020-09-30": -243.589, "2020-06-30": 579.006, "2020-03-31": "190.73200", "2019-12-31": 556.592, "2019-09-30": -86.941, "2019-06-30": -390.132, "2019-03-31": "-92.71800", "2018-12-31": 410.823, "2018-09-30": 322.314, "2018-06-30": -240.063, "2018-03-31": "92.39600", "2017-12-31": -24.411, "2017-09-30": 122.609, "2017-06-30": -149.016, "2017-03-31": "-196.02100", "2016-12-31": 355.46, "2016-09-30": 52.62, "2016-06-30": 17.421, "2016-03-31": "131.12900", "2015-12-31": 345.99, "2015-09-30": -35.265, "2015-06-30": 180.806, "2015-03-31": "114.14600", "2014-12-31": -15.835, "2014-09-30": 6.102, "2014-06-30": 126.118, "2014-03-31": "104.32400", "2013-12-31": 152.322, "2013-09-30": -21.338, "2013-06-30": 110.475, "2013-03-31": "84.85500", "2012-12-31": 34.131, "2012-09-30": 40.721, "2012-06-30": 16.603, "2012-03-31": "174.12700", "2011-12-31": 8.476, "2011-09-30": 163.161, "2011-06-30": -46.014, "2011-03-31": "-46.21900", "2010-12-31": -113.974, "2010-09-30": -4.737, "2010-06-30": 15.449, "2010-03-31": "3.59100", "2009-12-31": 0.379, "2009-09-30": -0.379}, "Net Change In Property, Plant, And Equipment": {"2020-09-30": -4.009, "2020-06-30": 9.891, "2020-03-31": "", "2019-12-31": 283.672, "2019-09-30": 37.943, "2019-06-30": -10.047, "2019-03-31": "1.46300", "2018-12-31": 151.554, "2018-09-30": 46.17, "2018-06-30": 8.285, "2018-03-31": "51.09300", "2017-12-31": -562.41, "2017-09-30": 51.466, "2017-06-30": -7.247, "2017-03-31": "", "2016-12-31": -15.963, "2016-09-30": 0, "2016-06-30": 0, "2016-03-31": "", "2015-12-31": 0.6, "2015-09-30": 0, "2015-06-30": 18.178, "2015-03-31": "14.87800", "2014-12-31": -37.879, "2014-09-30": 0, "2014-06-30": 0, "2014-03-31": "-60.11700", "2013-12-31": -176.445, "2013-09-30": -193.817, "2013-06-30": -146.655, "2013-03-31": "-111.56500", "2012-12-31": -167.612, "2012-09-30": 0, "2012-06-30": 0, "2012-03-31": "", "2011-12-31": 0, "2011-09-30": 0, "2011-06-30": 0, "2011-03-31": "", "2010-12-31": 0, "2010-09-30": 0, "2010-06-30": 0, "2010-03-31": "", "2009-12-31": 0, "2009-09-30": 0}, "Net Change In Intangible Assets": {"2020-09-30": 0, "2020-06-30": 0, "2020-03-31": "", "2019-12-31": 0, "2019-09-30": 0, "2019-06-30": 0, "2019-03-31": "", "2018-12-31": 0, "2018-09-30": 0, "2018-06-30": 0, "2018-03-31": "", "2017-12-31": 0, "2017-09-30": 0, "2017-06-30": 0, "2017-03-31": "", "2016-12-31": 0, "2016-09-30": 0, "2016-06-30": 0, "2016-03-31": "", "2015-12-31": 0, "2015-09-30": 0, "2015-06-30": 0, "2015-03-31": "", "2014-12-31": 0, "2014-09-30": 0, "2014-06-30": 0, "2014-03-31": "", "2013-12-31": 0, "2013-09-30": 0, "2013-06-30": 0, "2013-03-31": "", "2012-12-31": 0, "2012-09-30": 0, "2012-06-30": 0, "2012-03-31": "", "2011-12-31": 0, "2011-09-30": 0, "2011-06-30": 0, "2011-03-31": "", "2010-12-31": 0, "2010-09-30": 0, "2010-06-30": 0, "2010-03-31": "", "2009-12-31": 0, "2009-09-30": 0}, "Net Acquisitions/Divestitures": {"2020-09-30": 0, "2020-06-30": 0, "2020-03-31": "", "2019-12-31": 0, "2019-09-30": 0, "2019-06-30": 0, "2019-03-31": "", "2018-12-31": 2011.428, "2018-09-30": -2011.428, "2018-06-30": 0, "2018-03-31": "", "2017-12-31": 0.555, "2017-09-30": -18.194, "2017-06-30": 0, "2017-03-31": "", "2016-12-31": -758.764, "2016-09-30": 0, "2016-06-30": -17.547, "2016-03-31": "-73.63900", "2015-12-31": -304.289, "2015-09-30": -239.933, "2015-06-30": 0, "2015-03-31": "", "2014-12-31": 0, "2014-09-30": 0, "2014-06-30": 0, "2014-03-31": "", "2013-12-31": 0, "2013-09-30": 0, "2013-06-30": -586.383, "2013-03-31": "", "2012-12-31": 0, "2012-09-30": 0, "2012-06-30": 0, "2012-03-31": "", "2011-12-31": 0, "2011-09-30": 0, "2011-06-30": 0, "2011-03-31": "", "2010-12-31": 0, "2010-09-30": 0, "2010-06-30": 0, "2010-03-31": "", "2009-12-31": 0, "2009-09-30": 0}, "Net Change In Short-term Investments": {"2020-09-30": 0, "2020-06-30": 0, "2020-03-31": "", "2019-12-31": 0, "2019-09-30": 0, "2019-06-30": 0, "2019-03-31": "", "2018-12-31": 0, "2018-09-30": 0, "2018-06-30": 0, "2018-03-31": "", "2017-12-31": 0, "2017-09-30": 0, "2017-06-30": 0, "2017-03-31": "", "2016-12-31": 0, "2016-09-30": 0, "2016-06-30": 0, "2016-03-31": "", "2015-12-31": 0, "2015-09-30": 0, "2015-06-30": 0, "2015-03-31": "", "2014-12-31": 0, "2014-09-30": 0, "2014-06-30": 0, "2014-03-31": "", "2013-12-31": 0, "2013-09-30": 0, "2013-06-30": 0, "2013-03-31": "", "2012-12-31": 0, "2012-09-30": 0, "2012-06-30": 0, "2012-03-31": "", "2011-12-31": 0, "2011-09-30": 0, "2011-06-30": 0, "2011-03-31": "", "2010-12-31": 0, "2010-09-30": 0, "2010-06-30": 0, "2010-03-31": "", "2009-12-31": 0, "2009-09-30": 0}, "Net Change In Long-Term Investments": {"2020-09-30": -359.083, "2020-06-30": 216.19, "2020-03-31": "-383.14000", "2019-12-31": -1482.6599, "2019-09-30": 169.0889, "2019-06-30": 430.824, "2019-03-31": "-220.20000", "2018-12-31": -106.3452, "2018-09-30": -455.8691, "2018-06-30": -403.5128, "2018-03-31": "333.96590", "2017-12-31": 415.4422, "2017-09-30": -688.8671, "2017-06-30": 38.976, "2017-03-31": "-271.47100", "2016-12-31": -559.8152, "2016-09-30": 539.6381, "2016-06-30": 255.429, "2016-03-31": "-243.47700", "2015-12-31": -96.4669, "2015-09-30": 252.396, "2015-06-30": 252.026, "2015-03-31": "-357.77200", "2014-12-31": -793.4352, "2014-09-30": -269.5418, "2014-06-30": -254.26, "2014-03-31": "-237.98600", "2013-12-31": -982.6651, "2013-09-30": -286.491, "2013-06-30": -232.4359, "2013-03-31": "-91.12800", "2012-12-31": -278.3349, "2012-09-30": -308.7401, "2012-06-30": -99.557, "2012-03-31": "-317.06000", "2011-12-31": -416.3682, "2011-09-30": -3.1659, "2011-06-30": -311.439, "2011-03-31": "-252.73300", "2010-12-31": -417.015, "2010-09-30": -32.249, "2010-06-30": -154.499, "2010-03-31": "-561.94900", "2009-12-31": 202.886, "2009-09-30": -202.886}, "Net Change In Investments - Total": {"2020-09-30": -359.083, "2020-06-30": 216.19, "2020-03-31": "-383.14000", "2019-12-31": -1482.6599, "2019-09-30": 169.0889, "2019-06-30": 430.824, "2019-03-31": "-220.20000", "2018-12-31": -106.3452, "2018-09-30": -455.8691, "2018-06-30": -403.5128, "2018-03-31": "333.96590", "2017-12-31": 415.4422, "2017-09-30": -688.8671, "2017-06-30": 38.976, "2017-03-31": "-271.47100", "2016-12-31": -559.8152, "2016-09-30": 539.6381, "2016-06-30": 255.429, "2016-03-31": "-243.47700", "2015-12-31": -96.4669, "2015-09-30": 252.396, "2015-06-30": 252.026, "2015-03-31": "-357.77200", "2014-12-31": -793.4352, "2014-09-30": -269.5418, "2014-06-30": -254.26, "2014-03-31": "-237.98600", "2013-12-31": -982.6651, "2013-09-30": -286.491, "2013-06-30": -232.4359, "2013-03-31": "-91.12800", "2012-12-31": -278.3349, "2012-09-30": -308.7401, "2012-06-30": -99.557, "2012-03-31": "-317.06000", "2011-12-31": -416.3682, "2011-09-30": -3.1659, "2011-06-30": -311.439, "2011-03-31": "-252.73300", "2010-12-31": -417.015, "2010-09-30": -32.249, "2010-06-30": -154.499, "2010-03-31": "-561.94900", "2009-12-31": 202.886, "2009-09-30": -202.886}, "Investing Activities - Other": {"2020-09-30": 33.892, "2020-06-30": -12.654, "2020-03-31": "-71.04300", "2019-12-31": 24.974, "2019-09-30": -9.654, "2019-06-30": 9.572, "2019-03-31": "-10.84400", "2018-12-31": -2164.909, "2018-09-30": 1.038, "2018-06-30": 7.353, "2018-03-31": "10.36800", "2017-12-31": 18.854, "2017-09-30": -0.125, "2017-06-30": 1.138, "2017-03-31": "-14.67700", "2016-12-31": 56.085, "2016-09-30": 9.489, "2016-06-30": 14.659, "2016-03-31": "-6.63300", "2015-12-31": -9.673, "2015-09-30": 96.807, "2015-06-30": -63.844, "2015-03-31": "17.05800", "2014-12-31": 31.714, "2014-09-30": 21.695, "2014-06-30": -10.653, "2014-03-31": "-104.36700", "2013-12-31": 23.972, "2013-09-30": -7.13, "2013-06-30": 41.696, "2013-03-31": "-78.55500", "2012-12-31": 12.243, "2012-09-30": -2.432, "2012-06-30": -27.172, "2012-03-31": "", "2011-12-31": -18.352, "2011-09-30": 0, "2011-06-30": 0, "2011-03-31": "", "2010-12-31": 0, "2010-09-30": 0, "2010-06-30": 0, "2010-03-31": "", "2009-12-31": 5, "2009-09-30": -5}, "Cash Flow From Investing Activities": {"2020-09-30": -329.2, "2020-06-30": 213.427, "2020-03-31": "-454.18300", "2019-12-31": -1174.014, "2019-09-30": 197.378, "2019-06-30": 430.349, "2019-03-31": "-229.58100", "2018-12-31": -108.272, "2018-09-30": -2420.089, "2018-06-30": -387.875, "2018-03-31": "395.42700", "2017-12-31": -127.559, "2017-09-30": -655.72, "2017-06-30": 32.867, "2017-03-31": "-286.14800", "2016-12-31": -1278.457, "2016-09-30": 549.127, "2016-06-30": 252.541, "2016-03-31": "-323.74900", "2015-12-31": -409.829, "2015-09-30": 109.27, "2015-06-30": 206.36, "2015-03-31": "-325.83600", "2014-12-31": -799.6, "2014-09-30": -247.847, "2014-06-30": -264.913, "2014-03-31": "-402.47000", "2013-12-31": -1135.138, "2013-09-30": -487.438, "2013-06-30": -923.778, "2013-03-31": "-281.24800", "2012-12-31": -433.704, "2012-09-30": -311.172, "2012-06-30": -126.729, "2012-03-31": "-317.06000", "2011-12-31": -434.72, "2011-09-30": -3.166, "2011-06-30": -311.439, "2011-03-31": "-252.73300", "2010-12-31": -417.015, "2010-09-30": -32.249, "2010-06-30": -154.499, "2010-03-31": "-561.94900", "2009-12-31": 207.886, "2009-09-30": -207.886}, "Net Long-Term Debt": {"2020-09-30": 700.1004, "2020-06-30": -1062.1702, "2020-03-31": "820.58400", "2019-12-31": 781.5516, "2019-09-30": -75.0576, "2019-06-30": 88.2398, "2019-03-31": "512.90520", "2018-12-31": -81.025, "2018-09-30": 2324.3648, "2018-06-30": 664.3342, "2018-03-31": "-163.54900", "2017-12-31": 290.23, "2017-09-30": 810.3449, "2017-06-30": 279.437, "2017-03-31": "195.47610", "2016-12-31": 692.543, "2016-09-30": -383.4654, "2016-06-30": -108.0418, "2016-03-31": "309.59700", "2015-12-31": 169.582, "2015-09-30": -8.7929, "2015-06-30": -523.583, "2015-03-31": "428.66890", "2014-12-31": 859.4349, "2014-09-30": 146.9621, "2014-06-30": -64.4001, "2014-03-31": "333.57010", "2013-12-31": 856.2049, "2013-09-30": 52.2151, "2013-06-30": 254.281, "2013-03-31": "309.70800", "2012-12-31": -3.638, "2012-09-30": 279.8, "2012-06-30": -243.472, "2012-03-31": "205.34300", "2011-12-31": 499.182, "2011-09-30": -122.353, "2011-06-30": -77.87, "2011-03-31": "224.89900", "2010-12-31": 126.709, "2010-09-30": 57.488, "2010-06-30": 253.198, "2010-03-31": "24.95600", "2009-12-31": -171.507, "2009-09-30": 171.507}, "Net Current Debt": {"2020-09-30": 0, "2020-06-30": 0, "2020-03-31": "", "2019-12-31": 0, "2019-09-30": 0, "2019-06-30": 0, "2019-03-31": "", "2018-12-31": 0, "2018-09-30": 0, "2018-06-30": 0, "2018-03-31": "", "2017-12-31": 0, "2017-09-30": 0, "2017-06-30": 0, "2017-03-31": "", "2016-12-31": 0, "2016-09-30": 0, "2016-06-30": 0, "2016-03-31": "", "2015-12-31": 0, "2015-09-30": 0, "2015-06-30": 0, "2015-03-31": "", "2014-12-31": 0, "2014-09-30": 0, "2014-06-30": 0, "2014-03-31": "", "2013-12-31": 0, "2013-09-30": 0, "2013-06-30": 0, "2013-03-31": "", "2012-12-31": 0, "2012-09-30": 0, "2012-06-30": 0, "2012-03-31": "", "2011-12-31": 0, "2011-09-30": 0, "2011-06-30": 0, "2011-03-31": "", "2010-12-31": 0, "2010-09-30": 0, "2010-06-30": 0, "2010-03-31": "", "2009-12-31": 0, "2009-09-30": 0}, "Debt Issuance/Retirement Net - Total": {"2020-09-30": 700.1004, "2020-06-30": -1062.1702, "2020-03-31": "820.58400", "2019-12-31": 781.5516, "2019-09-30": -75.0576, "2019-06-30": 88.2398, "2019-03-31": "512.90520", "2018-12-31": -81.025, "2018-09-30": 2324.3648, "2018-06-30": 664.3342, "2018-03-31": "-163.54900", "2017-12-31": 290.23, "2017-09-30": 810.3449, "2017-06-30": 279.437, "2017-03-31": "195.47610", "2016-12-31": 692.543, "2016-09-30": -383.4654, "2016-06-30": -108.0418, "2016-03-31": "309.59700", "2015-12-31": 169.582, "2015-09-30": -8.7929, "2015-06-30": -523.583, "2015-03-31": "428.66890", "2014-12-31": 859.4349, "2014-09-30": 146.9621, "2014-06-30": -64.4001, "2014-03-31": "333.57010", "2013-12-31": 856.2049, "2013-09-30": 52.2151, "2013-06-30": 254.281, "2013-03-31": "309.70800", "2012-12-31": -3.638, "2012-09-30": 279.8, "2012-06-30": -243.472, "2012-03-31": "205.34300", "2011-12-31": 499.182, "2011-09-30": -122.353, "2011-06-30": -77.87, "2011-03-31": "224.89900", "2010-12-31": 126.709, "2010-09-30": 57.488, "2010-06-30": 253.198, "2010-03-31": "24.95600", "2009-12-31": -171.507, "2009-09-30": 171.507}, "Net Common Equity Issued/Repurchased": {"2020-09-30": 0.142, "2020-06-30": 0.216, "2020-03-31": "-28.67700", "2019-12-31": 0.135, "2019-09-30": 0.253, "2019-06-30": 0.212, "2019-03-31": "0.16700", "2018-12-31": 0.149, "2018-09-30": 0.145, "2018-06-30": 0.155, "2018-03-31": "-11.93100", "2017-12-31": 0.161, "2017-09-30": 0.172, "2017-06-30": 0.186, "2017-03-31": "0.18300", "2016-12-31": 448.931, "2016-09-30": 0.122, "2016-06-30": 0.095, "2016-03-31": "-19.64100", "2015-12-31": -18.887, "2015-09-30": -27.459, "2015-06-30": 323.973, "2015-03-31": "0.05500", "2014-12-31": 4.906, "2014-09-30": 0.046, "2014-06-30": 583.053, "2014-03-31": "", "2013-12-31": 0, "2013-09-30": 691.151, "2013-06-30": 822.368, "2013-03-31": "", "2012-12-31": 418.416, "2012-09-30": 0, "2012-06-30": 457.321, "2012-03-31": "", "2011-12-31": -4.661, "2011-09-30": -5.981, "2011-06-30": 476.74, "2011-03-31": "", "2010-12-31": 453.79, "2010-09-30": 0, "2010-06-30": 0, "2010-03-31": "", "2009-12-31": -951.499, "2009-09-30": 951.499}, "Net Total Equity Issued/Repurchased": {"2020-09-30": 0.142, "2020-06-30": 0.216, "2020-03-31": "-28.67700", "2019-12-31": 0.135, "2019-09-30": 0.253, "2019-06-30": 0.212, "2019-03-31": "0.16700", "2018-12-31": 0.149, "2018-09-30": 0.145, "2018-06-30": 0.155, "2018-03-31": "-11.93100", "2017-12-31": 0.161, "2017-09-30": 0.172, "2017-06-30": 0.186, "2017-03-31": "0.18300", "2016-12-31": 448.931, "2016-09-30": 0.122, "2016-06-30": 0.095, "2016-03-31": "-19.64100", "2015-12-31": -18.887, "2015-09-30": -27.459, "2015-06-30": 323.973, "2015-03-31": "0.05500", "2014-12-31": 4.906, "2014-09-30": 0.046, "2014-06-30": 583.053, "2014-03-31": "", "2013-12-31": 0, "2013-09-30": 691.151, "2013-06-30": 822.368, "2013-03-31": "", "2012-12-31": 418.416, "2012-09-30": 0, "2012-06-30": 457.321, "2012-03-31": "", "2011-12-31": -4.661, "2011-09-30": -5.981, "2011-06-30": 476.74, "2011-03-31": "", "2010-12-31": 453.79, "2010-09-30": 0, "2010-06-30": 0, "2010-03-31": "", "2009-12-31": -951.499, "2009-09-30": 951.499}, "Total Common And Preferred Stock Dividends Paid": {"2020-09-30": -137.269, "2020-06-30": -135.735, "2020-03-31": "-135.88900", "2019-12-31": -135.905, "2019-09-30": -135.218, "2019-06-30": -134.786, "2019-03-31": "-132.51500", "2018-12-31": -131.87, "2018-09-30": -126.425, "2018-06-30": -125.941, "2018-03-31": "-125.73000", "2017-12-31": -125.602, "2017-09-30": -126.136, "2017-06-30": -125.419, "2017-03-31": "-124.50600", "2016-12-31": -114.681, "2016-09-30": -114.519, "2016-06-30": -114.527, "2016-03-31": "-114.62400", "2015-12-31": -114.824, "2015-09-30": -115.4, "2015-06-30": -108.434, "2015-03-31": "-108.18900", "2014-12-31": -108.054, "2014-09-30": -108.013, "2014-06-30": -95.423, "2014-03-31": "-90.17100", "2013-12-31": -90.13, "2013-09-30": -76.899, "2013-06-30": -60.148, "2013-03-31": "-73.79600", "2012-12-31": -51.629, "2012-09-30": -51.603, "2012-06-30": -41.439, "2012-03-31": "-41.43100", "2011-12-31": -41.556, "2011-09-30": -41.678, "2011-06-30": -30.539, "2011-03-31": "-29.08100", "2010-12-31": -16.047, "2010-09-30": -12.157, "2010-06-30": -10.697, "2010-03-31": "-5.34900", "2009-12-31": 0, "2009-09-30": 0}, "Financial Activities - Other": {"2020-09-30": -3.524, "2020-06-30": -1.76, "2020-03-31": "-35.93800", "2019-12-31": 149.799, "2019-09-30": -19.857, "2019-06-30": -23.318, "2019-03-31": "0.11500", "2018-12-31": 7.074, "2018-09-30": -35.274, "2018-06-30": 36.109, "2018-03-31": "-225.86300", "2017-12-31": -64.541, "2017-09-30": 11.315, "2017-06-30": 3.767, "2017-03-31": "22.61600", "2016-12-31": -4.225, "2016-09-30": 3.333, "2016-06-30": 17.038, "2016-03-31": "7.57800", "2015-12-31": -0.582, "2015-09-30": 4.764, "2015-06-30": 3.678, "2015-03-31": "2.16800", "2014-12-31": -10.258, "2014-09-30": 15.373, "2014-06-30": 6.953, "2014-03-31": "-36.46600", "2013-12-31": -2.64, "2013-09-30": 11.396, "2013-06-30": -9.433, "2013-03-31": "-44.11600", "2012-12-31": 69.896, "2012-09-30": -6.388, "2012-06-30": -2.008, "2012-03-31": "-2.44100", "2011-12-31": 2.471, "2011-09-30": -1.878, "2011-06-30": -36.84, "2011-03-31": "-1.02800", "2010-12-31": -23.582, "2010-09-30": -1.841, "2010-06-30": -0.976, "2010-03-31": "1.61600", "2009-12-31": 22.028, "2009-09-30": -22.028}, "Cash Flow From Financial Activities": {"2020-09-30": 559.449, "2020-06-30": -1199.449, "2020-03-31": "620.08000", "2019-12-31": 795.581, "2019-09-30": -229.88, "2019-06-30": -69.652, "2019-03-31": "380.67200", "2018-12-31": -205.671, "2018-09-30": 2162.811, "2018-06-30": 574.657, "2018-03-31": "-527.07300", "2017-12-31": 100.248, "2017-09-30": 695.696, "2017-06-30": 157.971, "2017-03-31": "93.76900", "2016-12-31": 1022.568, "2016-09-30": -494.529, "2016-06-30": -205.436, "2016-03-31": "182.91000", "2015-12-31": 35.289, "2015-09-30": -146.888, "2015-06-30": -304.366, "2015-03-31": "322.70300", "2014-12-31": 746.029, "2014-09-30": 54.368, "2014-06-30": 430.183, "2014-03-31": "206.93300", "2013-12-31": 763.435, "2013-09-30": 677.863, "2013-06-30": 1007.068, "2013-03-31": "191.79600", "2012-12-31": 433.045, "2012-09-30": 221.809, "2012-06-30": 170.402, "2012-03-31": "161.47100", "2011-12-31": 455.436, "2011-09-30": -171.89, "2011-06-30": 331.491, "2011-03-31": "194.79000", "2010-12-31": 540.87, "2010-09-30": 43.49, "2010-06-30": 241.525, "2010-03-31": "21.22300", "2009-12-31": -1100.978, "2009-09-30": 1100.978}, "Net Cash Flow": {"2020-09-30": -12.925, "2020-06-30": -407.262, "2020-03-31": "357.36200", "2019-12-31": 179.373, "2019-09-30": -121.54, "2019-06-30": -29.786, "2019-03-31": "58.11900", "2018-12-31": 97.844, "2018-09-30": 64.808, "2018-06-30": -54.208, "2018-03-31": "-38.85200", "2017-12-31": -50.163, "2017-09-30": 163.243, "2017-06-30": 42.659, "2017-03-31": "-388.22100", "2016-12-31": 97.463, "2016-09-30": 107.341, "2016-06-30": 62.357, "2016-03-31": "-8.29000", "2015-12-31": -29.588, "2015-09-30": -73.71, "2015-06-30": 85.758, "2015-03-31": "105.53300", "2014-12-31": -72.135, "2014-09-30": -191.305, "2014-06-30": 292.156, "2014-03-31": "-91.15600", "2013-12-31": -219.207, "2013-09-30": 170.047, "2013-06-30": 193.713, "2013-03-31": "-4.59700", "2012-12-31": 33.472, "2012-09-30": -48.642, "2012-06-30": 60.276, "2012-03-31": "18.53800", "2011-12-31": 29.192, "2011-09-30": -11.895, "2011-06-30": -25.962, "2011-03-31": "-104.16200", "2010-12-31": 9.881, "2010-09-30": 6.504, "2010-06-30": 102.475, "2010-03-31": "-537.13500", "2009-12-31": -892.713, "2009-09-30": 892.713}, "Stock-Based Compensation": {"2020-09-30": 6.261, "2020-06-30": 7.344, "2020-03-31": "8.80000", "2019-12-31": 9.791, "2019-09-30": 12.976, "2019-06-30": 7.025, "2019-03-31": "6.36300", "2018-12-31": 6.304, "2018-09-30": 5.849, "2018-06-30": 5.837, "2018-03-31": "4.76800", "2017-12-31": 4.861, "2017-09-30": 5.211, "2017-06-30": 4.92, "2017-03-31": "3.15900", "2016-12-31": 9.836, "2016-09-30": 8.137, "2016-06-30": 7.593, "2016-03-31": "7.06700", "2015-12-31": 5.691, "2015-09-30": 8.573, "2015-06-30": 10.391, "2015-03-31": "7.49100", "2014-12-31": 7.121, "2014-09-30": 6.77, "2014-06-30": 7.524, "2014-03-31": "7.20700", "2013-12-31": 3.474, "2013-09-30": 4.041, "2013-06-30": 4.173, "2013-03-31": "4.65600", "2012-12-31": 3.867, "2012-09-30": 4.236, "2012-06-30": 4.295, "2012-03-31": "3.76500", "2011-12-31": 3.311, "2011-09-30": 2.991, "2011-06-30": 3.557, "2011-03-31": "3.88400", "2010-12-31": 2.837, "2010-09-30": 1.779, "2010-06-30": 1.346, "2010-03-31": "1.56000", "2009-12-31": -0.822, "2009-09-30": 0.822}, "Common Stock Dividends Paid": {"2020-09-30": -137.269, "2020-06-30": -135.735, "2020-03-31": "-135.88900", "2019-12-31": -135.905, "2019-09-30": -135.218, "2019-06-30": -134.786, "2019-03-31": "-132.51500", "2018-12-31": -131.87, "2018-09-30": -126.425, "2018-06-30": -125.941, "2018-03-31": "-125.73000", "2017-12-31": -125.602, "2017-09-30": -126.136, "2017-06-30": -125.419, "2017-03-31": "-124.50600", "2016-12-31": -114.681, "2016-09-30": -114.519, "2016-06-30": -114.527, "2016-03-31": "-114.62400", "2015-12-31": -114.824, "2015-09-30": -115.4, "2015-06-30": -108.434, "2015-03-31": "-108.18900", "2014-12-31": -108.054, "2014-09-30": -108.013, "2014-06-30": -95.423, "2014-03-31": "-90.17100", "2013-12-31": -90.13, "2013-09-30": -76.899, "2013-06-30": -60.148, "2013-03-31": "-73.79600", "2012-12-31": -51.629, "2012-09-30": -51.603, "2012-06-30": -41.439, "2012-03-31": "-41.43100", "2011-12-31": -41.556, "2011-09-30": -41.678, "2011-06-30": -30.539, "2011-03-31": "-29.08100", "2010-12-31": -16.047, "2010-09-30": -12.157, "2010-06-30": -10.697, "2010-03-31": "-5.34900", "2009-12-31": 0, "2009-09-30": 0}}, "financial ratios": {"Current Ratio": {"2019-12-31": "", "2018-12-31": "", "2017-12-31": "", "2016-12-31": "", "2015-12-31": "", "2014-12-31": "", "2013-12-31": "", "2012-12-31": "", "2011-12-31": "", "2010-12-31": "", "2009-12-31": ""}, "Long-term Debt / Capital": {"2019-12-31": "0.69600", "2018-12-31": "0.68700", "2017-12-31": "0.63520", "2016-12-31": "0.57620", "2015-12-31": "0.56390", "2014-12-31": "0.54680", "2013-12-31": "0.44270", "2012-12-31": "0.33260", "2011-12-31": "0.39590", "2010-12-31": "0.32150", "2009-12-31": "0.16060"}, "Debt/Equity Ratio": {"2019-12-31": "2.28980", "2018-12-31": "2.19510", "2017-12-31": "1.74100", "2016-12-31": "1.35980", "2015-12-31": "1.29290", "2014-12-31": "1.20660", "2013-12-31": "0.79420", "2012-12-31": "0.49820", "2011-12-31": "0.65530", "2010-12-31": "0.47390", "2009-12-31": "0.19130"}, "Gross Margin": {"2019-12-31": "", "2018-12-31": "", "2017-12-31": "", "2016-12-31": "", "2015-12-31": "", "2014-12-31": "", "2013-12-31": "", "2012-12-31": "", "2011-12-31": "", "2010-12-31": "", "2009-12-31": ""}, "Operating Margin": {"2019-12-31": "13.92450", "2018-12-31": "11.86790", "2017-12-31": "16.43840", "2016-12-31": "17.01870", "2015-12-31": "27.12380", "2014-12-31": "31.13870", "2013-12-31": "32.08930", "2012-12-31": "60.37640", "2011-12-31": "61.04660", "2010-12-31": "50.98590", "2009-12-31": "-61.54180"}, "EBIT Margin": {"2019-12-31": "13.92450", "2018-12-31": "11.86790", "2017-12-31": "16.43840", "2016-12-31": "17.01870", "2015-12-31": "27.12380", "2014-12-31": "31.13870", "2013-12-31": "32.08930", "2012-12-31": "60.37640", "2011-12-31": "61.04660", "2010-12-31": "50.98590", "2009-12-31": "-61.54180"}, "EBITDA Margin": {"2019-12-31": "23.12390", "2018-12-31": "22.42460", "2017-12-31": "25.23870", "2016-12-31": "21.41760", "2015-12-31": "27.29550", "2014-12-31": "30.54570", "2013-12-31": "24.20150", "2012-12-31": "36.29780", "2011-12-31": "40.63320", "2010-12-31": "37.14020", "2009-12-31": "-70.85320"}, "Pre-Tax Profit Margin": {"2019-12-31": "45.98450", "2018-12-31": "38.45080", "2017-12-31": "50.49380", "2016-12-31": "47.91780", "2015-12-31": "63.78630", "2014-12-31": "74.86180", "2013-12-31": "64.41950", "2012-12-31": "67.21840", "2011-12-31": "58.80210", "2010-12-31": "63.37200", "2009-12-31": "-37.24560"}, "Net Profit Margin": {"2019-12-31": "42.59910", "2018-12-31": "34.78200", "2017-12-31": "45.54780", "2016-12-31": "46.27860", "2015-12-31": "60.77960", "2014-12-31": "70.42800", "2013-12-31": "55.51100", "2012-12-31": "65.47310", "2011-12-31": "57.82310", "2010-12-31": "59.51200", "2009-12-31": "-43.55420"}, "Asset Turnover": {"2019-12-31": "0.01530", "2018-12-31": "0.01630", "2017-12-31": "0.01400", "2016-12-31": "0.01020", "2015-12-31": "0.00860", "2014-12-31": "0.00610", "2013-12-31": "0.00500", "2012-12-31": "0.07110", "2011-12-31": "0.06890", "2010-12-31": "0.04450", "2009-12-31": "0.00620"}, "Inventory Turnover Ratio": {"2019-12-31": "", "2018-12-31": "", "2017-12-31": "", "2016-12-31": "", "2015-12-31": "", "2014-12-31": "", "2013-12-31": "", "2012-12-31": "", "2011-12-31": "", "2010-12-31": "", "2009-12-31": ""}, "Receiveable Turnover": {"2019-12-31": "", "2018-12-31": "", "2017-12-31": "", "2016-12-31": "", "2015-12-31": "", "2014-12-31": "", "2013-12-31": "", "2012-12-31": "", "2011-12-31": "", "2010-12-31": "", "2009-12-31": ""}, "Days Sales In Receivables": {"2019-12-31": "", "2018-12-31": "", "2017-12-31": "", "2016-12-31": "", "2015-12-31": "", "2014-12-31": "", "2013-12-31": "", "2012-12-31": "", "2011-12-31": "", "2010-12-31": "", "2009-12-31": ""}, "ROE - Return On Equity": {"2019-12-31": "10.45230", "2018-12-31": "8.39150", "2017-12-31": "9.01400", "2016-12-31": "8.06240", "2015-12-31": "10.84130", "2014-12-31": "12.93070", "2013-12-31": "7.62920", "2012-12-31": "7.35330", "2011-12-31": "6.83270", "2010-12-31": "4.40030", "2009-12-31": "-0.28790"}, "Return On Tangible Equity": {"2019-12-31": "11.20610", "2018-12-31": "9.14720", "2017-12-31": "9.69920", "2016-12-31": "8.75280", "2015-12-31": "11.80960", "2014-12-31": "13.95340", "2013-12-31": "8.23350", "2012-12-31": "7.35330", "2011-12-31": "6.83270", "2010-12-31": "4.40030", "2009-12-31": "-0.28790"}, "ROA - Return On Assets": {"2019-12-31": "0.68800", "2018-12-31": "0.60240", "2017-12-31": "0.65580", "2016-12-31": "0.47590", "2015-12-31": "0.52760", "2014-12-31": "0.43250", "2013-12-31": "0.29800", "2012-12-31": "4.75650", "2011-12-31": "4.02370", "2010-12-31": "2.80010", "2009-12-31": "-0.23270"}, "ROI - Return On Investment": {"2019-12-31": "3.17720", "2018-12-31": "2.62630", "2017-12-31": "3.28850", "2016-12-31": "3.41660", "2015-12-31": "4.72820", "2014-12-31": "5.85990", "2013-12-31": "4.25210", "2012-12-31": "4.90790", "2011-12-31": "4.12780", "2010-12-31": "2.98540", "2009-12-31": "-0.24170"}, "Book Value Per Share": {"2019-12-31": "18.20340", "2018-12-31": "17.77620", "2017-12-31": "17.51960", "2016-12-31": "17.58700", "2015-12-31": "17.56250", "2014-12-31": "17.37030", "2013-12-31": "22.13220", "2012-12-31": "20.64360", "2011-12-31": "13.08740", "2010-12-31": "18.82860", "2009-12-31": "18.83060"}, "Operating Cash Flow Per Share": {"2019-12-31": -2.0751, "2018-12-31": 2.9713, "2017-12-31": -3.2439, "2016-12-31": -0.2847, "2015-12-31": 1.578, "2014-12-31": -0.9511, "2013-12-31": -0.3752, "2012-12-31": 1.4162, "2011-12-31": 2.9114, "2010-12-31": -2.1077, "2009-12-31": 0.1152}, "Free Cash Flow Per Share": {"2019-12-31": -1.8858, "2018-12-31": 5.8398, "2017-12-31": -5.1552, "2016-12-31": -0.4944, "2015-12-31": 2.1696, "2014-12-31": 2.3758, "2013-12-31": -2.6763, "2012-12-31": -0.0575, "2011-12-31": 2.9114, "2010-12-31": -2.1077, "2009-12-31": 0.1152}}, "financial ratios, quarterly": {"Current Ratio": {"2020-09-30": "", "2020-06-30": "", "2020-03-31": "", "2019-12-31": "", "2019-09-30": "", "2019-06-30": "", "2019-03-31": "", "2018-12-31": "", "2018-09-30": "", "2018-06-30": "", "2018-03-31": "", "2017-12-31": "", "2017-09-30": "", "2017-06-30": "", "2017-03-31": "", "2016-12-31": "", "2016-09-30": "", "2016-06-30": "", "2016-03-31": "", "2015-12-31": "", "2015-09-30": "", "2015-06-30": "", "2015-03-31": "", "2014-12-31": "", "2014-09-30": "", "2014-06-30": "", "2014-03-31": "", "2013-12-31": "", "2013-09-30": "", "2013-06-30": "", "2013-03-31": "", "2012-12-31": "", "2012-09-30": "", "2012-06-30": "", "2012-03-31": "", "2011-12-31": "", "2011-09-30": "", "2011-06-30": "", "2011-03-31": "", "2010-12-31": "", "2010-09-30": "", "2010-06-30": "", "2010-03-31": "", "2009-12-31": "", "2009-09-30": ""}, "Long-term Debt / Capital": {"2020-09-30": "0.71870", "2020-06-30": "0.70630", "2020-03-31": "0.72260", "2019-12-31": "0.69600", "2019-09-30": "0.69320", "2019-06-30": "0.69570", "2019-03-31": "0.69410", "2018-12-31": "0.68700", "2018-09-30": "0.68640", "2018-06-30": "0.64520", "2018-03-31": "0.62620", "2017-12-31": "0.63520", "2017-09-30": "0.62710", "2017-06-30": "0.59820", "2017-03-31": "0.58800", "2016-12-31": "0.57620", "2016-09-30": "0.57550", "2016-06-30": "0.59020", "2016-03-31": "0.59050", "2015-12-31": "0.56390", "2015-09-30": "0.55060", "2015-06-30": "0.54390", "2015-03-31": "0.56940", "2014-12-31": "0.54680", "2014-09-30": "0.49960", "2014-06-30": "0.49290", "2014-03-31": "0.53800", "2013-12-31": "0.44270", "2013-09-30": "0.36590", "2013-06-30": "0.40590", "2013-03-31": "0.37610", "2012-12-31": "0.33260", "2012-09-30": "0.37790", "2012-06-30": "0.33210", "2012-03-31": "0.43170", "2011-12-31": "0.39590", "2011-09-30": "0.27250", "2011-06-30": "0.29440", "2011-03-31": "0.39120", "2010-12-31": "0.32150", "2010-09-30": "0.35660", "2010-06-30": "0.33460", "2010-03-31": "0.17990", "2009-12-31": "", "2009-09-30": "0.16070"}, "Debt/Equity Ratio": {"2020-09-30": "2.55450", "2020-06-30": "2.40470", "2020-03-31": "2.60490", "2019-12-31": "2.28980", "2019-09-30": "2.25980", "2019-06-30": "2.28620", "2019-03-31": "2.26920", "2018-12-31": "2.19510", "2018-09-30": "2.18860", "2018-06-30": "1.81860", "2018-03-31": "1.67520", "2017-12-31": "1.74100", "2017-09-30": "1.68150", "2017-06-30": "1.48890", "2017-03-31": "1.42700", "2016-12-31": "1.35980", "2016-09-30": "1.35560", "2016-06-30": "1.44030", "2016-03-31": "1.44220", "2015-12-31": "1.29290", "2015-09-30": "1.22500", "2015-06-30": "1.19270", "2015-03-31": "1.32240", "2014-12-31": "1.20660", "2014-09-30": "0.99840", "2014-06-30": "0.97200", "2014-03-31": "1.16460", "2013-12-31": "0.79420", "2013-09-30": "0.57700", "2013-06-30": "0.68330", "2013-03-31": "0.60270", "2012-12-31": "0.49820", "2012-09-30": "0.60740", "2012-06-30": "0.49720", "2012-03-31": "0.75980", "2011-12-31": "0.65530", "2011-09-30": "0.37450", "2011-06-30": "0.41730", "2011-03-31": "0.64250", "2010-12-31": "0.47390", "2010-09-30": "0.55430", "2010-06-30": "0.50300", "2010-03-31": "0.21940", "2009-12-31": "", "2009-09-30": "0.19150"}, "Gross Margin": {"2020-09-30": "", "2020-06-30": "", "2020-03-31": "", "2019-12-31": "", "2019-09-30": "", "2019-06-30": "", "2019-03-31": "", "2018-12-31": "", "2018-09-30": "", "2018-06-30": "", "2018-03-31": "", "2017-12-31": "", "2017-09-30": "", "2017-06-30": "", "2017-03-31": "", "2016-12-31": "", "2016-09-30": "", "2016-06-30": "", "2016-03-31": "", "2015-12-31": "", "2015-09-30": "", "2015-06-30": "", "2015-03-31": "", "2014-12-31": "", "2014-09-30": "", "2014-06-30": "", "2014-03-31": "", "2013-12-31": "", "2013-09-30": "", "2013-06-30": "", "2013-03-31": "", "2012-12-31": "", "2012-09-30": "", "2012-06-30": "", "2012-03-31": "", "2011-12-31": "", "2011-09-30": "", "2011-06-30": "", "2011-03-31": "", "2010-12-31": "", "2010-09-30": "", "2010-06-30": "", "2010-03-31": "", "2009-12-31": "", "2009-09-30": ""}, "Operating Margin": {"2020-09-30": "21.78880", "2020-06-30": "16.33020", "2020-03-31": "3.50170", "2019-12-31": "5.79760", "2019-09-30": "12.16870", "2019-06-30": "18.54610", "2019-03-31": "18.42020", "2018-12-31": "4.62930", "2018-09-30": "18.66270", "2018-06-30": "6.52110", "2018-03-31": "18.09910", "2017-12-31": "13.25980", "2017-09-30": "17.00640", "2017-06-30": "18.93380", "2017-03-31": "17.01740", "2016-12-31": "6.70280", "2016-09-30": "14.00210", "2016-06-30": "21.67040", "2016-03-31": "25.15330", "2015-12-31": "17.19930", "2015-09-30": "33.34880", "2015-06-30": "25.78590", "2015-03-31": "32.10640", "2014-12-31": "28.97340", "2014-09-30": "33.63000", "2014-06-30": "31.07700", "2014-03-31": "30.82350", "2013-12-31": "32.23400", "2013-09-30": "27.35050", "2013-06-30": "25.16230", "2013-03-31": "51.34690", "2012-12-31": "62.60870", "2012-09-30": "57.79150", "2012-06-30": "60.41280", "2012-03-31": "60.25440", "2011-12-31": "66.95030", "2011-09-30": "64.35070", "2011-06-30": "58.48700", "2011-03-31": "50.26910", "2010-12-31": "53.76920", "2010-09-30": "51.03420", "2010-06-30": "54.01310", "2010-03-31": "40.26370", "2009-12-31": "", "2009-09-30": "-272.13870"}, "EBIT Margin": {"2020-09-30": "21.78880", "2020-06-30": "16.33020", "2020-03-31": "3.50170", "2019-12-31": "5.79760", "2019-09-30": "12.16870", "2019-06-30": "18.54610", "2019-03-31": "18.42020", "2018-12-31": "4.62930", "2018-09-30": "18.66270", "2018-06-30": "6.52110", "2018-03-31": "18.09910", "2017-12-31": "13.25980", "2017-09-30": "17.00640", "2017-06-30": "18.93380", "2017-03-31": "17.01740", "2016-12-31": "6.70280", "2016-09-30": "14.00210", "2016-06-30": "21.67040", "2016-03-31": "25.15330", "2015-12-31": "17.19920", "2015-09-30": "33.34880", "2015-06-30": "25.78590", "2015-03-31": "32.10640", "2014-12-31": "28.97340", "2014-09-30": "33.63000", "2014-06-30": "31.07700", "2014-03-31": "30.82350", "2013-12-31": "32.23400", "2013-09-30": "27.35050", "2013-06-30": "25.16230", "2013-03-31": "51.34690", "2012-12-31": "62.60870", "2012-09-30": "57.79150", "2012-06-30": "60.41280", "2012-03-31": "60.25440", "2011-12-31": "66.95040", "2011-09-30": "64.35070", "2011-06-30": "58.48700", "2011-03-31": "50.26910", "2010-12-31": "53.76920", "2010-09-30": "51.03420", "2010-06-30": "54.01310", "2010-03-31": "40.26370", "2009-12-31": "", "2009-09-30": "-272.13870"}, "EBITDA Margin": {"2020-09-30": "", "2020-06-30": "", "2020-03-31": "", "2019-12-31": "", "2019-09-30": "", "2019-06-30": "", "2019-03-31": "", "2018-12-31": "", "2018-09-30": "", "2018-06-30": "", "2018-03-31": "", "2017-12-31": "", "2017-09-30": "", "2017-06-30": "", "2017-03-31": "", "2016-12-31": "", "2016-09-30": "", "2016-06-30": "", "2016-03-31": "", "2015-12-31": "", "2015-09-30": "", "2015-06-30": "", "2015-03-31": "", "2014-12-31": "", "2014-09-30": "", "2014-06-30": "", "2014-03-31": "", "2013-12-31": "", "2013-09-30": "", "2013-06-30": "", "2013-03-31": "", "2012-12-31": "", "2012-09-30": "", "2012-06-30": "", "2012-03-31": "", "2011-12-31": "", "2011-09-30": "", "2011-06-30": "", "2011-03-31": "", "2010-12-31": "", "2010-09-30": "", "2010-06-30": "", "2010-03-31": "", "2009-12-31": "", "2009-09-30": ""}, "Pre-Tax Profit Margin": {"2020-09-30": "67.14990", "2020-06-30": "57.10070", "2020-03-31": "-23.35490", "2019-12-31": "63.83180", "2019-09-30": "53.58930", "2019-06-30": "43.69770", "2019-03-31": "24.74940", "2018-12-31": "34.34760", "2018-09-30": "34.18110", "2018-06-30": "44.67830", "2018-03-31": "41.31060", "2017-12-31": "44.11200", "2017-09-30": "45.25130", "2017-06-30": "62.71480", "2017-03-31": "51.26360", "2016-12-31": "69.16740", "2016-09-30": "52.99330", "2016-06-30": "56.39080", "2016-03-31": "13.88290", "2015-12-31": "46.41530", "2015-09-30": "64.94630", "2015-06-30": "67.96820", "2015-03-31": "76.45000", "2014-12-31": "57.19270", "2014-09-30": "94.40810", "2014-06-30": "73.00670", "2014-03-31": "74.45790", "2013-12-31": "56.50560", "2013-09-30": "70.92470", "2013-06-30": "58.69550", "2013-03-31": "78.95230", "2012-12-31": "69.01120", "2012-09-30": "69.40150", "2012-06-30": "64.91610", "2012-03-31": "65.19060", "2011-12-31": "68.44130", "2011-09-30": "24.17610", "2011-06-30": "70.86660", "2011-03-31": "80.16020", "2010-12-31": "59.63120", "2010-09-30": "84.35920", "2010-06-30": "53.68030", "2010-03-31": "44.61870", "2009-12-31": "", "2009-09-30": "-204.73990"}, "Net Profit Margin": {"2020-09-30": "56.13230", "2020-06-30": "52.58010", "2020-03-31": "-21.36200", "2019-12-31": "60.42500", "2019-09-30": "48.27490", "2019-06-30": "40.81740", "2019-03-31": "22.66910", "2018-12-31": "32.08260", "2018-09-30": "29.24760", "2018-06-30": "40.13860", "2018-03-31": "38.34880", "2017-12-31": "38.47600", "2017-09-30": "38.99510", "2017-06-30": "55.08940", "2017-03-31": "51.50870", "2016-12-31": "64.63520", "2016-09-30": "51.66750", "2016-06-30": "55.73870", "2016-03-31": "13.63580", "2015-12-31": "49.94930", "2015-09-30": "60.75360", "2015-06-30": "65.57040", "2015-03-31": "67.29870", "2014-12-31": "52.15970", "2014-09-30": "90.03900", "2014-06-30": "69.02960", "2014-03-31": "70.12540", "2013-12-31": "52.57260", "2013-09-30": "58.08820", "2013-06-30": "44.96630", "2013-03-31": "74.09090", "2012-12-31": "65.50300", "2012-09-30": "68.43400", "2012-06-30": "64.01540", "2012-03-31": "63.95330", "2011-12-31": "68.50230", "2011-09-30": "24.05720", "2011-06-30": "67.31440", "2011-03-31": "79.45780", "2010-12-31": "53.30150", "2010-09-30": "81.59650", "2010-06-30": "50.86260", "2010-03-31": "42.34500", "2009-12-31": "", "2009-09-30": "-221.84970"}, "Asset Turnover": {"2020-09-30": "0.00330", "2020-06-30": "0.00330", "2020-03-31": "0.00400", "2019-12-31": "0.00370", "2019-09-30": "0.00390", "2019-06-30": "0.00430", "2019-03-31": "0.00430", "2018-12-31": "0.00430", "2018-09-30": "0.00450", "2018-06-30": "0.00440", "2018-03-31": "0.00430", "2017-12-31": "0.00390", "2017-09-30": "0.00360", "2017-06-30": "0.00330", "2017-03-31": "0.00280", "2016-12-31": "0.00240", "2016-09-30": "0.00250", "2016-06-30": "0.00220", "2016-03-31": "0.00210", "2015-12-31": "0.00220", "2015-09-30": "0.00210", "2015-06-30": "0.00180", "2015-03-31": "0.00160", "2014-12-31": "0.00150", "2014-09-30": "0.00160", "2014-06-30": "0.00140", "2014-03-31": "0.00140", "2013-12-31": "0.00160", "2013-09-30": "0.00140", "2013-06-30": "0.00130", "2013-03-31": "0.01820", "2012-12-31": "0.02030", "2012-09-30": "0.01920", "2012-06-30": "0.01990", "2012-03-31": "0.02400", "2011-12-31": "0.02020", "2011-09-30": "0.02330", "2011-06-30": "0.01820", "2011-03-31": "0.01650", "2010-12-31": "0.01440", "2010-09-30": "0.01870", "2010-06-30": "0.01510", "2010-03-31": "0.01230", "2009-12-31": "", "2009-09-30": "0.00080"}, "Inventory Turnover Ratio": {"2020-09-30": "", "2020-06-30": "", "2020-03-31": "", "2019-12-31": "", "2019-09-30": "", "2019-06-30": "", "2019-03-31": "", "2018-12-31": "", "2018-09-30": "", "2018-06-30": "", "2018-03-31": "", "2017-12-31": "", "2017-09-30": "", "2017-06-30": "", "2017-03-31": "", "2016-12-31": "", "2016-09-30": "", "2016-06-30": "", "2016-03-31": "", "2015-12-31": "", "2015-09-30": "", "2015-06-30": "", "2015-03-31": "", "2014-12-31": "", "2014-09-30": "", "2014-06-30": "", "2014-03-31": "", "2013-12-31": "", "2013-09-30": "", "2013-06-30": "", "2013-03-31": "", "2012-12-31": "", "2012-09-30": "", "2012-06-30": "", "2012-03-31": "", "2011-12-31": "", "2011-09-30": "", "2011-06-30": "", "2011-03-31": "", "2010-12-31": "", "2010-09-30": "", "2010-06-30": "", "2010-03-31": "", "2009-12-31": "", "2009-09-30": ""}, "Receiveable Turnover": {"2020-09-30": "", "2020-06-30": "", "2020-03-31": "", "2019-12-31": "", "2019-09-30": "", "2019-06-30": "", "2019-03-31": "", "2018-12-31": "", "2018-09-30": "", "2018-06-30": "", "2018-03-31": "", "2017-12-31": "", "2017-09-30": "", "2017-06-30": "", "2017-03-31": "", "2016-12-31": "", "2016-09-30": "", "2016-06-30": "", "2016-03-31": "", "2015-12-31": "", "2015-09-30": "", "2015-06-30": "", "2015-03-31": "", "2014-12-31": "", "2014-09-30": "", "2014-06-30": "", "2014-03-31": "", "2013-12-31": "", "2013-09-30": "", "2013-06-30": "", "2013-03-31": "", "2012-12-31": "", "2012-09-30": "", "2012-06-30": "", "2012-03-31": "", "2011-12-31": "", "2011-09-30": "", "2011-06-30": "", "2011-03-31": "", "2010-12-31": "", "2010-09-30": "", "2010-06-30": "", "2010-03-31": "", "2009-12-31": "", "2009-09-30": ""}, "Days Sales In Receivables": {"2020-09-30": "", "2020-06-30": "", "2020-03-31": "", "2019-12-31": "", "2019-09-30": "", "2019-06-30": "", "2019-03-31": "", "2018-12-31": "", "2018-09-30": "", "2018-06-30": "", "2018-03-31": "", "2017-12-31": "", "2017-09-30": "", "2017-06-30": "", "2017-03-31": "", "2016-12-31": "", "2016-09-30": "", "2016-06-30": "", "2016-03-31": "", "2015-12-31": "", "2015-09-30": "", "2015-06-30": "", "2015-03-31": "", "2014-12-31": "", "2014-09-30": "", "2014-06-30": "", "2014-03-31": "", "2013-12-31": "", "2013-09-30": "", "2013-06-30": "", "2013-03-31": "", "2012-12-31": "", "2012-09-30": "", "2012-06-30": "", "2012-03-31": "", "2011-12-31": "", "2011-09-30": "", "2011-06-30": "", "2011-03-31": "", "2010-12-31": "", "2010-09-30": "", "2010-06-30": "", "2010-03-31": "", "2009-12-31": "", "2009-09-30": ""}, "ROE - Return On Equity": {"2020-09-30": "3.37180", "2020-06-30": "3.14420", "2020-03-31": "-1.37560", "2019-12-31": "3.46470", "2019-09-30": "3.05310", "2019-06-30": "2.70120", "2019-03-31": "1.55600", "2018-12-31": "2.03940", "2018-09-30": "1.83070", "2018-06-30": "2.49140", "2018-03-31": "2.22740", "2017-12-31": "2.05020", "2017-09-30": "2.04420", "2017-06-30": "2.70220", "2017-03-31": "2.26380", "2016-12-31": "2.69120", "2016-09-30": "2.57740", "2016-06-30": "2.73340", "2016-03-31": "0.66110", "2015-12-31": "2.31720", "2015-09-30": "2.78770", "2015-06-30": "2.78830", "2015-03-31": "3.11280", "2014-12-31": "2.36640", "2014-09-30": "4.33210", "2014-06-30": "3.15560", "2014-03-31": "3.80740", "2013-12-31": "2.40110", "2013-09-30": "2.15480", "2013-06-30": "1.88300", "2013-03-31": "2.36340", "2012-12-31": "2.16070", "2012-09-30": "2.18760", "2012-06-30": "1.98390", "2012-03-31": "2.80560", "2011-12-31": "2.32660", "2011-09-30": "0.82580", "2011-06-30": "1.85020", "2011-03-31": "2.37460", "2010-12-31": "1.33780", "2010-09-30": "2.54560", "2010-06-30": "1.27660", "2010-03-31": "0.69950", "2009-12-31": "", "2009-09-30": "-0.19780"}, "Return On Tangible Equity": {"2020-09-30": "3.61920", "2020-06-30": "3.37760", "2020-03-31": "-1.48070", "2019-12-31": "3.71450", "2019-09-30": "3.30890", "2019-06-30": "2.93420", "2019-03-31": "1.69250", "2018-12-31": "2.22300", "2018-09-30": "1.99870", "2018-06-30": "2.66560", "2018-03-31": "2.39000", "2017-12-31": "2.20600", "2017-09-30": "2.20040", "2017-06-30": "2.91420", "2017-03-31": "2.44840", "2016-12-31": "2.92170", "2016-09-30": "2.77760", "2016-06-30": "2.96280", "2016-03-31": "0.71740", "2015-12-31": "2.52420", "2015-09-30": "3.02650", "2015-06-30": "3.01400", "2015-03-31": "3.35420", "2014-12-31": "2.55350", "2014-09-30": "4.67870", "2014-06-30": "3.42230", "2014-03-31": "4.21150", "2013-12-31": "2.59130", "2013-09-30": "2.31280", "2013-06-30": "2.04950", "2013-03-31": "2.36340", "2012-12-31": "2.16070", "2012-09-30": "2.18760", "2012-06-30": "1.98390", "2012-03-31": "2.80560", "2011-12-31": "2.32660", "2011-09-30": "0.82580", "2011-06-30": "1.85020", "2011-03-31": "2.37460", "2010-12-31": "1.33780", "2010-09-30": "2.54560", "2010-06-30": "1.27660", "2010-03-31": "0.69940", "2009-12-31": "", "2009-09-30": "-0.19780"}, "ROA - Return On Assets": {"2020-09-30": "0.20430", "2020-06-30": "0.19230", "2020-03-31": "-0.08540", "2019-12-31": "0.22810", "2019-09-30": "0.20150", "2019-06-30": "0.18160", "2019-03-31": "0.10600", "2018-12-31": "0.14640", "2018-09-30": "0.14210", "2018-06-30": "0.19320", "2018-03-31": "0.17140", "2017-12-31": "0.14920", "2017-09-30": "0.14800", "2017-06-30": "0.19090", "2017-03-31": "0.14590", "2016-12-31": "0.15880", "2016-09-30": "0.12760", "2016-06-30": "0.12540", "2016-03-31": "0.02860", "2015-12-31": "0.11280", "2015-09-30": "0.12760", "2015-06-30": "0.11580", "2015-03-31": "0.10790", "2014-12-31": "0.07910", "2014-09-30": "0.14320", "2014-06-30": "0.09920", "2014-03-31": "0.09780", "2013-12-31": "0.09380", "2013-09-30": "0.08930", "2013-06-30": "0.06550", "2013-03-31": "1.42510", "2012-12-31": "1.39760", "2012-09-30": "1.32290", "2012-06-30": "1.28900", "2012-03-31": "1.55140", "2011-12-31": "1.37010", "2011-09-30": "0.58080", "2011-06-30": "1.25760", "2011-03-31": "1.32610", "2010-12-31": "0.85130", "2010-09-30": "1.56700", "2010-06-30": "0.80880", "2010-03-31": "0.54920", "2009-12-31": "", "2009-09-30": "-0.16060"}, "ROI - Return On Investment": {"2020-09-30": "0.94860", "2020-06-30": "0.92350", "2020-03-31": "-0.38160", "2019-12-31": "1.05320", "2019-09-30": "0.93660", "2019-06-30": "0.82200", "2019-03-31": "0.47600", "2018-12-31": "0.63830", "2018-09-30": "0.57410", "2018-06-30": "0.88390", "2018-03-31": "0.83260", "2017-12-31": "0.74800", "2017-09-30": "0.76230", "2017-06-30": "1.08570", "2017-03-31": "0.93280", "2016-12-31": "1.14050", "2016-09-30": "1.09420", "2016-06-30": "1.12010", "2016-03-31": "0.27070", "2015-12-31": "1.01060", "2015-09-30": "1.25290", "2015-06-30": "1.27160", "2015-03-31": "1.34030", "2014-12-31": "1.07240", "2014-09-30": "2.16780", "2014-06-30": "1.60020", "2014-03-31": "1.75890", "2013-12-31": "1.33830", "2013-09-30": "1.36640", "2013-06-30": "1.11870", "2013-03-31": "1.47460", "2012-12-31": "1.44210", "2012-09-30": "1.36100", "2012-06-30": "1.32510", "2012-03-31": "1.59430", "2011-12-31": "1.40550", "2011-09-30": "0.60080", "2011-06-30": "1.30550", "2011-03-31": "1.44570", "2010-12-31": "0.90760", "2010-09-30": "1.63770", "2010-06-30": "0.84940", "2010-03-31": "0.57360", "2009-12-31": "", "2009-09-30": "-0.16600"}, "Book Value Per Share": {"2020-09-30": "17.16190", "2020-06-30": "17.10140", "2020-03-31": "17.06800", "2019-12-31": "18.20340", "2019-09-30": "17.42590", "2019-06-30": "17.43250", "2019-03-31": "17.54170", "2018-12-31": "17.77620", "2018-09-30": "17.81060", "2018-06-30": "17.91300", "2018-03-31": "17.95990", "2017-12-31": "17.51960", "2017-09-30": "17.40700", "2017-06-30": "17.50290", "2017-03-31": "17.45920", "2016-12-31": "17.58700", "2016-09-30": "17.22140", "2016-06-30": "17.22390", "2016-03-31": "17.21660", "2015-12-31": "17.56250", "2015-09-30": "17.67740", "2015-06-30": "17.68430", "2015-03-31": "17.29590", "2014-12-31": "17.37030", "2014-09-30": "17.37480", "2014-06-30": "17.13780", "2014-03-31": "16.39920", "2013-12-31": "22.13220", "2013-09-30": "22.09060", "2013-06-30": "21.57250", "2013-03-31": "20.48930", "2012-12-31": "20.64360", "2012-09-30": "19.68720", "2012-06-30": "19.27970", "2012-03-31": "19.19520", "2011-12-31": "13.08740", "2011-09-30": "18.82490", "2011-06-30": "19.31440", "2011-03-31": "18.80880", "2010-12-31": "18.82860", "2010-09-30": "19.08110", "2010-06-30": "18.78350", "2010-03-31": "18.80860", "2009-12-31": "", "2009-09-30": "18.82030"}, "Operating Cash Flow Per Share": {"2020-09-30": -0.8434, "2020-06-30": 1.9637, "2020-03-31": "0.67880", "2019-12-31": 1.9198, "2019-09-30": -0.2951, "2019-06-30": -1.3364, "2019-03-31": "-0.33390", "2018-12-31": 1.3716, "2018-09-30": 1.1701, "2018-06-30": -0.8647, "2018-03-31": "0.35250", "2017-12-31": -0.0943, "2017-09-30": 0.4652, "2017-06-30": -0.5658, "2017-03-31": "-0.74690", "2016-12-31": 1.4677, "2016-09-30": 0.2092, "2016-06-30": 0.0713, "2016-03-31": "0.55390", "2015-12-31": 1.4953, "2015-09-30": -0.1592, "2015-06-30": 0.7523, "2015-03-31": "0.49840", "2014-12-31": -0.0494, "2014-09-30": 0.0243, "2014-06-30": 0.5093, "2014-03-31": "0.52460", "2013-12-31": 0.9455, "2013-09-30": -0.188, "2013-06-30": 0.5761, "2013-03-31": "0.62630", "2012-12-31": 0.3633, "2012-09-30": 0.2716, "2012-06-30": -0.1477, "2012-03-31": "1.84790", "2011-12-31": 0.1691, "2011-09-30": 1.8526, "2011-06-30": -0.4674, "2011-03-31": "-0.63540", "2010-12-31": -2.2866, "2010-09-30": -0.0975, "2010-06-30": 0.3178, "2010-03-31": "0.07380", "2009-12-31": 0.008, "2009-09-30": -0.008}, "Free Cash Flow Per Share": {"2020-09-30": -0.8572, "2020-06-30": 1.9976, "2020-03-31": "0.67880", "2019-12-31": 2.899, "2019-09-30": -0.1641, "2019-06-30": -1.3714, "2019-03-31": "-0.32860", "2018-12-31": 1.8652, "2018-09-30": 1.3617, "2018-06-30": -0.8536, "2018-03-31": "0.54740", "2017-12-31": -2.24, "2017-09-30": 0.6611, "2017-06-30": -0.5933, "2017-03-31": "-0.74690", "2016-12-31": 1.4017, "2016-09-30": 0.2092, "2016-06-30": 0.0713, "2016-03-31": "0.55390", "2015-12-31": 1.5001, "2015-09-30": -0.1605, "2015-06-30": 0.8276, "2015-03-31": "0.56330", "2014-12-31": -0.2283, "2014-09-30": 0.025, "2014-06-30": 0.5419, "2014-03-31": "0.22230", "2013-12-31": -0.1938, "2013-09-30": -1.234, "2013-06-30": -0.1899, "2013-03-31": "-0.19720", "2012-12-31": -1.1104, "2012-09-30": 0.2716, "2012-06-30": -0.1477, "2012-03-31": "1.84790", "2011-12-31": 0.1691, "2011-09-30": 1.8526, "2011-06-30": -0.4674, "2011-03-31": "-0.63540", "2010-12-31": -2.2866, "2010-09-30": -0.0975, "2010-06-30": 0.3178, "2010-03-31": "0.07380", "2009-12-31": 0.008, "2009-09-30": -0.008}}, "revenue": {"STARWOOD PROPERTY TRUST, INC Annual Revenue (Millions of US $)": {"2019": "$1,196", "2018": "$1,109", "2017": "$880", "2016": "$785", "2015": "$736", "2014": "$703", "2013": "$549", "2012": "$307", "2011": "$206", "2010": "$94", "2009": "$7"}, "STARWOOD PROPERTY TRUST, INC Quarterly Revenue (Millions of US $)": {"2020-09-30": "$267", "2020-06-30": "$266", "2020-03-31": "$313", "2019-12-31": "$286", "2019-09-30": "$288", "2019-06-30": "$311", "2019-03-31": "$310", "2018-12-31": "$293", "2018-09-30": "$286", "2018-06-30": "$270", "2018-03-31": "$261", "2017-12-31": "$243", "2017-09-30": "$227", "2017-06-30": "$212", "2017-03-31": "$199", "2016-12-31": "$184", "2016-09-30": "$205", "2016-06-30": "$200", "2016-03-31": "$195", "2015-12-31": "$186", "2015-09-30": "$192", "2015-06-30": "$179", "2015-03-31": "$179", "2014-12-31": "$179", "2014-09-30": "$181", "2014-06-30": "$171", "2014-03-31": "$172", "2013-12-31": "$181", "2013-09-30": "$150", "2013-06-30": "$134", "2013-03-31": "$84", "2012-12-31": "$88", "2012-09-30": "$73", "2012-06-30": "$69", "2012-03-31": "$78", "2011-12-31": "$61", "2011-09-30": "$58", "2011-06-30": "$48", "2011-03-31": "$40", "2010-12-31": "$30", "2010-09-30": "$28", "2010-06-30": "$21", "2010-03-31": "$14", "2009-12-31": "", "2009-09-30": "$1"}}, "gross-profit": {"STARWOOD PROPERTY TRUST, INC Annual Gross Profit (Millions of US $)": {"2019": "$565", "2018": "$574", "2017": "$490", "2016": "$489", "2015": "$522", "2014": "$536", "2013": "$438", "2012": "$260", "2011": "$178", "2010": "$78", "2009": "$5"}, "STARWOOD PROPERTY TRUST, INC Quarterly Gross Profit (Millions of US $)": {"2020-09-30": "$142", "2020-06-30": "$134", "2020-03-31": "$164", "2019-12-31": "$135", "2019-09-30": "$134", "2019-06-30": "$150", "2019-03-31": "$146", "2018-12-31": "$132", "2018-09-30": "$153", "2018-06-30": "$145", "2018-03-31": "$144", "2017-12-31": "$134", "2017-09-30": "$127", "2017-06-30": "$117", "2017-03-31": "$112", "2016-12-31": "$108", "2016-09-30": "$128", "2016-06-30": "$127", "2016-03-31": "$126", "2015-12-31": "$128", "2015-09-30": "$139", "2015-06-30": "$128", "2015-03-31": "$127", "2014-12-31": "$130", "2014-09-30": "$140", "2014-06-30": "$131", "2014-03-31": "$134", "2013-12-31": "$143", "2013-09-30": "$116", "2013-06-30": "$112", "2013-03-31": "$67", "2012-12-31": "$75", "2012-09-30": "$61", "2012-06-30": "$58", "2012-03-31": "$66", "2011-12-31": "$54", "2011-09-30": "$51", "2011-06-30": "$41", "2011-03-31": "$31", "2010-12-31": "$25", "2010-09-30": "$23", "2010-06-30": "$18", "2010-03-31": "$12", "2009-12-31": "", "2009-09-30": "$1"}}, "operating-income": {"STARWOOD PROPERTY TRUST, INC Annual Operating Income (Millions of US $)": {"2019": "$167", "2018": "$132", "2017": "$145", "2016": "$134", "2015": "$200", "2014": "$219", "2013": "$176", "2012": "$186", "2011": "$126", "2010": "$48", "2009": "$-4"}, "STARWOOD PROPERTY TRUST, INC Quarterly Operating Income (Millions of US $)": {"2020-09-30": "$58", "2020-06-30": "$43", "2020-03-31": "$11", "2019-12-31": "$17", "2019-09-30": "$35", "2019-06-30": "$58", "2019-03-31": "$57", "2018-12-31": "$14", "2018-09-30": "$53", "2018-06-30": "$18", "2018-03-31": "$47", "2017-12-31": "$32", "2017-09-30": "$39", "2017-06-30": "$40", "2017-03-31": "$34", "2016-12-31": "$12", "2016-09-30": "$29", "2016-06-30": "$43", "2016-03-31": "$49", "2015-12-31": "$32", "2015-09-30": "$64", "2015-06-30": "$46", "2015-03-31": "$57", "2014-12-31": "$52", "2014-09-30": "$61", "2014-06-30": "$53", "2014-03-31": "$53", "2013-12-31": "$58", "2013-09-30": "$41", "2013-06-30": "$34", "2013-03-31": "$43", "2012-12-31": "$55", "2012-09-30": "$42", "2012-06-30": "$42", "2012-03-31": "$47", "2011-12-31": "$41", "2011-09-30": "$37", "2011-06-30": "$28", "2011-03-31": "$20", "2010-12-31": "$16", "2010-09-30": "$14", "2010-06-30": "$12", "2010-03-31": "$6", "2009-12-31": "", "2009-09-30": "$-2"}}, "ebitda": {"STARWOOD PROPERTY TRUST, INC Annual EBITDA (Millions of US $)": {"2019": "$277", "2018": "$249", "2017": "$222", "2016": "$168", "2015": "$201", "2014": "$215", "2013": "$133", "2012": "$112", "2011": "$84", "2010": "$35", "2009": "$-5"}, "STARWOOD PROPERTY TRUST, INC Quarterly EBITDA (Millions of US $)": {"2020-09-30": "$81", "2020-06-30": "$66", "2020-03-31": "$32", "2019-12-31": "$43", "2019-09-30": "$64", "2019-06-30": "$83", "2019-03-31": "$87", "2018-12-31": "$42", "2018-09-30": "$86", "2018-06-30": "$52", "2018-03-31": "$69", "2017-12-31": "$52", "2017-09-30": "$57", "2017-06-30": "$59", "2017-03-31": "$54", "2016-12-31": "$20", "2016-09-30": "$32", "2016-06-30": "$52", "2016-03-31": "$63", "2015-12-31": "$38", "2015-09-30": "$67", "2015-06-30": "$47", "2015-03-31": "$49", "2014-12-31": "$51", "2014-09-30": "$58", "2014-06-30": "$51", "2014-03-31": "$55", "2013-12-31": "$46", "2013-09-30": "$31", "2013-06-30": "$26", "2013-03-31": "$30", "2012-12-31": "$38", "2012-09-30": "$27", "2012-06-30": "$26", "2012-03-31": "$21", "2011-12-31": "$28", "2011-09-30": "$26", "2011-06-30": "$18", "2011-03-31": "$12", "2010-12-31": "$11", "2010-09-30": "$9", "2010-06-30": "$10", "2010-03-31": "$4", "2009-12-31": "", "2009-09-30": "$-2"}}, "net-income": {"STARWOOD PROPERTY TRUST, INC Annual Net Income (Millions of US $)": {"2019": "$510", "2018": "$386", "2017": "$401", "2016": "$363", "2015": "$447", "2014": "$495", "2013": "$305", "2012": "$201", "2011": "$119", "2010": "$56", "2009": "$-3"}, "STARWOOD PROPERTY TRUST, INC Quarterly Net Income (Millions of US $)": {"2020-09-30": "$150", "2020-06-30": "$140", "2020-03-31": "$-67", "2019-12-31": "$173", "2019-09-30": "$139", "2019-06-30": "$127", "2019-03-31": "$70", "2018-12-31": "$94", "2018-09-30": "$84", "2018-06-30": "$108", "2018-03-31": "$100", "2017-12-31": "$93", "2017-09-30": "$88", "2017-06-30": "$117", "2017-03-31": "$102", "2016-12-31": "$119", "2016-09-30": "$106", "2016-06-30": "$111", "2016-03-31": "$27", "2015-12-31": "$93", "2015-09-30": "$117", "2015-06-30": "$117", "2015-03-31": "$120", "2014-12-31": "$93", "2014-09-30": "$163", "2014-06-30": "$118", "2014-03-31": "$121", "2013-12-31": "$95", "2013-09-30": "$87", "2013-06-30": "$60", "2013-03-31": "$62", "2012-12-31": "$57", "2012-09-30": "$50", "2012-06-30": "$44", "2012-03-31": "$50", "2011-12-31": "$42", "2011-09-30": "$14", "2011-06-30": "$32", "2011-03-31": "$31", "2010-12-31": "$16", "2010-09-30": "$23", "2010-06-30": "$11", "2010-03-31": "$6", "2009-12-31": "", "2009-09-30": "$-2"}}, "eps-earnings-per-share-diluted": {"STARWOOD PROPERTY TRUST, INC Annual EPS": {"2019": "$1.79", "2018": "$1.42", "2017": "$1.52", "2016": "$1.50", "2015": "$1.91", "2014": "$2.24", "2013": "$1.82", "2012": "$1.76", "2011": "$1.38", "2010": "$1.14", "2009": "$-0.06"}, "STARWOOD PROPERTY TRUST, INC Quarterly EPS": {"2020-09-30": "$0.52", "2020-06-30": "$0.49", "2020-03-31": "$-0.24", "2019-12-31": "$0.60", "2019-09-30": "$0.49", "2019-06-30": "$0.45", "2019-03-31": "$0.25", "2018-12-31": "$0.33", "2018-09-30": "$0.31", "2018-06-30": "$0.40", "2018-03-31": "$0.38", "2017-12-31": "$0.36", "2017-09-30": "$0.33", "2017-06-30": "$0.44", "2017-03-31": "$0.39", "2016-12-31": "$0.48", "2016-09-30": "$0.44", "2016-06-30": "$0.47", "2016-03-31": "$0.11", "2015-12-31": "$0.41", "2015-09-30": "$0.49", "2015-06-30": "$0.49", "2015-03-31": "$0.52", "2014-12-31": "$0.39", "2014-09-30": "$0.73", "2014-06-30": "$0.52", "2014-03-31": "$0.60", "2013-12-31": "$0.48", "2013-09-30": "$0.51", "2013-06-30": "$0.37", "2013-03-31": "$0.46", "2012-12-31": "$0.40", "2012-09-30": "$0.43", "2012-06-30": "$0.40", "2012-03-31": "$0.53", "2011-12-31": "$0.41", "2011-09-30": "$0.15", "2011-06-30": "$0.39", "2011-03-31": "$0.43", "2010-12-31": "$0.33", "2010-09-30": "$0.47", "2010-06-30": "$0.22", "2010-03-31": "$0.12", "2009-12-31": "$0.00", "2009-09-30": "$-0.04"}}, "shares-outstanding": {"STARWOOD PROPERTY TRUST, INC Annual Shares Outstanding (Millions of Shares)": {"2019": "290", "2018": "288", "2017": "262", "2016": "242", "2015": "234", "2014": "219", "2013": "166", "2012": "114", "2011": "86", "2010": "50", "2009": "49"}, "STARWOOD PROPERTY TRUST, INC Quarterly Shares Outstanding (Millions of Shares)": {"2020-09-30": "292", "2020-06-30": "291", "2020-03-31": "281", "2019-12-31": "290", "2019-09-30": "290", "2019-06-30": "289", "2019-03-31": "278", "2018-12-31": "288", "2018-09-30": "265", "2018-06-30": "288", "2018-03-31": "262", "2017-12-31": "262", "2017-09-30": "262", "2017-06-30": "263", "2017-03-31": "262", "2016-12-31": "242", "2016-09-30": "241", "2016-06-30": "238", "2016-03-31": "237", "2015-12-31": "234", "2015-09-30": "238", "2015-06-30": "236", "2015-03-31": "229", "2014-12-31": "219", "2014-09-30": "224", "2014-06-30": "223", "2014-03-31": "199", "2013-12-31": "166", "2013-09-30": "172", "2013-06-30": "162", "2013-03-31": "135", "2012-12-31": "114", "2012-09-30": "117", "2012-06-30": "112", "2012-03-31": "94", "2011-12-31": "86", "2011-09-30": "95", "2011-06-30": "84", "2011-03-31": "73", "2010-12-31": "50", "2010-09-30": "49", "2010-06-30": "49", "2010-03-31": "49", "2009-12-31": "", "2009-09-30": "48"}}, "total-assets": {"STARWOOD PROPERTY TRUST, INC Annual Total Assets (Millions of US $)": {"2019": "$78,042", "2018": "$68,262", "2017": "$62,941", "2016": "$77,256", "2015": "$85,698", "2014": "$116,099", "2013": "$110,771", "2012": "$4,324", "2011": "$2,997", "2010": "$2,101", "2009": "$1,109"}, "STARWOOD PROPERTY TRUST, INC Quarterly Total Assets (Millions of US $)": {"2020-09-30": "$80,618", "2020-06-30": "$79,556", "2020-03-31": "$77,577", "2019-12-31": "$78,042", "2019-09-30": "$74,434", "2019-06-30": "$72,947", "2019-03-31": "$72,166", "2018-12-31": "$68,262", "2018-09-30": "$62,921", "2018-06-30": "$60,601", "2018-03-31": "$61,127", "2017-12-31": "$62,941", "2017-09-30": "$62,706", "2017-06-30": "$64,543", "2017-03-31": "$70,479", "2016-12-31": "$77,256", "2016-09-30": "$82,921", "2016-06-30": "$89,386", "2016-03-31": "$94,436", "2015-12-31": "$85,698", "2015-09-30": "$91,819", "2015-06-30": "$101,585", "2015-03-31": "$111,981", "2014-12-31": "$116,099", "2014-09-30": "$116,894", "2014-06-30": "$121,364", "2014-03-31": "$125,172", "2013-12-31": "$110,771", "2013-09-30": "$104,075", "2013-06-30": "$103,185", "2013-03-31": "$4,611", "2012-12-31": "$4,324", "2012-09-30": "$3,805", "2012-06-30": "$3,462", "2012-03-31": "$3,242", "2011-12-31": "$2,997", "2011-09-30": "$2,497", "2011-06-30": "$2,649", "2011-03-31": "$2,392", "2010-12-31": "$2,101", "2010-09-30": "$1,486", "2010-06-30": "$1,411", "2010-03-31": "$1,140", "2009-12-31": "$0", "2009-09-30": "$1,103"}}, "cash-on-hand": {"STARWOOD PROPERTY TRUST, INC Annual Cash on Hand (Millions of US $)": {"2019": "$574", "2018": "$488", "2017": "$418", "2016": "$651", "2015": "$392", "2014": "$304", "2013": "$387", "2012": "$181", "2011": "$114", "2010": "$227", "2009": "$645"}, "STARWOOD PROPERTY TRUST, INC Quarterly Cash on Hand (Millions of US $)": {"2020-09-30": "$511", "2020-06-30": "$524", "2020-03-31": "$931", "2019-12-31": "$574", "2019-09-30": "$395", "2019-06-30": "$516", "2019-03-31": "$546", "2018-12-31": "$488", "2018-09-30": "$390", "2018-06-30": "$325", "2018-03-31": "$379", "2017-12-31": "$418", "2017-09-30": "$468", "2017-06-30": "$305", "2017-03-31": "$263", "2016-12-31": "$651", "2016-09-30": "$553", "2016-06-30": "$446", "2016-03-31": "$384", "2015-12-31": "$392", "2015-09-30": "$416", "2015-06-30": "$473", "2015-03-31": "$400", "2014-12-31": "$304", "2014-09-30": "$373", "2014-06-30": "$563", "2014-03-31": "$270", "2013-12-31": "$387", "2013-09-30": "$620", "2013-06-30": "$436", "2013-03-31": "$215", "2012-12-31": "$181", "2012-09-30": "$144", "2012-06-30": "$193", "2012-03-31": "$133", "2011-12-31": "$114", "2011-09-30": "$85", "2011-06-30": "$97", "2011-03-31": "$235", "2010-12-31": "$227", "2010-09-30": "$217", "2010-06-30": "$210", "2010-03-31": "$108", "2009-12-31": "", "2009-09-30": "$893"}}, "long-term-debt": {"STARWOOD PROPERTY TRUST, INC Annual Long Term Debt (Millions of US $)": {"2019": "$11,763", "2018": "$10,757", "2017": "$7,972", "2016": "$6,201", "2015": "$5,392", "2014": "$4,685", "2013": "$3,437", "2012": "$1,394", "2011": "$1,157", "2010": "$634", "2009": "$171"}, "STARWOOD PROPERTY TRUST, INC Quarterly Long Term Debt (Millions of US $)": {"2020-09-30": "$12,480", "2020-06-30": "$11,698", "2020-03-31": "$12,549", "2019-12-31": "$11,763", "2019-09-30": "$11,102", "2019-06-30": "$11,210", "2019-03-31": "$11,158", "2018-12-31": "$10,757", "2018-09-30": "$10,685", "2018-06-30": "$8,547", "2018-03-31": "$7,881", "2017-12-31": "$7,972", "2017-09-30": "$7,633", "2017-06-30": "$6,790", "2017-03-31": "$6,483", "2016-12-31": "$6,201", "2016-09-30": "$5,565", "2016-06-30": "$5,905", "2016-03-31": "$5,900", "2015-12-31": "$5,392", "2015-09-30": "$5,146", "2015-06-30": "$5,032", "2015-03-31": "$5,131", "2014-12-31": "$4,685", "2014-09-30": "$3,858", "2014-06-30": "$3,708", "2014-03-31": "$3,745", "2013-12-31": "$3,437", "2013-09-30": "$2,489", "2013-06-30": "$2,452", "2013-03-31": "$1,676", "2012-12-31": "$1,394", "2012-09-30": "$1,398", "2012-06-30": "$1,118", "2012-03-31": "$1,362", "2011-12-31": "$1,157", "2011-09-30": "$658", "2011-06-30": "$751", "2011-03-31": "$858", "2010-12-31": "$634", "2010-09-30": "$507", "2010-06-30": "$450", "2010-03-31": "$196", "2009-12-31": "", "2009-09-30": "$172"}}, "total-liabilities": {"STARWOOD PROPERTY TRUST, INC Annual Total Liabilities (Millions of US $)": {"2019": "$72,905", "2018": "$63,362", "2017": "$58,362", "2016": "$72,696", "2015": "$81,527", "2014": "$112,216", "2013": "$106,443", "2012": "$1,527", "2011": "$1,232", "2010": "$764", "2009": "$213"}, "STARWOOD PROPERTY TRUST, INC Quarterly Total Liabilities (Millions of US $)": {"2020-09-30": "$75,732", "2020-06-30": "$74,691", "2020-03-31": "$72,760", "2019-12-31": "$72,905", "2019-09-30": "$69,521", "2019-06-30": "$68,044", "2019-03-31": "$67,249", "2018-12-31": "$63,362", "2018-09-30": "$58,039", "2018-06-30": "$55,901", "2018-03-31": "$56,422", "2017-12-31": "$58,362", "2017-09-30": "$58,167", "2017-06-30": "$59,983", "2017-03-31": "$65,935", "2016-12-31": "$72,696", "2016-09-30": "$78,816", "2016-06-30": "$85,286", "2016-03-31": "$90,345", "2015-12-31": "$81,527", "2015-09-30": "$87,618", "2015-06-30": "$97,366", "2015-03-31": "$108,101", "2014-12-31": "$112,216", "2014-09-30": "$113,030", "2014-06-30": "$117,549", "2014-03-31": "$121,957", "2013-12-31": "$106,443", "2013-09-30": "$99,761", "2013-06-30": "$99,597", "2013-03-31": "$1,831", "2012-12-31": "$1,527", "2012-09-30": "$1,504", "2012-06-30": "$1,212", "2012-03-31": "$1,449", "2011-12-31": "$1,232", "2011-09-30": "$741", "2011-06-30": "$849", "2011-03-31": "$1,056", "2010-12-31": "$764", "2010-09-30": "$571", "2010-06-30": "$517", "2010-03-31": "$245", "2009-12-31": "", "2009-09-30": "$207"}}, "total-share-holder-equity": {"STARWOOD PROPERTY TRUST, INC Annual Share Holder Equity (Millions of US $)": {"2019": "$5,137", "2018": "$4,900", "2017": "$4,579", "2016": "$4,560", "2015": "$4,171", "2014": "$3,883", "2013": "$4,327", "2012": "$2,797", "2011": "$1,765", "2010": "$1,337", "2009": "$896"}, "STARWOOD PROPERTY TRUST, INC Quarterly Share Holder Equity (Millions of US $)": {"2020-09-30": "$4,886", "2020-06-30": "$4,865", "2020-03-31": "$4,817", "2019-12-31": "$5,137", "2019-09-30": "$4,913", "2019-06-30": "$4,903", "2019-03-31": "$4,917", "2018-12-31": "$4,900", "2018-09-30": "$4,882", "2018-06-30": "$4,700", "2018-03-31": "$4,705", "2017-12-31": "$4,579", "2017-09-30": "$4,540", "2017-06-30": "$4,560", "2017-03-31": "$4,543", "2016-12-31": "$4,560", "2016-09-30": "$4,105", "2016-06-30": "$4,100", "2016-03-31": "$4,091", "2015-12-31": "$4,171", "2015-09-30": "$4,201", "2015-06-30": "$4,219", "2015-03-31": "$3,880", "2014-12-31": "$3,883", "2014-09-30": "$3,864", "2014-06-30": "$3,815", "2014-03-31": "$3,216", "2013-12-31": "$4,327", "2013-09-30": "$4,313", "2013-06-30": "$3,588", "2013-03-31": "$2,780", "2012-12-31": "$2,797", "2012-09-30": "$2,301", "2012-06-30": "$2,249", "2012-03-31": "$1,792", "2011-12-31": "$1,765", "2011-09-30": "$1,756", "2011-06-30": "$1,800", "2011-03-31": "$1,336", "2010-12-31": "$1,337", "2010-09-30": "$915", "2010-06-30": "$894", "2010-03-31": "$895", "2009-12-31": "", "2009-09-30": "$896"}}, "profit-margins": {"current": "35.03%"}, "gross margin": {"2020-09-30": "50.80%", "2020-06-30": "49.18%", "2020-03-31": "48.66%", "2019-12-31": "47.28%", "2019-09-30": "46.76%", "2019-06-30": "48.42%", "2019-03-31": "49.70%", "2018-12-31": "51.71%", "2018-09-30": "54.34%", "2018-06-30": "54.95%", "2018-03-31": "55.36%", "2017-12-31": "55.62%", "2017-09-30": "56.45%", "2017-06-30": "58.13%", "2017-03-31": "60.28%", "2016-12-31": "62.37%", "2016-09-30": "64.76%", "2016-06-30": "67.27%", "2016-03-31": "69.28%", "2015-12-31": "70.92%", "2015-09-30": "71.88%", "2015-06-30": "73.12%", "2015-03-31": "74.37%", "2014-12-31": "76.10%", "2014-09-30": "77.73%", "2014-06-30": "77.74%", "2014-03-31": "79.28%", "2013-12-31": "79.78%", "2013-09-30": "81.14%", "2013-06-30": "83.11%", "2013-03-31": "83.12%", "2012-12-31": "84.42%", "2012-09-30": "85.05%", "2012-06-30": "86.09%", "2012-03-31": "86.53%", "2011-12-31": "85.51%", "2011-09-30": "84.09%", "2011-06-30": "82.19%", "2011-03-31": "81.51%", "2010-12-31": "83.87%", "2010-06-30": "86.11%"}, "operating margin": {"2020-09-30": "11.40%", "2020-06-30": "9.19%", "2020-03-31": "10.10%", "2019-12-31": "13.97%", "2019-09-30": "13.64%", "2019-06-30": "15.17%", "2019-03-31": "12.25%", "2018-12-31": "11.89%", "2018-09-30": "14.15%", "2018-06-30": "13.59%", "2018-03-31": "16.76%", "2017-12-31": "16.46%", "2017-09-30": "15.21%", "2017-06-30": "14.38%", "2017-03-31": "14.97%", "2016-12-31": "16.96%", "2016-09-30": "19.47%", "2016-06-30": "24.32%", "2016-03-31": "25.40%", "2015-12-31": "27.04%", "2015-09-30": "30.04%", "2015-06-30": "30.08%", "2015-03-31": "31.41%", "2014-12-31": "31.15%", "2014-09-30": "31.91%", "2014-06-30": "30.42%", "2014-03-31": "29.20%", "2013-12-31": "32.06%", "2013-09-30": "37.94%", "2013-06-30": "45.91%", "2013-03-31": "57.96%", "2012-12-31": "60.39%", "2012-09-30": "61.21%", "2012-06-30": "62.78%", "2012-03-31": "62.45%", "2011-12-31": "60.87%", "2011-09-30": "57.39%", "2011-06-30": "53.42%", "2011-03-31": "52.10%", "2010-12-31": "51.61%", "2010-06-30": "44.44%"}, "ebitda margin": {"2020-09-30": "19.61%", "2020-06-30": "17.78%", "2020-03-31": "18.53%", "2019-12-31": "23.18%", "2019-09-30": "22.96%", "2019-06-30": "24.83%", "2019-03-31": "23.04%", "2018-12-31": "22.43%", "2018-09-30": "24.43%", "2018-06-30": "22.98%", "2018-03-31": "25.13%", "2017-12-31": "25.20%", "2017-09-30": "23.11%", "2017-06-30": "20.63%", "2017-03-31": "20.05%", "2016-12-31": "21.30%", "2016-09-30": "23.54%", "2016-06-30": "28.46%", "2016-03-31": "28.59%", "2015-12-31": "27.31%", "2015-09-30": "29.36%", "2015-06-30": "28.55%", "2015-03-31": "29.44%", "2014-12-31": "30.58%", "2014-09-30": "29.79%", "2014-06-30": "27.15%", "2014-03-31": "24.80%", "2013-12-31": "24.23%", "2013-09-30": "27.41%", "2013-06-30": "31.93%", "2013-03-31": "38.54%", "2012-12-31": "36.36%", "2012-09-30": "36.30%", "2012-06-30": "37.97%", "2012-03-31": "37.96%", "2011-12-31": "40.58%", "2011-09-30": "38.07%", "2011-06-30": "34.25%", "2011-03-31": "35.29%", "2010-12-31": "36.56%", "2010-06-30": "33.33%"}, "pre tax profit margin": {"2020-09-30": "39.05%", "2020-06-30": "36.17%", "2020-03-31": "33.47%", "2019-12-31": "46.11%", "2019-09-30": "39.02%", "2019-06-30": "34.33%", "2019-03-31": "34.17%", "2018-12-31": "38.47%", "2018-09-30": "40.85%", "2018-06-30": "43.76%", "2018-03-31": "47.83%", "2017-12-31": "50.51%", "2017-09-30": "56.69%", "2017-06-30": "58.88%", "2017-03-31": "57.23%", "2016-12-31": "47.96%", "2016-09-30": "42.49%", "2016-06-30": "45.41%", "2016-03-31": "47.74%", "2015-12-31": "63.72%", "2015-09-30": "66.53%", "2015-06-30": "73.96%", "2015-03-31": "75.35%", "2014-12-31": "74.82%", "2014-09-30": "74.61%", "2014-06-30": "68.55%", "2014-03-31": "65.31%", "2013-12-31": "64.48%", "2013-09-30": "68.42%", "2013-06-30": "67.55%", "2013-03-31": "70.70%", "2012-12-31": "67.21%", "2012-09-30": "66.90%", "2012-06-30": "56.77%", "2012-03-31": "57.14%", "2011-12-31": "58.45%", "2011-09-30": "55.68%", "2011-06-30": "73.29%", "2011-03-31": "70.59%", "2010-12-31": "62.37%", "2010-06-30": "41.67%"}, "net profit margin": {"2020-09-30": "34.98%", "2020-06-30": "33.39%", "2020-03-31": "31.05%", "2019-12-31": "42.59%", "2019-09-30": "35.77%", "2019-06-30": "31.25%", "2019-03-31": "30.72%", "2018-12-31": "34.77%", "2018-09-30": "36.32%", "2018-06-30": "38.86%", "2018-03-31": "42.21%", "2017-12-31": "45.40%", "2017-09-30": "51.82%", "2017-06-30": "55.50%", "2017-03-31": "55.58%", "2016-12-31": "46.30%", "2016-09-30": "42.88%", "2016-06-30": "45.02%", "2016-03-31": "47.07%", "2015-12-31": "60.73%", "2015-09-30": "61.32%", "2015-06-30": "68.66%", "2015-03-31": "69.58%", "2014-12-31": "70.41%", "2014-09-30": "70.50%", "2014-06-30": "62.46%", "2014-03-31": "56.99%", "2013-12-31": "55.37%", "2013-09-30": "58.33%", "2013-06-30": "60.42%", "2013-03-31": "67.83%", "2012-12-31": "65.26%", "2012-09-30": "66.19%", "2012-06-30": "56.39%", "2012-03-31": "56.33%", "2011-12-31": "57.49%", "2011-09-30": "52.84%", "2011-06-30": "69.86%", "2011-03-31": "68.07%", "2010-12-31": "60.22%", "2010-06-30": "41.67%"}, "pe ratio": {"current": "10.97", "2021-02-05": "14.90", "2020-09-30": "10.75", "2020-06-30": "10.64", "2020-03-31": "7.39", "2019-12-31": "12.41", "2019-09-30": "14.01", "2019-06-30": "14.55", "2019-03-31": "14.34", "2018-12-31": "11.25", "2018-09-30": "11.82", "2018-06-30": "11.51", "2018-03-31": "10.58", "2017-12-31": "10.46", "2017-09-30": "9.53", "2017-06-30": "9.01", "2017-03-31": "8.75", "2016-12-31": "9.87", "2016-09-30": "10.54", "2016-06-30": "9.17", "2016-03-31": "8.08", "2015-12-31": "6.71", "2015-09-30": "6.54", "2015-06-30": "5.96", "2015-03-31": "6.48", "2014-12-31": "5.86", "2014-09-30": "5.24", "2014-06-30": "6.10", "2014-03-31": "6.35", "2013-12-31": "6.34", "2013-09-30": "5.60", "2013-06-30": "5.99", "2013-03-31": "6.54", "2012-12-31": "5.13", "2012-09-30": "5.13", "2012-06-30": "5.48", "2012-03-31": "5.35", "2011-12-31": "4.96", "2011-09-30": "4.90", "2011-06-30": "4.60", "2011-03-31": "5.50", "2010-12-31": "6.63", "2010-09-30": "8.35", "2010-06-30": "18.98"}, "price sales": {"2021-02-05": "5.20", "2020-09-30": "3.75", "2020-06-30": "3.53", "2020-03-31": "2.25", "2019-12-31": "5.23", "2019-09-30": "4.96", "2019-06-30": "4.48", "2019-03-31": "4.46", "2018-12-31": "3.97", "2018-09-30": "4.33", "2018-06-30": "4.52", "2018-03-31": "4.42", "2017-12-31": "4.71", "2017-09-30": "4.93", "2017-06-30": "5.00", "2017-03-31": "4.88", "2016-12-31": "4.54", "2016-09-30": "4.52", "2016-06-30": "4.12", "2016-03-31": "3.78", "2015-12-31": "4.06", "2015-09-30": "3.93", "2015-06-30": "4.03", "2015-03-31": "4.43", "2014-12-31": "4.05", "2014-09-30": "3.46", "2014-06-30": "3.60", "2014-03-31": "3.44", "2013-12-31": "3.42", "2013-09-30": "3.22", "2013-06-30": "3.57", "2013-03-31": "4.26", "2012-12-31": "3.23", "2012-09-30": "3.34", "2012-06-30": "3.02", "2012-03-31": "2.97", "2011-12-31": "2.87", "2011-09-30": "2.72", "2011-06-30": "3.24", "2011-03-31": "3.69", "2010-12-31": "3.97", "2010-09-30": "5.21", "2010-06-30": "7.64"}, "price book": {"current": "1.19", "2021-02-05": "1.19", "2020-09-30": "0.86", "2020-06-30": "0.83", "2020-03-31": "0.55", "2019-12-31": "1.20", "2019-09-30": "1.20", "2019-06-30": "1.10", "2019-03-31": "1.05", "2018-12-31": "0.90", "2018-09-30": "0.96", "2018-06-30": "0.94", "2018-03-31": "0.88", "2017-12-31": "0.90", "2017-09-30": "0.90", "2017-06-30": "0.91", "2017-03-31": "0.90", "2016-12-31": "0.85", "2016-09-30": "0.87", "2016-06-30": "0.78", "2016-03-31": "0.70", "2015-12-31": "0.73", "2015-09-30": "0.70", "2015-06-30": "0.72", "2015-03-31": "0.81", "2014-12-31": "0.76", "2014-09-30": "0.70", "2014-06-30": "0.75", "2014-03-31": "0.77", "2013-12-31": "0.53", "2013-09-30": "0.45", "2013-06-30": "0.47", "2013-03-31": "0.55", "2012-12-31": "0.44", "2012-09-30": "0.47", "2012-06-30": "0.43", "2012-03-31": "0.42", "2011-12-31": "0.53", "2011-09-30": "0.34", "2011-06-30": "0.39", "2011-03-31": "0.42", "2010-12-31": "0.40", "2010-09-30": "0.35", "2010-06-30": "0.30", "2010-03-31": "0.34", "2009-12-31": "0.00", "2009-09-30": "0.35"}, "price fcf": {"2021-02-05": "", "2020-09-30": "$4.72", "2020-06-30": "$5.41", "2020-03-31": "$2.04", "2019-12-31": "$1.03", "2019-09-30": "$0.00", "2019-06-30": "$1.53", "2019-03-31": "$2.04", "2018-12-31": "$2.92", "2018-09-30": "$-1.18", "2018-06-30": "$-1.89", "2018-03-31": "$-1.62", "2017-12-31": "$-2.92", "2017-09-30": "$0.72", "2017-06-30": "$0.27", "2017-03-31": "$0.94", "2016-12-31": "$2.24", "2016-09-30": "$2.33", "2016-06-30": "$1.96", "2016-03-31": "$2.72", "2015-12-31": "$2.73", "2015-09-30": "$1.00", "2015-06-30": "$1.19", "2015-03-31": "$0.90", "2014-12-31": "$0.56", "2014-09-30": "$0.60", "2014-06-30": "$-0.66", "2014-03-31": "$-1.40", "2013-12-31": "$-1.81", "2013-09-30": "$-2.73", "2013-06-30": "$-1.23", "2013-03-31": "$-1.18", "2012-12-31": "$0.86", "2012-09-30": "$2.14", "2012-06-30": "$3.72", "2012-03-31": "$3.40", "2011-12-31": "$0.92", "2011-09-30": "$-1.54", "2011-06-30": "$-3.49", "2011-03-31": "$-2.70", "2010-12-31": "$-1.99", "2010-09-30": "$0.30", "2010-06-30": "$0.39"}, "net worth": {"value": "$5.81B"}, "current ratio": {"2020-09-30": "2.92", "2020-06-30": "2.81", "2020-03-31": "4.47", "2019-12-31": "3.01", "2019-09-30": "1.91", "2019-06-30": "2.61", "2019-03-31": "3.14", "2018-12-31": "2.52", "2018-09-30": "2.06", "2018-06-30": "2.00", "2018-03-31": "2.67", "2017-12-31": "2.52", "2017-09-30": "2.47", "2017-06-30": "1.98", "2017-03-31": "1.95", "2016-12-31": "3.43", "2016-09-30": "3.33", "2016-06-30": "3.39", "2016-03-31": "3.01", "2015-12-31": "2.72", "2015-09-30": "3.28", "2015-06-30": "3.63", "2015-03-31": "3.89", "2014-12-31": "2.38", "2014-09-30": "2.65", "2014-06-30": "4.27", "2014-03-31": "2.21", "2013-12-31": "1.88", "2013-09-30": "3.39", "2013-06-30": "2.64", "2013-03-31": "23.57", "2012-12-31": "6.82", "2012-09-30": "18.32", "2012-06-30": "37.51", "2012-03-31": "29.37", "2011-12-31": "25.58", "2011-09-30": "19.09", "2011-06-30": "14.87", "2011-03-31": "44.79", "2010-12-31": "46.79", "2010-09-30": "91.13", "2010-06-30": "108.55", "2010-03-31": "19.45", "2009-12-31": "0.00", "2009-09-30": "1282.27"}, "quick ratio": {"2020-09-30": "0.00", "2020-06-30": "0.00", "2020-03-31": "0.00", "2019-12-31": "0.00", "2019-09-30": "0.00", "2019-06-30": "0.00", "2019-03-31": "0.00", "2018-12-31": "0.00", "2018-09-30": "0.00", "2018-06-30": "0.00", "2018-03-31": "0.00", "2017-12-31": "0.00", "2017-09-30": "0.00", "2017-06-30": "0.00", "2017-03-31": "0.00", "2016-12-31": "0.00", "2016-09-30": "0.00", "2016-06-30": "0.00", "2016-03-31": "0.00", "2015-12-31": "0.00", "2015-09-30": "0.00", "2015-06-30": "0.00", "2015-03-31": "0.00", "2014-12-31": "0.00", "2014-09-30": "0.00", "2014-06-30": "0.00", "2014-03-31": "0.00", "2013-12-31": "0.00", "2013-09-30": "0.00", "2013-06-30": "0.00", "2013-03-31": "0.00", "2012-12-31": "0.00", "2012-09-30": "0.00", "2012-06-30": "0.00", "2012-03-31": "0.00", "2011-12-31": "0.00", "2011-09-30": "0.00", "2011-06-30": "0.00", "2011-03-31": "0.00", "2010-12-31": "0.00", "2010-09-30": "0.00", "2010-06-30": "0.00", "2010-03-31": "0.00", "2009-12-31": "0.00", "2009-09-30": "0.00"}, "debt equity ratio": {"current": "2.55", "2020-09-30": "15.50", "2020-06-30": "15.35", "2020-03-31": "15.10", "2019-12-31": "14.19", "2019-09-30": "14.15", "2019-06-30": "13.88", "2019-03-31": "13.68", "2018-12-31": "12.93", "2018-09-30": "11.89", "2018-06-30": "11.90", "2018-03-31": "11.99", "2017-12-31": "12.75", "2017-09-30": "12.81", "2017-06-30": "13.15", "2017-03-31": "14.51", "2016-12-31": "15.94", "2016-09-30": "19.20", "2016-06-30": "20.80", "2016-03-31": "22.09", "2015-12-31": "19.55", "2015-09-30": "20.86", "2015-06-30": "23.08", "2015-03-31": "27.86", "2014-12-31": "28.90", "2014-09-30": "29.25", "2014-06-30": "30.81", "2014-03-31": "37.93", "2013-12-31": "24.60", "2013-09-30": "23.13", "2013-06-30": "27.76", "2013-03-31": "0.66", "2012-12-31": "0.55", "2012-09-30": "0.65", "2012-06-30": "0.54", "2012-03-31": "0.81", "2011-12-31": "0.70", "2011-09-30": "0.42", "2011-06-30": "0.47", "2011-03-31": "0.79", "2010-12-31": "0.57", "2010-09-30": "0.62", "2010-06-30": "0.58", "2010-03-31": "0.27", "2009-12-31": "0.00", "2009-09-30": "0.23"}, "return on equity": {"2020-09-30": "8.04%", "2020-06-30": "7.80%", "2020-03-31": "7.53%", "2019-12-31": "10.25%", "2019-09-30": "8.76%", "2019-06-30": "7.65%", "2019-03-31": "7.34%", "2018-12-31": "8.05%", "2018-09-30": "8.16%", "2018-06-30": "8.40%", "2018-03-31": "8.66%", "2017-12-31": "8.78%", "2017-09-30": "9.36%", "2017-06-30": "10.00%", "2017-03-31": "10.12%", "2016-12-31": "8.61%", "2016-09-30": "8.19%", "2016-06-30": "8.40%", "2016-03-31": "8.49%", "2015-12-31": "10.86%", "2015-09-30": "11.05%", "2015-06-30": "12.44%", "2015-03-31": "12.80%", "2014-12-31": "13.40%", "2014-09-30": "13.06%", "2014-06-30": "10.75%", "2014-03-31": "9.40%", "2013-12-31": "8.10%", "2013-09-30": "7.89%", "2013-06-30": "7.99%", "2013-03-31": "8.41%", "2012-12-31": "8.80%", "2012-09-30": "9.18%", "2012-06-30": "7.93%", "2012-03-31": "7.76%", "2011-12-31": "7.15%", "2011-09-30": "5.97%", "2011-06-30": "7.57%", "2011-03-31": "7.23%", "2010-12-31": "5.54%", "2010-06-30": "2.23%"}, "return on assets": {"2020-09-30": "0.50%", "2020-06-30": "0.50%", "2020-03-31": "0.49%", "2019-12-31": "0.68%", "2019-09-30": "0.60%", "2019-06-30": "0.54%", "2019-03-31": "0.54%", "2018-12-31": "0.61%", "2018-09-30": "0.62%", "2018-06-30": "0.63%", "2018-03-31": "0.63%", "2017-12-31": "0.61%", "2017-09-30": "0.62%", "2017-06-30": "0.60%", "2017-03-31": "0.55%", "2016-12-31": "0.42%", "2016-09-30": "0.38%", "2016-06-30": "0.39%", "2016-03-31": "0.38%", "2015-12-31": "0.46%", "2015-09-30": "0.42%", "2015-06-30": "0.44%", "2015-03-31": "0.42%", "2014-12-31": "0.41%", "2014-09-30": "0.42%", "2014-06-30": "0.36%", "2014-03-31": "0.33%", "2013-12-31": "0.38%", "2013-09-30": "0.49%", "2013-06-30": "0.79%", "2013-03-31": "5.26%", "2012-12-31": "5.42%", "2012-09-30": "5.51%", "2012-06-30": "4.92%", "2012-03-31": "4.85%", "2011-12-31": "4.52%", "2011-09-30": "3.86%", "2011-06-30": "4.73%", "2011-03-31": "4.38%", "2010-12-31": "3.65%", "2010-06-30": "1.64%"}, "return on investments": {"2020-09-30": "0.76%", "2020-06-30": "0.63%", "2020-03-31": "0.73%", "2019-12-31": "1.03%", "2019-09-30": "1.03%", "2019-06-30": "1.15%", "2019-03-31": "0.94%", "2018-12-31": "0.93%", "2018-09-30": "1.11%", "2018-06-30": "1.08%", "2018-03-31": "1.30%", "2017-12-31": "1.23%", "2017-09-30": "1.10%", "2017-06-30": "1.07%", "2017-03-31": "1.14%", "2016-12-31": "1.32%", "2016-09-30": "1.56%", "2016-06-30": "1.93%", "2016-03-31": "2.00%", "2015-12-31": "2.14%", "2015-09-30": "2.42%", "2015-06-30": "2.50%", "2015-03-31": "2.72%", "2014-12-31": "2.85%", "2014-09-30": "3.00%", "2014-06-30": "2.82%", "2014-03-31": "2.70%", "2013-12-31": "2.81%", "2013-09-30": "3.22%", "2013-06-30": "3.79%", "2013-03-31": "4.63%", "2012-12-31": "5.16%", "2012-09-30": "5.24%", "2012-06-30": "5.63%", "2012-03-31": "5.54%", "2011-12-31": "5.00%", "2011-09-30": "4.42%", "2011-06-30": "3.83%", "2011-03-31": "3.58%", "2010-12-31": "3.30%", "2010-06-30": "1.83%"}, "return on tangible equity": {"2020-09-30": "8.63%", "2020-06-30": "8.40%", "2020-03-31": "8.12%", "2019-12-31": "11.09%", "2019-09-30": "9.52%", "2019-06-30": "8.33%", "2019-03-31": "7.96%", "2018-12-31": "8.70%", "2018-09-30": "8.80%", "2018-06-30": "9.02%", "2018-03-31": "9.32%", "2017-12-31": "9.47%", "2017-09-30": "10.11%", "2017-06-30": "10.80%", "2017-03-31": "10.95%", "2016-12-31": "9.33%", "2016-09-30": "8.87%", "2016-06-30": "9.13%", "2016-03-31": "9.21%", "2015-12-31": "11.76%", "2015-09-30": "11.94%", "2015-06-30": "13.43%", "2015-03-31": "13.82%", "2014-12-31": "14.56%", "2014-09-30": "14.19%", "2014-06-30": "11.65%", "2014-03-31": "10.20%", "2013-12-31": "8.62%", "2013-09-30": "8.25%", "2013-06-30": "8.20%", "2013-03-31": "8.41%", "2012-12-31": "8.80%", "2012-09-30": "9.18%", "2012-06-30": "7.93%", "2012-03-31": "7.76%", "2011-12-31": "7.15%", "2011-09-30": "5.97%", "2011-06-30": "7.57%", "2011-03-31": "7.23%", "2010-12-31": "5.54%", "2010-06-30": "2.23%"}, "dividend yield history": {"last payout": "$1.92", "last yield": "9.41%"}}