{"ticker": "STT", "price": {"title": "State Street Historical Annual Stock Price Data", "value": 74.77, "historical": {"2021": {"Average Stock Price": "74.7229", "Year Open": "72.2500", "Year High": "80.4200", "Year Low": "70.0000", "Year Close": "74.7700", "Annual % Change": "2.73%"}, "2020": {"Average Stock Price": "65.6489", "Year Open": "80.7600", "Year High": "82.9200", "Year Low": "43.2100", "Year Close": "72.7800", "Annual % Change": "-7.99%"}, "2019": {"Average Stock Price": "64.2772", "Year Open": "63.9300", "Year High": "80.4200", "Year Low": "48.8100", "Year Close": "79.1000", "Annual % Change": "25.42%"}, "2018": {"Average Stock Price": "90.7834", "Year Open": "96.7200", "Year High": "112.7100", "Year Low": "59.7800", "Year Close": "63.0700", "Annual % Change": "-35.39%"}, "2017": {"Average Stock Price": "87.8325", "Year Open": "79.2500", "Year High": "99.2900", "Year Low": "75.9700", "Year Close": "97.6100", "Annual % Change": "25.59%"}, "2016": {"Average Stock Price": "64.3320", "Year Open": "65.1400", "Year High": "81.4400", "Year Low": "50.7900", "Year Close": "77.7200", "Annual % Change": "17.12%"}, "2015": {"Average Stock Price": "74.1177", "Year Open": "78.3500", "Year High": "80.8400", "Year Low": "64.7300", "Year Close": "66.3600", "Annual % Change": "-15.46%"}, "2014": {"Average Stock Price": "70.3216", "Year Open": "73.1600", "Year High": "80.3300", "Year Low": "63.1900", "Year Close": "78.5000", "Annual % Change": "6.96%"}, "2013": {"Average Stock Price": "64.2763", "Year Open": "48.3200", "Year High": "73.3900", "Year Low": "48.0600", "Year Close": "73.3900", "Annual % Change": "56.12%"}, "2012": {"Average Stock Price": "43.0546", "Year Open": "41.8200", "Year High": "47.0100", "Year Low": "38.7800", "Year Close": "47.0100", "Annual % Change": "16.62%"}, "2011": {"Average Stock Price": "41.6230", "Year Open": "47.6200", "Year High": "50.0600", "Year Low": "30.3800", "Year Close": "40.3100", "Annual % Change": "-13.01%"}, "2010": {"Average Stock Price": "41.6603", "Year Open": "44.4600", "Year High": "48.0700", "Year Low": "32.8100", "Year Close": "46.3400", "Annual % Change": "6.43%"}, "2009": {"Average Stock Price": "40.9635", "Year Open": "41.1000", "Year High": "55.1700", "Year Low": "14.8900", "Year Close": "43.5400", "Annual % Change": "10.70%"}, "2008": {"Average Stock Price": "64.5320", "Year Open": "78.8800", "Year High": "85.3700", "Year Low": "28.6900", "Year Close": "39.3300", "Annual % Change": "-51.56%"}, "2007": {"Average Stock Price": "69.6714", "Year Open": "68.1100", "Year High": "82.2400", "Year Low": "59.4800", "Year Close": "81.2000", "Annual % Change": "20.40%"}, "2006": {"Average Stock Price": "61.7042", "Year Open": "56.9800", "Year High": "68.1500", "Year Low": "54.4900", "Year Close": "67.4400", "Annual % Change": "21.65%"}, "2005": {"Average Stock Price": "49.1127", "Year Open": "48.7100", "Year High": "59.2900", "Year Low": "40.6800", "Year Close": "55.4400", "Annual % Change": "12.87%"}, "2004": {"Average Stock Price": "48.0077", "Year Open": "51.5100", "Year High": "56.4500", "Year Low": "41.0700", "Year Close": "49.1200", "Annual % Change": "-5.68%"}, "2003": {"Average Stock Price": "42.3521", "Year Open": "40.6800", "Year High": "53.1800", "Year Low": "31.6300", "Year Close": "52.0800", "Annual % Change": "33.54%"}, "2002": {"Average Stock Price": "46.0679", "Year Open": "52.1100", "Year High": "57.5900", "Year Low": "32.3800", "Year Close": "39.0000", "Annual % Change": "-25.36%"}, "2001": {"Average Stock Price": "50.4857", "Year Open": "60.5000", "Year High": "62.7500", "Year Low": "38.6600", "Year Close": "52.2500", "Annual % Change": "-15.86%"}, "2000": {"Average Stock Price": "52.5070", "Year Open": "34.8750", "Year High": "66.9500", "Year Low": "31.6900", "Year Close": "62.1000", "Annual % Change": "70.00%"}, "1999": {"Average Stock Price": "37.3373", "Year Open": "35.3750", "Year High": "47.6250", "Year Low": "27.9400", "Year Close": "36.5300", "Annual % Change": "4.18%"}, "1998": {"Average Stock Price": "32.0321", "Year Open": "28.9050", "Year High": "36.6550", "Year Low": "24.7500", "Year Close": "35.0650", "Annual % Change": "20.52%"}, "1997": {"Average Stock Price": "24.0184", "Year Open": "15.7500", "Year High": "31.1250", "Year Low": "15.7500", "Year Close": "29.0950", "Annual % Change": "80.10%"}, "1996": {"Average Stock Price": "13.0777", "Year Open": "11.2200", "Year High": "17.0313", "Year Low": "10.4700", "Year Close": "16.1550", "Annual % Change": "43.60%"}, "1995": {"Average Stock Price": "9.0491", "Year Open": "7.3450", "Year High": "11.4700", "Year Low": "7.0950", "Year Close": "11.2500", "Annual % Change": "57.23%"}, "1994": {"Average Stock Price": "9.2021", "Year Open": "9.2800", "Year High": "10.7500", "Year Low": "7.1250", "Year Close": "7.1550", "Annual % Change": "-23.68%"}, "1993": {"Average Stock Price": "9.4171", "Year Open": "10.8125", "Year High": "12.2500", "Year Low": "7.3450", "Year Close": "9.3750", "Annual % Change": "-14.29%"}, "1992": {"Average Stock Price": "8.9101", "Year Open": "7.9688", "Year High": "11.1875", "Year Low": "7.3438", "Year Close": "10.9375", "Annual % Change": "36.19%"}, "1991": {"Average Stock Price": "6.1093", "Year Open": "4.3750", "Year High": "8.0313", "Year Low": "3.9525", "Year Close": "8.0313", "Annual % Change": "84.20%"}, "1990": {"Average Stock Price": "4.4097", "Year Open": "4.9375", "Year High": "5.3438", "Year Low": "2.7975", "Year Close": "4.3600", "Annual % Change": "-11.13%"}, "1989": {"Average Stock Price": "4.1197", "Year Open": "3.2813", "Year High": "5.0625", "Year Low": "3.2025", "Year Close": "4.9063", "Annual % Change": "48.11%"}, "1988": {"Average Stock Price": "3.0215", "Year Open": "2.6725", "Year High": "3.4225", "Year Low": "2.4850", "Year Close": "3.3125", "Annual % Change": "32.50%"}, "1987": {"Average Stock Price": "3.5383", "Year Open": "3.1250", "Year High": "4.4850", "Year Low": "2.1563", "Year Close": "2.5000", "Annual % Change": "-14.46%"}}}, "market cap": {"value": "$26.38B"}, "income statement": {"Revenue": {"2020-12-31": "12078.00000", "2019-12-31": "13131.00000", "2018-12-31": "13122.00000", "2017-12-31": "11870.00000", "2016-12-31": "10635.00000", "2015-12-31": "10760.00000", "2014-12-31": "10666.00000", "2013-12-31": "10275.00000", "2012-12-31": "10125.00000", "2011-12-31": "10207.00000", "2010-12-31": "9716.00000", "2009-12-31": "9362.00000", "2008-12-31": "12922.00000", "2007-12-31": "11818.00000", "2006-12-31": "9525.00000", "2005-12-31": "7496.00000"}, "Cost Of Goods Sold": {"2020-12-31": "375.00000", "2019-12-31": "1375.00000", "2018-12-31": "991.00000", "2017-12-31": "604.00000", "2016-12-31": "428.00000", "2015-12-31": "400.00000", "2014-12-31": "392.00000", "2013-12-31": "411.00000", "2012-12-31": "476.00000", "2011-12-31": "613.00000", "2010-12-31": "763.00000", "2009-12-31": "722.00000", "2008-12-31": "2229.00000", "2007-12-31": "3482.00000", "2006-12-31": "3214.00000", "2005-12-31": "2023.00000"}, "Gross Profit": {"2020-12-31": "11703.00000", "2019-12-31": "11756.00000", "2018-12-31": "12131.00000", "2017-12-31": "11266.00000", "2016-12-31": "10207.00000", "2015-12-31": "10360.00000", "2014-12-31": "10274.00000", "2013-12-31": "9864.00000", "2012-12-31": "9649.00000", "2011-12-31": "9594.00000", "2010-12-31": "8953.00000", "2009-12-31": "8640.00000", "2008-12-31": "10693.00000", "2007-12-31": "8336.00000", "2006-12-31": "6311.00000", "2005-12-31": "5473.00000"}, "Research And Development Expenses": {"2020-12-31": "", "2019-12-31": "", "2018-12-31": "", "2017-12-31": "", "2016-12-31": "", "2015-12-31": "", "2014-12-31": "", "2013-12-31": "", "2012-12-31": "", "2011-12-31": "", "2010-12-31": "", "2009-12-31": "", "2008-12-31": "", "2007-12-31": "", "2006-12-31": "", "2005-12-31": ""}, "SG&A Expenses": {"2020-12-31": "8520.00000", "2019-12-31": "8731.00000", "2018-12-31": "8780.00000", "2017-12-31": "7791.00000", "2016-12-31": "7671.00000", "2015-12-31": "7840.00000", "2014-12-31": "7482.00000", "2013-12-31": "6880.00000", "2012-12-31": "6460.00000", "2011-12-31": "6589.00000", "2010-12-31": "6436.00000", "2009-12-31": "5680.00000", "2008-12-31": "7286.00000", "2007-12-31": "5543.00000", "2006-12-31": "4497.00000", "2005-12-31": "4041.00000"}, "Other Operating Income Or Expenses": {"2020-12-31": "", "2019-12-31": "", "2018-12-31": "", "2017-12-31": "", "2016-12-31": "", "2015-12-31": "", "2014-12-31": "", "2013-12-31": "", "2012-12-31": "", "2011-12-31": "", "2010-12-31": "", "2009-12-31": "", "2008-12-31": "", "2007-12-31": "", "2006-12-31": "", "2005-12-31": ""}, "Operating Expenses": {"2020-12-31": "9129.00000", "2019-12-31": "10342.00000", "2018-12-31": "9997.00000", "2017-12-31": "8609.00000", "2016-12-31": "8306.00000", "2015-12-31": "8437.00000", "2014-12-31": "8096.00000", "2013-12-31": "7505.00000", "2012-12-31": "7134.00000", "2011-12-31": "7402.00000", "2010-12-31": "7378.00000", "2009-12-31": "6538.00000", "2008-12-31": "9659.00000", "2007-12-31": "9117.00000", "2006-12-31": "7754.00000", "2005-12-31": "6064.00000"}, "Operating Income": {"2020-12-31": "2949.00000", "2019-12-31": "2789.00000", "2018-12-31": "3125.00000", "2017-12-31": "3261.00000", "2016-12-31": "2329.00000", "2015-12-31": "2323.00000", "2014-12-31": "2570.00000", "2013-12-31": "2770.00000", "2012-12-31": "2991.00000", "2011-12-31": "2805.00000", "2010-12-31": "2338.00000", "2009-12-31": "2824.00000", "2008-12-31": "3263.00000", "2007-12-31": "2701.00000", "2006-12-31": "1771.00000", "2005-12-31": "1432.00000"}, "Total Non-Operating Income/Expense": {"2020-12-31": "-50.00000", "2019-12-31": "-77.00000", "2018-12-31": "-24.00000", "2017-12-31": "-266.00000", "2016-12-31": "-209.00000", "2015-12-31": "-25.00000", "2014-12-31": "-133.00000", "2013-12-31": "-104.00000", "2012-12-31": "-225.00000", "2011-12-31": "-269.00000", "2010-12-31": "-252.00000", "2009-12-31": "-299.00000", "2008-12-31": "-421.00000", "2007-12-31": "-798.00000", "2006-12-31": "", "2005-12-31": ""}, "Pre-Tax Income": {"2020-12-31": "2899.00000", "2019-12-31": "2712.00000", "2018-12-31": "3101.00000", "2017-12-31": "2995.00000", "2016-12-31": "2120.00000", "2015-12-31": "2298.00000", "2014-12-31": "2437.00000", "2013-12-31": "2666.00000", "2012-12-31": "2766.00000", "2011-12-31": "2536.00000", "2010-12-31": "2086.00000", "2009-12-31": "2525.00000", "2008-12-31": "2842.00000", "2007-12-31": "1903.00000", "2006-12-31": "1771.00000", "2005-12-31": "1432.00000"}, "Income Taxes": {"2020-12-31": "479.00000", "2019-12-31": "470.00000", "2018-12-31": "508.00000", "2017-12-31": "839.00000", "2016-12-31": "-22.00000", "2015-12-31": "318.00000", "2014-12-31": "415.00000", "2013-12-31": "616.00000", "2012-12-31": "705.00000", "2011-12-31": "616.00000", "2010-12-31": "530.00000", "2009-12-31": "722.00000", "2008-12-31": "1031.00000", "2007-12-31": "642.00000", "2006-12-31": "675.00000", "2005-12-31": "487.00000"}, "Income After Taxes": {"2020-12-31": "2420.00000", "2019-12-31": "2242.00000", "2018-12-31": "2593.00000", "2017-12-31": "2156.00000", "2016-12-31": "2142.00000", "2015-12-31": "1980.00000", "2014-12-31": "2022.00000", "2013-12-31": "2050.00000", "2012-12-31": "2061.00000", "2011-12-31": "1920.00000", "2010-12-31": "1556.00000", "2009-12-31": "1803.00000", "2008-12-31": "1811.00000", "2007-12-31": "1261.00000", "2006-12-31": "1096.00000", "2005-12-31": "945.00000"}, "Other Income": {"2020-12-31": "", "2019-12-31": "", "2018-12-31": "", "2017-12-31": "", "2016-12-31": "", "2015-12-31": "", "2014-12-31": "", "2013-12-31": "", "2012-12-31": "", "2011-12-31": "", "2010-12-31": "", "2009-12-31": "", "2008-12-31": "", "2007-12-31": "", "2006-12-31": "", "2005-12-31": ""}, "Income From Continuous Operations": {"2020-12-31": "2420.00000", "2019-12-31": "2242.00000", "2018-12-31": "2593.00000", "2017-12-31": "2156.00000", "2016-12-31": "2143.00000", "2015-12-31": "1980.00000", "2014-12-31": "2022.00000", "2013-12-31": "2050.00000", "2012-12-31": "2061.00000", "2011-12-31": "1920.00000", "2010-12-31": "1556.00000", "2009-12-31": "1803.00000", "2008-12-31": "1811.00000", "2007-12-31": "1261.00000", "2006-12-31": "1096.00000", "2005-12-31": "945.00000"}, "Income From Discontinued Operations": {"2020-12-31": "", "2019-12-31": "", "2018-12-31": "", "2017-12-31": "", "2016-12-31": "", "2015-12-31": "", "2014-12-31": "", "2013-12-31": "", "2012-12-31": "", "2011-12-31": "", "2010-12-31": "", "2009-12-31": "", "2008-12-31": "", "2007-12-31": "", "2006-12-31": "10.00000", "2005-12-31": "-107.00000"}, "Net Income": {"2020-12-31": "2257.00000", "2019-12-31": "2009.00000", "2018-12-31": "2404.00000", "2017-12-31": "1972.00000", "2016-12-31": "1968.00000", "2015-12-31": "1848.00000", "2014-12-31": "1958.00000", "2013-12-31": "2016.00000", "2012-12-31": "2019.00000", "2011-12-31": "1882.00000", "2010-12-31": "1540.00000", "2009-12-31": "-2044.00000", "2008-12-31": "1789.00000", "2007-12-31": "1261.00000", "2006-12-31": "1106.00000", "2005-12-31": "838.00000"}, "EBITDA": {"2020-12-31": "", "2019-12-31": "", "2018-12-31": "", "2017-12-31": "", "2016-12-31": "", "2015-12-31": "", "2014-12-31": "", "2013-12-31": "", "2012-12-31": "", "2011-12-31": "", "2010-12-31": "", "2009-12-31": "", "2008-12-31": "", "2007-12-31": "", "2006-12-31": "", "2005-12-31": ""}, "EBIT": {"2020-12-31": "", "2019-12-31": "", "2018-12-31": "", "2017-12-31": "", "2016-12-31": "", "2015-12-31": "", "2014-12-31": "", "2013-12-31": "", "2012-12-31": "", "2011-12-31": "", "2010-12-31": "", "2009-12-31": "", "2008-12-31": "", "2007-12-31": "", "2006-12-31": "", "2005-12-31": ""}, "Basic Shares Outstanding": {"2020-12-31": "352.86500", "2019-12-31": "369.91100", "2018-12-31": "371.98300", "2017-12-31": "374.79300", "2016-12-31": "391.48500", "2015-12-31": "407.85600", "2014-12-31": "424.22300", "2013-12-31": "446.24500", "2012-12-31": "474.45800", "2011-12-31": "492.59800", "2010-12-31": "495.39400", "2009-12-31": "470.60200", "2008-12-31": "413.18200", "2007-12-31": "360.67500", "2006-12-31": "331.35000", "2005-12-31": "330.36100"}, "Shares Outstanding": {"2020-12-31": "357.10600", "2019-12-31": "373.66600", "2018-12-31": "376.47600", "2017-12-31": "380.21300", "2016-12-31": "396.09000", "2015-12-31": "413.63800", "2014-12-31": "432.00700", "2013-12-31": "455.15500", "2012-12-31": "481.12900", "2011-12-31": "496.07200", "2010-12-31": "497.92400", "2009-12-31": "474.00300", "2008-12-31": "416.10000", "2007-12-31": "365.48800", "2006-12-31": "335.73200", "2005-12-31": "334.63600"}, "Basic EPS": {"2020-12-31": "6.40000", "2019-12-31": "5.43000", "2018-12-31": "6.46000", "2017-12-31": "5.26000", "2016-12-31": "5.03000", "2015-12-31": "4.53000", "2014-12-31": "4.62000", "2013-12-31": "4.52000", "2012-12-31": "4.25000", "2011-12-31": "3.82000", "2010-12-31": "3.11000", "2009-12-31": "-4.32000", "2008-12-31": "4.32000", "2007-12-31": "3.49000", "2006-12-31": "3.34000", "2005-12-31": "2.53000"}, "EPS - Earnings Per Share": {"2020-12-31": "6.32000", "2019-12-31": "5.38000", "2018-12-31": "6.39000", "2017-12-31": "5.19000", "2016-12-31": "4.97000", "2015-12-31": "4.47000", "2014-12-31": "4.53000", "2013-12-31": "4.43000", "2012-12-31": "4.20000", "2011-12-31": "3.79000", "2010-12-31": "3.09000", "2009-12-31": "-4.32000", "2008-12-31": "4.30000", "2007-12-31": "3.45000", "2006-12-31": "3.29000", "2005-12-31": "2.50000"}}, "income statement, quarterly": {"Revenue": {"2020-12-31": "2931.00000", "2020-09-30": "2826.00000", "2020-06-30": "3052.00000", "2020-03-31": "3269.00000", "2019-12-31": "3318.00000", "2019-09-30": "3260.00000", "2019-06-30": "3267.00000", "2019-03-31": "3286.00000", "2018-12-31": "3308.00000", "2018-09-30": "3233.00000", "2018-06-30": "3311.00000", "2018-03-31": "3270.00000", "2017-12-31": "3123.00000", "2017-09-30": "3004.00000", "2017-06-30": "2935.00000", "2017-03-31": "2808.00000", "2016-12-31": "2632.00000", "2016-09-30": "2730.00000", "2016-06-30": "2672.00000", "2016-03-31": "2601.00000", "2015-12-31": "2647.00000", "2015-09-30": "2715.00000", "2015-06-30": "2702.00000", "2015-03-31": "2696.00000", "2014-12-31": "2711.00000", "2014-09-30": "2683.00000", "2014-06-30": "2687.00000", "2014-03-31": "2585.00000", "2013-12-31": "2543.00000", "2013-09-30": "2522.00000", "2013-06-30": "2664.00000", "2013-03-31": "2546.00000", "2012-12-31": "2560.00000", "2012-09-30": "2467.00000", "2012-06-30": "2537.00000", "2012-03-31": "2561.00000", "2011-12-31": "2474.00000", "2011-09-30": "2577.00000", "2011-06-30": "2638.00000", "2011-03-31": "2518.00000", "2010-12-31": "2221.00000", "2010-09-30": "2490.00000", "2010-06-30": "2492.00000", "2010-03-31": "2513.00000", "2009-12-31": "2460.00000", "2009-09-30": "2411.00000", "2009-06-30": "2315.00000", "2009-03-31": "2176.00000", "2008-12-31": "3257.00000", "2008-09-30": "3273.00000", "2008-06-30": "3152.00000", "2008-03-31": "3240.00000", "2007-12-31": "3377.00000", "2007-09-30": "3159.00000", "2007-06-30": "2739.00000", "2007-03-31": "2543.00000", "2006-12-31": "2532.00000", "2006-09-30": "2352.00000", "2006-06-30": "2423.00000", "2006-03-31": "2218.00000", "2005-12-31": "2035.00000", "2005-09-30": "1925.00000", "2005-06-30": "1837.00000", "2005-03-31": "1699.00000"}, "Cost Of Goods Sold": {"2020-12-31": "14.00000", "2020-09-30": "42.00000", "2020-06-30": "115.00000", "2020-03-31": "204.00000", "2019-12-31": "270.00000", "2019-09-30": "357.00000", "2019-06-30": "394.00000", "2019-03-31": "354.00000", "2018-12-31": "285.00000", "2018-09-30": "244.00000", "2018-06-30": "248.00000", "2018-03-31": "214.00000", "2017-12-31": "181.00000", "2017-09-30": "158.00000", "2017-06-30": "125.00000", "2017-03-31": "140.00000", "2016-12-31": "102.00000", "2016-09-30": "110.00000", "2016-06-30": "99.00000", "2016-03-31": "117.00000", "2015-12-31": "109.00000", "2015-09-30": "101.00000", "2015-06-30": "94.00000", "2015-03-31": "96.00000", "2014-12-31": "102.00000", "2014-09-30": "101.00000", "2014-06-30": "89.00000", "2014-03-31": "100.00000", "2013-12-31": "99.00000", "2013-09-30": "97.00000", "2013-06-30": "104.00000", "2013-03-31": "111.00000", "2012-12-31": "111.00000", "2012-09-30": "111.00000", "2012-06-30": "114.00000", "2012-03-31": "140.00000", "2011-12-31": "159.00000", "2011-09-30": "150.00000", "2011-06-30": "147.00000", "2011-03-31": "157.00000", "2010-12-31": "178.00000", "2010-09-30": "180.00000", "2010-06-30": "188.00000", "2010-03-31": "217.00000", "2009-12-31": "180.00000", "2009-09-30": "175.00000", "2009-06-30": "193.00000", "2009-03-31": "174.00000", "2008-12-31": "584.00000", "2008-09-30": "502.00000", "2008-06-30": "480.00000", "2008-03-31": "663.00000", "2007-12-31": "898.00000", "2007-09-30": "919.00000", "2007-06-30": "818.00000", "2007-03-31": "847.00000", "2006-12-31": "910.00000", "2006-09-30": "837.00000", "2006-06-30": "772.00000", "2006-03-31": "695.00000", "2005-12-31": "619.00000", "2005-09-30": "537.00000", "2005-06-30": "476.00000", "2005-03-31": "391.00000"}, "Gross Profit": {"2020-12-31": "2917.00000", "2020-09-30": "2784.00000", "2020-06-30": "2937.00000", "2020-03-31": "3065.00000", "2019-12-31": "3048.00000", "2019-09-30": "2903.00000", "2019-06-30": "2873.00000", "2019-03-31": "2932.00000", "2018-12-31": "3023.00000", "2018-09-30": "2989.00000", "2018-06-30": "3063.00000", "2018-03-31": "3056.00000", "2017-12-31": "2942.00000", "2017-09-30": "2846.00000", "2017-06-30": "2810.00000", "2017-03-31": "2668.00000", "2016-12-31": "2530.00000", "2016-09-30": "2620.00000", "2016-06-30": "2573.00000", "2016-03-31": "2484.00000", "2015-12-31": "2538.00000", "2015-09-30": "2614.00000", "2015-06-30": "2608.00000", "2015-03-31": "2600.00000", "2014-12-31": "2609.00000", "2014-09-30": "2582.00000", "2014-06-30": "2598.00000", "2014-03-31": "2485.00000", "2013-12-31": "2444.00000", "2013-09-30": "2425.00000", "2013-06-30": "2560.00000", "2013-03-31": "2435.00000", "2012-12-31": "2449.00000", "2012-09-30": "2356.00000", "2012-06-30": "2423.00000", "2012-03-31": "2421.00000", "2011-12-31": "2315.00000", "2011-09-30": "2427.00000", "2011-06-30": "2491.00000", "2011-03-31": "2361.00000", "2010-12-31": "2043.00000", "2010-09-30": "2310.00000", "2010-06-30": "2304.00000", "2010-03-31": "2296.00000", "2009-12-31": "2280.00000", "2009-09-30": "2236.00000", "2009-06-30": "2122.00000", "2009-03-31": "2002.00000", "2008-12-31": "2673.00000", "2008-09-30": "2771.00000", "2008-06-30": "2672.00000", "2008-03-31": "2577.00000", "2007-12-31": "2479.00000", "2007-09-30": "2240.00000", "2007-06-30": "1921.00000", "2007-03-31": "1696.00000", "2006-12-31": "1622.00000", "2006-09-30": "1515.00000", "2006-06-30": "1651.00000", "2006-03-31": "1523.00000", "2005-12-31": "1416.00000", "2005-09-30": "1388.00000", "2005-06-30": "1361.00000", "2005-03-31": "1308.00000"}, "Research And Development Expenses": {"2020-12-31": "", "2020-09-30": "", "2020-06-30": "", "2020-03-31": "", "2019-12-31": "", "2019-09-30": "", "2019-06-30": "", "2019-03-31": "", "2018-12-31": "", "2018-09-30": "", "2018-06-30": "", "2018-03-31": "", "2017-12-31": "", "2017-09-30": "", "2017-06-30": "", "2017-03-31": "", "2016-12-31": "", "2016-09-30": "", "2016-06-30": "", "2016-03-31": "", "2015-12-31": "", "2015-09-30": "", "2015-06-30": "", "2015-03-31": "", "2014-12-31": "", "2014-09-30": "", "2014-06-30": "", "2014-03-31": "", "2013-12-31": "", "2013-09-30": "", "2013-06-30": "", "2013-03-31": "", "2012-12-31": "", "2012-09-30": "", "2012-06-30": "", "2012-03-31": "", "2011-12-31": "", "2011-09-30": "", "2011-06-30": "", "2011-03-31": "", "2010-12-31": "", "2010-09-30": "", "2010-06-30": "", "2010-03-31": "", "2009-12-31": "", "2009-09-30": "", "2009-06-30": "", "2009-03-31": "", "2008-12-31": "", "2008-09-30": "", "2008-06-30": "", "2008-03-31": "", "2007-12-31": "", "2007-09-30": "", "2007-06-30": "", "2007-03-31": "", "2006-12-31": "", "2006-09-30": "", "2006-06-30": "", "2006-03-31": "", "2005-12-31": "", "2005-09-30": "", "2005-06-30": "", "2005-03-31": ""}, "SG&A Expenses": {"2020-12-31": "2205.00000", "2020-09-30": "2029.00000", "2020-06-30": "2064.00000", "2020-03-31": "2222.00000", "2019-12-31": "2323.00000", "2019-09-30": "2096.00000", "2019-06-30": "2084.00000", "2019-03-31": "2228.00000", "2018-12-31": "2389.00000", "2018-09-30": "2049.00000", "2018-06-30": "2124.00000", "2018-03-31": "2218.00000", "2017-12-31": "1942.00000", "2017-09-30": "1937.00000", "2017-06-30": "1909.00000", "2017-03-31": "2003.00000", "2016-12-31": "2088.00000", "2016-09-30": "1887.00000", "2016-06-30": "1795.00000", "2016-03-31": "1901.00000", "2015-12-31": "1802.00000", "2015-09-30": "1909.00000", "2015-06-30": "2084.00000", "2015-03-31": "2045.00000", "2014-12-31": "1949.00000", "2014-09-30": "1820.00000", "2014-06-30": "1770.00000", "2014-03-31": "1943.00000", "2013-12-31": "1762.00000", "2013-09-30": "1639.00000", "2013-06-30": "1714.00000", "2013-03-31": "1759.00000", "2012-12-31": "1670.00000", "2012-09-30": "1341.00000", "2012-06-30": "1686.00000", "2012-03-31": "1763.00000", "2011-12-31": "1584.00000", "2011-09-30": "1663.00000", "2011-06-30": "1709.00000", "2011-03-31": "1633.00000", "2010-12-31": "1569.00000", "2010-09-30": "1453.00000", "2010-06-30": "1867.00000", "2010-03-31": "1547.00000", "2009-12-31": "1559.00000", "2009-09-30": "1452.00000", "2009-06-30": "1332.00000", "2009-03-31": "1337.00000", "2008-12-31": "1934.00000", "2008-09-30": "1861.00000", "2008-06-30": "1776.00000", "2008-03-31": "1715.00000", "2007-12-31": "1483.00000", "2007-09-30": "1516.00000", "2007-06-30": "1343.00000", "2007-03-31": "1201.00000", "2006-12-31": "1135.00000", "2006-09-30": "1090.00000", "2006-06-30": "1176.00000", "2006-03-31": "1096.00000", "2005-12-31": "1039.00000", "2005-09-30": "1008.00000", "2005-06-30": "1028.00000", "2005-03-31": "966.00000"}, "Other Operating Income Or Expenses": {"2020-12-31": "", "2020-09-30": "", "2020-06-30": "", "2020-03-31": "", "2019-12-31": "", "2019-09-30": "", "2019-06-30": "", "2019-03-31": "", "2018-12-31": "", "2018-09-30": "", "2018-06-30": "", "2018-03-31": "", "2017-12-31": "", "2017-09-30": "", "2017-06-30": "", "2017-03-31": "", "2016-12-31": "", "2016-09-30": "", "2016-06-30": "", "2016-03-31": "", "2015-12-31": "", "2015-09-30": "", "2015-06-30": "", "2015-03-31": "", "2014-12-31": "", "2014-09-30": "", "2014-06-30": "", "2014-03-31": "", "2013-12-31": "", "2013-09-30": "", "2013-06-30": "", "2013-03-31": "", "2012-12-31": "", "2012-09-30": "", "2012-06-30": "", "2012-03-31": "", "2011-12-31": "", "2011-09-30": "", "2011-06-30": "", "2011-03-31": "", "2010-12-31": "", "2010-09-30": "", "2010-06-30": "", "2010-03-31": "", "2009-12-31": "", "2009-09-30": "", "2009-06-30": "", "2009-03-31": "", "2008-12-31": "", "2008-09-30": "", "2008-06-30": "", "2008-03-31": "", "2007-12-31": "", "2007-09-30": "", "2007-06-30": "", "2007-03-31": "", "2006-12-31": "", "2006-09-30": "", "2006-06-30": "", "2006-03-31": "", "2005-12-31": "", "2005-09-30": "", "2005-06-30": "", "2005-03-31": ""}, "Operating Expenses": {"2020-12-31": "2278.00000", "2020-09-30": "2130.00000", "2020-06-30": "2237.00000", "2020-03-31": "2484.00000", "2019-12-31": "2651.00000", "2019-09-30": "2512.00000", "2019-06-30": "2537.00000", "2019-03-31": "2642.00000", "2018-12-31": "2755.00000", "2018-09-30": "2340.00000", "2018-06-30": "2420.00000", "2018-03-31": "2482.00000", "2017-12-31": "2177.00000", "2017-09-30": "2149.00000", "2017-06-30": "2088.00000", "2017-03-31": "2195.00000", "2016-12-31": "2244.00000", "2016-09-30": "2052.00000", "2016-06-30": "1943.00000", "2016-03-31": "2067.00000", "2015-12-31": "1961.00000", "2015-09-30": "2058.00000", "2015-06-30": "2227.00000", "2015-03-31": "2191.00000", "2014-12-31": "2111.00000", "2014-09-30": "1975.00000", "2014-06-30": "1913.00000", "2014-03-31": "2097.00000", "2013-12-31": "1915.00000", "2013-09-30": "1789.00000", "2013-06-30": "1872.00000", "2013-03-31": "1923.00000", "2012-12-31": "1834.00000", "2012-09-30": "1498.00000", "2012-06-30": "1848.00000", "2012-03-31": "1954.00000", "2011-12-31": "1794.00000", "2011-09-30": "1863.00000", "2011-06-30": "1906.00000", "2011-03-31": "1839.00000", "2010-12-31": "1794.00000", "2010-09-30": "1685.00000", "2010-06-30": "2101.00000", "2010-03-31": "1798.00000", "2009-12-31": "1771.00000", "2009-09-30": "1663.00000", "2009-06-30": "1559.00000", "2009-03-31": "1545.00000", "2008-12-31": "2562.00000", "2008-09-30": "2397.00000", "2008-06-30": "2289.00000", "2008-03-31": "2411.00000", "2007-12-31": "2414.00000", "2007-09-30": "2467.00000", "2007-06-30": "2176.00000", "2007-03-31": "2060.00000", "2006-12-31": "2045.00000", "2006-09-30": "1927.00000", "2006-06-30": "1948.00000", "2006-03-31": "1791.00000", "2005-12-31": "1658.00000", "2005-09-30": "1545.00000", "2005-06-30": "1504.00000", "2005-03-31": "1357.00000"}, "Operating Income": {"2020-12-31": "653.00000", "2020-09-30": "696.00000", "2020-06-30": "815.00000", "2020-03-31": "785.00000", "2019-12-31": "667.00000", "2019-09-30": "748.00000", "2019-06-30": "730.00000", "2019-03-31": "644.00000", "2018-12-31": "553.00000", "2018-09-30": "893.00000", "2018-06-30": "891.00000", "2018-03-31": "788.00000", "2017-12-31": "946.00000", "2017-09-30": "855.00000", "2017-06-30": "847.00000", "2017-03-31": "613.00000", "2016-12-31": "388.00000", "2016-09-30": "678.00000", "2016-06-30": "729.00000", "2016-03-31": "534.00000", "2015-12-31": "686.00000", "2015-09-30": "657.00000", "2015-06-30": "475.00000", "2015-03-31": "505.00000", "2014-12-31": "600.00000", "2014-09-30": "708.00000", "2014-06-30": "774.00000", "2014-03-31": "488.00000", "2013-12-31": "628.00000", "2013-09-30": "733.00000", "2013-06-30": "792.00000", "2013-03-31": "623.00000", "2012-12-31": "726.00000", "2012-09-30": "969.00000", "2012-06-30": "689.00000", "2012-03-31": "607.00000", "2011-12-31": "680.00000", "2011-09-30": "714.00000", "2011-06-30": "732.00000", "2011-03-31": "679.00000", "2010-12-31": "427.00000", "2010-09-30": "805.00000", "2010-06-30": "391.00000", "2010-03-31": "715.00000", "2009-12-31": "689.00000", "2009-09-30": "748.00000", "2009-06-30": "756.00000", "2009-03-31": "631.00000", "2008-12-31": "695.00000", "2008-09-30": "876.00000", "2008-06-30": "863.00000", "2008-03-31": "829.00000", "2007-12-31": "963.00000", "2007-09-30": "692.00000", "2007-06-30": "563.00000", "2007-03-31": "483.00000", "2006-12-31": "487.00000", "2006-09-30": "425.00000", "2006-06-30": "475.00000", "2006-03-31": "427.00000", "2005-12-31": "377.00000", "2005-09-30": "380.00000", "2005-06-30": "333.00000", "2005-03-31": "342.00000"}, "Total Non-Operating Income/Expense": {"2020-12-31": "-12.00000", "2020-09-30": "-15.00000", "2020-06-30": "-12.00000", "2020-03-31": "-11.00000", "2019-12-31": "-38.00000", "2019-09-30": "-27.00000", "2019-06-30": "-12.00000", "2019-03-31": "-9.00000", "2018-12-31": "", "2018-09-30": "", "2018-06-30": "", "2018-03-31": "", "2017-12-31": "-204.00000", "2017-09-30": "-33.00000", "2017-06-30": "-71.00000", "2017-03-31": "-29.00000", "2016-12-31": "-43.00000", "2016-09-30": "-42.00000", "2016-06-30": "-20.00000", "2016-03-31": "-104.00000", "2015-12-31": "-6.00000", "2015-09-30": "-10.00000", "2015-06-30": "-3.00000", "2015-03-31": "-6.00000", "2014-12-31": "-52.00000", "2014-09-30": "-20.00000", "2014-06-30": "-28.00000", "2014-03-31": "-33.00000", "2013-12-31": "-30.00000", "2013-09-30": "-30.00000", "2013-06-30": "-30.00000", "2013-03-31": "-14.00000", "2012-12-31": "-139.00000", "2012-09-30": "-28.00000", "2012-06-30": "-37.00000", "2012-03-31": "-21.00000", "2011-12-31": "-167.00000", "2011-09-30": "-85.00000", "2011-06-30": "-17.00000", "2011-03-31": "-19.00000", "2010-12-31": "-175.00000", "2010-09-30": "-23.00000", "2010-06-30": "-41.00000", "2010-03-31": "-13.00000", "2009-12-31": "-9.00000", "2009-09-30": "-261.00000", "2009-06-30": "-12.00000", "2009-03-31": "-17.00000", "2008-12-31": "-27.00000", "2008-09-30": "-30.00000", "2008-06-30": "-32.00000", "2008-03-31": "-26.00000", "2007-12-31": "-57.00000", "2007-09-30": "-141.00000", "2007-06-30": "", "2007-03-31": "", "2006-12-31": "", "2006-09-30": "", "2006-06-30": "", "2006-03-31": "", "2005-12-31": "", "2005-09-30": "", "2005-06-30": "", "2005-03-31": ""}, "Pre-Tax Income": {"2020-12-31": "641.00000", "2020-09-30": "681.00000", "2020-06-30": "803.00000", "2020-03-31": "774.00000", "2019-12-31": "638.00000", "2019-09-30": "721.00000", "2019-06-30": "718.00000", "2019-03-31": "635.00000", "2018-12-31": "529.00000", "2018-09-30": "893.00000", "2018-06-30": "891.00000", "2018-03-31": "788.00000", "2017-12-31": "813.00000", "2017-09-30": "822.00000", "2017-06-30": "776.00000", "2017-03-31": "584.00000", "2016-12-31": "345.00000", "2016-09-30": "636.00000", "2016-06-30": "709.00000", "2016-03-31": "430.00000", "2015-12-31": "680.00000", "2015-09-30": "647.00000", "2015-06-30": "472.00000", "2015-03-31": "499.00000", "2014-12-31": "548.00000", "2014-09-30": "688.00000", "2014-06-30": "746.00000", "2014-03-31": "455.00000", "2013-12-31": "592.00000", "2013-09-30": "703.00000", "2013-06-30": "762.00000", "2013-03-31": "609.00000", "2012-12-31": "587.00000", "2012-09-30": "941.00000", "2012-06-30": "652.00000", "2012-03-31": "586.00000", "2011-12-31": "532.00000", "2011-09-30": "629.00000", "2011-06-30": "715.00000", "2011-03-31": "660.00000", "2010-12-31": "252.00000", "2010-09-30": "782.00000", "2010-06-30": "350.00000", "2010-03-31": "702.00000", "2009-12-31": "680.00000", "2009-09-30": "487.00000", "2009-06-30": "744.00000", "2009-03-31": "614.00000", "2008-12-31": "362.00000", "2008-09-30": "846.00000", "2008-06-30": "831.00000", "2008-03-31": "803.00000", "2007-12-31": "306.00000", "2007-09-30": "551.00000", "2007-06-30": "563.00000", "2007-03-31": "483.00000", "2006-12-31": "444.00000", "2006-09-30": "425.00000", "2006-06-30": "475.00000", "2006-03-31": "427.00000", "2005-12-31": "377.00000", "2005-09-30": "380.00000", "2005-06-30": "333.00000", "2005-03-31": "342.00000"}, "Income Taxes": {"2020-12-31": "104.00000", "2020-09-30": "126.00000", "2020-06-30": "109.00000", "2020-03-31": "140.00000", "2019-12-31": "74.00000", "2019-09-30": "138.00000", "2019-06-30": "131.00000", "2019-03-31": "127.00000", "2018-12-31": "92.00000", "2018-09-30": "129.00000", "2018-06-30": "158.00000", "2018-03-31": "129.00000", "2017-12-31": "464.00000", "2017-09-30": "137.00000", "2017-06-30": "156.00000", "2017-03-31": "82.00000", "2016-12-31": "-248.00000", "2016-09-30": "72.00000", "2016-06-30": "92.00000", "2016-03-31": "62.00000", "2015-12-31": "103.00000", "2015-09-30": "67.00000", "2015-06-30": "54.00000", "2015-03-31": "94.00000", "2014-12-31": "71.00000", "2014-09-30": "128.00000", "2014-06-30": "124.00000", "2014-03-31": "92.00000", "2013-12-31": "125.00000", "2013-09-30": "163.00000", "2013-06-30": "183.00000", "2013-03-31": "145.00000", "2012-12-31": "117.00000", "2012-09-30": "267.00000", "2012-06-30": "162.00000", "2012-03-31": "159.00000", "2011-12-31": "151.00000", "2011-09-30": "74.00000", "2011-06-30": "202.00000", "2011-03-31": "189.00000", "2010-12-31": "169.00000", "2010-09-30": "236.00000", "2010-06-30": "-82.00000", "2010-03-31": "207.00000", "2009-12-31": "182.00000", "2009-09-30": "160.00000", "2009-06-30": "242.00000", "2009-03-31": "138.00000", "2008-12-31": "106.00000", "2008-09-30": "369.00000", "2008-06-30": "283.00000", "2008-03-31": "273.00000", "2007-12-31": "83.00000", "2007-09-30": "193.00000", "2007-06-30": "197.00000", "2007-03-31": "169.00000", "2006-12-31": "135.00000", "2006-09-30": "147.00000", "2006-06-30": "248.00000", "2006-03-31": "145.00000", "2005-12-31": "128.00000", "2005-09-30": "130.00000", "2005-06-30": "113.00000", "2005-03-31": "116.00000"}, "Income After Taxes": {"2020-12-31": "537.00000", "2020-09-30": "555.00000", "2020-06-30": "694.00000", "2020-03-31": "634.00000", "2019-12-31": "564.00000", "2019-09-30": "583.00000", "2019-06-30": "587.00000", "2019-03-31": "508.00000", "2018-12-31": "437.00000", "2018-09-30": "764.00000", "2018-06-30": "733.00000", "2018-03-31": "659.00000", "2017-12-31": "349.00000", "2017-09-30": "685.00000", "2017-06-30": "620.00000", "2017-03-31": "502.00000", "2016-12-31": "593.00000", "2016-09-30": "564.00000", "2016-06-30": "617.00000", "2016-03-31": "368.00000", "2015-12-31": "577.00000", "2015-09-30": "580.00000", "2015-06-30": "418.00000", "2015-03-31": "405.00000", "2014-12-31": "477.00000", "2014-09-30": "560.00000", "2014-06-30": "622.00000", "2014-03-31": "363.00000", "2013-12-31": "467.00000", "2013-09-30": "540.00000", "2013-06-30": "579.00000", "2013-03-31": "464.00000", "2012-12-31": "470.00000", "2012-09-30": "674.00000", "2012-06-30": "490.00000", "2012-03-31": "427.00000", "2011-12-31": "381.00000", "2011-09-30": "555.00000", "2011-06-30": "513.00000", "2011-03-31": "471.00000", "2010-12-31": "83.00000", "2010-09-30": "546.00000", "2010-06-30": "432.00000", "2010-03-31": "495.00000", "2009-12-31": "498.00000", "2009-09-30": "327.00000", "2009-06-30": "502.00000", "2009-03-31": "476.00000", "2008-12-31": "256.00000", "2008-09-30": "477.00000", "2008-06-30": "548.00000", "2008-03-31": "530.00000", "2007-12-31": "223.00000", "2007-09-30": "358.00000", "2007-06-30": "366.00000", "2007-03-31": "314.00000", "2006-12-31": "309.00000", "2006-09-30": "278.00000", "2006-06-30": "227.00000", "2006-03-31": "282.00000", "2005-12-31": "249.00000", "2005-09-30": "250.00000", "2005-06-30": "220.00000", "2005-03-31": "226.00000"}, "Other Income": {"2020-12-31": "", "2020-09-30": "", "2020-06-30": "", "2020-03-31": "", "2019-12-31": "", "2019-09-30": "", "2019-06-30": "", "2019-03-31": "", "2018-12-31": "", "2018-09-30": "", "2018-06-30": "", "2018-03-31": "", "2017-12-31": "", "2017-09-30": "", "2017-06-30": "", "2017-03-31": "", "2016-12-31": "", "2016-09-30": "", "2016-06-30": "", "2016-03-31": "", "2015-12-31": "", "2015-09-30": "", "2015-06-30": "", "2015-03-31": "", "2014-12-31": "", "2014-09-30": "", "2014-06-30": "", "2014-03-31": "", "2013-12-31": "", "2013-09-30": "", "2013-06-30": "", "2013-03-31": "", "2012-12-31": "", "2012-09-30": "", "2012-06-30": "", "2012-03-31": "", "2011-12-31": "", "2011-09-30": "", "2011-06-30": "", "2011-03-31": "", "2010-12-31": "", "2010-09-30": "", "2010-06-30": "", "2010-03-31": "", "2009-12-31": "", "2009-09-30": "", "2009-06-30": "", "2009-03-31": "", "2008-12-31": "", "2008-09-30": "", "2008-06-30": "", "2008-03-31": "", "2007-12-31": "", "2007-09-30": "", "2007-06-30": "", "2007-03-31": "", "2006-12-31": "", "2006-09-30": "", "2006-06-30": "", "2006-03-31": "", "2005-12-31": "", "2005-09-30": "", "2005-06-30": "", "2005-03-31": ""}, "Income From Continuous Operations": {"2020-12-31": "537.00000", "2020-09-30": "555.00000", "2020-06-30": "694.00000", "2020-03-31": "634.00000", "2019-12-31": "564.00000", "2019-09-30": "583.00000", "2019-06-30": "587.00000", "2019-03-31": "508.00000", "2018-12-31": "437.00000", "2018-09-30": "764.00000", "2018-06-30": "733.00000", "2018-03-31": "659.00000", "2017-12-31": "349.00000", "2017-09-30": "685.00000", "2017-06-30": "620.00000", "2017-03-31": "502.00000", "2016-12-31": "595.00000", "2016-09-30": "563.00000", "2016-06-30": "617.00000", "2016-03-31": "368.00000", "2015-12-31": "577.00000", "2015-09-30": "580.00000", "2015-06-30": "418.00000", "2015-03-31": "405.00000", "2014-12-31": "477.00000", "2014-09-30": "560.00000", "2014-06-30": "622.00000", "2014-03-31": "363.00000", "2013-12-31": "467.00000", "2013-09-30": "540.00000", "2013-06-30": "579.00000", "2013-03-31": "464.00000", "2012-12-31": "470.00000", "2012-09-30": "674.00000", "2012-06-30": "490.00000", "2012-03-31": "427.00000", "2011-12-31": "381.00000", "2011-09-30": "555.00000", "2011-06-30": "513.00000", "2011-03-31": "471.00000", "2010-12-31": "83.00000", "2010-09-30": "546.00000", "2010-06-30": "432.00000", "2010-03-31": "495.00000", "2009-12-31": "498.00000", "2009-09-30": "327.00000", "2009-06-30": "502.00000", "2009-03-31": "476.00000", "2008-12-31": "256.00000", "2008-09-30": "477.00000", "2008-06-30": "548.00000", "2008-03-31": "530.00000", "2007-12-31": "223.00000", "2007-09-30": "358.00000", "2007-06-30": "366.00000", "2007-03-31": "314.00000", "2006-12-31": "309.00000", "2006-09-30": "278.00000", "2006-06-30": "227.00000", "2006-03-31": "282.00000", "2005-12-31": "249.00000", "2005-09-30": "250.00000", "2005-06-30": "220.00000", "2005-03-31": "226.00000"}, "Income From Discontinued Operations": {"2020-12-31": "", "2020-09-30": "", "2020-06-30": "", "2020-03-31": "", "2019-12-31": "", "2019-09-30": "", "2019-06-30": "", "2019-03-31": "", "2018-12-31": "", "2018-09-30": "", "2018-06-30": "", "2018-03-31": "", "2017-12-31": "", "2017-09-30": "", "2017-06-30": "", "2017-03-31": "", "2016-12-31": "", "2016-09-30": "", "2016-06-30": "2.00000", "2016-03-31": "", "2015-12-31": "", "2015-09-30": "1.00000", "2015-06-30": "", "2015-03-31": "", "2014-12-31": "", "2014-09-30": "", "2014-06-30": "", "2014-03-31": "", "2013-12-31": "", "2013-09-30": "", "2013-06-30": "", "2013-03-31": "", "2012-12-31": "", "2012-09-30": "", "2012-06-30": "", "2012-03-31": "", "2011-12-31": "", "2011-09-30": "", "2011-06-30": "", "2011-03-31": "", "2010-12-31": "", "2010-09-30": "", "2010-06-30": "", "2010-03-31": "", "2009-12-31": "", "2009-09-30": "", "2009-06-30": "", "2009-03-31": "", "2008-12-31": "", "2008-09-30": "", "2008-06-30": "", "2008-03-31": "", "2007-12-31": "", "2007-09-30": "", "2007-06-30": "", "2007-03-31": "", "2006-12-31": "", "2006-09-30": "", "2006-06-30": "", "2006-03-31": "10.00000", "2005-12-31": "", "2005-09-30": "-107.00000", "2005-06-30": "", "2005-03-31": ""}, "Net Income": {"2020-12-31": "498.00000", "2020-09-30": "517.00000", "2020-06-30": "662.00000", "2020-03-31": "580.00000", "2019-12-31": "492.00000", "2019-09-30": "528.00000", "2019-06-30": "537.00000", "2019-03-31": "452.00000", "2018-12-31": "396.00000", "2018-09-30": "708.00000", "2018-06-30": "697.00000", "2018-03-31": "603.00000", "2017-12-31": "313.00000", "2017-09-30": "629.00000", "2017-06-30": "584.00000", "2017-03-31": "446.00000", "2016-12-31": "557.00000", "2016-09-30": "507.00000", "2016-06-30": "585.00000", "2016-03-31": "319.00000", "2015-12-31": "547.00000", "2015-09-30": "539.00000", "2015-06-30": "389.00000", "2015-03-31": "373.00000", "2014-12-31": "458.00000", "2014-09-30": "542.00000", "2014-06-30": "602.00000", "2014-03-31": "356.00000", "2013-12-31": "459.00000", "2013-09-30": "531.00000", "2013-06-30": "571.00000", "2013-03-31": "455.00000", "2012-12-31": "468.00000", "2012-09-30": "654.00000", "2012-06-30": "480.00000", "2012-03-31": "417.00000", "2011-12-31": "371.00000", "2011-09-30": "543.00000", "2011-06-30": "502.00000", "2011-03-31": "466.00000", "2010-12-31": "81.00000", "2010-09-30": "540.00000", "2010-06-30": "427.00000", "2010-03-31": "492.00000", "2009-12-31": "498.00000", "2009-09-30": "327.00000", "2009-06-30": "-3314.00000", "2009-03-31": "445.00000", "2008-12-31": "234.00000", "2008-09-30": "477.00000", "2008-06-30": "548.00000", "2008-03-31": "530.00000", "2007-12-31": "223.00000", "2007-09-30": "358.00000", "2007-06-30": "366.00000", "2007-03-31": "314.00000", "2006-12-31": "309.00000", "2006-09-30": "278.00000", "2006-06-30": "227.00000", "2006-03-31": "292.00000", "2005-12-31": "249.00000", "2005-09-30": "143.00000", "2005-06-30": "220.00000", "2005-03-31": "226.00000"}, "EBITDA": {"2020-12-31": "", "2020-09-30": "", "2020-06-30": "", "2020-03-31": "", "2019-12-31": "", "2019-09-30": "", "2019-06-30": "", "2019-03-31": "", "2018-12-31": "", "2018-09-30": "", "2018-06-30": "", "2018-03-31": "", "2017-12-31": "", "2017-09-30": "", "2017-06-30": "", "2017-03-31": "", "2016-12-31": "", "2016-09-30": "", "2016-06-30": "", "2016-03-31": "", "2015-12-31": "", "2015-09-30": "", "2015-06-30": "", "2015-03-31": "", "2014-12-31": "", "2014-09-30": "", "2014-06-30": "", "2014-03-31": "", "2013-12-31": "", "2013-09-30": "", "2013-06-30": "", "2013-03-31": "", "2012-12-31": "", "2012-09-30": "", "2012-06-30": "", "2012-03-31": "", "2011-12-31": "", "2011-09-30": "", "2011-06-30": "", "2011-03-31": "", "2010-12-31": "", "2010-09-30": "", "2010-06-30": "", "2010-03-31": "", "2009-12-31": "", "2009-09-30": "", "2009-06-30": "", "2009-03-31": "", "2008-12-31": "", "2008-09-30": "", "2008-06-30": "", "2008-03-31": "", "2007-12-31": "", "2007-09-30": "", "2007-06-30": "", "2007-03-31": "", "2006-12-31": "", "2006-09-30": "", "2006-06-30": "", "2006-03-31": "", "2005-12-31": "", "2005-09-30": "", "2005-06-30": "", "2005-03-31": ""}, "EBIT": {"2020-12-31": "", "2020-09-30": "", "2020-06-30": "", "2020-03-31": "", "2019-12-31": "", "2019-09-30": "", "2019-06-30": "", "2019-03-31": "", "2018-12-31": "", "2018-09-30": "", "2018-06-30": "", "2018-03-31": "", "2017-12-31": "", "2017-09-30": "", "2017-06-30": "", "2017-03-31": "", "2016-12-31": "", "2016-09-30": "", "2016-06-30": "", "2016-03-31": "", "2015-12-31": "", "2015-09-30": "", "2015-06-30": "", "2015-03-31": "", "2014-12-31": "", "2014-09-30": "", "2014-06-30": "", "2014-03-31": "", "2013-12-31": "", "2013-09-30": "", "2013-06-30": "", "2013-03-31": "", "2012-12-31": "", "2012-09-30": "", "2012-06-30": "", "2012-03-31": "", "2011-12-31": "", "2011-09-30": "", "2011-06-30": "", "2011-03-31": "", "2010-12-31": "", "2010-09-30": "", "2010-06-30": "", "2010-03-31": "", "2009-12-31": "", "2009-09-30": "", "2009-06-30": "", "2009-03-31": "", "2008-12-31": "", "2008-09-30": "", "2008-06-30": "", "2008-03-31": "", "2007-12-31": "", "2007-09-30": "", "2007-06-30": "", "2007-03-31": "", "2006-12-31": "", "2006-09-30": "", "2006-06-30": "", "2006-03-31": "", "2005-12-31": "", "2005-09-30": "", "2005-06-30": "", "2005-03-31": ""}, "Basic Shares Outstanding": {"2020-12-31": "352.97400", "2020-09-30": "352.58600", "2020-06-30": "352.15700", "2020-03-31": "353.74600", "2019-12-31": "369.91100", "2019-09-30": "366.73200", "2019-06-30": "373.77300", "2019-03-31": "377.91500", "2018-12-31": "371.98300", "2018-09-30": "374.96300", "2018-06-30": "365.61900", "2018-03-31": "367.43900", "2017-12-31": "374.79300", "2017-09-30": "372.76500", "2017-06-30": "375.39500", "2017-03-31": "381.22400", "2016-12-31": "391.48500", "2016-09-30": "388.35800", "2016-06-30": "394.16000", "2016-03-31": "399.42100", "2015-12-31": "407.85600", "2015-09-30": "406.61200", "2015-06-30": "410.67400", "2015-03-31": "412.22500", "2014-12-31": "424.22300", "2014-09-30": "421.97400", "2014-06-30": "427.82400", "2014-03-31": "430.62100", "2013-12-31": "446.24500", "2013-09-30": "442.86000", "2013-06-30": "452.17600", "2013-03-31": "454.31500", "2012-12-31": "474.45800", "2012-09-30": "472.35500", "2012-06-30": "481.40400", "2012-03-31": "484.94200", "2011-12-31": "492.59800", "2011-09-30": "490.84000", "2011-06-30": "496.80600", "2011-03-31": "497.47100", "2010-12-31": "495.39400", "2010-09-30": "495.72900", "2010-06-30": "495.60600", "2010-03-31": "494.58800", "2009-12-31": "470.60200", "2009-09-30": "493.45300", "2009-06-30": "463.19600", "2009-03-31": "432.17900", "2008-12-31": "413.18200", "2008-09-30": "430.87200", "2008-06-30": "402.48200", "2008-03-31": "387.94200", "2007-12-31": "360.67500", "2007-09-30": "386.84300", "2007-06-30": "335.76900", "2007-03-31": "334.03600", "2006-12-31": "331.35000", "2006-09-30": "330.44000", "2006-06-30": "330.80400", "2006-03-31": "332.76100", "2005-12-31": "330.36100", "2005-09-30": "329.09700", "2005-06-30": "330.11800", "2005-03-31": "331.56300"}, "Shares Outstanding": {"2020-12-31": "357.71900", "2020-09-30": "357.16800", "2020-06-30": "356.41300", "2020-03-31": "357.99300", "2019-12-31": "373.66600", "2019-09-30": "370.59500", "2019-06-30": "377.57700", "2019-03-31": "381.70300", "2018-12-31": "376.47600", "2018-09-30": "379.38300", "2018-06-30": "370.41000", "2018-03-31": "372.61900", "2017-12-31": "380.21300", "2017-09-30": "378.51800", "2017-06-30": "380.91500", "2017-03-31": "386.41700", "2016-12-31": "396.09000", "2016-09-30": "393.21200", "2016-06-30": "398.84700", "2016-03-31": "403.61500", "2015-12-31": "413.63800", "2015-09-30": "412.16700", "2015-06-30": "416.71200", "2015-03-31": "418.75000", "2014-12-31": "432.00700", "2014-09-30": "429.73600", "2014-06-30": "435.32000", "2014-03-31": "438.81500", "2013-12-31": "455.15500", "2013-09-30": "452.15400", "2013-06-30": "461.04000", "2013-03-31": "462.75100", "2012-12-31": "481.12900", "2012-09-30": "480.01000", "2012-06-30": "488.51800", "2012-03-31": "490.45400", "2011-12-31": "496.07200", "2011-09-30": "494.78000", "2011-06-30": "501.04400", "2011-03-31": "500.98000", "2010-12-31": "497.92400", "2010-09-30": "498.15900", "2010-06-30": "498.88600", "2010-03-31": "498.05600", "2009-12-31": "474.00300", "2009-09-30": "498.29000", "2009-06-30": "465.81400", "2009-03-31": "435.29900", "2008-12-31": "416.10000", "2008-09-30": "435.03000", "2008-06-30": "406.96400", "2008-03-31": "393.64700", "2007-12-31": "365.48800", "2007-09-30": "392.15000", "2007-06-30": "341.10100", "2007-03-31": "338.72700", "2006-12-31": "335.73200", "2006-09-30": "335.51300", "2006-06-30": "335.87900", "2006-03-31": "337.11700", "2005-12-31": "334.63600", "2005-09-30": "334.10300", "2005-06-30": "334.09000", "2005-03-31": "334.65300"}, "Basic EPS": {"2020-12-31": "1.41000", "2020-09-30": "1.47000", "2020-06-30": "1.88000", "2020-03-31": "1.64000", "2019-12-31": "1.35000", "2019-09-30": "1.44000", "2019-06-30": "1.44000", "2019-03-31": "1.20000", "2018-12-31": "1.02000", "2018-09-30": "1.89000", "2018-06-30": "1.91000", "2018-03-31": "1.64000", "2017-12-31": "0.84000", "2017-09-30": "1.69000", "2017-06-30": "1.56000", "2017-03-31": "1.17000", "2016-12-31": "1.44000", "2016-09-30": "1.31000", "2016-06-30": "1.48000", "2016-03-31": "0.80000", "2015-12-31": "1.35000", "2015-09-30": "1.33000", "2015-06-30": "0.95000", "2015-03-31": "0.90000", "2014-12-31": "1.10000", "2014-09-30": "1.28000", "2014-06-30": "1.41000", "2014-03-31": "0.83000", "2013-12-31": "1.06000", "2013-09-30": "1.20000", "2013-06-30": "1.26000", "2013-03-31": "1.00000", "2012-12-31": "1.00000", "2012-09-30": "1.39000", "2012-06-30": "1.00000", "2012-03-31": "0.86000", "2011-12-31": "0.76000", "2011-09-30": "1.11000", "2011-06-30": "1.01000", "2011-03-31": "0.94000", "2010-12-31": "0.16000", "2010-09-30": "1.09000", "2010-06-30": "0.87000", "2010-03-31": "0.99000", "2009-12-31": "1.15000", "2009-09-30": "0.66000", "2009-06-30": "-7.16000", "2009-03-31": "1.03000", "2008-12-31": "0.50000", "2008-09-30": "1.10000", "2008-06-30": "1.36000", "2008-03-31": "1.36000", "2007-12-31": "0.54000", "2007-09-30": "0.92000", "2007-06-30": "1.09000", "2007-03-31": "0.94000", "2006-12-31": "0.93000", "2006-09-30": "0.84000", "2006-06-30": "0.69000", "2006-03-31": "0.88000", "2005-12-31": "0.75000", "2005-09-30": "0.43000", "2005-06-30": "0.67000", "2005-03-31": "0.68000"}, "EPS - Earnings Per Share": {"2020-12-31": "1.39000", "2020-09-30": "1.45000", "2020-06-30": "1.86000", "2020-03-31": "1.62000", "2019-12-31": "1.36000", "2019-09-30": "1.42000", "2019-06-30": "1.42000", "2019-03-31": "1.18000", "2018-12-31": "1.02000", "2018-09-30": "1.87000", "2018-06-30": "1.88000", "2018-03-31": "1.62000", "2017-12-31": "0.85000", "2017-09-30": "1.66000", "2017-06-30": "1.53000", "2017-03-31": "1.15000", "2016-12-31": "1.42000", "2016-09-30": "1.29000", "2016-06-30": "1.47000", "2016-03-31": "0.79000", "2015-12-31": "1.34000", "2015-09-30": "1.31000", "2015-06-30": "0.93000", "2015-03-31": "0.89000", "2014-12-31": "1.08000", "2014-09-30": "1.26000", "2014-06-30": "1.38000", "2014-03-31": "0.81000", "2013-12-31": "1.04000", "2013-09-30": "1.17000", "2013-06-30": "1.24000", "2013-03-31": "0.98000", "2012-12-31": "1.01000", "2012-09-30": "1.36000", "2012-06-30": "0.98000", "2012-03-31": "0.85000", "2011-12-31": "0.76000", "2011-09-30": "1.10000", "2011-06-30": "1.00000", "2011-03-31": "0.93000", "2010-12-31": "0.15000", "2010-09-30": "1.08000", "2010-06-30": "0.87000", "2010-03-31": "0.99000", "2009-12-31": "1.16000", "2009-09-30": "0.66000", "2009-06-30": "-7.16000", "2009-03-31": "1.02000", "2008-12-31": "0.51000", "2008-09-30": "1.09000", "2008-06-30": "1.35000", "2008-03-31": "1.35000", "2007-12-31": "0.54000", "2007-09-30": "0.91000", "2007-06-30": "1.07000", "2007-03-31": "0.93000", "2006-12-31": "0.91000", "2006-09-30": "0.83000", "2006-06-30": "0.68000", "2006-03-31": "0.87000", "2005-12-31": "0.74000", "2005-09-30": "0.43000", "2005-06-30": "0.66000", "2005-03-31": "0.67000"}}, "balance sheet": {"Cash On Hand": {"2020-12-31": "124348.00000", "2019-12-31": "74668.00000", "2018-12-31": "81791.00000", "2017-12-31": "73668.00000", "2016-12-31": "75229.00000", "2015-12-31": "80798.00000", "2014-12-31": "98692.00000", "2013-12-31": "74550.00000", "2012-12-31": "59006.00000", "2011-12-31": "68831.00000", "2010-12-31": "28952.00000", "2009-12-31": "31808.00000", "2008-12-31": "61364.00000", "2007-12-31": "34574.00000", "2006-12-31": "23067.00000", "2005-12-31": "23402.00000"}, "Receivables": {"2020-12-31": "", "2019-12-31": "", "2018-12-31": "", "2017-12-31": "", "2016-12-31": "", "2015-12-31": "", "2014-12-31": "", "2013-12-31": "", "2012-12-31": "", "2011-12-31": "", "2010-12-31": "", "2009-12-31": "", "2008-12-31": "", "2007-12-31": "", "2006-12-31": "", "2005-12-31": ""}, "Inventory": {"2020-12-31": "", "2019-12-31": "", "2018-12-31": "", "2017-12-31": "", "2016-12-31": "", "2015-12-31": "", "2014-12-31": "", "2013-12-31": "", "2012-12-31": "", "2011-12-31": "", "2010-12-31": "", "2009-12-31": "", "2008-12-31": "", "2007-12-31": "", "2006-12-31": "", "2005-12-31": ""}, "Pre-Paid Expenses": {"2020-12-31": "", "2019-12-31": "", "2018-12-31": "", "2017-12-31": "", "2016-12-31": "", "2015-12-31": "", "2014-12-31": "", "2013-12-31": "", "2012-12-31": "", "2011-12-31": "", "2010-12-31": "", "2009-12-31": "", "2008-12-31": "", "2007-12-31": "", "2006-12-31": "", "2005-12-31": ""}, "Other Current Assets": {"2020-12-31": "", "2019-12-31": "", "2018-12-31": "", "2017-12-31": "", "2016-12-31": "", "2015-12-31": "", "2014-12-31": "", "2013-12-31": "", "2012-12-31": "", "2011-12-31": "", "2010-12-31": "", "2009-12-31": "", "2008-12-31": "", "2007-12-31": "", "2006-12-31": "", "2005-12-31": ""}, "Total Current Assets": {"2020-12-31": "155256.00000", "2019-12-31": "104134.00000", "2018-12-31": "110716.00000", "2017-12-31": "100007.00000", "2016-12-31": "97577.00000", "2015-12-31": "101897.00000", "2014-12-31": "119095.00000", "2013-12-31": "90131.00000", "2012-12-31": "73261.00000", "2011-12-31": "80684.00000", "2010-12-31": "42542.00000", "2009-12-31": "44034.00000", "2008-12-31": "72215.00000", "2007-12-31": "52454.00000", "2006-12-31": "33612.00000", "2005-12-31": "31230.00000"}, "Property, Plant, And Equipment": {"2020-12-31": "2154.00000", "2019-12-31": "2282.00000", "2018-12-31": "2214.00000", "2017-12-31": "2186.00000", "2016-12-31": "2062.00000", "2015-12-31": "1894.00000", "2014-12-31": "1937.00000", "2013-12-31": "1860.00000", "2012-12-31": "1728.00000", "2011-12-31": "1747.00000", "2010-12-31": "1802.00000", "2009-12-31": "1953.00000", "2008-12-31": "2011.00000", "2007-12-31": "1894.00000", "2006-12-31": "1560.00000", "2005-12-31": "1453.00000"}, "Long-Term Investments": {"2020-12-31": "111276.00000", "2019-12-31": "95597.00000", "2018-12-31": "87062.00000", "2017-12-31": "97579.00000", "2016-12-31": "97167.00000", "2015-12-31": "100022.00000", "2014-12-31": "112636.00000", "2013-12-31": "116914.00000", "2012-12-31": "121061.00000", "2011-12-31": "109153.00000", "2010-12-31": "94130.00000", "2009-12-31": "93576.00000", "2008-12-31": "76017.00000", "2007-12-31": "74559.00000", "2006-12-31": "64992.00000", "2005-12-31": "59870.00000"}, "Goodwill And Intangible Assets": {"2020-12-31": "9510.00000", "2019-12-31": "9586.00000", "2018-12-31": "9815.00000", "2017-12-31": "7635.00000", "2016-12-31": "7564.00000", "2015-12-31": "7439.00000", "2014-12-31": "7851.00000", "2013-12-31": "8396.00000", "2012-12-31": "8516.00000", "2011-12-31": "8104.00000", "2010-12-31": "8190.00000", "2009-12-31": "6360.00000", "2008-12-31": "6378.00000", "2007-12-31": "6557.00000", "2006-12-31": "1818.00000", "2005-12-31": "1796.00000"}, "Other Long-Term Assets": {"2020-12-31": "36510.00000", "2019-12-31": "34011.00000", "2018-12-31": "34789.00000", "2017-12-31": "31018.00000", "2016-12-31": "38328.00000", "2015-12-31": "33903.00000", "2014-12-31": "32600.00000", "2013-12-31": "25990.00000", "2012-12-31": "18016.00000", "2011-12-31": "17139.00000", "2010-12-31": "13841.00000", "2009-12-31": "12023.00000", "2008-12-31": "17010.00000", "2007-12-31": "7079.00000", "2006-12-31": "5371.00000", "2005-12-31": "3619.00000"}, "Total Long-Term Assets": {"2020-12-31": "159450.00000", "2019-12-31": "141476.00000", "2018-12-31": "133880.00000", "2017-12-31": "138418.00000", "2016-12-31": "145121.00000", "2015-12-31": "143258.00000", "2014-12-31": "155024.00000", "2013-12-31": "153160.00000", "2012-12-31": "149321.00000", "2011-12-31": "136143.00000", "2010-12-31": "117963.00000", "2009-12-31": "113912.00000", "2008-12-31": "101416.00000", "2007-12-31": "90089.00000", "2006-12-31": "73741.00000", "2005-12-31": "66738.00000"}, "Total Assets": {"2020-12-31": "314706.00000", "2019-12-31": "245610.00000", "2018-12-31": "244596.00000", "2017-12-31": "238425.00000", "2016-12-31": "242698.00000", "2015-12-31": "245155.00000", "2014-12-31": "274119.00000", "2013-12-31": "243291.00000", "2012-12-31": "222582.00000", "2011-12-31": "216827.00000", "2010-12-31": "160505.00000", "2009-12-31": "157946.00000", "2008-12-31": "173631.00000", "2007-12-31": "142543.00000", "2006-12-31": "107353.00000", "2005-12-31": "97968.00000"}, "Total Current Liabilities": {"2020-12-31": "274701.00000", "2019-12-31": "208670.00000", "2018-12-31": "208766.00000", "2017-12-31": "204488.00000", "2016-12-31": "210049.00000", "2015-12-31": "212523.00000", "2014-12-31": "242749.00000", "2013-12-31": "213214.00000", "2012-12-31": "194284.00000", "2011-12-31": "189298.00000", "2010-12-31": "134168.00000", "2009-12-31": "134617.00000", "2008-12-31": "156438.00000", "2007-12-31": "120809.00000", "2006-12-31": "92918.00000", "2005-12-31": "85596.00000"}, "Long Term Debt": {"2020-12-31": "13805.00000", "2019-12-31": "12509.00000", "2018-12-31": "11093.00000", "2017-12-31": "11620.00000", "2016-12-31": "11430.00000", "2015-12-31": "11497.00000", "2014-12-31": "10042.00000", "2013-12-31": "9699.00000", "2012-12-31": "7429.00000", "2011-12-31": "8131.00000", "2010-12-31": "8550.00000", "2009-12-31": "8838.00000", "2008-12-31": "4419.00000", "2007-12-31": "3636.00000", "2006-12-31": "2616.00000", "2005-12-31": "2659.00000"}, "Other Non-Current Liabilities": {"2020-12-31": "", "2019-12-31": "", "2018-12-31": "", "2017-12-31": "", "2016-12-31": "", "2015-12-31": "", "2014-12-31": "", "2013-12-31": "", "2012-12-31": "", "2011-12-31": "", "2010-12-31": "", "2009-12-31": "", "2008-12-31": "", "2007-12-31": "6799.00000", "2006-12-31": "4567.00000", "2005-12-31": "3346.00000"}, "Total Long Term Liabilities": {"2020-12-31": "13805.00000", "2019-12-31": "12509.00000", "2018-12-31": "11093.00000", "2017-12-31": "11620.00000", "2016-12-31": "11430.00000", "2015-12-31": "11497.00000", "2014-12-31": "10042.00000", "2013-12-31": "9699.00000", "2012-12-31": "7429.00000", "2011-12-31": "8131.00000", "2010-12-31": "8550.00000", "2009-12-31": "8838.00000", "2008-12-31": "4419.00000", "2007-12-31": "10435.00000", "2006-12-31": "7183.00000", "2005-12-31": "6005.00000"}, "Total Liabilities": {"2020-12-31": "288506.00000", "2019-12-31": "221179.00000", "2018-12-31": "219859.00000", "2017-12-31": "216108.00000", "2016-12-31": "221479.00000", "2015-12-31": "224020.00000", "2014-12-31": "252791.00000", "2013-12-31": "222913.00000", "2012-12-31": "201713.00000", "2011-12-31": "197429.00000", "2010-12-31": "142718.00000", "2009-12-31": "143455.00000", "2008-12-31": "160857.00000", "2007-12-31": "131244.00000", "2006-12-31": "100101.00000", "2005-12-31": "91601.00000"}, "Common Stock Net": {"2020-12-31": "504.00000", "2019-12-31": "504.00000", "2018-12-31": "504.00000", "2017-12-31": "504.00000", "2016-12-31": "504.00000", "2015-12-31": "504.00000", "2014-12-31": "504.00000", "2013-12-31": "504.00000", "2012-12-31": "504.00000", "2011-12-31": "504.00000", "2010-12-31": "502.00000", "2009-12-31": "495.00000", "2008-12-31": "432.00000", "2007-12-31": "398.00000", "2006-12-31": "337.00000", "2005-12-31": "337.00000"}, "Retained Earnings (Accumulated Deficit)": {"2020-12-31": "23442.00000", "2019-12-31": "21918.00000", "2018-12-31": "20553.00000", "2017-12-31": "18856.00000", "2016-12-31": "17459.00000", "2015-12-31": "16049.00000", "2014-12-31": "14737.00000", "2013-12-31": "13395.00000", "2012-12-31": "11751.00000", "2011-12-31": "10176.00000", "2010-12-31": "8634.00000", "2009-12-31": "7071.00000", "2008-12-31": "9135.00000", "2007-12-31": "7745.00000", "2006-12-31": "7030.00000", "2005-12-31": "6189.00000"}, "Comprehensive Income": {"2020-12-31": "187.00000", "2019-12-31": "-876.00000", "2018-12-31": "-1356.00000", "2017-12-31": "-1009.00000", "2016-12-31": "-2040.00000", "2015-12-31": "-1442.00000", "2014-12-31": "-507.00000", "2013-12-31": "-95.00000", "2012-12-31": "360.00000", "2011-12-31": "-659.00000", "2010-12-31": "-689.00000", "2009-12-31": "-2238.00000", "2008-12-31": "-5650.00000", "2007-12-31": "-575.00000", "2006-12-31": "-224.00000", "2005-12-31": "-231.00000"}, "Other Share Holders Equity": {"2020-12-31": "", "2019-12-31": "", "2018-12-31": "", "2017-12-31": "", "2016-12-31": "", "2015-12-31": "", "2014-12-31": "", "2013-12-31": "", "2012-12-31": "", "2011-12-31": "", "2010-12-31": "", "2009-12-31": "", "2008-12-31": "", "2007-12-31": "", "2006-12-31": "", "2005-12-31": ""}, "Share Holder Equity": {"2020-12-31": "26200.00000", "2019-12-31": "24431.00000", "2018-12-31": "24737.00000", "2017-12-31": "22317.00000", "2016-12-31": "21219.00000", "2015-12-31": "21135.00000", "2014-12-31": "21328.00000", "2013-12-31": "20378.00000", "2012-12-31": "20869.00000", "2011-12-31": "19398.00000", "2010-12-31": "17787.00000", "2009-12-31": "14491.00000", "2008-12-31": "12774.00000", "2007-12-31": "11299.00000", "2006-12-31": "7252.00000", "2005-12-31": "6367.00000"}, "Total Liabilities And Share Holders Equity": {"2020-12-31": "314706.00000", "2019-12-31": "245610.00000", "2018-12-31": "244596.00000", "2017-12-31": "238425.00000", "2016-12-31": "242698.00000", "2015-12-31": "245155.00000", "2014-12-31": "274119.00000", "2013-12-31": "243291.00000", "2012-12-31": "222582.00000", "2011-12-31": "216827.00000", "2010-12-31": "160505.00000", "2009-12-31": "157946.00000", "2008-12-31": "173631.00000", "2007-12-31": "142543.00000", "2006-12-31": "107353.00000", "2005-12-31": "97968.00000"}}, "balance sheet, quarterly": {"Cash On Hand": {"2020-12-31": "124348.00000", "2020-09-30": "86154.00000", "2020-06-30": "98793.00000", "2020-03-31": "154576.00000", "2019-12-31": "74668.00000", "2019-09-30": "69802.00000", "2019-06-30": "68902.00000", "2019-03-31": "60711.00000", "2018-12-31": "81791.00000", "2018-09-30": "72959.00000", "2018-06-30": "84995.00000", "2018-03-31": "88278.00000", "2017-12-31": "73668.00000", "2017-09-30": "69495.00000", "2017-06-30": "70841.00000", "2017-03-31": "72824.00000", "2016-12-31": "75229.00000", "2016-09-30": "86085.00000", "2016-06-30": "82742.00000", "2016-03-31": "73362.00000", "2015-12-31": "80798.00000", "2015-09-30": "82399.00000", "2015-06-30": "125632.00000", "2015-03-31": "99023.00000", "2014-12-31": "98692.00000", "2014-09-30": "94728.00000", "2014-06-30": "109255.00000", "2014-03-31": "86649.00000", "2013-12-31": "74550.00000", "2013-09-30": "49275.00000", "2013-06-30": "56484.00000", "2013-03-31": "53289.00000", "2012-12-31": "59006.00000", "2012-09-30": "46890.00000", "2012-06-30": "45983.00000", "2012-03-31": "36760.00000", "2011-12-31": "68831.00000", "2011-09-30": "53965.00000", "2011-06-30": "39821.00000", "2011-03-31": "26706.00000", "2010-12-31": "28952.00000", "2010-09-30": "34569.00000", "2010-06-30": "28563.00000", "2010-03-31": "28427.00000", "2009-12-31": "31808.00000", "2009-09-30": "34235.00000", "2009-06-30": "35794.00000", "2009-03-31": "44608.00000", "2008-12-31": "61364.00000", "2008-09-30": "94123.00000", "2008-06-30": "41255.00000", "2008-03-31": "44181.00000", "2007-12-31": "34574.00000", "2007-09-30": "31200.00000", "2007-06-30": "21088.00000", "2007-03-31": "21232.00000", "2006-12-31": "23067.00000", "2006-09-30": "27080.00000", "2006-06-30": "23998.00000", "2006-03-31": "26056.00000", "2005-12-31": "23402.00000", "2005-09-30": "29602.00000", "2005-06-30": "33698.00000", "2005-03-31": "37306.00000"}, "Receivables": {"2020-12-31": "", "2020-09-30": "", "2020-06-30": "", "2020-03-31": "", "2019-12-31": "", "2019-09-30": "", "2019-06-30": "", "2019-03-31": "", "2018-12-31": "", "2018-09-30": "", "2018-06-30": "", "2018-03-31": "", "2017-12-31": "", "2017-09-30": "", "2017-06-30": "", "2017-03-31": "", "2016-12-31": "", "2016-09-30": "", "2016-06-30": "", "2016-03-31": "", "2015-12-31": "", "2015-09-30": "", "2015-06-30": "", "2015-03-31": "", "2014-12-31": "", "2014-09-30": "", "2014-06-30": "", "2014-03-31": "", "2013-12-31": "", "2013-09-30": "", "2013-06-30": "", "2013-03-31": "", "2012-12-31": "", "2012-09-30": "", "2012-06-30": "", "2012-03-31": "", "2011-12-31": "", "2011-09-30": "", "2011-06-30": "", "2011-03-31": "", "2010-12-31": "", "2010-09-30": "", "2010-06-30": "", "2010-03-31": "", "2009-12-31": "", "2009-09-30": "", "2009-06-30": "", "2009-03-31": "", "2008-12-31": "", "2008-09-30": "", "2008-06-30": "", "2008-03-31": "", "2007-12-31": "", "2007-09-30": "", "2007-06-30": "", "2007-03-31": "", "2006-12-31": "", "2006-09-30": "", "2006-06-30": "", "2006-03-31": "", "2005-12-31": "", "2005-09-30": "", "2005-06-30": "", "2005-03-31": ""}, "Inventory": {"2020-12-31": "", "2020-09-30": "", "2020-06-30": "", "2020-03-31": "", "2019-12-31": "", "2019-09-30": "", "2019-06-30": "", "2019-03-31": "", "2018-12-31": "", "2018-09-30": "", "2018-06-30": "", "2018-03-31": "", "2017-12-31": "", "2017-09-30": "", "2017-06-30": "", "2017-03-31": "", "2016-12-31": "", "2016-09-30": "", "2016-06-30": "", "2016-03-31": "", "2015-12-31": "", "2015-09-30": "", "2015-06-30": "", "2015-03-31": "", "2014-12-31": "", "2014-09-30": "", "2014-06-30": "", "2014-03-31": "", "2013-12-31": "", "2013-09-30": "", "2013-06-30": "", "2013-03-31": "", "2012-12-31": "", "2012-09-30": "", "2012-06-30": "", "2012-03-31": "", "2011-12-31": "", "2011-09-30": "", "2011-06-30": "", "2011-03-31": "", "2010-12-31": "", "2010-09-30": "", "2010-06-30": "", "2010-03-31": "", "2009-12-31": "", "2009-09-30": "", "2009-06-30": "", "2009-03-31": "", "2008-12-31": "", "2008-09-30": "", "2008-06-30": "", "2008-03-31": "", "2007-12-31": "", "2007-09-30": "", "2007-06-30": "", "2007-03-31": "", "2006-12-31": "", "2006-09-30": "", "2006-06-30": "", "2006-03-31": "", "2005-12-31": "", "2005-09-30": "", "2005-06-30": "", "2005-03-31": ""}, "Pre-Paid Expenses": {"2020-12-31": "", "2020-09-30": "", "2020-06-30": "", "2020-03-31": "", "2019-12-31": "", "2019-09-30": "", "2019-06-30": "", "2019-03-31": "", "2018-12-31": "", "2018-09-30": "", "2018-06-30": "", "2018-03-31": "", "2017-12-31": "", "2017-09-30": "", "2017-06-30": "", "2017-03-31": "", "2016-12-31": "", "2016-09-30": "", "2016-06-30": "", "2016-03-31": "", "2015-12-31": "", "2015-09-30": "", "2015-06-30": "", "2015-03-31": "", "2014-12-31": "", "2014-09-30": "", "2014-06-30": "", "2014-03-31": "", "2013-12-31": "", "2013-09-30": "", "2013-06-30": "", "2013-03-31": "", "2012-12-31": "", "2012-09-30": "", "2012-06-30": "", "2012-03-31": "", "2011-12-31": "", "2011-09-30": "", "2011-06-30": "", "2011-03-31": "", "2010-12-31": "", "2010-09-30": "", "2010-06-30": "", "2010-03-31": "", "2009-12-31": "", "2009-09-30": "", "2009-06-30": "", "2009-03-31": "", "2008-12-31": "", "2008-09-30": "", "2008-06-30": "", "2008-03-31": "", "2007-12-31": "", "2007-09-30": "", "2007-06-30": "", "2007-03-31": "", "2006-12-31": "", "2006-09-30": "", "2006-06-30": "", "2006-03-31": "", "2005-12-31": "", "2005-09-30": "", "2005-06-30": "", "2005-03-31": ""}, "Other Current Assets": {"2020-12-31": "", "2020-09-30": "", "2020-06-30": "", "2020-03-31": "", "2019-12-31": "", "2019-09-30": "", "2019-06-30": "", "2019-03-31": "", "2018-12-31": "", "2018-09-30": "", "2018-06-30": "", "2018-03-31": "", "2017-12-31": "", "2017-09-30": "", "2017-06-30": "", "2017-03-31": "", "2016-12-31": "", "2016-09-30": "", "2016-06-30": "", "2016-03-31": "", "2015-12-31": "", "2015-09-30": "", "2015-06-30": "", "2015-03-31": "", "2014-12-31": "", "2014-09-30": "", "2014-06-30": "", "2014-03-31": "", "2013-12-31": "", "2013-09-30": "", "2013-06-30": "", "2013-03-31": "", "2012-12-31": "", "2012-09-30": "", "2012-06-30": "", "2012-03-31": "", "2011-12-31": "", "2011-09-30": "", "2011-06-30": "", "2011-03-31": "", "2010-12-31": "", "2010-09-30": "", "2010-06-30": "", "2010-03-31": "", "2009-12-31": "", "2009-09-30": "", "2009-06-30": "", "2009-03-31": "", "2008-12-31": "", "2008-09-30": "", "2008-06-30": "", "2008-03-31": "", "2007-12-31": "", "2007-09-30": "", "2007-06-30": "", "2007-03-31": "", "2006-12-31": "", "2006-09-30": "", "2006-06-30": "", "2006-03-31": "", "2005-12-31": "", "2005-09-30": "", "2005-06-30": "", "2005-03-31": ""}, "Total Current Assets": {"2020-12-31": "155256.00000", "2020-09-30": "116346.00000", "2020-06-30": "128747.00000", "2020-03-31": "190132.00000", "2019-12-31": "104134.00000", "2019-09-30": "99998.00000", "2019-06-30": "97453.00000", "2019-03-31": "87299.00000", "2018-12-31": "110716.00000", "2018-09-30": "99467.00000", "2018-06-30": "112150.00000", "2018-03-31": "120989.00000", "2017-12-31": "100007.00000", "2017-09-30": "96119.00000", "2017-06-30": "97953.00000", "2017-03-31": "98000.00000", "2016-12-31": "97577.00000", "2016-09-30": "110130.00000", "2016-06-30": "104929.00000", "2016-03-31": "94873.00000", "2015-12-31": "101897.00000", "2015-09-30": "103689.00000", "2015-06-30": "146564.00000", "2015-03-31": "119582.00000", "2014-12-31": "119095.00000", "2014-09-30": "115410.00000", "2014-06-30": "128243.00000", "2014-03-31": "104930.00000", "2013-12-31": "90131.00000", "2013-09-30": "66925.00000", "2013-06-30": "74948.00000", "2013-03-31": "69355.00000", "2012-12-31": "73261.00000", "2012-09-30": "62847.00000", "2012-06-30": "60235.00000", "2012-03-31": "50979.00000", "2011-12-31": "80684.00000", "2011-09-30": "67615.00000", "2011-06-30": "54570.00000", "2011-03-31": "41202.00000", "2010-12-31": "42542.00000", "2010-09-30": "50001.00000", "2010-06-30": "41977.00000", "2010-03-31": "42235.00000", "2009-12-31": "44034.00000", "2009-09-30": "47259.00000", "2009-06-30": "49897.00000", "2009-03-31": "53750.00000", "2008-12-31": "72215.00000", "2008-09-30": "113468.00000", "2008-06-30": "57997.00000", "2008-03-31": "61157.00000", "2007-12-31": "52454.00000", "2007-09-30": "44375.00000", "2007-06-30": "34809.00000", "2007-03-31": "32999.00000", "2006-12-31": "33612.00000", "2006-09-30": "37830.00000", "2006-06-30": "34156.00000", "2006-03-31": "36320.00000", "2005-12-31": "31230.00000", "2005-09-30": "38987.00000", "2005-06-30": "41299.00000", "2005-03-31": "43310.00000"}, "Property, Plant, And Equipment": {"2020-12-31": "2154.00000", "2020-09-30": "2193.00000", "2020-06-30": "2212.00000", "2020-03-31": "2225.00000", "2019-12-31": "2282.00000", "2019-09-30": "2306.00000", "2019-06-30": "2244.00000", "2019-03-31": "2230.00000", "2018-12-31": "2214.00000", "2018-09-30": "2193.00000", "2018-06-30": "2189.00000", "2018-03-31": "2194.00000", "2017-12-31": "2186.00000", "2017-09-30": "2167.00000", "2017-06-30": "2137.00000", "2017-03-31": "2101.00000", "2016-12-31": "2062.00000", "2016-09-30": "2042.00000", "2016-06-30": "1994.00000", "2016-03-31": "1949.00000", "2015-12-31": "1894.00000", "2015-09-30": "1984.00000", "2015-06-30": "2035.00000", "2015-03-31": "1933.00000", "2014-12-31": "1937.00000", "2014-09-30": "1911.00000", "2014-06-30": "1920.00000", "2014-03-31": "1896.00000", "2013-12-31": "1860.00000", "2013-09-30": "1816.00000", "2013-06-30": "1772.00000", "2013-03-31": "1756.00000", "2012-12-31": "1728.00000", "2012-09-30": "1720.00000", "2012-06-30": "1702.00000", "2012-03-31": "1736.00000", "2011-12-31": "1747.00000", "2011-09-30": "1738.00000", "2011-06-30": "1853.00000", "2011-03-31": "1845.00000", "2010-12-31": "1802.00000", "2010-09-30": "1835.00000", "2010-06-30": "1839.00000", "2010-03-31": "1880.00000", "2009-12-31": "1953.00000", "2009-09-30": "1947.00000", "2009-06-30": "2114.00000", "2009-03-31": "2029.00000", "2008-12-31": "2011.00000", "2008-09-30": "1987.00000", "2008-06-30": "1992.00000", "2008-03-31": "1965.00000", "2007-12-31": "1894.00000", "2007-09-30": "1824.00000", "2007-06-30": "1725.00000", "2007-03-31": "1680.00000", "2006-12-31": "1560.00000", "2006-09-30": "1551.00000", "2006-06-30": "1541.00000", "2006-03-31": "1553.00000", "2005-12-31": "1453.00000", "2005-09-30": "1455.00000", "2005-06-30": "1449.00000", "2005-03-31": "1450.00000"}, "Long-Term Investments": {"2020-12-31": "111276.00000", "2020-09-30": "111998.00000", "2020-06-30": "109336.00000", "2020-03-31": "123801.00000", "2019-12-31": "95597.00000", "2019-09-30": "93876.00000", "2019-06-30": "92478.00000", "2019-03-31": "90147.00000", "2018-12-31": "87062.00000", "2018-09-30": "86669.00000", "2018-06-30": "86942.00000", "2018-03-31": "85462.00000", "2017-12-31": "97579.00000", "2017-09-30": "93088.00000", "2017-06-30": "95255.00000", "2017-03-31": "94639.00000", "2016-12-31": "97167.00000", "2016-09-30": "99888.00000", "2016-06-30": "103121.00000", "2016-03-31": "102298.00000", "2015-12-31": "100022.00000", "2015-09-30": "97560.00000", "2015-06-30": "101463.00000", "2015-03-31": "112857.00000", "2014-12-31": "112636.00000", "2014-09-30": "115319.00000", "2014-06-30": "117303.00000", "2014-03-31": "117504.00000", "2013-12-31": "116914.00000", "2013-09-30": "116680.00000", "2013-06-30": "115648.00000", "2013-03-31": "117429.00000", "2012-12-31": "121061.00000", "2012-09-30": "115489.00000", "2012-06-30": "114185.00000", "2012-03-31": "113372.00000", "2011-12-31": "109153.00000", "2011-09-30": "106613.00000", "2011-06-30": "105914.00000", "2011-03-31": "102944.00000", "2010-12-31": "94130.00000", "2010-09-30": "98296.00000", "2010-06-30": "98102.00000", "2010-03-31": "92787.00000", "2009-12-31": "93576.00000", "2009-09-30": "92942.00000", "2009-06-30": "80701.00000", "2009-03-31": "70474.00000", "2008-12-31": "76017.00000", "2008-09-30": "149486.00000", "2008-06-30": "71710.00000", "2008-03-31": "72304.00000", "2007-12-31": "74559.00000", "2007-09-30": "77083.00000", "2007-06-30": "67056.00000", "2007-03-31": "67904.00000", "2006-12-31": "64992.00000", "2006-09-30": "65949.00000", "2006-06-30": "59599.00000", "2006-03-31": "59970.00000", "2005-12-31": "59870.00000", "2005-09-30": "57677.00000", "2005-06-30": "53854.00000", "2005-03-31": "48213.00000"}, "Goodwill And Intangible Assets": {"2020-12-31": "9510.00000", "2020-09-30": "9477.00000", "2020-06-30": "9452.00000", "2020-03-31": "9469.00000", "2019-12-31": "9586.00000", "2019-09-30": "9577.00000", "2019-06-30": "9720.00000", "2019-03-31": "9757.00000", "2018-12-31": "9815.00000", "2018-09-30": "7477.00000", "2018-06-30": "7473.00000", "2018-03-31": "7646.00000", "2017-12-31": "7635.00000", "2017-09-30": "7655.00000", "2017-06-30": "7638.00000", "2017-03-31": "7565.00000", "2016-12-31": "7564.00000", "2016-09-30": "7760.00000", "2016-06-30": "7353.00000", "2016-03-31": "7482.00000", "2015-12-31": "7439.00000", "2015-09-30": "7536.00000", "2015-06-30": "7600.00000", "2015-03-31": "7555.00000", "2014-12-31": "7851.00000", "2014-09-30": "8020.00000", "2014-06-30": "8284.00000", "2014-03-31": "8344.00000", "2013-12-31": "8396.00000", "2013-09-30": "8402.00000", "2013-06-30": "8330.00000", "2013-03-31": "8364.00000", "2012-12-31": "8516.00000", "2012-09-30": "7961.00000", "2012-06-30": "7945.00000", "2012-03-31": "8143.00000", "2011-12-31": "8104.00000", "2011-09-30": "8125.00000", "2011-06-30": "8364.00000", "2011-03-31": "8364.00000", "2010-12-31": "8190.00000", "2010-09-30": "8333.00000", "2010-06-30": "8111.00000", "2010-03-31": "6283.00000", "2009-12-31": "6360.00000", "2009-09-30": "6399.00000", "2009-06-30": "6337.00000", "2009-03-31": "6302.00000", "2008-12-31": "6378.00000", "2008-09-30": "6406.00000", "2008-06-30": "6490.00000", "2008-03-31": "6486.00000", "2007-12-31": "6557.00000", "2007-09-30": "6595.00000", "2007-06-30": "2446.00000", "2007-03-31": "2411.00000", "2006-12-31": "1818.00000", "2006-09-30": "1828.00000", "2006-06-30": "1822.00000", "2006-03-31": "1787.00000", "2005-12-31": "1796.00000", "2005-09-30": "1797.00000", "2005-06-30": "1964.00000", "2005-03-31": "1957.00000"}, "Other Long-Term Assets": {"2020-12-31": "36510.00000", "2020-09-30": "32061.00000", "2020-06-30": "30495.00000", "2020-03-31": "36900.00000", "2019-12-31": "34011.00000", "2019-09-30": "38849.00000", "2019-06-30": "39645.00000", "2019-03-31": "38899.00000", "2018-12-31": "34789.00000", "2018-09-30": "38201.00000", "2018-06-30": "39554.00000", "2018-03-31": "33995.00000", "2017-12-31": "31018.00000", "2017-09-30": "36957.00000", "2017-06-30": "35291.00000", "2017-03-31": "34497.00000", "2016-12-31": "38328.00000", "2016-09-30": "36320.00000", "2016-06-30": "37989.00000", "2016-03-31": "37083.00000", "2015-12-31": "33903.00000", "2015-09-30": "36505.00000", "2015-06-30": "36909.00000", "2015-03-31": "37549.00000", "2014-12-31": "32600.00000", "2014-09-30": "34145.00000", "2014-06-30": "26574.00000", "2014-03-31": "23989.00000", "2013-12-31": "25990.00000", "2013-09-30": "23357.00000", "2013-06-30": "26602.00000", "2013-03-31": "21285.00000", "2012-12-31": "18016.00000", "2012-09-30": "16505.00000", "2012-06-30": "16710.00000", "2012-03-31": "13726.00000", "2011-12-31": "17139.00000", "2011-09-30": "24704.00000", "2011-06-30": "19754.00000", "2011-03-31": "17441.00000", "2010-12-31": "13841.00000", "2010-09-30": "14499.00000", "2010-06-30": "12046.00000", "2010-03-31": "10786.00000", "2009-12-31": "12023.00000", "2009-09-30": "14730.00000", "2009-06-30": "14372.00000", "2009-03-31": "9589.00000", "2008-12-31": "17010.00000", "2008-09-30": "14217.00000", "2008-06-30": "8032.00000", "2008-03-31": "12437.00000", "2007-12-31": "7079.00000", "2007-09-30": "10011.00000", "2007-06-30": "6232.00000", "2007-03-31": "5009.00000", "2006-12-31": "5371.00000", "2006-09-30": "5152.00000", "2006-06-30": "5418.00000", "2006-03-31": "4526.00000", "2005-12-31": "3619.00000", "2005-09-30": "4087.00000", "2005-06-30": "5688.00000", "2005-03-31": "5164.00000"}, "Total Long-Term Assets": {"2020-12-31": "159450.00000", "2020-09-30": "155729.00000", "2020-06-30": "151495.00000", "2020-03-31": "172395.00000", "2019-12-31": "141476.00000", "2019-09-30": "144608.00000", "2019-06-30": "144087.00000", "2019-03-31": "141033.00000", "2018-12-31": "133880.00000", "2018-09-30": "134540.00000", "2018-06-30": "136158.00000", "2018-03-31": "129297.00000", "2017-12-31": "138418.00000", "2017-09-30": "139867.00000", "2017-06-30": "140321.00000", "2017-03-31": "138802.00000", "2016-12-31": "145121.00000", "2016-09-30": "146010.00000", "2016-06-30": "150457.00000", "2016-03-31": "148812.00000", "2015-12-31": "143258.00000", "2015-09-30": "143585.00000", "2015-06-30": "148007.00000", "2015-03-31": "159894.00000", "2014-12-31": "155024.00000", "2014-09-30": "159395.00000", "2014-06-30": "154081.00000", "2014-03-31": "151733.00000", "2013-12-31": "153160.00000", "2013-09-30": "150255.00000", "2013-06-30": "152352.00000", "2013-03-31": "148834.00000", "2012-12-31": "149321.00000", "2012-09-30": "141675.00000", "2012-06-30": "140542.00000", "2012-03-31": "136977.00000", "2011-12-31": "136143.00000", "2011-09-30": "141180.00000", "2011-06-30": "135885.00000", "2011-03-31": "130594.00000", "2010-12-31": "117963.00000", "2010-09-30": "122963.00000", "2010-06-30": "120098.00000", "2010-03-31": "111736.00000", "2009-12-31": "113912.00000", "2009-09-30": "116018.00000", "2009-06-30": "103524.00000", "2009-03-31": "88394.00000", "2008-12-31": "101416.00000", "2008-09-30": "172096.00000", "2008-06-30": "88224.00000", "2008-03-31": "93192.00000", "2007-12-31": "90089.00000", "2007-09-30": "95513.00000", "2007-06-30": "77459.00000", "2007-03-31": "77004.00000", "2006-12-31": "73741.00000", "2006-09-30": "74480.00000", "2006-06-30": "68380.00000", "2006-03-31": "67836.00000", "2005-12-31": "66738.00000", "2005-09-30": "65016.00000", "2005-06-30": "62955.00000", "2005-03-31": "56784.00000"}, "Total Assets": {"2020-12-31": "314706.00000", "2020-09-30": "272075.00000", "2020-06-30": "280242.00000", "2020-03-31": "362527.00000", "2019-12-31": "245610.00000", "2019-09-30": "244606.00000", "2019-06-30": "241540.00000", "2019-03-31": "228332.00000", "2018-12-31": "244596.00000", "2018-09-30": "234007.00000", "2018-06-30": "248308.00000", "2018-03-31": "250286.00000", "2017-12-31": "238425.00000", "2017-09-30": "235986.00000", "2017-06-30": "238274.00000", "2017-03-31": "236802.00000", "2016-12-31": "242698.00000", "2016-09-30": "256140.00000", "2016-06-30": "255386.00000", "2016-03-31": "243685.00000", "2015-12-31": "245155.00000", "2015-09-30": "247274.00000", "2015-06-30": "294571.00000", "2015-03-31": "279476.00000", "2014-12-31": "274119.00000", "2014-09-30": "274805.00000", "2014-06-30": "282324.00000", "2014-03-31": "256663.00000", "2013-12-31": "243291.00000", "2013-09-30": "217180.00000", "2013-06-30": "227300.00000", "2013-03-31": "218189.00000", "2012-12-31": "222582.00000", "2012-09-30": "204522.00000", "2012-06-30": "200777.00000", "2012-03-31": "187956.00000", "2011-12-31": "216827.00000", "2011-09-30": "208795.00000", "2011-06-30": "190455.00000", "2011-03-31": "171796.00000", "2010-12-31": "160505.00000", "2010-09-30": "172964.00000", "2010-06-30": "162075.00000", "2010-03-31": "153971.00000", "2009-12-31": "157946.00000", "2009-09-30": "163277.00000", "2009-06-30": "153421.00000", "2009-03-31": "142144.00000", "2008-12-31": "173631.00000", "2008-09-30": "285564.00000", "2008-06-30": "146221.00000", "2008-03-31": "154349.00000", "2007-12-31": "142543.00000", "2007-09-30": "139888.00000", "2007-06-30": "112268.00000", "2007-03-31": "110003.00000", "2006-12-31": "107353.00000", "2006-09-30": "112310.00000", "2006-06-30": "102536.00000", "2006-03-31": "104156.00000", "2005-12-31": "97968.00000", "2005-09-30": "104003.00000", "2005-06-30": "104254.00000", "2005-03-31": "100094.00000"}, "Total Current Liabilities": {"2020-12-31": "274701.00000", "2020-09-30": "232664.00000", "2020-06-30": "239782.00000", "2020-03-31": "323128.00000", "2019-12-31": "208670.00000", "2019-09-30": "207942.00000", "2019-06-30": "204712.00000", "2019-03-31": "192112.00000", "2018-12-31": "208766.00000", "2018-09-30": "199119.00000", "2018-06-30": "215350.00000", "2018-03-31": "216943.00000", "2017-12-31": "204488.00000", "2017-09-30": "201773.00000", "2017-06-30": "204469.00000", "2017-03-31": "204114.00000", "2016-12-31": "210049.00000", "2016-09-30": "222125.00000", "2016-06-30": "221358.00000", "2016-03-31": "211834.00000", "2015-12-31": "212523.00000", "2015-09-30": "213717.00000", "2015-06-30": "263986.00000", "2015-03-31": "249483.00000", "2014-12-31": "242749.00000", "2014-09-30": "244633.00000", "2014-06-30": "251587.00000", "2014-03-31": "225887.00000", "2013-12-31": "213214.00000", "2013-09-30": "188002.00000", "2013-06-30": "198378.00000", "2013-03-31": "189880.00000", "2012-12-31": "194284.00000", "2012-09-30": "177355.00000", "2012-06-30": "174488.00000", "2012-03-31": "159680.00000", "2011-12-31": "189298.00000", "2011-09-30": "181032.00000", "2011-06-30": "161077.00000", "2011-03-31": "143085.00000", "2010-12-31": "134168.00000", "2010-09-30": "146822.00000", "2010-06-30": "137470.00000", "2010-03-31": "129746.00000", "2009-12-31": "134617.00000", "2009-09-30": "140992.00000", "2009-06-30": "132338.00000", "2009-03-31": "119881.00000", "2008-12-31": "156438.00000", "2008-09-30": "253486.00000", "2008-06-30": "121505.00000", "2008-03-31": "128536.00000", "2007-12-31": "120809.00000", "2007-09-30": "116084.00000", "2007-06-30": "95570.00000", "2007-03-31": "95504.00000", "2006-12-31": "92918.00000", "2006-09-30": "98622.00000", "2006-06-30": "88763.00000", "2006-03-31": "90686.00000", "2005-12-31": "85596.00000", "2005-09-30": "91166.00000", "2005-06-30": "90303.00000", "2005-03-31": "86005.00000"}, "Long Term Debt": {"2020-12-31": "13805.00000", "2020-09-30": "13853.00000", "2020-06-30": "15587.00000", "2020-03-31": "15538.00000", "2019-12-31": "12509.00000", "2019-09-30": "11455.00000", "2019-06-30": "11374.00000", "2019-03-31": "11182.00000", "2018-12-31": "11093.00000", "2018-09-30": "10335.00000", "2018-06-30": "10387.00000", "2018-03-31": "10944.00000", "2017-12-31": "11620.00000", "2017-09-30": "11716.00000", "2017-06-30": "11737.00000", "2017-03-31": "11394.00000", "2016-12-31": "11430.00000", "2016-09-30": "11834.00000", "2016-06-30": "11924.00000", "2016-03-31": "10323.00000", "2015-12-31": "11497.00000", "2015-09-30": "12025.00000", "2015-06-30": "9085.00000", "2015-03-31": "9174.00000", "2014-12-31": "10042.00000", "2014-09-30": "9016.00000", "2014-06-30": "9037.00000", "2014-03-31": "9503.00000", "2013-12-31": "9699.00000", "2013-09-30": "8748.00000", "2013-06-30": "8841.00000", "2013-03-31": "7440.00000", "2012-12-31": "7429.00000", "2012-09-30": "6418.00000", "2012-06-30": "6392.00000", "2012-03-31": "8117.00000", "2011-12-31": "8131.00000", "2011-09-30": "8112.00000", "2011-06-30": "9544.00000", "2011-03-31": "9531.00000", "2010-12-31": "8550.00000", "2010-09-30": "8573.00000", "2010-06-30": "8546.00000", "2010-03-31": "8815.00000", "2009-12-31": "8838.00000", "2009-09-30": "8845.00000", "2009-06-30": "8980.00000", "2009-03-31": "8405.00000", "2008-12-31": "4419.00000", "2008-09-30": "4106.00000", "2008-06-30": "4127.00000", "2008-03-31": "4162.00000", "2007-12-31": "3636.00000", "2007-09-30": "3616.00000", "2007-06-30": "4090.00000", "2007-03-31": "2613.00000", "2006-12-31": "2616.00000", "2006-09-30": "2620.00000", "2006-06-30": "2599.00000", "2006-03-31": "2617.00000", "2005-12-31": "2659.00000", "2005-09-30": "2439.00000", "2005-06-30": "2463.00000", "2005-03-31": "2436.00000"}, "Other Non-Current Liabilities": {"2020-12-31": "", "2020-09-30": "", "2020-06-30": "", "2020-03-31": "", "2019-12-31": "", "2019-09-30": "", "2019-06-30": "", "2019-03-31": "", "2018-12-31": "", "2018-09-30": "", "2018-06-30": "", "2018-03-31": "", "2017-12-31": "", "2017-09-30": "", "2017-06-30": "", "2017-03-31": "", "2016-12-31": "", "2016-09-30": "", "2016-06-30": "", "2016-03-31": "", "2015-12-31": "", "2015-09-30": "", "2015-06-30": "", "2015-03-31": "", "2014-12-31": "", "2014-09-30": "", "2014-06-30": "", "2014-03-31": "", "2013-12-31": "", "2013-09-30": "", "2013-06-30": "", "2013-03-31": "", "2012-12-31": "", "2012-09-30": "", "2012-06-30": "", "2012-03-31": "", "2011-12-31": "", "2011-09-30": "", "2011-06-30": "", "2011-03-31": "", "2010-12-31": "", "2010-09-30": "", "2010-06-30": "", "2010-03-31": "", "2009-12-31": "", "2009-09-30": "", "2009-06-30": "", "2009-03-31": "", "2008-12-31": "", "2008-09-30": "14908.00000", "2008-06-30": "6550.00000", "2008-03-31": "10845.00000", "2007-12-31": "6799.00000", "2007-09-30": "8938.00000", "2007-06-30": "4860.00000", "2007-03-31": "4419.00000", "2006-12-31": "4567.00000", "2006-09-30": "4053.00000", "2006-06-30": "4705.00000", "2006-03-31": "4440.00000", "2005-12-31": "3346.00000", "2005-09-30": "4294.00000", "2005-06-30": "5240.00000", "2005-03-31": "5628.00000"}, "Total Long Term Liabilities": {"2020-12-31": "13805.00000", "2020-09-30": "13853.00000", "2020-06-30": "15587.00000", "2020-03-31": "15538.00000", "2019-12-31": "12509.00000", "2019-09-30": "11455.00000", "2019-06-30": "11374.00000", "2019-03-31": "11182.00000", "2018-12-31": "11093.00000", "2018-09-30": "10335.00000", "2018-06-30": "10387.00000", "2018-03-31": "10944.00000", "2017-12-31": "11620.00000", "2017-09-30": "11716.00000", "2017-06-30": "11737.00000", "2017-03-31": "11394.00000", "2016-12-31": "11430.00000", "2016-09-30": "11834.00000", "2016-06-30": "11924.00000", "2016-03-31": "10323.00000", "2015-12-31": "11497.00000", "2015-09-30": "12025.00000", "2015-06-30": "9085.00000", "2015-03-31": "9174.00000", "2014-12-31": "10042.00000", "2014-09-30": "9016.00000", "2014-06-30": "9037.00000", "2014-03-31": "9503.00000", "2013-12-31": "9699.00000", "2013-09-30": "8748.00000", "2013-06-30": "8841.00000", "2013-03-31": "7440.00000", "2012-12-31": "7429.00000", "2012-09-30": "6418.00000", "2012-06-30": "6392.00000", "2012-03-31": "8117.00000", "2011-12-31": "8131.00000", "2011-09-30": "8112.00000", "2011-06-30": "9544.00000", "2011-03-31": "9531.00000", "2010-12-31": "8550.00000", "2010-09-30": "8573.00000", "2010-06-30": "8546.00000", "2010-03-31": "8815.00000", "2009-12-31": "8838.00000", "2009-09-30": "8845.00000", "2009-06-30": "8980.00000", "2009-03-31": "8405.00000", "2008-12-31": "4419.00000", "2008-09-30": "19014.00000", "2008-06-30": "10677.00000", "2008-03-31": "15007.00000", "2007-12-31": "10435.00000", "2007-09-30": "12554.00000", "2007-06-30": "8950.00000", "2007-03-31": "7032.00000", "2006-12-31": "7183.00000", "2006-09-30": "6673.00000", "2006-06-30": "7304.00000", "2006-03-31": "7057.00000", "2005-12-31": "6005.00000", "2005-09-30": "6733.00000", "2005-06-30": "7703.00000", "2005-03-31": "8064.00000"}, "Total Liabilities": {"2020-12-31": "288506.00000", "2020-09-30": "246517.00000", "2020-06-30": "255369.00000", "2020-03-31": "338666.00000", "2019-12-31": "221179.00000", "2019-09-30": "219397.00000", "2019-06-30": "216086.00000", "2019-03-31": "203294.00000", "2018-12-31": "219859.00000", "2018-09-30": "209454.00000", "2018-06-30": "225737.00000", "2018-03-31": "227887.00000", "2017-12-31": "216108.00000", "2017-09-30": "213489.00000", "2017-06-30": "216206.00000", "2017-03-31": "215508.00000", "2016-12-31": "221479.00000", "2016-09-30": "233959.00000", "2016-06-30": "233282.00000", "2016-03-31": "222157.00000", "2015-12-31": "224020.00000", "2015-09-30": "225742.00000", "2015-06-30": "273071.00000", "2015-03-31": "258657.00000", "2014-12-31": "252791.00000", "2014-09-30": "253649.00000", "2014-06-30": "260624.00000", "2014-03-31": "235390.00000", "2013-12-31": "222913.00000", "2013-09-30": "196750.00000", "2013-06-30": "207219.00000", "2013-03-31": "197320.00000", "2012-12-31": "201713.00000", "2012-09-30": "183773.00000", "2012-06-30": "180880.00000", "2012-03-31": "167797.00000", "2011-12-31": "197429.00000", "2011-09-30": "189144.00000", "2011-06-30": "170621.00000", "2011-03-31": "152616.00000", "2010-12-31": "142718.00000", "2010-09-30": "155395.00000", "2010-06-30": "146016.00000", "2010-03-31": "138561.00000", "2009-12-31": "143455.00000", "2009-09-30": "149837.00000", "2009-06-30": "141318.00000", "2009-03-31": "128286.00000", "2008-12-31": "160857.00000", "2008-09-30": "272500.00000", "2008-06-30": "132182.00000", "2008-03-31": "143543.00000", "2007-12-31": "131244.00000", "2007-09-30": "128638.00000", "2007-06-30": "104520.00000", "2007-03-31": "102536.00000", "2006-12-31": "100101.00000", "2006-09-30": "105295.00000", "2006-06-30": "96067.00000", "2006-03-31": "97743.00000", "2005-12-31": "91601.00000", "2005-09-30": "97899.00000", "2005-06-30": "98006.00000", "2005-03-31": "94069.00000"}, "Common Stock Net": {"2020-12-31": "504.00000", "2020-09-30": "504.00000", "2020-06-30": "504.00000", "2020-03-31": "504.00000", "2019-12-31": "504.00000", "2019-09-30": "504.00000", "2019-06-30": "504.00000", "2019-03-31": "504.00000", "2018-12-31": "504.00000", "2018-09-30": "504.00000", "2018-06-30": "504.00000", "2018-03-31": "504.00000", "2017-12-31": "504.00000", "2017-09-30": "504.00000", "2017-06-30": "504.00000", "2017-03-31": "504.00000", "2016-12-31": "504.00000", "2016-09-30": "504.00000", "2016-06-30": "504.00000", "2016-03-31": "504.00000", "2015-12-31": "504.00000", "2015-09-30": "504.00000", "2015-06-30": "504.00000", "2015-03-31": "504.00000", "2014-12-31": "504.00000", "2014-09-30": "504.00000", "2014-06-30": "504.00000", "2014-03-31": "504.00000", "2013-12-31": "504.00000", "2013-09-30": "504.00000", "2013-06-30": "504.00000", "2013-03-31": "504.00000", "2012-12-31": "504.00000", "2012-09-30": "504.00000", "2012-06-30": "504.00000", "2012-03-31": "504.00000", "2011-12-31": "504.00000", "2011-09-30": "504.00000", "2011-06-30": "504.00000", "2011-03-31": "504.00000", "2010-12-31": "502.00000", "2010-09-30": "502.00000", "2010-06-30": "502.00000", "2010-03-31": "502.00000", "2009-12-31": "495.00000", "2009-09-30": "495.00000", "2009-06-30": "494.00000", "2009-03-31": "435.00000", "2008-12-31": "432.00000", "2008-09-30": "432.00000", "2008-06-30": "432.00000", "2008-03-31": "398.00000", "2007-12-31": "398.00000", "2007-09-30": "398.00000", "2007-06-30": "337.00000", "2007-03-31": "337.00000", "2006-12-31": "337.00000", "2006-09-30": "337.00000", "2006-06-30": "337.00000", "2006-03-31": "337.00000", "2005-12-31": "337.00000", "2005-09-30": "337.00000", "2005-06-30": "337.00000", "2005-03-31": "337.00000"}, "Retained Earnings (Accumulated Deficit)": {"2020-12-31": "23442.00000", "2020-09-30": "23128.00000", "2020-06-30": "22794.00000", "2020-03-31": "22315.00000", "2019-12-31": "21918.00000", "2019-09-30": "21612.00000", "2019-06-30": "21274.00000", "2019-03-31": "20911.00000", "2018-12-31": "20553.00000", "2018-09-30": "20387.00000", "2018-06-30": "19856.00000", "2018-03-31": "19311.00000", "2017-12-31": "18856.00000", "2017-09-30": "18675.00000", "2017-06-30": "18202.00000", "2017-03-31": "17762.00000", "2016-12-31": "17459.00000", "2016-09-30": "17047.00000", "2016-06-30": "16686.00000", "2016-03-31": "16233.00000", "2015-12-31": "16049.00000", "2015-09-30": "15795.00000", "2015-06-30": "15390.00000", "2015-03-31": "15135.00000", "2014-12-31": "14737.00000", "2014-09-30": "14531.00000", "2014-06-30": "14114.00000", "2014-03-31": "13639.00000", "2013-12-31": "13395.00000", "2013-09-30": "12963.00000", "2013-06-30": "12545.00000", "2013-03-31": "12090.00000", "2012-12-31": "11751.00000", "2012-09-30": "11392.00000", "2012-06-30": "10846.00000", "2012-03-31": "10478.00000", "2011-12-31": "10176.00000", "2011-09-30": "9889.00000", "2011-06-30": "9430.00000", "2011-03-31": "9013.00000", "2010-12-31": "8634.00000", "2010-09-30": "8556.00000", "2010-06-30": "8015.00000", "2010-03-31": "7588.00000", "2009-12-31": "7071.00000", "2009-09-30": "6579.00000", "2009-06-30": "6255.00000", "2009-03-31": "9575.00000", "2008-12-31": "9135.00000", "2008-09-30": "9002.00000", "2008-06-30": "8629.00000", "2008-03-31": "8185.00000", "2007-12-31": "7745.00000", "2007-09-30": "7610.00000", "2007-06-30": "7339.00000", "2007-03-31": "7046.00000", "2006-12-31": "7030.00000", "2006-09-30": "6791.00000", "2006-06-30": "6579.00000", "2006-03-31": "6418.00000", "2005-12-31": "6189.00000", "2005-09-30": "6003.00000", "2005-06-30": "5920.00000", "2005-03-31": "5759.00000"}, "Comprehensive Income": {"2020-12-31": "187.00000", "2020-09-30": "-111.00000", "2020-06-30": "-430.00000", "2020-03-31": "-920.00000", "2019-12-31": "-876.00000", "2019-09-30": "-985.00000", "2019-06-30": "-874.00000", "2019-03-31": "-1180.00000", "2018-12-31": "-1356.00000", "2018-09-30": "-1711.00000", "2018-06-30": "-1488.00000", "2018-03-31": "-1074.00000", "2017-12-31": "-1009.00000", "2017-09-30": "-984.00000", "2017-06-30": "-1270.00000", "2017-03-31": "-1805.00000", "2016-12-31": "-2040.00000", "2016-09-30": "-993.00000", "2016-06-30": "-997.00000", "2016-03-31": "-964.00000", "2015-12-31": "-1442.00000", "2015-09-30": "-1101.00000", "2015-06-30": "-1011.00000", "2015-03-31": "-1006.00000", "2014-12-31": "-507.00000", "2014-09-30": "-107.00000", "2014-06-30": "489.00000", "2014-03-31": "188.00000", "2013-12-31": "-95.00000", "2013-09-30": "-114.00000", "2013-06-30": "-523.00000", "2013-03-31": "251.00000", "2012-12-31": "360.00000", "2012-09-30": "186.00000", "2012-06-30": "-537.00000", "2012-03-31": "-299.00000", "2011-12-31": "-659.00000", "2011-09-30": "-315.00000", "2011-06-30": "160.00000", "2011-03-31": "-238.00000", "2010-12-31": "-689.00000", "2010-09-30": "-782.00000", "2010-06-30": "-1707.00000", "2010-03-31": "-1885.00000", "2009-12-31": "-2238.00000", "2009-09-30": "-2776.00000", "2009-06-30": "-3828.00000", "2009-03-31": "-4987.00000", "2008-12-31": "-5650.00000", "2008-09-30": "-3146.00000", "2008-06-30": "-1716.00000", "2008-03-31": "-1658.00000", "2007-12-31": "-575.00000", "2007-09-30": "-369.00000", "2007-06-30": "-276.00000", "2007-03-31": "-147.00000", "2006-12-31": "-224.00000", "2006-09-30": "-113.00000", "2006-06-30": "-377.00000", "2006-03-31": "-350.00000", "2005-12-31": "-231.00000", "2005-09-30": "-144.00000", "2005-06-30": "-6.00000", "2005-03-31": "-95.00000"}, "Other Share Holders Equity": {"2020-12-31": "", "2020-09-30": "", "2020-06-30": "", "2020-03-31": "", "2019-12-31": "", "2019-09-30": "", "2019-06-30": "", "2019-03-31": "", "2018-12-31": "", "2018-09-30": "", "2018-06-30": "", "2018-03-31": "", "2017-12-31": "", "2017-09-30": "", "2017-06-30": "", "2017-03-31": "", "2016-12-31": "", "2016-09-30": "", "2016-06-30": "", "2016-03-31": "", "2015-12-31": "", "2015-09-30": "", "2015-06-30": "", "2015-03-31": "", "2014-12-31": "", "2014-09-30": "", "2014-06-30": "", "2014-03-31": "", "2013-12-31": "", "2013-09-30": "", "2013-06-30": "", "2013-03-31": "", "2012-12-31": "", "2012-09-30": "", "2012-06-30": "", "2012-03-31": "", "2011-12-31": "", "2011-09-30": "", "2011-06-30": "", "2011-03-31": "", "2010-12-31": "", "2010-09-30": "", "2010-06-30": "", "2010-03-31": "", "2009-12-31": "", "2009-09-30": "", "2009-06-30": "", "2009-03-31": "", "2008-12-31": "", "2008-09-30": "", "2008-06-30": "", "2008-03-31": "", "2007-12-31": "", "2007-09-30": "", "2007-06-30": "", "2007-03-31": "", "2006-12-31": "", "2006-09-30": "", "2006-06-30": "", "2006-03-31": "", "2005-12-31": "", "2005-09-30": "", "2005-06-30": "", "2005-03-31": ""}, "Share Holder Equity": {"2020-12-31": "26200.00000", "2020-09-30": "25558.00000", "2020-06-30": "24873.00000", "2020-03-31": "23861.00000", "2019-12-31": "24431.00000", "2019-09-30": "25209.00000", "2019-06-30": "25454.00000", "2019-03-31": "25038.00000", "2018-12-31": "24737.00000", "2018-09-30": "24553.00000", "2018-06-30": "22571.00000", "2018-03-31": "22399.00000", "2017-12-31": "22317.00000", "2017-09-30": "22497.00000", "2017-06-30": "22068.00000", "2017-03-31": "21294.00000", "2016-12-31": "21219.00000", "2016-09-30": "22181.00000", "2016-06-30": "22104.00000", "2016-03-31": "21528.00000", "2015-12-31": "21135.00000", "2015-09-30": "21532.00000", "2015-06-30": "21500.00000", "2015-03-31": "20819.00000", "2014-12-31": "21328.00000", "2014-09-30": "21156.00000", "2014-06-30": "21700.00000", "2014-03-31": "21273.00000", "2013-12-31": "20378.00000", "2013-09-30": "20430.00000", "2013-06-30": "20081.00000", "2013-03-31": "20869.00000", "2012-12-31": "20869.00000", "2012-09-30": "20749.00000", "2012-06-30": "19897.00000", "2012-03-31": "20159.00000", "2011-12-31": "19398.00000", "2011-09-30": "19651.00000", "2011-06-30": "19834.00000", "2011-03-31": "19180.00000", "2010-12-31": "17787.00000", "2010-09-30": "17569.00000", "2010-06-30": "16059.00000", "2010-03-31": "15410.00000", "2009-12-31": "14491.00000", "2009-09-30": "13440.00000", "2009-06-30": "12103.00000", "2009-03-31": "13858.00000", "2008-12-31": "12774.00000", "2008-09-30": "13064.00000", "2008-06-30": "14039.00000", "2008-03-31": "10806.00000", "2007-12-31": "11299.00000", "2007-09-30": "11250.00000", "2007-06-30": "7748.00000", "2007-03-31": "7467.00000", "2006-12-31": "7252.00000", "2006-09-30": "7015.00000", "2006-06-30": "6469.00000", "2006-03-31": "6413.00000", "2005-12-31": "6367.00000", "2005-09-30": "6104.00000", "2005-06-30": "6248.00000", "2005-03-31": "6025.00000"}, "Total Liabilities And Share Holders Equity": {"2020-12-31": "314706.00000", "2020-09-30": "272075.00000", "2020-06-30": "280242.00000", "2020-03-31": "362527.00000", "2019-12-31": "245610.00000", "2019-09-30": "244606.00000", "2019-06-30": "241540.00000", "2019-03-31": "228332.00000", "2018-12-31": "244596.00000", "2018-09-30": "234007.00000", "2018-06-30": "248308.00000", "2018-03-31": "250286.00000", "2017-12-31": "238425.00000", "2017-09-30": "235986.00000", "2017-06-30": "238274.00000", "2017-03-31": "236802.00000", "2016-12-31": "242698.00000", "2016-09-30": "256140.00000", "2016-06-30": "255386.00000", "2016-03-31": "243685.00000", "2015-12-31": "245155.00000", "2015-09-30": "247274.00000", "2015-06-30": "294571.00000", "2015-03-31": "279476.00000", "2014-12-31": "274119.00000", "2014-09-30": "274805.00000", "2014-06-30": "282324.00000", "2014-03-31": "256663.00000", "2013-12-31": "243291.00000", "2013-09-30": "217180.00000", "2013-06-30": "227300.00000", "2013-03-31": "218189.00000", "2012-12-31": "222582.00000", "2012-09-30": "204522.00000", "2012-06-30": "200777.00000", "2012-03-31": "187956.00000", "2011-12-31": "216827.00000", "2011-09-30": "208795.00000", "2011-06-30": "190455.00000", "2011-03-31": "171796.00000", "2010-12-31": "160505.00000", "2010-09-30": "172964.00000", "2010-06-30": "162075.00000", "2010-03-31": "153971.00000", "2009-12-31": "157946.00000", "2009-09-30": "163277.00000", "2009-06-30": "153421.00000", "2009-03-31": "142144.00000", "2008-12-31": "173631.00000", "2008-09-30": "285564.00000", "2008-06-30": "146221.00000", "2008-03-31": "154349.00000", "2007-12-31": "142543.00000", "2007-09-30": "139888.00000", "2007-06-30": "112268.00000", "2007-03-31": "110003.00000", "2006-12-31": "107353.00000", "2006-09-30": "112310.00000", "2006-06-30": "102536.00000", "2006-03-31": "104156.00000", "2005-12-31": "97968.00000", "2005-09-30": "104003.00000", "2005-06-30": "104254.00000", "2005-03-31": "100094.00000"}}, "cash flow statement": {"Net Income/Loss": {"2020-12-31": "0.00000", "2019-12-31": "2242.00000", "2018-12-31": "2593.00000", "2017-12-31": "2156.00000", "2016-12-31": "2143.00000", "2015-12-31": "1980.00000", "2014-12-31": "2022.00000", "2013-12-31": "2050.00000", "2012-12-31": "2061.00000", "2011-12-31": "1920.00000", "2010-12-31": "1556.00000", "2009-12-31": "-1881.00000", "2008-12-31": "1811.00000", "2007-12-31": "1261.00000", "2006-12-31": "1106.00000", "2005-12-31": "838.00000"}, "Total Depreciation And Amortization - Cash Flow": {"2020-12-31": "", "2019-12-31": "1337.00000", "2018-12-31": "1203.00000", "2017-12-31": "1085.00000", "2016-12-31": "929.00000", "2015-12-31": "801.00000", "2014-12-31": "699.00000", "2013-12-31": "675.00000", "2012-12-31": "489.00000", "2011-12-31": "418.00000", "2010-12-31": "-230.00000", "2009-12-31": "-321.00000", "2008-12-31": "369.00000", "2007-12-31": "130.00000", "2006-12-31": "385.00000", "2005-12-31": "499.00000"}, "Other Non-Cash Items": {"2020-12-31": "", "2019-12-31": "-129.00000", "2018-12-31": "-142.00000", "2017-12-31": "131.00000", "2016-12-31": "-365.00000", "2015-12-31": "-162.00000", "2014-12-31": "56.00000", "2013-12-31": "137.00000", "2012-12-31": "208.00000", "2011-12-31": "151.00000", "2010-12-31": "1530.00000", "2009-12-31": "3994.00000", "2008-12-31": "-588.00000", "2007-12-31": "27.00000", "2006-12-31": "-31.00000", "2005-12-31": "150.00000"}, "Total Non-Cash Items": {"2020-12-31": "", "2019-12-31": "1208.00000", "2018-12-31": "1061.00000", "2017-12-31": "1216.00000", "2016-12-31": "564.00000", "2015-12-31": "639.00000", "2014-12-31": "755.00000", "2013-12-31": "812.00000", "2012-12-31": "697.00000", "2011-12-31": "569.00000", "2010-12-31": "1300.00000", "2009-12-31": "3673.00000", "2008-12-31": "-219.00000", "2007-12-31": "157.00000", "2006-12-31": "354.00000", "2005-12-31": "649.00000"}, "Change In Accounts Receivable": {"2020-12-31": "", "2019-12-31": "-28.00000", "2018-12-31": "26.00000", "2017-12-31": "-455.00000", "2016-12-31": "-298.00000", "2015-12-31": "-104.00000", "2014-12-31": "-119.00000", "2013-12-31": "-153.00000", "2012-12-31": "-148.00000", "2011-12-31": "-89.00000", "2010-12-31": "-236.00000", "2009-12-31": "241.00000", "2008-12-31": "358.00000", "2007-12-31": "", "2006-12-31": "", "2005-12-31": ""}, "Change In Inventories": {"2020-12-31": "", "2019-12-31": "-54.00000", "2018-12-31": "233.00000", "2017-12-31": "-69.00000", "2016-12-31": "-175.00000", "2015-12-31": "75.00000", "2014-12-31": "-81.00000", "2013-12-31": "-206.00000", "2012-12-31": "70.00000", "2011-12-31": "-624.00000", "2010-12-31": "224.00000", "2009-12-31": "366.00000", "2008-12-31": "-689.00000", "2007-12-31": "195.00000", "2006-12-31": "-179.00000", "2005-12-31": "-19.00000"}, "Change In Accounts Payable": {"2020-12-31": "", "2019-12-31": "", "2018-12-31": "", "2017-12-31": "", "2016-12-31": "", "2015-12-31": "", "2014-12-31": "", "2013-12-31": "", "2012-12-31": "", "2011-12-31": "", "2010-12-31": "", "2009-12-31": "", "2008-12-31": "", "2007-12-31": "", "2006-12-31": "", "2005-12-31": ""}, "Change In Assets/Liabilities": {"2020-12-31": "", "2019-12-31": "1608.00000", "2018-12-31": "5468.00000", "2017-12-31": "3752.00000", "2016-12-31": "697.00000", "2015-12-31": "-4524.00000", "2014-12-31": "-2792.00000", "2013-12-31": "-4993.00000", "2012-12-31": "-821.00000", "2011-12-31": "1464.00000", "2010-12-31": "-2062.00000", "2009-12-31": "1358.00000", "2008-12-31": "-2684.00000", "2007-12-31": "", "2006-12-31": "", "2005-12-31": ""}, "Total Change In Assets/Liabilities": {"2020-12-31": "", "2019-12-31": "1820.00000", "2018-12-31": "6121.00000", "2017-12-31": "3261.00000", "2016-12-31": "-923.00000", "2015-12-31": "-4601.00000", "2014-12-31": "-3627.00000", "2013-12-31": "-5219.00000", "2012-12-31": "-1149.00000", "2011-12-31": "604.00000", "2010-12-31": "-2013.00000", "2009-12-31": "1965.00000", "2008-12-31": "-3015.00000", "2007-12-31": "195.00000", "2006-12-31": "-179.00000", "2005-12-31": "-19.00000"}, "Cash Flow From Operating Activities": {"2020-12-31": "", "2019-12-31": "5690.00000", "2018-12-31": "10175.00000", "2017-12-31": "6940.00000", "2016-12-31": "2290.00000", "2015-12-31": "-1403.00000", "2014-12-31": "-561.00000", "2013-12-31": "-2024.00000", "2012-12-31": "1933.00000", "2011-12-31": "3374.00000", "2010-12-31": "823.00000", "2009-12-31": "-4231.00000", "2008-12-31": "-1877.00000", "2007-12-31": "2939.00000", "2006-12-31": "981.00000", "2005-12-31": "2483.00000"}, "Net Change In Property, Plant, And Equipment": {"2020-12-31": "", "2019-12-31": "-730.00000", "2018-12-31": "-609.00000", "2017-12-31": "-637.00000", "2016-12-31": "-613.00000", "2015-12-31": "-703.00000", "2014-12-31": "-427.00000", "2013-12-31": "-388.00000", "2012-12-31": "-355.00000", "2011-12-31": "-298.00000", "2010-12-31": "-262.00000", "2009-12-31": "-325.00000", "2008-12-31": "-681.00000", "2007-12-31": "-476.00000", "2006-12-31": "-310.00000", "2005-12-31": "-314.00000"}, "Net Change In Intangible Assets": {"2020-12-31": "", "2019-12-31": "", "2018-12-31": "", "2017-12-31": "", "2016-12-31": "", "2015-12-31": "", "2014-12-31": "", "2013-12-31": "", "2012-12-31": "", "2011-12-31": "", "2010-12-31": "", "2009-12-31": "", "2008-12-31": "", "2007-12-31": "", "2006-12-31": "", "2005-12-31": ""}, "Net Acquisitions/Divestitures": {"2020-12-31": "", "2019-12-31": "-54.00000", "2018-12-31": "-2595.00000", "2017-12-31": "", "2016-12-31": "-437.00000", "2015-12-31": "", "2014-12-31": "", "2013-12-31": "", "2012-12-31": "-511.00000", "2011-12-31": "-214.00000", "2010-12-31": "-2332.00000", "2009-12-31": "", "2008-12-31": "-38.00000", "2007-12-31": "-647.00000", "2006-12-31": "", "2005-12-31": "-27.00000"}, "Net Change In Short-term Investments": {"2020-12-31": "", "2019-12-31": "7267.00000", "2018-12-31": "-7251.00000", "2017-12-31": "2423.00000", "2016-12-31": "5851.00000", "2015-12-31": "17171.00000", "2014-12-31": "-25426.00000", "2013-12-31": "-14708.00000", "2012-12-31": "10152.00000", "2011-12-31": "-40769.00000", "2010-12-31": "3857.00000", "2009-12-31": "28470.00000", "2008-12-31": "-33242.00000", "2007-12-31": "-3631.00000", "2006-12-31": "-190.00000", "2005-12-31": "19008.00000"}, "Net Change In Long-Term Investments": {"2020-12-31": "", "2019-12-31": "-9310.00000", "2018-12-31": "8344.00000", "2017-12-31": "1671.00000", "2016-12-31": "183.00000", "2015-12-31": "9015.00000", "2014-12-31": "1997.00000", "2013-12-31": "2086.00000", "2012-12-31": "-11690.00000", "2011-12-31": "-14539.00000", "2010-12-31": "2886.00000", "2009-12-31": "2257.00000", "2008-12-31": "-2419.00000", "2007-12-31": "-969.00000", "2006-12-31": "-3571.00000", "2005-12-31": "-22876.00000"}, "Net Change In Investments - Total": {"2020-12-31": "", "2019-12-31": "-2043.00000", "2018-12-31": "1093.00000", "2017-12-31": "4094.00000", "2016-12-31": "6034.00000", "2015-12-31": "26186.00000", "2014-12-31": "-23429.00000", "2013-12-31": "-12622.00000", "2012-12-31": "-1538.00000", "2011-12-31": "-55308.00000", "2010-12-31": "6743.00000", "2009-12-31": "30727.00000", "2008-12-31": "-35661.00000", "2007-12-31": "-4600.00000", "2006-12-31": "-3761.00000", "2005-12-31": "-3868.00000"}, "Investing Activities - Other": {"2020-12-31": "", "2019-12-31": "201.00000", "2018-12-31": "-2385.00000", "2017-12-31": "-3409.00000", "2016-12-31": "-754.00000", "2015-12-31": "-488.00000", "2014-12-31": "-4636.00000", "2013-12-31": "-1075.00000", "2012-12-31": "-2187.00000", "2011-12-31": "1925.00000", "2010-12-31": "-957.00000", "2009-12-31": "1230.00000", "2008-12-31": "6810.00000", "2007-12-31": "-6131.00000", "2006-12-31": "-2350.00000", "2005-12-31": "-1743.00000"}, "Cash Flow From Investing Activities": {"2020-12-31": "", "2019-12-31": "-2626.00000", "2018-12-31": "-4496.00000", "2017-12-31": "48.00000", "2016-12-31": "4230.00000", "2015-12-31": "24995.00000", "2014-12-31": "-28492.00000", "2013-12-31": "-14085.00000", "2012-12-31": "-4591.00000", "2011-12-31": "-53895.00000", "2010-12-31": "3192.00000", "2009-12-31": "31632.00000", "2008-12-31": "-29570.00000", "2007-12-31": "-11854.00000", "2006-12-31": "-6421.00000", "2005-12-31": "-5952.00000"}, "Net Long-Term Debt": {"2020-12-31": "", "2019-12-31": "1093.00000", "2018-12-31": "-466.00000", "2017-12-31": "254.00000", "2016-12-31": "51.00000", "2015-12-31": "1828.00000", "2014-12-31": "206.00000", "2013-12-31": "2351.00000", "2012-12-31": "-783.00000", "2011-12-31": "-500.00000", "2010-12-31": "-341.00000", "2009-12-31": "4406.00000", "2008-12-31": "449.00000", "2007-12-31": "955.00000", "2006-12-31": "-16.00000", "2005-12-31": "225.00000"}, "Net Current Debt": {"2020-12-31": "", "2019-12-31": "-2233.00000", "2018-12-31": "188.00000", "2017-12-31": "-1999.00000", "2016-12-31": "-268.00000", "2015-12-31": "-7074.00000", "2014-12-31": "1575.00000", "2013-12-31": "-1155.00000", "2012-12-31": "-1587.00000", "2011-12-31": "-8555.00000", "2010-12-31": "-11233.00000", "2009-12-31": "-10205.00000", "2008-12-31": "9302.00000", "2007-12-31": "-7794.00000", "2006-12-31": "-653.00000", "2005-12-31": "-341.00000"}, "Debt Issuance/Retirement Net - Total": {"2020-12-31": "", "2019-12-31": "-1140.00000", "2018-12-31": "-278.00000", "2017-12-31": "-1745.00000", "2016-12-31": "-217.00000", "2015-12-31": "-5246.00000", "2014-12-31": "1781.00000", "2013-12-31": "1196.00000", "2012-12-31": "-2370.00000", "2011-12-31": "-9055.00000", "2010-12-31": "-11574.00000", "2009-12-31": "-5799.00000", "2008-12-31": "9751.00000", "2007-12-31": "-6839.00000", "2006-12-31": "-669.00000", "2005-12-31": "-116.00000"}, "Net Common Equity Issued/Repurchased": {"2020-12-31": "", "2019-12-31": "-1666.00000", "2018-12-31": "676.00000", "2017-12-31": "-1418.00000", "2016-12-31": "-1487.00000", "2015-12-31": "-1738.00000", "2014-12-31": "-1868.00000", "2013-12-31": "-2108.00000", "2012-12-31": "-1488.00000", "2011-12-31": "-689.00000", "2010-12-31": "-34.00000", "2009-12-31": "2167.00000", "2008-12-31": "2928.00000", "2007-12-31": "-817.00000", "2006-12-31": "-175.00000", "2005-12-31": "-433.00000"}, "Net Total Equity Issued/Repurchased": {"2020-12-31": "", "2019-12-31": "-2416.00000", "2018-12-31": "1171.00000", "2017-12-31": "-1418.00000", "2016-12-31": "-994.00000", "2015-12-31": "-996.00000", "2014-12-31": "-398.00000", "2013-12-31": "-2108.00000", "2012-12-31": "-1000.00000", "2011-12-31": "-189.00000", "2010-12-31": "-34.00000", "2009-12-31": "167.00000", "2008-12-31": "4807.00000", "2007-12-31": "-817.00000", "2006-12-31": "-175.00000", "2005-12-31": "-433.00000"}, "Total Common And Preferred Stock Dividends Paid": {"2020-12-31": "", "2019-12-31": "-930.00000", "2018-12-31": "-828.00000", "2017-12-31": "-768.00000", "2016-12-31": "-723.00000", "2015-12-31": "-655.00000", "2014-12-31": "-539.00000", "2013-12-31": "-486.00000", "2012-12-31": "-463.00000", "2011-12-31": "-295.00000", "2010-12-31": "-20.00000", "2009-12-31": "-168.00000", "2008-12-31": "-399.00000", "2007-12-31": "-301.00000", "2006-12-31": "-259.00000", "2005-12-31": "-232.00000"}, "Financial Activities - Other": {"2020-12-31": "", "2019-12-31": "1512.00000", "2018-12-31": "-4536.00000", "2017-12-31": "-2257.00000", "2016-12-31": "-4479.00000", "2015-12-31": "-17343.00000", "2014-12-31": "26844.00000", "2013-12-31": "18137.00000", "2012-12-31": "6888.00000", "2011-12-31": "58942.00000", "2010-12-31": "8283.00000", "2009-12-31": "-22141.00000", "2008-12-31": "16428.00000", "2007-12-31": "18775.00000", "2006-12-31": "5997.00000", "2005-12-31": "4899.00000"}, "Cash Flow From Financial Activities": {"2020-12-31": "", "2019-12-31": "-2974.00000", "2018-12-31": "-4471.00000", "2017-12-31": "-6188.00000", "2016-12-31": "-6413.00000", "2015-12-31": "-24240.00000", "2014-12-31": "27688.00000", "2013-12-31": "16739.00000", "2012-12-31": "3055.00000", "2011-12-31": "49403.00000", "2010-12-31": "-3345.00000", "2009-12-31": "-27941.00000", "2008-12-31": "30587.00000", "2007-12-31": "10818.00000", "2006-12-31": "4894.00000", "2005-12-31": "4118.00000"}, "Net Cash Flow": {"2020-12-31": "", "2019-12-31": "90.00000", "2018-12-31": "1208.00000", "2017-12-31": "800.00000", "2016-12-31": "107.00000", "2015-12-31": "-648.00000", "2014-12-31": "-1365.00000", "2013-12-31": "630.00000", "2012-12-31": "397.00000", "2011-12-31": "-1118.00000", "2010-12-31": "670.00000", "2009-12-31": "-540.00000", "2008-12-31": "-860.00000", "2007-12-31": "1903.00000", "2006-12-31": "-546.00000", "2005-12-31": "649.00000"}, "Stock-Based Compensation": {"2020-12-31": "", "2019-12-31": "", "2018-12-31": "", "2017-12-31": "", "2016-12-31": "", "2015-12-31": "", "2014-12-31": "", "2013-12-31": "", "2012-12-31": "", "2011-12-31": "", "2010-12-31": "", "2009-12-31": "", "2008-12-31": "", "2007-12-31": "", "2006-12-31": "", "2005-12-31": ""}, "Common Stock Dividends Paid": {"2020-12-31": "", "2019-12-31": "-930.00000", "2018-12-31": "-828.00000", "2017-12-31": "-768.00000", "2016-12-31": "-723.00000", "2015-12-31": "-655.00000", "2014-12-31": "-539.00000", "2013-12-31": "-486.00000", "2012-12-31": "-463.00000", "2011-12-31": "-295.00000", "2010-12-31": "-20.00000", "2009-12-31": "-168.00000", "2008-12-31": "-399.00000", "2007-12-31": "-301.00000", "2006-12-31": "-259.00000", "2005-12-31": "-232.00000"}}, "cash flow statement, quarterly": {"Net Income/Loss": {"2020-12-31": -1883, "2020-09-30": 555, "2020-06-30": 694, "2020-03-31": "634.00000", "2019-12-31": 564, "2019-09-30": 583, "2019-06-30": 587, "2019-03-31": "508.00000", "2018-12-31": 437, "2018-09-30": 764, "2018-06-30": 733, "2018-03-31": "659.00000", "2017-12-31": 349, "2017-09-30": 685, "2017-06-30": 620, "2017-03-31": "502.00000", "2016-12-31": 593, "2016-09-30": 563, "2016-06-30": 619, "2016-03-31": "368.00000", "2015-12-31": 576, "2015-09-30": 581, "2015-06-30": 418, "2015-03-31": "405.00000", "2014-12-31": 477, "2014-09-30": 560, "2014-06-30": 622, "2014-03-31": "363.00000", "2013-12-31": 467, "2013-09-30": 540, "2013-06-30": 579, "2013-03-31": "464.00000", "2012-12-31": 470, "2012-09-30": 674, "2012-06-30": 490, "2012-03-31": "427.00000", "2011-12-31": 381, "2011-09-30": 555, "2011-06-30": 513, "2011-03-31": "471.00000", "2010-12-31": 83, "2010-09-30": 546, "2010-06-30": 432, "2010-03-31": "495.00000", "2009-12-31": 498, "2009-09-30": 327, "2009-06-30": -3182, "2009-03-31": "476.00000", "2008-12-31": 256, "2008-09-30": 477, "2008-06-30": 548, "2008-03-31": "530.00000", "2007-12-31": 223, "2007-09-30": 358, "2007-06-30": 366, "2007-03-31": "314.00000", "2006-12-31": 309, "2006-09-30": 278, "2006-06-30": 227, "2006-03-31": "292.00000", "2005-12-31": 249, "2005-09-30": 143, "2005-06-30": 220, "2005-03-31": "226.00000"}, "Total Depreciation And Amortization - Cash Flow": {"2020-12-31": 618, "2020-09-30": -1302, "2020-06-30": 352, "2020-03-31": "332.00000", "2019-12-31": 363, "2019-09-30": 340, "2019-06-30": 330, "2019-03-31": "304.00000", "2018-12-31": 329, "2018-09-30": 287, "2018-06-30": 289, "2018-03-31": "298.00000", "2017-12-31": 289, "2017-09-30": 275, "2017-06-30": 257, "2017-03-31": "264.00000", "2016-12-31": 259, "2016-09-30": 210, "2016-06-30": 228, "2016-03-31": "232.00000", "2015-12-31": 210, "2015-09-30": 207, "2015-06-30": 198, "2015-03-31": "186.00000", "2014-12-31": 186, "2014-09-30": 177, "2014-06-30": 183, "2014-03-31": "153.00000", "2013-12-31": 191, "2013-09-30": 184, "2013-06-30": 140, "2013-03-31": "160.00000", "2012-12-31": 172, "2012-09-30": 120, "2012-06-30": 91, "2012-03-31": "106.00000", "2011-12-31": 153, "2011-09-30": 96, "2011-06-30": 110, "2011-03-31": "59.00000", "2010-12-31": -2, "2010-09-30": -59, "2010-06-30": -55, "2010-03-31": "-114.00000", "2009-12-31": 2310, "2009-09-30": -259, "2009-06-30": -2349, "2009-03-31": "-23.00000", "2008-12-31": -94, "2008-09-30": 132, "2008-06-30": 159, "2008-03-31": "172.00000", "2007-12-31": -230, "2007-09-30": 156, "2007-06-30": 14, "2007-03-31": "190.00000", "2006-12-31": 65, "2006-09-30": 83, "2006-06-30": 129, "2006-03-31": "108.00000", "2005-12-31": 154, "2005-09-30": 79, "2005-06-30": 117, "2005-03-31": "149.00000"}, "Other Non-Cash Items": {"2020-12-31": 37, "2020-09-30": -38, "2020-06-30": -5, "2020-03-31": "6.00000", "2019-12-31": -145, "2019-09-30": -39, "2019-06-30": 89, "2019-03-31": "-34.00000", "2018-12-31": -45, "2018-09-30": -1, "2018-06-30": -65, "2018-03-31": "-31.00000", "2017-12-31": 309, "2017-09-30": -162, "2017-06-30": -53, "2017-03-31": "37.00000", "2016-12-31": -391, "2016-09-30": 59, "2016-06-30": -8, "2016-03-31": "-25.00000", "2015-12-31": -156, "2015-09-30": -62, "2015-06-30": 55, "2015-03-31": "1.00000", "2014-12-31": 77, "2014-09-30": 10, "2014-06-30": 9, "2014-03-31": "-40.00000", "2013-12-31": 51, "2013-09-30": -56, "2013-06-30": 87, "2013-03-31": "55.00000", "2012-12-31": 616, "2012-09-30": -369, "2012-06-30": -106, "2012-03-31": "67.00000", "2011-12-31": 272, "2011-09-30": -86, "2011-06-30": -52, "2011-03-31": "17.00000", "2010-12-31": 1383, "2010-09-30": 67, "2010-06-30": 66, "2010-03-31": "14.00000", "2009-12-31": -2018, "2009-09-30": -42, "2009-06-30": 6070, "2009-03-31": "-16.00000", "2008-12-31": -591, "2008-09-30": 3, "2008-06-30": -9, "2008-03-31": "9.00000", "2007-12-31": 4, "2007-09-30": 23, "2007-06-30": 1, "2007-03-31": "-1.00000", "2006-12-31": -1, "2006-09-30": -3, "2006-06-30": -14, "2006-03-31": "-13.00000", "2005-12-31": -14, "2005-09-30": 164, "2005-06-30": -1, "2005-03-31": "1.00000"}, "Total Non-Cash Items": {"2020-12-31": 655, "2020-09-30": -1340, "2020-06-30": 347, "2020-03-31": "338.00000", "2019-12-31": 218, "2019-09-30": 301, "2019-06-30": 419, "2019-03-31": "270.00000", "2018-12-31": 284, "2018-09-30": 286, "2018-06-30": 224, "2018-03-31": "267.00000", "2017-12-31": 598, "2017-09-30": 113, "2017-06-30": 204, "2017-03-31": "301.00000", "2016-12-31": -132, "2016-09-30": 269, "2016-06-30": 220, "2016-03-31": "207.00000", "2015-12-31": 54, "2015-09-30": 145, "2015-06-30": 253, "2015-03-31": "187.00000", "2014-12-31": 263, "2014-09-30": 187, "2014-06-30": 192, "2014-03-31": "113.00000", "2013-12-31": 242, "2013-09-30": 128, "2013-06-30": 227, "2013-03-31": "215.00000", "2012-12-31": 788, "2012-09-30": -249, "2012-06-30": -15, "2012-03-31": "173.00000", "2011-12-31": 425, "2011-09-30": 10, "2011-06-30": 58, "2011-03-31": "76.00000", "2010-12-31": 1381, "2010-09-30": 8, "2010-06-30": 11, "2010-03-31": "-100.00000", "2009-12-31": 292, "2009-09-30": -301, "2009-06-30": 3721, "2009-03-31": "-39.00000", "2008-12-31": -685, "2008-09-30": 135, "2008-06-30": 150, "2008-03-31": "181.00000", "2007-12-31": -226, "2007-09-30": 179, "2007-06-30": 15, "2007-03-31": "189.00000", "2006-12-31": 64, "2006-09-30": 80, "2006-06-30": 115, "2006-03-31": "95.00000", "2005-12-31": 140, "2005-09-30": 243, "2005-06-30": 116, "2005-03-31": "150.00000"}, "Change In Accounts Receivable": {"2020-12-31": 60, "2020-09-30": -57, "2020-06-30": 40, "2020-03-31": "-43.00000", "2019-12-31": 27, "2019-09-30": -56, "2019-06-30": 75, "2019-03-31": "-74.00000", "2018-12-31": 123, "2018-09-30": -110, "2018-06-30": 97, "2018-03-31": "-84.00000", "2017-12-31": -56, "2017-09-30": -238, "2017-06-30": -115, "2017-03-31": "-46.00000", "2016-12-31": -50, "2016-09-30": -195, "2016-06-30": -28, "2016-03-31": "-25.00000", "2015-12-31": -75, "2015-09-30": 114, "2015-06-30": -104, "2015-03-31": "-39.00000", "2014-12-31": 76, "2014-09-30": -97, "2014-06-30": -24, "2014-03-31": "-74.00000", "2013-12-31": -29, "2013-09-30": -39, "2013-06-30": 48, "2013-03-31": "-133.00000", "2012-12-31": -37, "2012-09-30": -19, "2012-06-30": 52, "2012-03-31": "-144.00000", "2011-12-31": 110, "2011-09-30": -61, "2011-06-30": -21, "2011-03-31": "-117.00000", "2010-12-31": 34, "2010-09-30": -1056, "2010-06-30": 852, "2010-03-31": "-66.00000", "2009-12-31": 241, "2009-09-30": 0, "2009-06-30": 0, "2009-03-31": "", "2008-12-31": 358, "2008-09-30": 0, "2008-06-30": 0, "2008-03-31": "", "2007-12-31": 0, "2007-09-30": 0, "2007-06-30": 0, "2007-03-31": "", "2006-12-31": 0, "2006-09-30": 0, "2006-06-30": 0, "2006-03-31": "", "2005-12-31": 0, "2005-09-30": 0, "2005-06-30": 0, "2005-03-31": ""}, "Change In Inventories": {"2020-12-31": -74, "2020-09-30": 43, "2020-06-30": -11, "2020-03-31": "42.00000", "2019-12-31": -75, "2019-09-30": 55, "2019-06-30": -38, "2019-03-31": "4.00000", "2018-12-31": 141, "2018-09-30": 159, "2018-06-30": 18, "2018-03-31": "-85.00000", "2017-12-31": 42, "2017-09-30": -239, "2017-06-30": 49, "2017-03-31": "79.00000", "2016-12-31": 39, "2016-09-30": -173, "2016-06-30": -17, "2016-03-31": "-24.00000", "2015-12-31": 374, "2015-09-30": 150, "2015-06-30": -228, "2015-03-31": "-221.00000", "2014-12-31": 109, "2014-09-30": -92, "2014-06-30": -52, "2014-03-31": "-46.00000", "2013-12-31": 73, "2013-09-30": -263, "2013-06-30": 1, "2013-03-31": "-17.00000", "2012-12-31": -26, "2012-09-30": -10, "2012-06-30": 138, "2012-03-31": "-32.00000", "2011-12-31": -112, "2011-09-30": 217, "2011-06-30": -816, "2011-03-31": "87.00000", "2010-12-31": 1422, "2010-09-30": -1143, "2010-06-30": -56, "2010-03-31": "1.00000", "2009-12-31": 2, "2009-09-30": -23, "2009-06-30": 4745, "2009-03-31": "-4358.00000", "2008-12-31": 5517, "2008-09-30": -6021, "2008-06-30": 270, "2008-03-31": "-455.00000", "2007-12-31": 715, "2007-09-30": -456, "2007-06-30": 176, "2007-03-31": "-240.00000", "2006-12-31": 130, "2006-09-30": -131, "2006-06-30": 123, "2006-03-31": "-301.00000", "2005-12-31": -708, "2005-09-30": 749, "2005-06-30": -284, "2005-03-31": "224.00000"}, "Change In Accounts Payable": {"2020-12-31": 0, "2020-09-30": 0, "2020-06-30": 0, "2020-03-31": "", "2019-12-31": 0, "2019-09-30": 0, "2019-06-30": 0, "2019-03-31": "", "2018-12-31": 0, "2018-09-30": 0, "2018-06-30": 0, "2018-03-31": "", "2017-12-31": 0, "2017-09-30": 0, "2017-06-30": 0, "2017-03-31": "", "2016-12-31": 0, "2016-09-30": 0, "2016-06-30": 0, "2016-03-31": "", "2015-12-31": 0, "2015-09-30": 0, "2015-06-30": 0, "2015-03-31": "", "2014-12-31": 0, "2014-09-30": 0, "2014-06-30": 0, "2014-03-31": "", "2013-12-31": 0, "2013-09-30": 0, "2013-06-30": 0, "2013-03-31": "", "2012-12-31": 0, "2012-09-30": 0, "2012-06-30": 0, "2012-03-31": "", "2011-12-31": 0, "2011-09-30": 0, "2011-06-30": 0, "2011-03-31": "", "2010-12-31": 0, "2010-09-30": 0, "2010-06-30": 0, "2010-03-31": "", "2009-12-31": 0, "2009-09-30": 0, "2009-06-30": 0, "2009-03-31": "", "2008-12-31": 0, "2008-09-30": 0, "2008-06-30": 0, "2008-03-31": "", "2007-12-31": 0, "2007-09-30": 0, "2007-06-30": 0, "2007-03-31": "", "2006-12-31": 0, "2006-09-30": 0, "2006-06-30": 0, "2006-03-31": "", "2005-12-31": 0, "2005-09-30": 0, "2005-06-30": 0, "2005-03-31": ""}, "Change In Assets/Liabilities": {"2020-12-31": 1995, "2020-09-30": -528, "2020-06-30": -171, "2020-03-31": "-1296.00000", "2019-12-31": 1417, "2019-09-30": 3618, "2019-06-30": -1021, "2019-03-31": "-2406.00000", "2018-12-31": 303, "2018-09-30": 5238, "2018-06-30": -2886, "2018-03-31": "2813.00000", "2017-12-31": 5911, "2017-09-30": -2903, "2017-06-30": 84, "2017-03-31": "660.00000", "2016-12-31": 916, "2016-09-30": -2385, "2016-06-30": 1450, "2016-03-31": "716.00000", "2015-12-31": 2432, "2015-09-30": -269, "2015-06-30": -5578, "2015-03-31": "-1109.00000", "2014-12-31": 1494, "2014-09-30": -1274, "2014-06-30": -2894, "2014-03-31": "-118.00000", "2013-12-31": -2644, "2013-09-30": 1499, "2013-06-30": -4238, "2013-03-31": "390.00000", "2012-12-31": -428, "2012-09-30": 902, "2012-06-30": -2039, "2012-03-31": "744.00000", "2011-12-31": 4722, "2011-09-30": 2167, "2011-06-30": -4486, "2011-03-31": "-939.00000", "2010-12-31": -2941, "2010-09-30": 1108, "2010-06-30": -1012, "2010-03-31": "783.00000", "2009-12-31": 1358, "2009-09-30": 0, "2009-06-30": 0, "2009-03-31": "", "2008-12-31": -2684, "2008-09-30": 0, "2008-06-30": 0, "2008-03-31": "", "2007-12-31": 0, "2007-09-30": 0, "2007-06-30": 0, "2007-03-31": "", "2006-12-31": 0, "2006-09-30": 0, "2006-06-30": 0, "2006-03-31": "", "2005-12-31": 0, "2005-09-30": 0, "2005-06-30": 0, "2005-03-31": ""}, "Total Change In Assets/Liabilities": {"2020-12-31": 1455, "2020-09-30": -4510, "2020-06-30": 173, "2020-03-31": "2882.00000", "2019-12-31": 192, "2019-09-30": 3981, "2019-06-30": -853, "2019-03-31": "-1500.00000", "2018-12-31": 88, "2018-09-30": 4782, "2018-06-30": -2484, "2018-03-31": "3735.00000", "2017-12-31": 4197, "2017-09-30": -3001, "2017-06-30": -536, "2017-03-31": "2601.00000", "2016-12-31": -641, "2016-09-30": -3697, "2016-06-30": 1455, "2016-03-31": "1960.00000", "2015-12-31": 2555, "2015-09-30": -1208, "2015-06-30": -5565, "2015-03-31": "-383.00000", "2014-12-31": -386, "2014-09-30": -2173, "2014-06-30": -2372, "2014-03-31": "1304.00000", "2013-12-31": -2188, "2013-09-30": 520, "2013-06-30": -3057, "2013-03-31": "-494.00000", "2012-12-31": -1082, "2012-09-30": 2038, "2012-06-30": -2159, "2012-03-31": "54.00000", "2011-12-31": 2390, "2011-09-30": 1111, "2011-06-30": -3125, "2011-03-31": "228.00000", "2010-12-31": -1424, "2010-09-30": -1091, "2010-06-30": -216, "2010-03-31": "718.00000", "2009-12-31": 1601, "2009-09-30": -23, "2009-06-30": 4745, "2009-03-31": "-4358.00000", "2008-12-31": 3191, "2008-09-30": -6021, "2008-06-30": 270, "2008-03-31": "-455.00000", "2007-12-31": 715, "2007-09-30": -456, "2007-06-30": 176, "2007-03-31": "-240.00000", "2006-12-31": 130, "2006-09-30": -131, "2006-06-30": 123, "2006-03-31": "-301.00000", "2005-12-31": -708, "2005-09-30": 749, "2005-06-30": -284, "2005-03-31": "224.00000"}, "Cash Flow From Operating Activities": {"2020-12-31": -156, "2020-09-30": -5219, "2020-06-30": 1336, "2020-03-31": "4039.00000", "2019-12-31": 1053, "2019-09-30": 4964, "2019-06-30": 252, "2019-03-31": "-579.00000", "2018-12-31": 1114, "2018-09-30": 5659, "2018-06-30": -1434, "2018-03-31": "4836.00000", "2017-12-31": 5083, "2017-09-30": -2142, "2017-06-30": 490, "2017-03-31": "3509.00000", "2016-12-31": 14, "2016-09-30": -2736, "2016-06-30": 2160, "2016-03-31": "2852.00000", "2015-12-31": 3379, "2015-09-30": -255, "2015-06-30": -4924, "2015-03-31": "397.00000", "2014-12-31": 403, "2014-09-30": -1364, "2014-06-30": -1506, "2014-03-31": "1906.00000", "2013-12-31": -1449, "2013-09-30": 1186, "2013-06-30": -2143, "2013-03-31": "382.00000", "2012-12-31": 533, "2012-09-30": 2463, "2012-06-30": -1686, "2012-03-31": "623.00000", "2011-12-31": 3149, "2011-09-30": 2286, "2011-06-30": -2214, "2011-03-31": "153.00000", "2010-12-31": -169, "2010-09-30": -2410, "2010-06-30": 1599, "2010-03-31": "1803.00000", "2009-12-31": 386, "2009-09-30": 389, "2009-06-30": -2271, "2009-03-31": "-2735.00000", "2008-12-31": 1570, "2008-09-30": -2837, "2008-06-30": 1266, "2008-03-31": "-1876.00000", "2007-12-31": 2162, "2007-09-30": 680, "2007-06-30": 280, "2007-03-31": "-183.00000", "2006-12-31": 814, "2006-09-30": -62, "2006-06-30": -13, "2006-03-31": "242.00000", "2005-12-31": -890, "2005-09-30": 1830, "2005-06-30": 1001, "2005-03-31": "542.00000"}, "Net Change In Property, Plant, And Equipment": {"2020-12-31": 424, "2020-09-30": -153, "2020-06-30": -157, "2020-03-31": "-114.00000", "2019-12-31": -161, "2019-09-30": -227, "2019-06-30": -171, "2019-03-31": "-171.00000", "2018-12-31": -173, "2018-09-30": -151, "2018-06-30": -138, "2018-03-31": "-147.00000", "2017-12-31": -152, "2017-09-30": -160, "2017-06-30": -161, "2017-03-31": "-164.00000", "2016-12-31": -136, "2016-09-30": -149, "2016-06-30": -160, "2016-03-31": "-168.00000", "2015-12-31": -160, "2015-09-30": -242, "2015-06-30": -205, "2015-03-31": "-96.00000", "2014-12-31": -129, "2014-09-30": -64, "2014-06-30": -124, "2014-03-31": "-110.00000", "2013-12-31": -129, "2013-09-30": -31, "2013-06-30": -109, "2013-03-31": "-119.00000", "2012-12-31": -101, "2012-09-30": -111, "2012-06-30": -58, "2012-03-31": "-85.00000", "2011-12-31": -89, "2011-09-30": -17, "2011-06-30": -103, "2011-03-31": "-89.00000", "2010-12-31": -105, "2010-09-30": -78, "2010-06-30": -54, "2010-03-31": "-25.00000", "2009-12-31": -154, "2009-09-30": 178, "2009-06-30": -209, "2009-03-31": "-140.00000", "2008-12-31": -283, "2008-09-30": -114, "2008-06-30": -126, "2008-03-31": "-158.00000", "2007-12-31": -129, "2007-09-30": -116, "2007-06-30": -84, "2007-03-31": "-147.00000", "2006-12-31": -47, "2006-09-30": -86, "2006-06-30": -67, "2006-03-31": "-110.00000", "2005-12-31": -78, "2005-09-30": -83, "2005-06-30": -68, "2005-03-31": "-85.00000"}, "Net Change In Intangible Assets": {"2020-12-31": 0, "2020-09-30": 0, "2020-06-30": 0, "2020-03-31": "", "2019-12-31": 0, "2019-09-30": 0, "2019-06-30": 0, "2019-03-31": "", "2018-12-31": 0, "2018-09-30": 0, "2018-06-30": 0, "2018-03-31": "", "2017-12-31": 0, "2017-09-30": 0, "2017-06-30": 0, "2017-03-31": "", "2016-12-31": 0, "2016-09-30": 0, "2016-06-30": 0, "2016-03-31": "", "2015-12-31": 0, "2015-09-30": 0, "2015-06-30": 0, "2015-03-31": "", "2014-12-31": 0, "2014-09-30": 0, "2014-06-30": 0, "2014-03-31": "", "2013-12-31": 0, "2013-09-30": 0, "2013-06-30": 0, "2013-03-31": "", "2012-12-31": 0, "2012-09-30": 0, "2012-06-30": 0, "2012-03-31": "", "2011-12-31": 0, "2011-09-30": 0, "2011-06-30": 0, "2011-03-31": "", "2010-12-31": 0, "2010-09-30": 0, "2010-06-30": 0, "2010-03-31": "", "2009-12-31": 0, "2009-09-30": 0, "2009-06-30": 0, "2009-03-31": "", "2008-12-31": 0, "2008-09-30": 0, "2008-06-30": 0, "2008-03-31": "", "2007-12-31": 0, "2007-09-30": 0, "2007-06-30": 0, "2007-03-31": "", "2006-12-31": 0, "2006-09-30": 0, "2006-06-30": 0, "2006-03-31": "", "2005-12-31": 0, "2005-09-30": 0, "2005-06-30": 0, "2005-03-31": ""}, "Net Acquisitions/Divestitures": {"2020-12-31": 0, "2020-09-30": 0, "2020-06-30": 0, "2020-03-31": "", "2019-12-31": 0, "2019-09-30": 0, "2019-06-30": 0, "2019-03-31": "-54.00000", "2018-12-31": -2532, "2018-09-30": -63, "2018-06-30": 0, "2018-03-31": "", "2017-12-31": 0, "2017-09-30": -172, "2017-06-30": 172, "2017-03-31": "", "2016-12-31": 0, "2016-09-30": -437, "2016-06-30": 0, "2016-03-31": "", "2015-12-31": 0, "2015-09-30": 0, "2015-06-30": 0, "2015-03-31": "", "2014-12-31": 0, "2014-09-30": 0, "2014-06-30": 0, "2014-03-31": "", "2013-12-31": -18, "2013-09-30": 18, "2013-06-30": 0, "2013-03-31": "", "2012-12-31": -511, "2012-09-30": 0, "2012-06-30": 0, "2012-03-31": "", "2011-12-31": -137, "2011-09-30": 0, "2011-06-30": 0, "2011-03-31": "-77.00000", "2010-12-31": -86, "2010-09-30": -6, "2010-06-30": -2240, "2010-03-31": "", "2009-12-31": 0, "2009-09-30": 0, "2009-06-30": 0, "2009-03-31": "", "2008-12-31": -76, "2008-09-30": 0, "2008-06-30": 38, "2008-03-31": "", "2007-12-31": -4, "2007-09-30": -73, "2007-06-30": -23, "2007-03-31": "-547.00000", "2006-12-31": 0, "2006-09-30": 0, "2006-06-30": 0, "2006-03-31": "", "2005-12-31": 16, "2005-09-30": -41, "2005-06-30": -2, "2005-03-31": ""}, "Net Change In Short-term Investments": {"2020-12-31": 10014, "2020-09-30": 13759, "2020-06-30": 54547, "2020-03-31": "-78320.00000", "2019-12-31": -5087, "2019-09-30": -1099, "2019-06-30": -8880, "2019-03-31": "22333.00000", "2018-12-31": -9906, "2018-09-30": 12136, "2018-06-30": 4605, "2018-03-31": "-14086.00000", "2017-12-31": -6047, "2017-09-30": 2368, "2017-06-30": 2181, "2017-03-31": "3921.00000", "2016-12-31": 8641, "2016-09-30": -4353, "2016-06-30": -8425, "2016-03-31": "9988.00000", "2015-12-31": -1226, "2015-09-30": 43659, "2015-06-30": -26446, "2015-03-31": "1184.00000", "2014-12-31": -6364, "2014-09-30": 12518, "2014-06-30": -20184, "2014-03-31": "-11396.00000", "2013-12-31": -26024, "2013-09-30": 5889, "2013-06-30": -2425, "2013-03-31": "7852.00000", "2012-12-31": -15932, "2012-09-30": -558, "2012-06-30": -4685, "2012-03-31": "31327.00000", "2011-12-31": -23389, "2011-09-30": -9720, "2011-06-30": -10585, "2011-03-31": "2925.00000", "2010-12-31": 3339, "2010-09-30": -5453, "2010-06-30": 3135, "2010-03-31": "2836.00000", "2009-12-31": 39, "2009-09-30": 2565, "2009-06-30": 4695, "2009-03-31": "21171.00000", "2008-12-31": -32966, "2008-09-30": 6829, "2008-06-30": 431, "2008-03-31": "-7536.00000", "2007-12-31": -4428, "2007-09-30": -3729, "2007-06-30": 1521, "2007-03-31": "3005.00000", "2006-12-31": 2533, "2006-09-30": -4257, "2006-06-30": 3111, "2006-03-31": "-1577.00000", "2005-12-31": 6958, "2005-09-30": -485, "2005-06-30": 7432, "2005-03-31": "5103.00000"}, "Net Change In Long-Term Investments": {"2020-12-31": 15995, "2020-09-30": -1473, "2020-06-30": 14387, "2020-03-31": "-28909.00000", "2019-12-31": -1230, "2019-09-30": -2913, "2019-06-30": -2057, "2019-03-31": "-3110.00000", "2018-12-31": -945, "2018-09-30": 464, "2018-06-30": -2698, "2018-03-31": "11523.00000", "2017-12-31": -5005, "2017-09-30": 3058, "2017-06-30": 1391, "2017-03-31": "2227.00000", "2016-12-31": -518, "2016-09-30": 3275, "2016-06-30": -1153, "2016-03-31": "-1421.00000", "2015-12-31": -3686, "2015-09-30": 3649, "2015-06-30": 11031, "2015-03-31": "-1979.00000", "2014-12-31": 1680, "2014-09-30": -300, "2014-06-30": 1015, "2014-03-31": "-398.00000", "2013-12-31": -1489, "2013-09-30": 2269, "2013-06-30": -743, "2013-03-31": "2049.00000", "2012-12-31": -7076, "2012-09-30": -775, "2012-06-30": -1584, "2012-03-31": "-2255.00000", "2011-12-31": -2654, "2011-09-30": -1372, "2011-06-30": -2921, "2011-03-31": "-7592.00000", "2010-12-31": 4212, "2010-09-30": 2499, "2010-06-30": -5376, "2010-03-31": "1551.00000", "2009-12-31": 561, "2009-09-30": -9847, "2009-06-30": 4900, "2009-03-31": "6643.00000", "2008-12-31": 76207, "2008-09-30": -79758, "2008-06-30": 723, "2008-03-31": "409.00000", "2007-12-31": 2264, "2007-09-30": -951, "2007-06-30": 542, "2007-03-31": "-2824.00000", "2006-12-31": 963, "2006-09-30": -4249, "2006-06-30": 163, "2006-03-31": "-448.00000", "2005-12-31": -2428, "2005-09-30": -3981, "2005-06-30": -7383, "2005-03-31": "-9084.00000"}, "Net Change In Investments - Total": {"2020-12-31": 26009, "2020-09-30": 12286, "2020-06-30": 68934, "2020-03-31": "-107229.00000", "2019-12-31": -6317, "2019-09-30": -4012, "2019-06-30": -10937, "2019-03-31": "19223.00000", "2018-12-31": -10851, "2018-09-30": 12600, "2018-06-30": 1907, "2018-03-31": "-2563.00000", "2017-12-31": -11052, "2017-09-30": 5426, "2017-06-30": 3572, "2017-03-31": "6148.00000", "2016-12-31": 8123, "2016-09-30": -1078, "2016-06-30": -9578, "2016-03-31": "8567.00000", "2015-12-31": -4912, "2015-09-30": 47308, "2015-06-30": -15415, "2015-03-31": "-795.00000", "2014-12-31": -4684, "2014-09-30": 12218, "2014-06-30": -19169, "2014-03-31": "-11794.00000", "2013-12-31": -27513, "2013-09-30": 8158, "2013-06-30": -3168, "2013-03-31": "9901.00000", "2012-12-31": -23008, "2012-09-30": -1333, "2012-06-30": -6269, "2012-03-31": "29072.00000", "2011-12-31": -26043, "2011-09-30": -11092, "2011-06-30": -13506, "2011-03-31": "-4667.00000", "2010-12-31": 7551, "2010-09-30": -2954, "2010-06-30": -2241, "2010-03-31": "4387.00000", "2009-12-31": 600, "2009-09-30": -7282, "2009-06-30": 9595, "2009-03-31": "27814.00000", "2008-12-31": 43241, "2008-09-30": -72929, "2008-06-30": 1154, "2008-03-31": "-7127.00000", "2007-12-31": -2164, "2007-09-30": -4680, "2007-06-30": 2063, "2007-03-31": "181.00000", "2006-12-31": 3496, "2006-09-30": -8506, "2006-06-30": 3274, "2006-03-31": "-2025.00000", "2005-12-31": 4530, "2005-09-30": -4466, "2005-06-30": 49, "2005-03-31": "-3981.00000"}, "Investing Activities - Other": {"2020-12-31": -311, "2020-09-30": 40, "2020-06-30": 5701, "2020-03-31": "-5430.00000", "2019-12-31": 955, "2019-09-30": -1417, "2019-06-30": -2010, "2019-03-31": "2673.00000", "2018-12-31": -2371, "2018-09-30": 777, "2018-06-30": 5472, "2018-03-31": "-6263.00000", "2017-12-31": 373, "2017-09-30": 769, "2017-06-30": -1777, "2017-03-31": "-2774.00000", "2016-12-31": 1795, "2016-09-30": -1602, "2016-06-30": -575, "2016-03-31": "-372.00000", "2015-12-31": 274, "2015-09-30": -436, "2015-06-30": -226, "2015-03-31": "-100.00000", "2014-12-31": 228, "2014-09-30": -1583, "2014-06-30": -671, "2014-03-31": "-2610.00000", "2013-12-31": 2145, "2013-09-30": 870, "2013-06-30": -2424, "2013-03-31": "-1666.00000", "2012-12-31": 1750, "2012-09-30": -1668, "2012-06-30": -65, "2012-03-31": "-2204.00000", "2011-12-31": 1697, "2011-09-30": 1188, "2011-06-30": -199, "2011-03-31": "-761.00000", "2010-12-31": 1834, "2010-09-30": -1946, "2010-06-30": 596, "2010-03-31": "-1441.00000", "2009-12-31": 757, "2009-09-30": 1218, "2009-06-30": -2328, "2009-03-31": "1583.00000", "2008-12-31": 8341, "2008-09-30": -2830, "2008-06-30": 346, "2008-03-31": "953.00000", "2007-12-31": -4458, "2007-09-30": 1419, "2007-06-30": -1897, "2007-03-31": "-1195.00000", "2006-12-31": 322, "2006-09-30": -497, "2006-06-30": 283, "2006-03-31": "-2458.00000", "2005-12-31": 1725, "2005-09-30": -1768, "2005-06-30": -1486, "2005-03-31": "-214.00000"}, "Cash Flow From Investing Activities": {"2020-12-31": 26122, "2020-09-30": 12173, "2020-06-30": 74478, "2020-03-31": "-112773.00000", "2019-12-31": -5523, "2019-09-30": -5656, "2019-06-30": -13118, "2019-03-31": "21671.00000", "2018-12-31": -15927, "2018-09-30": 13163, "2018-06-30": 7241, "2018-03-31": "-8973.00000", "2017-12-31": -10831, "2017-09-30": 5863, "2017-06-30": 1806, "2017-03-31": "3210.00000", "2016-12-31": 9782, "2016-09-30": -3266, "2016-06-30": -10313, "2016-03-31": "8027.00000", "2015-12-31": -4798, "2015-09-30": 46630, "2015-06-30": -15846, "2015-03-31": "-991.00000", "2014-12-31": -4585, "2014-09-30": 10571, "2014-06-30": -19964, "2014-03-31": "-14514.00000", "2013-12-31": -25515, "2013-09-30": 9015, "2013-06-30": -5701, "2013-03-31": "8116.00000", "2012-12-31": -21870, "2012-09-30": -3112, "2012-06-30": -6392, "2012-03-31": "26783.00000", "2011-12-31": -24572, "2011-09-30": -9921, "2011-06-30": -13808, "2011-03-31": "-5594.00000", "2010-12-31": 9194, "2010-09-30": -4984, "2010-06-30": -3939, "2010-03-31": "2921.00000", "2009-12-31": 1203, "2009-09-30": -5886, "2009-06-30": 7058, "2009-03-31": "29257.00000", "2008-12-31": 51223, "2008-09-30": -75873, "2008-06-30": 1412, "2008-03-31": "-6332.00000", "2007-12-31": -6755, "2007-09-30": -3450, "2007-06-30": 59, "2007-03-31": "-1708.00000", "2006-12-31": 3771, "2006-09-30": -9089, "2006-06-30": 3490, "2006-03-31": "-4593.00000", "2005-12-31": 6193, "2005-09-30": -6358, "2005-06-30": -1507, "2005-03-31": "-4280.00000"}, "Net Long-Term Debt": {"2020-12-31": -2473, "2020-09-30": -8, "2020-06-30": -8, "2020-03-31": "2489.00000", "2019-12-31": 1140, "2019-09-30": -8, "2019-06-30": -8, "2019-03-31": "-31.00000", "2018-12-31": 566, "2018-09-30": -8, "2018-06-30": -509, "2018-03-31": "-515.00000", "2017-12-31": -11, "2017-09-30": -11, "2017-06-30": 287, "2017-03-31": "-11.00000", "2016-12-31": -11, "2016-09-30": -10, "2016-06-30": 1482, "2016-03-31": "-1410.00000", "2015-12-31": -253, "2015-09-30": 3011, "2015-06-30": -15, "2015-03-31": "-915.00000", "2014-12-31": 985, "2014-09-30": -16, "2014-06-30": -506, "2014-03-31": "-257.00000", "2013-12-31": 986, "2013-09-30": -114, "2013-06-30": 1486, "2013-03-31": "-7.00000", "2012-12-31": 985, "2012-09-30": -6, "2012-06-30": -1756, "2012-03-31": "-6.00000", "2011-12-31": -12, "2011-09-30": -1456, "2011-06-30": -6, "2011-03-31": "974.00000", "2010-12-31": -6, "2010-09-30": -2, "2010-06-30": -310, "2010-03-31": "-23.00000", "2009-12-31": -2, "2009-09-30": -9, "2009-06-30": 494, "2009-03-31": "3923.00000", "2008-12-31": -5, "2008-09-30": -29, "2008-06-30": -5, "2008-03-31": "488.00000", "2007-12-31": -5, "2007-09-30": -520, "2007-06-30": 1484, "2007-03-31": "-4.00000", "2006-12-31": -4, "2006-09-30": -4, "2006-06-30": -4, "2006-03-31": "-4.00000", "2005-12-31": 236, "2005-09-30": -4, "2005-06-30": -4, "2005-03-31": "-3.00000"}, "Net Current Debt": {"2020-12-31": -11146, "2020-09-30": -2599, "2020-06-30": -20187, "2020-03-31": "33932.00000", "2019-12-31": -6462, "2019-09-30": 1635, "2019-06-30": 4401, "2019-03-31": "-1807.00000", "2018-12-31": 1475, "2018-09-30": -1492, "2018-06-30": 1105, "2018-03-31": "-900.00000", "2017-12-31": -1134, "2017-09-30": -201, "2017-06-30": 141, "2017-03-31": "-805.00000", "2016-12-31": 208, "2016-09-30": -285, "2016-06-30": 132, "2016-03-31": "-323.00000", "2015-12-31": -5293, "2015-09-30": -4203, "2015-06-30": 1228, "2015-03-31": "1194.00000", "2014-12-31": -382, "2014-09-30": 205, "2014-06-30": 722, "2014-03-31": "1030.00000", "2013-12-31": -2122, "2013-09-30": 1345, "2013-06-30": -3933, "2013-03-31": "3555.00000", "2012-12-31": -376, "2012-09-30": -1495, "2012-06-30": 1461, "2012-03-31": "-1177.00000", "2011-12-31": -7833, "2011-09-30": 4737, "2011-06-30": 285, "2011-03-31": "-5744.00000", "2010-12-31": -3595, "2010-09-30": -2618, "2010-06-30": 460, "2010-03-31": "-5480.00000", "2009-12-31": -2289, "2009-09-30": 397, "2009-06-30": -6656, "2009-03-31": "-1657.00000", "2008-12-31": -70336, "2008-09-30": 78885, "2008-06-30": 344, "2008-03-31": "409.00000", "2007-12-31": 1497, "2007-09-30": -4492, "2007-06-30": -6674, "2007-03-31": "1875.00000", "2006-12-31": -8100, "2006-09-30": 8210, "2006-06-30": -3831, "2006-03-31": "3068.00000", "2005-12-31": -1819, "2005-09-30": -568, "2005-06-30": 428, "2005-03-31": "1618.00000"}, "Debt Issuance/Retirement Net - Total": {"2020-12-31": -13619, "2020-09-30": -2607, "2020-06-30": -20195, "2020-03-31": "36421.00000", "2019-12-31": -5322, "2019-09-30": 1627, "2019-06-30": 4393, "2019-03-31": "-1838.00000", "2018-12-31": 2041, "2018-09-30": -1500, "2018-06-30": 596, "2018-03-31": "-1415.00000", "2017-12-31": -1145, "2017-09-30": -212, "2017-06-30": 428, "2017-03-31": "-816.00000", "2016-12-31": 197, "2016-09-30": -295, "2016-06-30": 1614, "2016-03-31": "-1733.00000", "2015-12-31": -5546, "2015-09-30": -1192, "2015-06-30": 1213, "2015-03-31": "279.00000", "2014-12-31": 603, "2014-09-30": 189, "2014-06-30": 216, "2014-03-31": "773.00000", "2013-12-31": -1136, "2013-09-30": 1231, "2013-06-30": -2447, "2013-03-31": "3548.00000", "2012-12-31": 609, "2012-09-30": -1501, "2012-06-30": -295, "2012-03-31": "-1183.00000", "2011-12-31": -7845, "2011-09-30": 3281, "2011-06-30": 279, "2011-03-31": "-4770.00000", "2010-12-31": -3601, "2010-09-30": -2620, "2010-06-30": 150, "2010-03-31": "-5503.00000", "2009-12-31": -2291, "2009-09-30": 388, "2009-06-30": -6162, "2009-03-31": "2266.00000", "2008-12-31": -70341, "2008-09-30": 78856, "2008-06-30": 339, "2008-03-31": "897.00000", "2007-12-31": 1492, "2007-09-30": -5012, "2007-06-30": -5190, "2007-03-31": "1871.00000", "2006-12-31": -8104, "2006-09-30": 8206, "2006-06-30": -3835, "2006-03-31": "3064.00000", "2005-12-31": -1583, "2005-09-30": -572, "2005-06-30": 424, "2005-03-31": "1615.00000"}, "Net Common Equity Issued/Repurchased": {"2020-12-31": 581, "2020-09-30": -14, "2020-06-30": -9, "2020-03-31": "-558.00000", "2019-12-31": -500, "2019-09-30": -510, "2019-06-30": -313, "2019-03-31": "-343.00000", "2018-12-31": -237, "2018-09-30": 1353, "2018-06-30": -20, "2018-03-31": "-420.00000", "2017-12-31": -375, "2017-09-30": -375, "2017-06-30": -259, "2017-03-31": "-409.00000", "2016-12-31": -363, "2016-09-30": -337, "2016-06-30": -465, "2016-03-31": "-322.00000", "2015-12-31": -592, "2015-09-30": -216, "2015-06-30": -349, "2015-03-31": "-581.00000", "2014-12-31": -441, "2014-09-30": -440, "2014-06-30": -436, "2014-03-31": "-551.00000", "2013-12-31": -574, "2013-09-30": -571, "2013-06-30": -551, "2013-03-31": "-412.00000", "2012-12-31": -878, "2012-09-30": -390, "2012-06-30": -389, "2012-03-31": "169.00000", "2011-12-31": -219, "2011-09-30": -224, "2011-06-30": -219, "2011-03-31": "-27.00000", "2010-12-31": -2, "2010-09-30": -1, "2010-06-30": 3, "2010-03-31": "-34.00000", "2009-12-31": 4, "2009-09-30": -94, "2009-06-30": 2254, "2009-03-31": "3.00000", "2008-12-31": 43, "2008-09-30": 12, "2008-06-30": 2770, "2008-03-31": "103.00000", "2007-12-31": 61, "2007-09-30": -984, "2007-06-30": 38, "2007-03-31": "68.00000", "2006-12-31": 49, "2006-09-30": 19, "2006-06-30": -160, "2006-03-31": "-83.00000", "2005-12-31": -191, "2005-09-30": -62, "2005-06-30": -62, "2005-03-31": "-118.00000"}, "Net Total Equity Issued/Repurchased": {"2020-12-31": 1081, "2020-09-30": -14, "2020-06-30": -9, "2020-03-31": "-1058.00000", "2019-12-31": -1250, "2019-09-30": -510, "2019-06-30": -313, "2019-03-31": "-343.00000", "2018-12-31": -237, "2018-09-30": 1848, "2018-06-30": -20, "2018-03-31": "-420.00000", "2017-12-31": -375, "2017-09-30": -375, "2017-06-30": -259, "2017-03-31": "-409.00000", "2016-12-31": -363, "2016-09-30": -337, "2016-06-30": 28, "2016-03-31": "-322.00000", "2015-12-31": -592, "2015-09-30": -216, "2015-06-30": 393, "2015-03-31": "-581.00000", "2014-12-31": 287, "2014-09-30": -440, "2014-06-30": -436, "2014-03-31": "191.00000", "2013-12-31": -574, "2013-09-30": -571, "2013-06-30": -551, "2013-03-31": "-412.00000", "2012-12-31": -878, "2012-09-30": 98, "2012-06-30": -389, "2012-03-31": "169.00000", "2011-12-31": -219, "2011-09-30": -224, "2011-06-30": -219, "2011-03-31": "473.00000", "2010-12-31": -2, "2010-09-30": -1, "2010-06-30": 3, "2010-03-31": "-34.00000", "2009-12-31": 4, "2009-09-30": -94, "2009-06-30": 254, "2009-03-31": "3.00000", "2008-12-31": 1922, "2008-09-30": 12, "2008-06-30": 2770, "2008-03-31": "103.00000", "2007-12-31": 61, "2007-09-30": -984, "2007-06-30": 38, "2007-03-31": "68.00000", "2006-12-31": 49, "2006-09-30": 19, "2006-06-30": -160, "2006-03-31": "-83.00000", "2005-12-31": -191, "2005-09-30": -62, "2005-06-30": -62, "2005-03-31": "-118.00000"}, "Total Common And Preferred Stock Dividends Paid": {"2020-12-31": 666, "2020-09-30": -221, "2020-06-30": -215, "2020-03-31": "-230.00000", "2019-12-31": -239, "2019-09-30": -230, "2019-06-30": -227, "2019-03-31": "-234.00000", "2018-12-31": -220, "2018-09-30": -209, "2018-06-30": -189, "2018-03-31": "-210.00000", "2017-12-31": -191, "2017-09-30": -198, "2017-06-30": -178, "2017-03-31": "-201.00000", "2016-12-31": -182, "2016-09-30": -188, "2016-06-30": -169, "2016-03-31": "-184.00000", "2015-12-31": -166, "2015-09-30": -181, "2015-06-30": -152, "2015-03-31": "-156.00000", "2014-12-31": -143, "2014-09-30": -145, "2014-06-30": -131, "2014-03-31": "-120.00000", "2013-12-31": -121, "2013-09-30": -123, "2013-06-30": -132, "2013-03-31": "-110.00000", "2012-12-31": -122, "2012-09-30": -122, "2012-06-30": -124, "2012-03-31": "-95.00000", "2011-12-31": -96, "2011-09-30": -96, "2011-06-30": -98, "2011-03-31": "-5.00000", "2010-12-31": -5, "2010-09-30": -5, "2010-06-30": -5, "2010-03-31": "-5.00000", "2009-12-31": -4, "2009-09-30": -5, "2009-06-30": -35, "2009-03-31": "-124.00000", "2008-12-31": -117, "2008-09-30": -103, "2008-06-30": -90, "2008-03-31": "-89.00000", "2007-12-31": -85, "2007-09-30": -76, "2007-06-30": -70, "2007-03-31": "-70.00000", "2006-12-31": -66, "2006-09-30": -66, "2006-06-30": -64, "2006-03-31": "-63.00000", "2005-12-31": -59, "2005-09-30": -61, "2005-06-30": -55, "2005-03-31": "-57.00000"}, "Financial Activities - Other": {"2020-12-31": -15640, "2020-09-30": -2949, "2020-06-30": -56642, "2020-03-31": "75231.00000", "2019-12-31": 10985, "2019-09-30": 293, "2019-06-30": 8123, "2019-03-31": "-17889.00000", "2018-12-31": 12162, "2018-09-30": -18465, "2018-06-30": -4854, "2018-03-31": "6621.00000", "2017-12-31": 5634, "2017-09-30": -2153, "2017-06-30": -2040, "2017-03-31": "-3698.00000", "2016-12-31": -11624, "2016-09-30": 5639, "2016-06-30": 7618, "2016-03-31": "-6112.00000", "2015-12-31": 5270, "2015-09-30": -44210, "2015-06-30": 19251, "2015-03-31": "2346.00000", "2014-12-31": 1144, "2014-09-30": -10912, "2014-06-30": 24191, "2014-03-31": "12421.00000", "2013-12-31": 28119, "2013-09-30": -12321, "2013-06-30": 11745, "2013-03-31": "-9406.00000", "2012-12-31": 17886, "2012-09-30": 2518, "2012-06-30": 13591, "2012-03-31": "-27107.00000", "2011-12-31": 22289, "2011-09-30": 9589, "2011-06-30": 17995, "2011-03-31": "9069.00000", "2010-12-31": -6689, "2010-09-30": 9291, "2010-06-30": 5407, "2010-03-31": "274.00000", "2009-12-31": -1684, "2009-09-30": 6191, "2009-06-30": 1661, "2009-03-31": "-28309.00000", "2008-12-31": -38647, "2008-09-30": 53621, "2008-06-30": -7459, "2008-03-31": "8913.00000", "2007-12-31": 2786, "2007-09-30": 8601, "2007-06-30": 6436, "2007-03-31": "952.00000", "2006-12-31": 2192, "2006-09-30": -106, "2006-06-30": 1757, "2006-03-31": "2154.00000", "2005-12-31": -3420, "2005-09-30": 1391, "2005-06-30": 3739, "2005-03-31": "3189.00000"}, "Cash Flow From Financial Activities": {"2020-12-31": -27512, "2020-09-30": -5791, "2020-06-30": -77061, "2020-03-31": "110364.00000", "2019-12-31": 4174, "2019-09-30": 1180, "2019-06-30": 11976, "2019-03-31": "-20304.00000", "2018-12-31": 13746, "2018-09-30": -18326, "2018-06-30": -4467, "2018-03-31": "4576.00000", "2017-12-31": 3923, "2017-09-30": -2938, "2017-06-30": -2049, "2017-03-31": "-5124.00000", "2016-12-31": -11972, "2016-09-30": 4819, "2016-06-30": 9091, "2016-03-31": "-8351.00000", "2015-12-31": -1034, "2015-09-30": -45799, "2015-06-30": 20705, "2015-03-31": "1888.00000", "2014-12-31": 1891, "2014-09-30": -11308, "2014-06-30": 23840, "2014-03-31": "13265.00000", "2013-12-31": 26288, "2013-09-30": -11784, "2013-06-30": 8615, "2013-03-31": "-6380.00000", "2012-12-31": 17495, "2012-09-30": 993, "2012-06-30": 12783, "2012-03-31": "-28216.00000", "2011-12-31": 14129, "2011-09-30": 12550, "2011-06-30": 17957, "2011-03-31": "4767.00000", "2010-12-31": -10297, "2010-09-30": 6665, "2010-06-30": 5555, "2010-03-31": "-5268.00000", "2009-12-31": -3975, "2009-09-30": 6480, "2009-06-30": -4282, "2009-03-31": "-26164.00000", "2008-12-31": -107183, "2008-09-30": 132386, "2008-06-30": -4440, "2008-03-31": "9824.00000", "2007-12-31": 4254, "2007-09-30": 2529, "2007-06-30": 1214, "2007-03-31": "2821.00000", "2006-12-31": -5929, "2006-09-30": 8053, "2006-06-30": -2302, "2006-03-31": "5072.00000", "2005-12-31": -5253, "2005-09-30": 696, "2005-06-30": 4046, "2005-03-31": "4629.00000"}, "Net Cash Flow": {"2020-12-31": -1546, "2020-09-30": 1163, "2020-06-30": -1247, "2020-03-31": "1630.00000", "2019-12-31": -296, "2019-09-30": 488, "2019-06-30": -890, "2019-03-31": "788.00000", "2018-12-31": -1067, "2018-09-30": 496, "2018-06-30": 1340, "2018-03-31": "439.00000", "2017-12-31": -1825, "2017-09-30": 783, "2017-06-30": 247, "2017-03-31": "1595.00000", "2016-12-31": -2176, "2016-09-30": -1183, "2016-06-30": 938, "2016-03-31": "2528.00000", "2015-12-31": -2453, "2015-09-30": 576, "2015-06-30": -65, "2015-03-31": "1294.00000", "2014-12-31": -2291, "2014-09-30": -2101, "2014-06-30": 2370, "2014-03-31": "657.00000", "2013-12-31": -676, "2013-09-30": -1583, "2013-06-30": 771, "2013-03-31": "2118.00000", "2012-12-31": -3842, "2012-09-30": 344, "2012-06-30": 4705, "2012-03-31": "-810.00000", "2011-12-31": -7294, "2011-09-30": 4915, "2011-06-30": 1935, "2011-03-31": "-674.00000", "2010-12-31": -1272, "2010-09-30": -729, "2010-06-30": 3215, "2010-03-31": "-544.00000", "2009-12-31": -2386, "2009-09-30": 983, "2009-06-30": 505, "2009-03-31": "358.00000", "2008-12-31": -54390, "2008-09-30": 53676, "2008-06-30": -1762, "2008-03-31": "1616.00000", "2007-12-31": -339, "2007-09-30": -241, "2007-06-30": 1553, "2007-03-31": "930.00000", "2006-12-31": -1344, "2006-09-30": -1098, "2006-06-30": 1175, "2006-03-31": "721.00000", "2005-12-31": 50, "2005-09-30": -3832, "2005-06-30": 3540, "2005-03-31": "891.00000"}, "Stock-Based Compensation": {"2020-12-31": 0, "2020-09-30": 0, "2020-06-30": 0, "2020-03-31": "", "2019-12-31": 0, "2019-09-30": 0, "2019-06-30": 0, "2019-03-31": "", "2018-12-31": 0, "2018-09-30": 0, "2018-06-30": 0, "2018-03-31": "", "2017-12-31": 0, "2017-09-30": 0, "2017-06-30": 0, "2017-03-31": "", "2016-12-31": 0, "2016-09-30": 0, "2016-06-30": 0, "2016-03-31": "", "2015-12-31": 0, "2015-09-30": 0, "2015-06-30": 0, "2015-03-31": "", "2014-12-31": 0, "2014-09-30": 0, "2014-06-30": 0, "2014-03-31": "", "2013-12-31": 0, "2013-09-30": 0, "2013-06-30": 0, "2013-03-31": "", "2012-12-31": 0, "2012-09-30": 0, "2012-06-30": 0, "2012-03-31": "", "2011-12-31": 0, "2011-09-30": 0, "2011-06-30": 0, "2011-03-31": "", "2010-12-31": 0, "2010-09-30": 0, "2010-06-30": 0, "2010-03-31": "", "2009-12-31": 0, "2009-09-30": 0, "2009-06-30": 0, "2009-03-31": "", "2008-12-31": 0, "2008-09-30": 0, "2008-06-30": 0, "2008-03-31": "", "2007-12-31": 0, "2007-09-30": 0, "2007-06-30": 0, "2007-03-31": "", "2006-12-31": 0, "2006-09-30": 0, "2006-06-30": 0, "2006-03-31": "", "2005-12-31": 0, "2005-09-30": 0, "2005-06-30": 0, "2005-03-31": ""}, "Common Stock Dividends Paid": {"2020-12-31": 666, "2020-09-30": -221, "2020-06-30": -215, "2020-03-31": "-230.00000", "2019-12-31": -239, "2019-09-30": -230, "2019-06-30": -227, "2019-03-31": "-234.00000", "2018-12-31": -220, "2018-09-30": -209, "2018-06-30": -189, "2018-03-31": "-210.00000", "2017-12-31": -191, "2017-09-30": -198, "2017-06-30": -178, "2017-03-31": "-201.00000", "2016-12-31": -182, "2016-09-30": -188, "2016-06-30": -169, "2016-03-31": "-184.00000", "2015-12-31": -166, "2015-09-30": -181, "2015-06-30": -152, "2015-03-31": "-156.00000", "2014-12-31": -143, "2014-09-30": -145, "2014-06-30": -131, "2014-03-31": "-120.00000", "2013-12-31": -121, "2013-09-30": -123, "2013-06-30": -132, "2013-03-31": "-110.00000", "2012-12-31": -122, "2012-09-30": -122, "2012-06-30": -124, "2012-03-31": "-95.00000", "2011-12-31": -96, "2011-09-30": -96, "2011-06-30": -98, "2011-03-31": "-5.00000", "2010-12-31": -5, "2010-09-30": -5, "2010-06-30": -5, "2010-03-31": "-5.00000", "2009-12-31": -4, "2009-09-30": -5, "2009-06-30": -35, "2009-03-31": "-124.00000", "2008-12-31": -117, "2008-09-30": -103, "2008-06-30": -90, "2008-03-31": "-89.00000", "2007-12-31": -85, "2007-09-30": -76, "2007-06-30": -70, "2007-03-31": "-70.00000", "2006-12-31": -66, "2006-09-30": -66, "2006-06-30": -64, "2006-03-31": "-63.00000", "2005-12-31": -59, "2005-09-30": -61, "2005-06-30": -55, "2005-03-31": "-57.00000"}}, "financial ratios": {"Current Ratio": {"2019-12-31": "", "2018-12-31": "", "2017-12-31": "", "2016-12-31": "", "2015-12-31": "", "2014-12-31": "", "2013-12-31": "", "2012-12-31": "", "2011-12-31": "", "2010-12-31": "", "2009-12-31": "", "2008-12-31": "", "2007-12-31": "", "2006-12-31": "", "2005-12-31": ""}, "Long-term Debt / Capital": {"2019-12-31": "0.33860", "2018-12-31": "0.30960", "2017-12-31": "0.34240", "2016-12-31": "0.35010", "2015-12-31": "0.35230", "2014-12-31": "0.32010", "2013-12-31": "0.32250", "2012-12-31": "0.26250", "2011-12-31": "0.29540", "2010-12-31": "0.32460", "2009-12-31": "0.37880", "2008-12-31": "0.25700", "2007-12-31": "0.24350", "2006-12-31": "0.26510", "2005-12-31": "0.29460"}, "Debt/Equity Ratio": {"2019-12-31": "0.59150", "2018-12-31": "0.61720", "2017-12-31": "0.69930", "2016-12-31": "0.82070", "2015-12-31": "0.83980", "2014-12-31": "1.09570", "2013-12-31": "1.05270", "2012-12-31": "0.97450", "2011-12-31": "1.14060", "2010-12-31": "1.74840", "2009-12-31": "3.04410", "2008-12-31": "2.68140", "2007-12-31": "2.14740", "2006-12-31": "3.68790", "2005-12-31": "4.07990"}, "Gross Margin": {"2019-12-31": "", "2018-12-31": "", "2017-12-31": "", "2016-12-31": "", "2015-12-31": "", "2014-12-31": "", "2013-12-31": "", "2012-12-31": "", "2011-12-31": "", "2010-12-31": "", "2009-12-31": "", "2008-12-31": "", "2007-12-31": "", "2006-12-31": "", "2005-12-31": ""}, "Operating Margin": {"2019-12-31": "", "2018-12-31": "", "2017-12-31": "", "2016-12-31": "", "2015-12-31": "", "2014-12-31": "", "2013-12-31": "", "2012-12-31": "", "2011-12-31": "", "2010-12-31": "", "2009-12-31": "", "2008-12-31": "", "2007-12-31": "", "2006-12-31": "", "2005-12-31": ""}, "EBIT Margin": {"2019-12-31": "", "2018-12-31": "", "2017-12-31": "", "2016-12-31": "", "2015-12-31": "", "2014-12-31": "", "2013-12-31": "", "2012-12-31": "", "2011-12-31": "", "2010-12-31": "", "2009-12-31": "", "2008-12-31": "", "2007-12-31": "", "2006-12-31": "", "2005-12-31": ""}, "EBITDA Margin": {"2019-12-31": "", "2018-12-31": "", "2017-12-31": "", "2016-12-31": "", "2015-12-31": "", "2014-12-31": "", "2013-12-31": "", "2012-12-31": "", "2011-12-31": "", "2010-12-31": "", "2009-12-31": "", "2008-12-31": "", "2007-12-31": "", "2006-12-31": "", "2005-12-31": ""}, "Pre-Tax Profit Margin": {"2019-12-31": "23.08870", "2018-12-31": "25.59430", "2017-12-31": "26.58910", "2016-12-31": "20.79040", "2015-12-31": "22.20720", "2014-12-31": "23.74320", "2013-12-31": "27.04400", "2012-12-31": "28.65730", "2011-12-31": "26.43320", "2010-12-31": "23.36470", "2009-12-31": "29.73740", "2008-12-31": "26.57810", "2007-12-31": "22.82870", "2006-12-31": "28.06210", "2005-12-31": "26.16480"}, "Net Profit Margin": {"2019-12-31": "17.10370", "2018-12-31": "19.84150", "2017-12-31": "17.50710", "2016-12-31": "19.29980", "2015-12-31": "17.85850", "2014-12-31": "19.07640", "2013-12-31": "20.45040", "2012-12-31": "20.91790", "2011-12-31": "19.61640", "2010-12-31": "17.24910", "2009-12-31": "-24.07260", "2008-12-31": "16.73060", "2007-12-31": "15.12720", "2006-12-31": "17.52500", "2005-12-31": "15.31150"}, "Asset Turnover": {"2019-12-31": "0.04780", "2018-12-31": "0.04950", "2017-12-31": "0.04720", "2016-12-31": "0.04200", "2015-12-31": "0.04220", "2014-12-31": "0.03740", "2013-12-31": "0.04050", "2012-12-31": "0.04340", "2011-12-31": "0.04420", "2010-12-31": "0.05560", "2009-12-31": "0.05380", "2008-12-31": "0.06160", "2007-12-31": "0.05850", "2006-12-31": "0.05880", "2005-12-31": "0.05590"}, "Inventory Turnover Ratio": {"2019-12-31": "", "2018-12-31": "", "2017-12-31": "", "2016-12-31": "", "2015-12-31": "", "2014-12-31": "", "2013-12-31": "", "2012-12-31": "", "2011-12-31": "", "2010-12-31": "", "2009-12-31": "", "2008-12-31": "", "2007-12-31": "", "2006-12-31": "", "2005-12-31": ""}, "Receiveable Turnover": {"2019-12-31": "", "2018-12-31": "", "2017-12-31": "", "2016-12-31": "", "2015-12-31": "", "2014-12-31": "", "2013-12-31": "", "2012-12-31": "", "2011-12-31": "", "2010-12-31": "", "2009-12-31": "", "2008-12-31": "", "2007-12-31": "", "2006-12-31": "", "2005-12-31": ""}, "Days Sales In Receivables": {"2019-12-31": "", "2018-12-31": "", "2017-12-31": "", "2016-12-31": "", "2015-12-31": "", "2014-12-31": "", "2013-12-31": "", "2012-12-31": "", "2011-12-31": "", "2010-12-31": "", "2009-12-31": "", "2008-12-31": "", "2007-12-31": "", "2006-12-31": "", "2005-12-31": ""}, "ROE - Return On Equity": {"2019-12-31": "10.44300", "2018-12-31": "12.32010", "2017-12-31": "11.27560", "2016-12-31": "11.89040", "2015-12-31": "10.74220", "2014-12-31": "10.44040", "2013-12-31": "10.30820", "2012-12-31": "10.11290", "2011-12-31": "10.15980", "2010-12-31": "8.74800", "2009-12-31": "12.44220", "2008-12-31": "16.62840", "2007-12-31": "11.16030", "2006-12-31": "15.11310", "2005-12-31": "14.84220"}, "Return On Tangible Equity": {"2019-12-31": "15.10270", "2018-12-31": "17.37700", "2017-12-31": "14.68470", "2016-12-31": "15.69390", "2015-12-31": "14.45680", "2014-12-31": "15.00330", "2013-12-31": "17.10900", "2012-12-31": "16.68420", "2011-12-31": "17.00020", "2010-12-31": "16.21340", "2009-12-31": "22.17440", "2008-12-31": "28.31460", "2007-12-31": "26.59220", "2006-12-31": "20.16930", "2005-12-31": "20.67380"}, "ROA - Return On Assets": {"2019-12-31": "0.91280", "2018-12-31": "1.06010", "2017-12-31": "0.90430", "2016-12-31": "0.88300", "2015-12-31": "0.80770", "2014-12-31": "0.73760", "2013-12-31": "0.84260", "2012-12-31": "0.92600", "2011-12-31": "0.88550", "2010-12-31": "0.96940", "2009-12-31": "1.14150", "2008-12-31": "1.04300", "2007-12-31": "0.88460", "2006-12-31": "1.02090", "2005-12-31": "0.96460"}, "ROI - Return On Investment": {"2019-12-31": "6.06930", "2018-12-31": "7.23700", "2017-12-31": "6.35290", "2016-12-31": "6.56380", "2015-12-31": "6.06770", "2014-12-31": "6.44560", "2013-12-31": "6.81580", "2012-12-31": "7.28320", "2011-12-31": "6.97450", "2010-12-31": "5.90800", "2009-12-31": "7.72860", "2008-12-31": "10.53340", "2007-12-31": "8.44330", "2006-12-31": "11.10660", "2005-12-31": "10.46980"}, "Book Value Per Share": {"2019-12-31": "68.35970", "2018-12-31": "65.10650", "2017-12-31": "60.70180", "2016-12-31": "55.55600", "2015-12-31": "52.88350", "2014-12-31": "51.36860", "2013-12-31": "46.94000", "2012-12-31": "45.49970", "2011-12-31": "39.79700", "2010-12-31": "35.45740", "2009-12-31": "29.27870", "2008-12-31": "29.59970", "2007-12-31": "29.25050", "2006-12-31": "21.81460", "2005-12-31": "19.08430"}, "Operating Cash Flow Per Share": {"2019-12-31": -11.7995, "2018-12-31": 8.7741, "2017-12-31": 12.4714, "2016-12-31": 9.1734, "2015-12-31": -2.0933, "2014-12-31": 3.1482, "2013-12-31": -8.4644, "2012-12-31": -2.7838, "2011-12-31": 5.1485, "2010-12-31": 10.579, "2009-12-31": -4.4152, "2008-12-31": -12.5522, "2007-12-31": 5.1193, "2006-12-31": -4.498, "2005-12-31": 7.42}, "Free Cash Flow Per Share": {"2019-12-31": -12.1354, "2018-12-31": 8.8317, "2017-12-31": 12.3437, "2016-12-31": 9.3253, "2015-12-31": -2.8044, "2014-12-31": 3.0123, "2013-12-31": -8.5791, "2012-12-31": -2.9209, "2011-12-31": 5.074, "2010-12-31": 10.7385, "2009-12-31": -3.4642, "2008-12-31": -12.8865, "2007-12-31": 4.7403, "2006-12-31": -4.4831, "2005-12-31": 6.4817}}, "financial ratios, quarterly": {"Current Ratio": {"2020-09-30": "", "2020-06-30": "", "2020-03-31": "", "2019-12-31": "", "2019-09-30": "", "2019-06-30": "", "2019-03-31": "", "2018-12-31": "", "2018-09-30": "", "2018-06-30": "", "2018-03-31": "", "2017-12-31": "", "2017-09-30": "", "2017-06-30": "", "2017-03-31": "", "2016-12-31": "", "2016-09-30": "", "2016-06-30": "", "2016-03-31": "", "2015-12-31": "", "2015-09-30": "", "2015-06-30": "", "2015-03-31": "", "2014-12-31": "", "2014-09-30": "", "2014-06-30": "", "2014-03-31": "", "2013-12-31": "", "2013-09-30": "", "2013-06-30": "", "2013-03-31": "", "2012-12-31": "", "2012-09-30": "", "2012-06-30": "", "2012-03-31": "", "2011-12-31": "", "2011-09-30": "", "2011-06-30": "", "2011-03-31": "", "2010-12-31": "", "2010-09-30": "", "2010-06-30": "", "2010-03-31": "", "2009-12-31": "", "2009-09-30": "", "2009-06-30": "", "2009-03-31": "", "2008-12-31": "", "2008-09-30": "", "2008-06-30": "", "2008-03-31": "", "2007-12-31": "", "2007-09-30": "", "2007-06-30": "", "2007-03-31": "", "2006-12-31": "", "2006-09-30": "", "2006-06-30": "", "2006-03-31": "", "2005-12-31": "", "2005-09-30": "", "2005-06-30": "", "2005-03-31": ""}, "Long-term Debt / Capital": {"2020-09-30": "0.35150", "2020-06-30": "0.38520", "2020-03-31": "0.39440", "2019-12-31": "0.33860", "2019-09-30": "0.31240", "2019-06-30": "0.30880", "2019-03-31": "0.30870", "2018-12-31": "0.30960", "2018-09-30": "0.29620", "2018-06-30": "0.31520", "2018-03-31": "0.32820", "2017-12-31": "0.34240", "2017-09-30": "0.34240", "2017-06-30": "0.34720", "2017-03-31": "0.34860", "2016-12-31": "0.35010", "2016-09-30": "0.34790", "2016-06-30": "0.35040", "2016-03-31": "0.32410", "2015-12-31": "0.35230", "2015-09-30": "0.35830", "2015-06-30": "0.29700", "2015-03-31": "0.30590", "2014-12-31": "0.32010", "2014-09-30": "0.29880", "2014-06-30": "0.29400", "2014-03-31": "0.30880", "2013-12-31": "0.32250", "2013-09-30": "0.29980", "2013-06-30": "0.30570", "2013-03-31": "0.26280", "2012-12-31": "0.26250", "2012-09-30": "0.23620", "2012-06-30": "0.24310", "2012-03-31": "0.28710", "2011-12-31": "0.29540", "2011-09-30": "0.29220", "2011-06-30": "0.32490", "2011-03-31": "0.33200", "2010-12-31": "0.32460", "2010-09-30": "0.32790", "2010-06-30": "0.34730", "2010-03-31": "0.36390", "2009-12-31": "0.37880", "2009-09-30": "0.39690", "2009-06-30": "0.42590", "2009-03-31": "0.37750", "2008-12-31": "0.25700", "2008-09-30": "0.23910", "2008-06-30": "0.22720", "2008-03-31": "0.27810", "2007-12-31": "0.24350", "2007-09-30": "0.24320", "2007-06-30": "0.34550", "2007-03-31": "0.25920", "2006-12-31": "0.26510", "2006-09-30": "0.27190", "2006-06-30": "0.28660", "2006-03-31": "0.28980", "2005-12-31": "0.29460", "2005-09-30": "0.28550", "2005-06-30": "0.28270", "2005-03-31": "0.28790"}, "Debt/Equity Ratio": {"2020-09-30": "1.05410", "2020-06-30": "1.25730", "2020-03-31": "2.15460", "2019-12-31": "0.59150", "2019-09-30": "0.78770", "2019-06-30": "0.71270", "2019-03-31": "0.54110", "2018-12-31": "0.61720", "2018-09-30": "0.53090", "2018-06-30": "0.64590", "2018-03-31": "0.62640", "2017-12-31": "0.69930", "2017-09-30": "0.74840", "2017-06-30": "0.77300", "2017-03-31": "0.77830", "2016-12-31": "0.82070", "2016-09-30": "0.79400", "2016-06-30": "0.81370", "2016-03-31": "0.75500", "2015-12-31": "0.83980", "2015-09-30": "1.09470", "2015-06-30": "1.15510", "2015-03-31": "1.13810", "2014-12-31": "1.09570", "2014-09-30": "1.07420", "2014-06-30": "1.03880", "2014-03-31": "1.04760", "2013-12-31": "1.05270", "2013-09-30": "1.10730", "2013-06-30": "1.06420", "2013-03-31": "1.14530", "2012-12-31": "0.97450", "2012-09-30": "0.94950", "2012-06-30": "1.03890", "2012-03-31": "1.03840", "2011-12-31": "1.14060", "2011-09-30": "1.71790", "2011-06-30": "1.53440", "2011-03-31": "1.52910", "2010-12-31": "1.74840", "2010-09-30": "2.06100", "2010-06-30": "2.41610", "2010-03-31": "2.50550", "2009-12-31": "3.04410", "2009-09-30": "3.45300", "2009-06-30": "3.81280", "2009-03-31": "2.63970", "2008-12-31": "2.68140", "2008-09-30": "7.98220", "2008-06-30": "1.81690", "2008-03-31": "2.33190", "2007-12-31": "2.14740", "2007-09-30": "2.02190", "2007-06-30": "3.02270", "2007-03-31": "3.83250", "2006-12-31": "3.68790", "2006-09-30": "4.96790", "2006-06-30": "3.88840", "2006-03-31": "4.52250", "2005-12-31": "4.07990", "2005-09-30": "4.51770", "2005-06-30": "4.50830", "2005-03-31": "4.59970"}, "Gross Margin": {"2020-09-30": "", "2020-06-30": "", "2020-03-31": "", "2019-12-31": "", "2019-09-30": "", "2019-06-30": "", "2019-03-31": "", "2018-12-31": "", "2018-09-30": "", "2018-06-30": "", "2018-03-31": "", "2017-12-31": "", "2017-09-30": "", "2017-06-30": "", "2017-03-31": "", "2016-12-31": "", "2016-09-30": "", "2016-06-30": "", "2016-03-31": "", "2015-12-31": "", "2015-09-30": "", "2015-06-30": "", "2015-03-31": "", "2014-12-31": "", "2014-09-30": "", "2014-06-30": "", "2014-03-31": "", "2013-12-31": "", "2013-09-30": "", "2013-06-30": "", "2013-03-31": "", "2012-12-31": "", "2012-09-30": "", "2012-06-30": "", "2012-03-31": "", "2011-12-31": "", "2011-09-30": "", "2011-06-30": "", "2011-03-31": "", "2010-12-31": "", "2010-09-30": "", "2010-06-30": "", "2010-03-31": "", "2009-12-31": "", "2009-09-30": "", "2009-06-30": "", "2009-03-31": "", "2008-12-31": "", "2008-09-30": "", "2008-06-30": "", "2008-03-31": "", "2007-12-31": "", "2007-09-30": "", "2007-06-30": "", "2007-03-31": "", "2006-12-31": "", "2006-09-30": "", "2006-06-30": "", "2006-03-31": "", "2005-12-31": "", "2005-09-30": "", "2005-06-30": "", "2005-03-31": ""}, "Operating Margin": {"2020-09-30": "", "2020-06-30": "", "2020-03-31": "", "2019-12-31": "", "2019-09-30": "", "2019-06-30": "", "2019-03-31": "", "2018-12-31": "", "2018-09-30": "", "2018-06-30": "", "2018-03-31": "", "2017-12-31": "", "2017-09-30": "", "2017-06-30": "", "2017-03-31": "", "2016-12-31": "", "2016-09-30": "", "2016-06-30": "", "2016-03-31": "", "2015-12-31": "", "2015-09-30": "", "2015-06-30": "", "2015-03-31": "", "2014-12-31": "", "2014-09-30": "", "2014-06-30": "", "2014-03-31": "", "2013-12-31": "", "2013-09-30": "", "2013-06-30": "", "2013-03-31": "", "2012-12-31": "", "2012-09-30": "", "2012-06-30": "", "2012-03-31": "", "2011-12-31": "", "2011-09-30": "", "2011-06-30": "", "2011-03-31": "", "2010-12-31": "", "2010-09-30": "", "2010-06-30": "", "2010-03-31": "", "2009-12-31": "", "2009-09-30": "", "2009-06-30": "", "2009-03-31": "", "2008-12-31": "", "2008-09-30": "", "2008-06-30": "", "2008-03-31": "", "2007-12-31": "", "2007-09-30": "", "2007-06-30": "", "2007-03-31": "", "2006-12-31": "", "2006-09-30": "", "2006-06-30": "", "2006-03-31": "", "2005-12-31": "", "2005-09-30": "", "2005-06-30": "", "2005-03-31": ""}, "EBIT Margin": {"2020-09-30": "", "2020-06-30": "", "2020-03-31": "", "2019-12-31": "", "2019-09-30": "", "2019-06-30": "", "2019-03-31": "", "2018-12-31": "", "2018-09-30": "", "2018-06-30": "", "2018-03-31": "", "2017-12-31": "", "2017-09-30": "", "2017-06-30": "", "2017-03-31": "", "2016-12-31": "", "2016-09-30": "", "2016-06-30": "", "2016-03-31": "", "2015-12-31": "", "2015-09-30": "", "2015-06-30": "", "2015-03-31": "", "2014-12-31": "", "2014-09-30": "", "2014-06-30": "", "2014-03-31": "", "2013-12-31": "", "2013-09-30": "", "2013-06-30": "", "2013-03-31": "", "2012-12-31": "", "2012-09-30": "", "2012-06-30": "", "2012-03-31": "", "2011-12-31": "", "2011-09-30": "", "2011-06-30": "", "2011-03-31": "", "2010-12-31": "", "2010-09-30": "", "2010-06-30": "", "2010-03-31": "", "2009-12-31": "", "2009-09-30": "", "2009-06-30": "", "2009-03-31": "", "2008-12-31": "", "2008-09-30": "", "2008-06-30": "", "2008-03-31": "", "2007-12-31": "", "2007-09-30": "", "2007-06-30": "", "2007-03-31": "", "2006-12-31": "", "2006-09-30": "", "2006-06-30": "", "2006-03-31": "", "2005-12-31": "", "2005-09-30": "", "2005-06-30": "", "2005-03-31": ""}, "EBITDA Margin": {"2020-09-30": "", "2020-06-30": "", "2020-03-31": "", "2019-12-31": "", "2019-09-30": "", "2019-06-30": "", "2019-03-31": "", "2018-12-31": "", "2018-09-30": "", "2018-06-30": "", "2018-03-31": "", "2017-12-31": "", "2017-09-30": "", "2017-06-30": "", "2017-03-31": "", "2016-12-31": "", "2016-09-30": "", "2016-06-30": "", "2016-03-31": "", "2015-12-31": "", "2015-09-30": "", "2015-06-30": "", "2015-03-31": "", "2014-12-31": "", "2014-09-30": "", "2014-06-30": "", "2014-03-31": "", "2013-12-31": "", "2013-09-30": "", "2013-06-30": "", "2013-03-31": "", "2012-12-31": "", "2012-09-30": "", "2012-06-30": "", "2012-03-31": "", "2011-12-31": "", "2011-09-30": "", "2011-06-30": "", "2011-03-31": "", "2010-12-31": "", "2010-09-30": "", "2010-06-30": "", "2010-03-31": "", "2009-12-31": "", "2009-09-30": "", "2009-06-30": "", "2009-03-31": "", "2008-12-31": "", "2008-09-30": "", "2008-06-30": "", "2008-03-31": "", "2007-12-31": "", "2007-09-30": "", "2007-06-30": "", "2007-03-31": "", "2006-12-31": "", "2006-09-30": "", "2006-06-30": "", "2006-03-31": "", "2005-12-31": "", "2005-09-30": "", "2005-06-30": "", "2005-03-31": ""}, "Pre-Tax Profit Margin": {"2020-09-30": "24.46120", "2020-06-30": "27.83360", "2020-03-31": "25.55300", "2019-12-31": "20.95240", "2019-09-30": "24.85350", "2019-06-30": "25.00000", "2019-03-31": "21.68720", "2018-12-31": "17.54560", "2018-09-30": "29.92630", "2018-06-30": "29.10810", "2018-03-31": "25.78530", "2017-12-31": "27.61550", "2017-09-30": "28.91310", "2017-06-30": "27.64520", "2017-03-31": "21.87270", "2016-12-31": "13.64720", "2016-09-30": "24.27480", "2016-06-30": "27.59830", "2016-03-31": "17.33870", "2015-12-31": "26.80330", "2015-09-30": "24.79880", "2015-06-30": "18.11210", "2015-03-31": "19.22190", "2014-12-31": "21.03650", "2014-09-30": "26.66670", "2014-06-30": "28.73650", "2014-03-31": "18.32460", "2013-12-31": "24.28220", "2013-09-30": "28.98970", "2013-06-30": "29.76560", "2013-03-31": "25.01030", "2012-12-31": "23.94940", "2012-09-30": "39.94060", "2012-06-30": "26.89770", "2012-03-31": "24.20490", "2011-12-31": "22.97060", "2011-09-30": "25.91680", "2011-06-30": "28.72640", "2011-03-31": "27.94240", "2010-12-31": "12.32880", "2010-09-30": "33.86750", "2010-06-30": "15.25720", "2010-03-31": "30.77600", "2009-12-31": "30.28950", "2009-09-30": "21.93690", "2009-06-30": "35.29410", "2009-03-31": "32.01250", "2008-12-31": "13.54280", "2008-09-30": "30.53050", "2008-06-30": "31.10030", "2008-03-31": "31.16030", "2007-12-31": "12.34370", "2007-09-30": "24.59820", "2007-06-30": "29.30770", "2007-03-31": "28.47880", "2006-12-31": "27.37360", "2006-09-30": "28.05280", "2006-06-30": "28.77040", "2006-03-31": "28.03680", "2005-12-31": "26.62430", "2005-09-30": "27.37750", "2005-06-30": "24.46730", "2005-03-31": "26.14680"}, "Net Profit Margin": {"2020-09-30": "18.57040", "2020-06-30": "22.94630", "2020-03-31": "19.14820", "2019-12-31": "16.15760", "2019-09-30": "18.20060", "2019-06-30": "18.69780", "2019-03-31": "15.43720", "2018-12-31": "13.13430", "2018-09-30": "23.72650", "2018-06-30": "22.77030", "2018-03-31": "19.73170", "2017-12-31": "10.63180", "2017-09-30": "22.12450", "2017-06-30": "20.80510", "2017-03-31": "16.70410", "2016-12-31": "22.03320", "2016-09-30": "19.35110", "2016-06-30": "22.77150", "2016-03-31": "12.86290", "2015-12-31": "21.56090", "2015-09-30": "20.65930", "2015-06-30": "14.92710", "2015-03-31": "14.36830", "2014-12-31": "17.58160", "2014-09-30": "21.00780", "2014-06-30": "23.18950", "2014-03-31": "14.33750", "2013-12-31": "18.82690", "2013-09-30": "21.89690", "2013-06-30": "22.30470", "2013-03-31": "18.68580", "2012-12-31": "19.09430", "2012-09-30": "27.75890", "2012-06-30": "19.80200", "2012-03-31": "17.22430", "2011-12-31": "16.01900", "2011-09-30": "22.37330", "2011-06-30": "20.16870", "2011-03-31": "19.72900", "2010-12-31": "3.96280", "2010-09-30": "23.38680", "2010-06-30": "18.61380", "2010-03-31": "21.56950", "2009-12-31": "22.18260", "2009-09-30": "14.72970", "2009-06-30": "-157.21060", "2009-03-31": "23.20130", "2008-12-31": "8.75420", "2008-09-30": "17.21400", "2008-06-30": "20.50900", "2008-03-31": "20.56660", "2007-12-31": "8.99560", "2007-09-30": "15.98210", "2007-06-30": "19.05260", "2007-03-31": "18.51420", "2006-12-31": "19.05060", "2006-09-30": "18.34980", "2006-06-30": "13.74920", "2006-03-31": "19.17270", "2005-12-31": "17.58480", "2005-09-30": "10.30260", "2005-06-30": "16.16460", "2005-03-31": "17.27830"}, "Asset Turnover": {"2020-09-30": "0.01020", "2020-06-30": "0.01030", "2020-03-31": "0.00840", "2019-12-31": "0.01240", "2019-09-30": "0.01190", "2019-06-30": "0.01190", "2019-03-31": "0.01280", "2018-12-31": "0.01230", "2018-09-30": "0.01280", "2018-06-30": "0.01230", "2018-03-31": "0.01220", "2017-12-31": "0.01230", "2017-09-30": "0.01200", "2017-06-30": "0.01180", "2017-03-31": "0.01130", "2016-12-31": "0.01040", "2016-09-30": "0.01020", "2016-06-30": "0.01010", "2016-03-31": "0.01020", "2015-12-31": "0.01030", "2015-09-30": "0.01060", "2015-06-30": "0.00880", "2015-03-31": "0.00930", "2014-12-31": "0.00950", "2014-09-30": "0.00940", "2014-06-30": "0.00920", "2014-03-31": "0.00970", "2013-12-31": "0.01000", "2013-09-30": "0.01120", "2013-06-30": "0.01130", "2013-03-31": "0.01120", "2012-12-31": "0.01100", "2012-09-30": "0.01150", "2012-06-30": "0.01210", "2012-03-31": "0.01290", "2011-12-31": "0.01070", "2011-09-30": "0.01160", "2011-06-30": "0.01310", "2011-03-31": "0.01370", "2010-12-31": "0.01270", "2010-09-30": "0.01330", "2010-06-30": "0.01420", "2010-03-31": "0.01480", "2009-12-31": "0.01420", "2009-09-30": "0.01360", "2009-06-30": "0.01370", "2009-03-31": "0.01350", "2008-12-31": "0.01540", "2008-09-30": "0.00970", "2008-06-30": "0.01830", "2008-03-31": "0.01670", "2007-12-31": "0.01740", "2007-09-30": "0.01600", "2007-06-30": "0.01710", "2007-03-31": "0.01540", "2006-12-31": "0.01510", "2006-09-30": "0.01350", "2006-06-30": "0.01610", "2006-03-31": "0.01460", "2005-12-31": "0.01450", "2005-09-30": "0.01330", "2005-06-30": "0.01310", "2005-03-31": "0.01310"}, "Inventory Turnover Ratio": {"2020-09-30": "", "2020-06-30": "", "2020-03-31": "", "2019-12-31": "", "2019-09-30": "", "2019-06-30": "", "2019-03-31": "", "2018-12-31": "", "2018-09-30": "", "2018-06-30": "", "2018-03-31": "", "2017-12-31": "", "2017-09-30": "", "2017-06-30": "", "2017-03-31": "", "2016-12-31": "", "2016-09-30": "", "2016-06-30": "", "2016-03-31": "", "2015-12-31": "", "2015-09-30": "", "2015-06-30": "", "2015-03-31": "", "2014-12-31": "", "2014-09-30": "", "2014-06-30": "", "2014-03-31": "", "2013-12-31": "", "2013-09-30": "", "2013-06-30": "", "2013-03-31": "", "2012-12-31": "", "2012-09-30": "", "2012-06-30": "", "2012-03-31": "", "2011-12-31": "", "2011-09-30": "", "2011-06-30": "", "2011-03-31": "", "2010-12-31": "", "2010-09-30": "", "2010-06-30": "", "2010-03-31": "", "2009-12-31": "", "2009-09-30": "", "2009-06-30": "", "2009-03-31": "", "2008-12-31": "", "2008-09-30": "", "2008-06-30": "", "2008-03-31": "", "2007-12-31": "", "2007-09-30": "", "2007-06-30": "", "2007-03-31": "", "2006-12-31": "", "2006-09-30": "", "2006-06-30": "", "2006-03-31": "", "2005-12-31": "", "2005-09-30": "", "2005-06-30": "", "2005-03-31": ""}, "Receiveable Turnover": {"2020-09-30": "", "2020-06-30": "", "2020-03-31": "", "2019-12-31": "", "2019-09-30": "", "2019-06-30": "", "2019-03-31": "", "2018-12-31": "", "2018-09-30": "", "2018-06-30": "", "2018-03-31": "", "2017-12-31": "", "2017-09-30": "", "2017-06-30": "", "2017-03-31": "", "2016-12-31": "", "2016-09-30": "", "2016-06-30": "", "2016-03-31": "", "2015-12-31": "", "2015-09-30": "", "2015-06-30": "", "2015-03-31": "", "2014-12-31": "", "2014-09-30": "", "2014-06-30": "", "2014-03-31": "", "2013-12-31": "", "2013-09-30": "", "2013-06-30": "", "2013-03-31": "", "2012-12-31": "", "2012-09-30": "", "2012-06-30": "", "2012-03-31": "", "2011-12-31": "", "2011-09-30": "", "2011-06-30": "", "2011-03-31": "", "2010-12-31": "", "2010-09-30": "", "2010-06-30": "", "2010-03-31": "", "2009-12-31": "", "2009-09-30": "", "2009-06-30": "", "2009-03-31": "", "2008-12-31": "", "2008-09-30": "", "2008-06-30": "", "2008-03-31": "", "2007-12-31": "", "2007-09-30": "", "2007-06-30": "", "2007-03-31": "", "2006-12-31": "", "2006-09-30": "", "2006-06-30": "", "2006-03-31": "", "2005-12-31": "", "2005-09-30": "", "2005-06-30": "", "2005-03-31": ""}, "Days Sales In Receivables": {"2020-09-30": "", "2020-06-30": "", "2020-03-31": "", "2019-12-31": "", "2019-09-30": "", "2019-06-30": "", "2019-03-31": "", "2018-12-31": "", "2018-09-30": "", "2018-06-30": "", "2018-03-31": "", "2017-12-31": "", "2017-09-30": "", "2017-06-30": "", "2017-03-31": "", "2016-12-31": "", "2016-09-30": "", "2016-06-30": "", "2016-03-31": "", "2015-12-31": "", "2015-09-30": "", "2015-06-30": "", "2015-03-31": "", "2014-12-31": "", "2014-09-30": "", "2014-06-30": "", "2014-03-31": "", "2013-12-31": "", "2013-09-30": "", "2013-06-30": "", "2013-03-31": "", "2012-12-31": "", "2012-09-30": "", "2012-06-30": "", "2012-03-31": "", "2011-12-31": "", "2011-09-30": "", "2011-06-30": "", "2011-03-31": "", "2010-12-31": "", "2010-09-30": "", "2010-06-30": "", "2010-03-31": "", "2009-12-31": "", "2009-09-30": "", "2009-06-30": "", "2009-03-31": "", "2008-12-31": "", "2008-09-30": "", "2008-06-30": "", "2008-03-31": "", "2007-12-31": "", "2007-09-30": "", "2007-06-30": "", "2007-03-31": "", "2006-12-31": "", "2006-09-30": "", "2006-06-30": "", "2006-03-31": "", "2005-12-31": "", "2005-09-30": "", "2005-06-30": "", "2005-03-31": ""}, "ROE - Return On Equity": {"2020-09-30": "2.40400", "2020-06-30": "3.09790", "2020-03-31": "2.96400", "2019-12-31": "2.62700", "2019-09-30": "2.70920", "2019-06-30": "2.69710", "2019-03-31": "2.37960", "2018-12-31": "2.07630", "2018-09-30": "3.66200", "2018-06-30": "3.78320", "2018-03-31": "3.43180", "2017-12-31": "1.82520", "2017-09-30": "3.54900", "2017-06-30": "3.28530", "2017-03-31": "2.77380", "2016-12-31": "3.30130", "2016-09-30": "2.96550", "2016-06-30": "3.26320", "2016-03-31": "1.95480", "2015-12-31": "3.13040", "2015-09-30": "3.08040", "2015-06-30": "2.22380", "2015-03-31": "2.14760", "2014-12-31": "2.46300", "2014-09-30": "2.81080", "2014-06-30": "3.03900", "2014-03-31": "1.81140", "2013-12-31": "2.34830", "2013-09-30": "2.70810", "2013-06-30": "2.95540", "2013-03-31": "2.27670", "2012-12-31": "2.30620", "2012-09-30": "3.32660", "2012-06-30": "2.52620", "2012-03-31": "2.17200", "2011-12-31": "2.01610", "2011-09-30": "2.89800", "2011-06-30": "2.65340", "2011-03-31": "2.52140", "2010-12-31": "0.46660", "2010-09-30": "3.10770", "2010-06-30": "2.69010", "2010-03-31": "3.21220", "2009-12-31": "3.43660", "2009-09-30": "2.43300", "2009-06-30": "4.14770", "2009-03-31": "3.97690", "2008-12-31": "2.35060", "2008-09-30": "3.65130", "2008-06-30": "3.90340", "2008-03-31": "4.90470", "2007-12-31": "1.97360", "2007-09-30": "3.18220", "2007-06-30": "4.72380", "2007-03-31": "4.20520", "2006-12-31": "4.26090", "2006-09-30": "3.96290", "2006-06-30": "3.50900", "2006-03-31": "4.39730", "2005-12-31": "3.91080", "2005-09-30": "4.09570", "2005-06-30": "3.52110", "2005-03-31": "3.75100"}, "Return On Tangible Equity": {"2020-09-30": "3.45130", "2020-06-30": "4.50040", "2020-03-31": "4.40520", "2019-12-31": "3.79930", "2019-09-30": "3.72950", "2019-06-30": "3.73080", "2019-03-31": "3.32440", "2018-12-31": "2.92860", "2018-09-30": "4.47410", "2018-06-30": "4.85490", "2018-03-31": "4.46690", "2017-12-31": "2.37710", "2017-09-30": "4.61530", "2017-06-30": "4.29660", "2017-03-31": "3.65650", "2016-12-31": "4.35740", "2016-09-30": "3.90400", "2016-06-30": "4.18280", "2016-03-31": "2.62000", "2015-12-31": "4.21290", "2015-09-30": "4.14400", "2015-06-30": "3.00720", "2015-03-31": "3.05340", "2014-12-31": "3.53940", "2014-09-30": "4.26310", "2014-06-30": "4.63630", "2014-03-31": "2.80760", "2013-12-31": "3.89750", "2013-09-30": "4.48950", "2013-06-30": "4.92720", "2013-03-31": "3.71050", "2012-12-31": "3.80470", "2012-09-30": "5.27060", "2012-06-30": "4.09970", "2012-03-31": "3.55360", "2011-12-31": "3.37350", "2011-09-30": "4.81520", "2011-06-30": "4.47250", "2011-03-31": "4.35470", "2010-12-31": "0.86490", "2010-09-30": "5.91170", "2010-06-30": "5.43530", "2010-03-31": "5.42350", "2009-12-31": "6.12470", "2009-09-30": "4.64420", "2009-06-30": "8.70620", "2009-03-31": "6.29960", "2008-12-31": "4.00250", "2008-09-30": "7.16430", "2008-06-30": "7.25920", "2008-03-31": "12.26850", "2007-12-31": "4.70270", "2007-09-30": "7.69070", "2007-06-30": "6.90310", "2007-03-31": "6.21040", "2006-12-31": "5.68640", "2006-09-30": "5.35960", "2006-06-30": "4.88490", "2006-03-31": "6.09600", "2005-12-31": "5.44740", "2005-09-30": "5.80450", "2005-06-30": "5.13540", "2005-03-31": "5.55560"}, "ROA - Return On Assets": {"2020-09-30": "0.20400", "2020-06-30": "0.24760", "2020-03-31": "0.17490", "2019-12-31": "0.22960", "2019-09-30": "0.23830", "2019-06-30": "0.24300", "2019-03-31": "0.22250", "2018-12-31": "0.17870", "2018-09-30": "0.32650", "2018-06-30": "0.29520", "2018-03-31": "0.26330", "2017-12-31": "0.14640", "2017-09-30": "0.29030", "2017-06-30": "0.26020", "2017-03-31": "0.21200", "2016-12-31": "0.24520", "2016-09-30": "0.21980", "2016-06-30": "0.24160", "2016-03-31": "0.15100", "2015-12-31": "0.23540", "2015-09-30": "0.23460", "2015-06-30": "0.14190", "2015-03-31": "0.14490", "2014-12-31": "0.17400", "2014-09-30": "0.20380", "2014-06-30": "0.22030", "2014-03-31": "0.14140", "2013-12-31": "0.19200", "2013-09-30": "0.24860", "2013-06-30": "0.25470", "2013-03-31": "0.21270", "2012-12-31": "0.21120", "2012-09-30": "0.32950", "2012-06-30": "0.24410", "2012-03-31": "0.22720", "2011-12-31": "0.17570", "2011-09-30": "0.26580", "2011-06-30": "0.26940", "2011-03-31": "0.27420", "2010-12-31": "0.05170", "2010-09-30": "0.31570", "2010-06-30": "0.26650", "2010-03-31": "0.32150", "2009-12-31": "0.31530", "2009-09-30": "0.20030", "2009-06-30": "0.32720", "2009-03-31": "0.33490", "2008-12-31": "0.14740", "2008-09-30": "0.16700", "2008-06-30": "0.37480", "2008-03-31": "0.34340", "2007-12-31": "0.15640", "2007-09-30": "0.25590", "2007-06-30": "0.32600", "2007-03-31": "0.28540", "2006-12-31": "0.28780", "2006-09-30": "0.24750", "2006-06-30": "0.22140", "2006-03-31": "0.27070", "2005-12-31": "0.25420", "2005-09-30": "0.24040", "2005-06-30": "0.21100", "2005-03-31": "0.22580"}, "ROI - Return On Investment": {"2020-09-30": "1.40820", "2020-06-30": "1.71530", "2020-03-31": "1.60920", "2019-12-31": "1.52680", "2019-09-30": "1.59010", "2019-06-30": "1.59390", "2019-03-31": "1.40250", "2018-12-31": "1.21960", "2018-09-30": "2.18990", "2018-06-30": "2.22400", "2018-03-31": "1.97640", "2017-12-31": "1.02840", "2017-09-30": "2.00220", "2017-06-30": "1.83400", "2017-03-31": "1.53570", "2016-12-31": "1.82240", "2016-09-30": "1.65520", "2016-06-30": "1.81320", "2016-03-31": "1.15540", "2015-12-31": "1.76820", "2015-09-30": "1.72840", "2015-06-30": "1.36670", "2015-03-31": "1.35030", "2014-12-31": "1.52060", "2014-09-30": "1.85600", "2014-06-30": "2.02360", "2014-03-31": "1.17950", "2013-12-31": "1.55270", "2013-09-30": "1.85070", "2013-06-30": "2.00190", "2013-03-31": "1.63910", "2012-12-31": "1.66090", "2012-09-30": "2.48100", "2012-06-30": "1.86390", "2012-03-31": "1.51010", "2011-12-31": "1.38400", "2011-09-30": "1.99910", "2011-06-30": "1.74620", "2011-03-31": "1.64050", "2010-12-31": "0.31510", "2010-09-30": "2.08860", "2010-06-30": "1.75570", "2010-03-31": "2.04330", "2009-12-31": "2.13470", "2009-09-30": "1.46740", "2009-06-30": "2.38110", "2009-03-31": "2.13810", "2008-12-31": "1.48900", "2008-09-30": "2.77810", "2008-06-30": "3.01660", "2008-03-31": "3.54090", "2007-12-31": "1.49310", "2007-09-30": "2.40820", "2007-06-30": "3.09170", "2007-03-31": "3.11510", "2006-12-31": "3.13130", "2006-09-30": "2.88530", "2006-06-30": "2.50330", "2006-03-31": "3.12290", "2005-12-31": "2.75870", "2005-09-30": "2.92640", "2005-06-30": "2.52550", "2005-03-31": "2.67110"}, "Book Value Per Share": {"2020-09-30": "72.44370", "2020-06-30": "70.58510", "2020-03-31": "67.79770", "2019-12-31": "68.35970", "2019-09-30": "69.32730", "2019-06-30": "68.31950", "2019-03-31": "66.46300", "2018-12-31": "65.10650", "2018-09-30": "64.70000", "2018-06-30": "61.69840", "2018-03-31": "61.29880", "2017-12-31": "60.70180", "2017-09-30": "60.66480", "2017-06-30": "58.98850", "2017-03-31": "56.57900", "2016-12-31": "55.55600", "2016-09-30": "57.52780", "2016-06-30": "56.72780", "2016-03-31": "54.42370", "2015-12-31": "52.88350", "2015-09-30": "53.32440", "2015-06-30": "52.72790", "2015-03-31": "50.61620", "2014-12-31": "51.36860", "2014-09-30": "50.37960", "2014-06-30": "51.06240", "2014-03-31": "49.42140", "2013-12-31": "46.94000", "2013-09-30": "46.29530", "2013-06-30": "44.78420", "2013-03-31": "45.80630", "2012-12-31": "45.49970", "2012-09-30": "44.25730", "2012-06-30": "41.55410", "2012-03-31": "41.16680", "2011-12-31": "39.79700", "2011-09-30": "39.85340", "2011-06-30": "39.75590", "2011-03-31": "38.08630", "2010-12-31": "35.45740", "2010-09-30": "35.02650", "2010-06-30": "32.02660", "2010-03-31": "30.73890", "2009-12-31": "29.27870", "2009-09-30": "27.19420", "2009-06-30": "24.50140", "2009-03-31": "31.90320", "2008-12-31": "29.59970", "2008-09-30": "30.27260", "2008-06-30": "32.55250", "2008-03-31": "27.68510", "2007-12-31": "29.25050", "2007-09-30": "29.23640", "2007-06-30": "23.01040", "2007-03-31": "22.24040", "2006-12-31": "21.81460", "2006-09-30": "21.18540", "2006-06-30": "19.56560", "2006-03-31": "19.28830", "2005-12-31": "19.08430", "2005-09-30": "18.60720", "2005-06-30": "18.89330", "2005-03-31": "18.18720"}, "Operating Cash Flow Per Share": {"2020-09-30": -14.644, "2020-06-30": 3.7985, "2020-03-31": "11.28230", "2019-12-31": 2.7152, "2019-09-30": 13.3783, "2019-06-30": 0.6509, "2019-03-31": "-1.51690", "2018-12-31": 3.1435, "2018-09-30": 14.6991, "2018-06-30": -3.794, "2018-03-31": "12.97840", "2017-12-31": 13.3469, "2017-09-30": -5.5924, "2017-06-30": 1.4175, "2017-03-31": "9.08090", "2016-12-31": -0.0067, "2016-09-30": -6.778, "2016-06-30": 5.5001, "2016-03-31": "7.06610", "2015-12-31": 8.2102, "2015-09-30": -0.7385, "2015-06-30": -11.8117, "2015-03-31": "0.94810", "2014-12-31": 0.9446, "2014-09-30": -3.1621, "2014-06-30": -3.4246, "2014-03-31": "4.34350", "2013-12-31": -3.1751, "2013-09-30": 2.5479, "2013-06-30": -4.6451, "2013-03-31": "0.82550", "2012-12-31": 1.101, "2012-09-30": 5.0926, "2012-06-30": -3.4463, "2012-03-31": "1.27030", "2011-12-31": 6.3467, "2011-09-30": 4.5681, "2011-06-30": -4.4188, "2011-03-31": "0.30540", "2010-12-31": -0.3384, "2010-09-30": -4.8279, "2010-06-30": 3.1991, "2010-03-31": "3.62010", "2009-12-31": 0.3396, "2009-09-30": 1.4811, "2009-06-30": -4.4638, "2009-03-31": "-6.28300", "2008-12-31": 3.4127, "2008-09-30": -6.4247, "2008-06-30": 3.2668, "2008-03-31": "-4.76570", "2007-12-31": 6.0599, "2007-09-30": 1.697, "2007-06-30": 0.8247, "2007-03-31": "-0.54030", "2006-12-31": 2.4243, "2006-09-30": -0.1841, "2006-06-30": -0.0361, "2006-03-31": "0.71790", "2005-12-31": -2.6757, "2005-09-30": 5.4772, "2005-06-30": 2.9989, "2005-03-31": "1.61960"}, "Free Cash Flow Per Share": {"2020-09-30": -15.0708, "2020-06-30": 3.3566, "2020-03-31": "10.96390", "2019-12-31": 2.297, "2019-09-30": 12.7487, "2019-06-30": 0.1931, "2019-03-31": "-1.96490", "2018-12-31": 2.675, "2018-09-30": 14.3193, "2018-06-30": -4.1689, "2018-03-31": "12.58390", "2017-12-31": 12.9529, "2017-09-30": -6.0205, "2017-06-30": 0.9887, "2017-03-31": "8.65650", "2016-12-31": -0.3412, "2016-09-30": -7.1688, "2016-06-30": 5.094, "2016-03-31": "6.64990", "2015-12-31": 7.8281, "2015-09-30": -1.3336, "2015-06-30": -12.3047, "2015-03-31": "0.71880", "2014-12-31": 0.6497, "2014-09-30": -3.318, "2014-06-30": -3.7115, "2014-03-31": "4.09280", "2013-12-31": -3.4548, "2013-09-30": 2.4697, "2013-06-30": -4.8825, "2013-03-31": "0.56830", "2012-12-31": 0.8923, "2012-09-30": 4.8562, "2012-06-30": -3.5656, "2012-03-31": "1.09690", "2011-12-31": 6.1684, "2011-09-30": 4.5289, "2011-06-30": -4.6243, "2011-03-31": "0.12770", "2010-12-31": -0.5495, "2010-09-30": -4.9846, "2010-06-30": 3.0909, "2010-03-31": "3.56990", "2009-12-31": -0.0029, "2009-09-30": 1.8871, "2009-06-30": -4.8913, "2009-03-31": "-6.60470", "2008-12-31": 2.6909, "2008-09-30": -6.6417, "2008-06-30": 2.9703, "2008-03-31": "-5.16710", "2007-12-31": 5.6424, "2007-09-30": 1.4893, "2007-06-30": 0.5814, "2007-03-31": "-0.97420", "2006-12-31": 2.2847, "2006-09-30": -0.4409, "2006-06-30": -0.2368, "2006-03-31": "0.39160", "2005-12-31": -2.9076, "2005-09-30": 5.2287, "2005-06-30": 2.795, "2005-03-31": "1.36560"}}, "revenue": {"State Street Annual Revenue (Millions of US $)": {"2020": "$12,078", "2019": "$13,131", "2018": "$13,122", "2017": "$11,870", "2016": "$10,635", "2015": "$10,760", "2014": "$10,666", "2013": "$10,275", "2012": "$10,125", "2011": "$10,207", "2010": "$9,716", "2009": "$9,362", "2008": "$12,922", "2007": "$11,818", "2006": "$9,525", "2005": "$7,496"}, "State Street Quarterly Revenue (Millions of US $)": {"2020-12-31": "$2,931", "2020-09-30": "$2,826", "2020-06-30": "$3,052", "2020-03-31": "$3,269", "2019-12-31": "$3,318", "2019-09-30": "$3,260", "2019-06-30": "$3,267", "2019-03-31": "$3,286", "2018-12-31": "$3,308", "2018-09-30": "$3,233", "2018-06-30": "$3,311", "2018-03-31": "$3,270", "2017-12-31": "$3,123", "2017-09-30": "$3,004", "2017-06-30": "$2,935", "2017-03-31": "$2,808", "2016-12-31": "$2,632", "2016-09-30": "$2,730", "2016-06-30": "$2,672", "2016-03-31": "$2,601", "2015-12-31": "$2,647", "2015-09-30": "$2,715", "2015-06-30": "$2,702", "2015-03-31": "$2,696", "2014-12-31": "$2,711", "2014-09-30": "$2,683", "2014-06-30": "$2,687", "2014-03-31": "$2,585", "2013-12-31": "$2,543", "2013-09-30": "$2,522", "2013-06-30": "$2,664", "2013-03-31": "$2,546", "2012-12-31": "$2,560", "2012-09-30": "$2,467", "2012-06-30": "$2,537", "2012-03-31": "$2,561", "2011-12-31": "$2,474", "2011-09-30": "$2,577", "2011-06-30": "$2,638", "2011-03-31": "$2,518", "2010-12-31": "$2,221", "2010-09-30": "$2,490", "2010-06-30": "$2,492", "2010-03-31": "$2,513", "2009-12-31": "$2,460", "2009-09-30": "$2,411", "2009-06-30": "$2,315", "2009-03-31": "$2,176", "2008-12-31": "$3,257", "2008-09-30": "$3,273", "2008-06-30": "$3,152", "2008-03-31": "$3,240", "2007-12-31": "$3,377", "2007-09-30": "$3,159", "2007-06-30": "$2,739", "2007-03-31": "$2,543", "2006-12-31": "$2,532", "2006-09-30": "$2,352", "2006-06-30": "$2,423", "2006-03-31": "$2,218", "2005-12-31": "$2,035", "2005-09-30": "$1,925", "2005-06-30": "$1,837", "2005-03-31": "$1,699"}}, "gross-profit": {"State Street Annual Gross Profit (Millions of US $)": {"2020": "$11,703", "2019": "$11,756", "2018": "$12,131", "2017": "$11,266", "2016": "$10,207", "2015": "$10,360", "2014": "$10,274", "2013": "$9,864", "2012": "$9,649", "2011": "$9,594", "2010": "$8,953", "2009": "$8,640", "2008": "$10,693", "2007": "$8,336", "2006": "$6,311", "2005": "$5,473"}, "State Street Quarterly Gross Profit (Millions of US $)": {"2020-12-31": "$2,917", "2020-09-30": "$2,784", "2020-06-30": "$2,937", "2020-03-31": "$3,065", "2019-12-31": "$3,048", "2019-09-30": "$2,903", "2019-06-30": "$2,873", "2019-03-31": "$2,932", "2018-12-31": "$3,023", "2018-09-30": "$2,989", "2018-06-30": "$3,063", "2018-03-31": "$3,056", "2017-12-31": "$2,942", "2017-09-30": "$2,846", "2017-06-30": "$2,810", "2017-03-31": "$2,668", "2016-12-31": "$2,530", "2016-09-30": "$2,620", "2016-06-30": "$2,573", "2016-03-31": "$2,484", "2015-12-31": "$2,538", "2015-09-30": "$2,614", "2015-06-30": "$2,608", "2015-03-31": "$2,600", "2014-12-31": "$2,609", "2014-09-30": "$2,582", "2014-06-30": "$2,598", "2014-03-31": "$2,485", "2013-12-31": "$2,444", "2013-09-30": "$2,425", "2013-06-30": "$2,560", "2013-03-31": "$2,435", "2012-12-31": "$2,449", "2012-09-30": "$2,356", "2012-06-30": "$2,423", "2012-03-31": "$2,421", "2011-12-31": "$2,315", "2011-09-30": "$2,427", "2011-06-30": "$2,491", "2011-03-31": "$2,361", "2010-12-31": "$2,043", "2010-09-30": "$2,310", "2010-06-30": "$2,304", "2010-03-31": "$2,296", "2009-12-31": "$2,280", "2009-09-30": "$2,236", "2009-06-30": "$2,122", "2009-03-31": "$2,002", "2008-12-31": "$2,673", "2008-09-30": "$2,771", "2008-06-30": "$2,672", "2008-03-31": "$2,577", "2007-12-31": "$2,479", "2007-09-30": "$2,240", "2007-06-30": "$1,921", "2007-03-31": "$1,696", "2006-12-31": "$1,622", "2006-09-30": "$1,515", "2006-06-30": "$1,651", "2006-03-31": "$1,523", "2005-12-31": "$1,416", "2005-09-30": "$1,388", "2005-06-30": "$1,361", "2005-03-31": "$1,308"}}, "operating-income": {"State Street Annual Operating Income (Millions of US $)": {"2020": "$2,949", "2019": "$2,789", "2018": "$3,125", "2017": "$3,261", "2016": "$2,329", "2015": "$2,323", "2014": "$2,570", "2013": "$2,770", "2012": "$2,991", "2011": "$2,805", "2010": "$2,338", "2009": "$2,824", "2008": "$3,263", "2007": "$2,701", "2006": "$1,771", "2005": "$1,432"}, "State Street Quarterly Operating Income (Millions of US $)": {"2020-12-31": "$653", "2020-09-30": "$696", "2020-06-30": "$815", "2020-03-31": "$785", "2019-12-31": "$667", "2019-09-30": "$748", "2019-06-30": "$730", "2019-03-31": "$644", "2018-12-31": "$553", "2018-09-30": "$893", "2018-06-30": "$891", "2018-03-31": "$788", "2017-12-31": "$946", "2017-09-30": "$855", "2017-06-30": "$847", "2017-03-31": "$613", "2016-12-31": "$388", "2016-09-30": "$678", "2016-06-30": "$729", "2016-03-31": "$534", "2015-12-31": "$686", "2015-09-30": "$657", "2015-06-30": "$475", "2015-03-31": "$505", "2014-12-31": "$600", "2014-09-30": "$708", "2014-06-30": "$774", "2014-03-31": "$488", "2013-12-31": "$628", "2013-09-30": "$733", "2013-06-30": "$792", "2013-03-31": "$623", "2012-12-31": "$726", "2012-09-30": "$969", "2012-06-30": "$689", "2012-03-31": "$607", "2011-12-31": "$680", "2011-09-30": "$714", "2011-06-30": "$732", "2011-03-31": "$679", "2010-12-31": "$427", "2010-09-30": "$805", "2010-06-30": "$391", "2010-03-31": "$715", "2009-12-31": "$689", "2009-09-30": "$748", "2009-06-30": "$756", "2009-03-31": "$631", "2008-12-31": "$695", "2008-09-30": "$876", "2008-06-30": "$863", "2008-03-31": "$829", "2007-12-31": "$963", "2007-09-30": "$692", "2007-06-30": "$563", "2007-03-31": "$483", "2006-12-31": "$487", "2006-09-30": "$425", "2006-06-30": "$475", "2006-03-31": "$427", "2005-12-31": "$377", "2005-09-30": "$380", "2005-06-30": "$333", "2005-03-31": "$342"}}, "ebitda": {"State Street Annual EBITDA (Millions of US $)": {"2019": "$", "2018": "$", "2017": "$", "2016": "$", "2015": "$", "2014": "$", "2013": "$", "2012": "$", "2011": "$", "2010": "$", "2009": "$", "2008": "$", "2007": "$", "2006": "$", "2005": "$"}, "State Street Quarterly EBITDA (Millions of US $)": {"2020-09-30": "", "2020-06-30": "", "2020-03-31": "", "2019-12-31": "", "2019-09-30": "", "2019-06-30": "", "2019-03-31": "", "2018-12-31": "", "2018-09-30": "", "2018-06-30": "", "2018-03-31": "", "2017-12-31": "", "2017-09-30": "", "2017-06-30": "", "2017-03-31": "", "2016-12-31": "", "2016-09-30": "", "2016-06-30": "", "2016-03-31": "", "2015-12-31": "", "2015-09-30": "", "2015-06-30": "", "2015-03-31": "", "2014-12-31": "", "2014-09-30": "", "2014-06-30": "", "2014-03-31": "", "2013-12-31": "", "2013-09-30": "", "2013-06-30": "", "2013-03-31": "", "2012-12-31": "", "2012-09-30": "", "2012-06-30": "", "2012-03-31": "", "2011-12-31": "", "2011-09-30": "", "2011-06-30": "", "2011-03-31": "", "2010-12-31": "", "2010-09-30": "", "2010-06-30": "", "2010-03-31": "", "2009-12-31": "", "2009-09-30": "", "2009-06-30": "", "2009-03-31": "", "2008-12-31": "", "2008-09-30": "", "2008-06-30": "", "2008-03-31": "", "2007-12-31": "", "2007-09-30": "", "2007-06-30": "", "2007-03-31": "", "2006-12-31": "", "2006-09-30": "", "2006-06-30": "", "2006-03-31": "", "2005-12-31": "", "2005-09-30": "", "2005-06-30": "", "2005-03-31": ""}}, "net-income": {"State Street Annual Net Income (Millions of US $)": {"2020": "$2,257", "2019": "$2,009", "2018": "$2,404", "2017": "$1,972", "2016": "$1,968", "2015": "$1,848", "2014": "$1,958", "2013": "$2,016", "2012": "$2,019", "2011": "$1,882", "2010": "$1,540", "2009": "$-2,044", "2008": "$1,789", "2007": "$1,261", "2006": "$1,106", "2005": "$838"}, "State Street Quarterly Net Income (Millions of US $)": {"2020-12-31": "$498", "2020-09-30": "$517", "2020-06-30": "$662", "2020-03-31": "$580", "2019-12-31": "$492", "2019-09-30": "$528", "2019-06-30": "$537", "2019-03-31": "$452", "2018-12-31": "$396", "2018-09-30": "$708", "2018-06-30": "$697", "2018-03-31": "$603", "2017-12-31": "$313", "2017-09-30": "$629", "2017-06-30": "$584", "2017-03-31": "$446", "2016-12-31": "$557", "2016-09-30": "$507", "2016-06-30": "$585", "2016-03-31": "$319", "2015-12-31": "$547", "2015-09-30": "$539", "2015-06-30": "$389", "2015-03-31": "$373", "2014-12-31": "$458", "2014-09-30": "$542", "2014-06-30": "$602", "2014-03-31": "$356", "2013-12-31": "$459", "2013-09-30": "$531", "2013-06-30": "$571", "2013-03-31": "$455", "2012-12-31": "$468", "2012-09-30": "$654", "2012-06-30": "$480", "2012-03-31": "$417", "2011-12-31": "$371", "2011-09-30": "$543", "2011-06-30": "$502", "2011-03-31": "$466", "2010-12-31": "$81", "2010-09-30": "$540", "2010-06-30": "$427", "2010-03-31": "$492", "2009-12-31": "$498", "2009-09-30": "$327", "2009-06-30": "$-3,314", "2009-03-31": "$445", "2008-12-31": "$234", "2008-09-30": "$477", "2008-06-30": "$548", "2008-03-31": "$530", "2007-12-31": "$223", "2007-09-30": "$358", "2007-06-30": "$366", "2007-03-31": "$314", "2006-12-31": "$309", "2006-09-30": "$278", "2006-06-30": "$227", "2006-03-31": "$292", "2005-12-31": "$249", "2005-09-30": "$143", "2005-06-30": "$220", "2005-03-31": "$226"}}, "eps-earnings-per-share-diluted": {"State Street Annual EPS": {"2020": "$6.32", "2019": "$5.38", "2018": "$6.39", "2017": "$5.19", "2016": "$4.97", "2015": "$4.47", "2014": "$4.53", "2013": "$4.43", "2012": "$4.20", "2011": "$3.79", "2010": "$3.09", "2009": "$-4.32", "2008": "$4.30", "2007": "$3.45", "2006": "$3.29", "2005": "$2.50"}, "State Street Quarterly EPS": {"2020-12-31": "$1.39", "2020-09-30": "$1.45", "2020-06-30": "$1.86", "2020-03-31": "$1.62", "2019-12-31": "$1.36", "2019-09-30": "$1.42", "2019-06-30": "$1.42", "2019-03-31": "$1.18", "2018-12-31": "$1.02", "2018-09-30": "$1.87", "2018-06-30": "$1.88", "2018-03-31": "$1.62", "2017-12-31": "$0.85", "2017-09-30": "$1.66", "2017-06-30": "$1.53", "2017-03-31": "$1.15", "2016-12-31": "$1.42", "2016-09-30": "$1.29", "2016-06-30": "$1.47", "2016-03-31": "$0.79", "2015-12-31": "$1.34", "2015-09-30": "$1.31", "2015-06-30": "$0.93", "2015-03-31": "$0.89", "2014-12-31": "$1.08", "2014-09-30": "$1.26", "2014-06-30": "$1.38", "2014-03-31": "$0.81", "2013-12-31": "$1.04", "2013-09-30": "$1.17", "2013-06-30": "$1.24", "2013-03-31": "$0.98", "2012-12-31": "$1.01", "2012-09-30": "$1.36", "2012-06-30": "$0.98", "2012-03-31": "$0.85", "2011-12-31": "$0.76", "2011-09-30": "$1.10", "2011-06-30": "$1.00", "2011-03-31": "$0.93", "2010-12-31": "$0.15", "2010-09-30": "$1.08", "2010-06-30": "$0.87", "2010-03-31": "$0.99", "2009-12-31": "$1.16", "2009-09-30": "$0.66", "2009-06-30": "$-7.16", "2009-03-31": "$1.02", "2008-12-31": "$0.51", "2008-09-30": "$1.09", "2008-06-30": "$1.35", "2008-03-31": "$1.35", "2007-12-31": "$0.54", "2007-09-30": "$0.91", "2007-06-30": "$1.07", "2007-03-31": "$0.93", "2006-12-31": "$0.91", "2006-09-30": "$0.83", "2006-06-30": "$0.68", "2006-03-31": "$0.87", "2005-12-31": "$0.74", "2005-09-30": "$0.43", "2005-06-30": "$0.66", "2005-03-31": "$0.67"}}, "shares-outstanding": {"State Street Annual Shares Outstanding (Millions of Shares)": {"2020": "357", "2019": "374", "2018": "376", "2017": "380", "2016": "396", "2015": "414", "2014": "432", "2013": "455", "2012": "481", "2011": "496", "2010": "498", "2009": "474", "2008": "416", "2007": "365", "2006": "336", "2005": "335"}, "State Street Quarterly Shares Outstanding (Millions of Shares)": {"2020-12-31": "358", "2020-09-30": "357", "2020-06-30": "356", "2020-03-31": "358", "2019-12-31": "374", "2019-09-30": "371", "2019-06-30": "378", "2019-03-31": "382", "2018-12-31": "376", "2018-09-30": "379", "2018-06-30": "370", "2018-03-31": "373", "2017-12-31": "380", "2017-09-30": "379", "2017-06-30": "381", "2017-03-31": "386", "2016-12-31": "396", "2016-09-30": "393", "2016-06-30": "399", "2016-03-31": "404", "2015-12-31": "414", "2015-09-30": "412", "2015-06-30": "417", "2015-03-31": "419", "2014-12-31": "432", "2014-09-30": "430", "2014-06-30": "435", "2014-03-31": "439", "2013-12-31": "455", "2013-09-30": "452", "2013-06-30": "461", "2013-03-31": "463", "2012-12-31": "481", "2012-09-30": "480", "2012-06-30": "489", "2012-03-31": "490", "2011-12-31": "496", "2011-09-30": "495", "2011-06-30": "501", "2011-03-31": "501", "2010-12-31": "498", "2010-09-30": "498", "2010-06-30": "499", "2010-03-31": "498", "2009-12-31": "474", "2009-09-30": "498", "2009-06-30": "466", "2009-03-31": "435", "2008-12-31": "416", "2008-09-30": "435", "2008-06-30": "407", "2008-03-31": "394", "2007-12-31": "365", "2007-09-30": "392", "2007-06-30": "341", "2007-03-31": "339", "2006-12-31": "336", "2006-09-30": "336", "2006-06-30": "336", "2006-03-31": "337", "2005-12-31": "335", "2005-09-30": "334", "2005-06-30": "334", "2005-03-31": "335"}}, "total-assets": {"State Street Annual Total Assets (Millions of US $)": {"2019": "$245,610", "2018": "$244,596", "2017": "$238,425", "2016": "$242,698", "2015": "$245,155", "2014": "$274,119", "2013": "$243,291", "2012": "$222,582", "2011": "$216,827", "2010": "$160,505", "2009": "$157,946", "2008": "$173,631", "2007": "$142,543", "2006": "$107,353", "2005": "$97,968"}, "State Street Quarterly Total Assets (Millions of US $)": {"2020-09-30": "$272,075", "2020-06-30": "$280,242", "2020-03-31": "$362,527", "2019-12-31": "$245,610", "2019-09-30": "$244,606", "2019-06-30": "$241,540", "2019-03-31": "$228,332", "2018-12-31": "$244,596", "2018-09-30": "$234,007", "2018-06-30": "$248,308", "2018-03-31": "$250,286", "2017-12-31": "$238,425", "2017-09-30": "$235,986", "2017-06-30": "$238,274", "2017-03-31": "$236,802", "2016-12-31": "$242,698", "2016-09-30": "$256,140", "2016-06-30": "$255,386", "2016-03-31": "$243,685", "2015-12-31": "$245,155", "2015-09-30": "$247,274", "2015-06-30": "$294,571", "2015-03-31": "$279,476", "2014-12-31": "$274,119", "2014-09-30": "$274,805", "2014-06-30": "$282,324", "2014-03-31": "$256,663", "2013-12-31": "$243,291", "2013-09-30": "$217,180", "2013-06-30": "$227,300", "2013-03-31": "$218,189", "2012-12-31": "$222,582", "2012-09-30": "$204,522", "2012-06-30": "$200,777", "2012-03-31": "$187,956", "2011-12-31": "$216,827", "2011-09-30": "$208,795", "2011-06-30": "$190,455", "2011-03-31": "$171,796", "2010-12-31": "$160,505", "2010-09-30": "$172,964", "2010-06-30": "$162,075", "2010-03-31": "$153,971", "2009-12-31": "$157,946", "2009-09-30": "$163,277", "2009-06-30": "$153,421", "2009-03-31": "$142,144", "2008-12-31": "$173,631", "2008-09-30": "$285,564", "2008-06-30": "$146,221", "2008-03-31": "$154,349", "2007-12-31": "$142,543", "2007-09-30": "$139,888", "2007-06-30": "$112,268", "2007-03-31": "$110,003", "2006-12-31": "$107,353", "2006-09-30": "$112,310", "2006-06-30": "$102,536", "2006-03-31": "$104,156", "2005-12-31": "$97,968", "2005-09-30": "$104,003", "2005-06-30": "$104,254", "2005-03-31": "$100,094"}}, "cash-on-hand": {"State Street Annual Cash on Hand (Millions of US $)": {"2019": "$74,668", "2018": "$81,791", "2017": "$73,668", "2016": "$75,229", "2015": "$80,798", "2014": "$98,692", "2013": "$74,550", "2012": "$59,006", "2011": "$68,831", "2010": "$28,952", "2009": "$31,808", "2008": "$61,364", "2007": "$34,574", "2006": "$23,067", "2005": "$23,402"}, "State Street Quarterly Cash on Hand (Millions of US $)": {"2020-09-30": "$86,154", "2020-06-30": "$98,793", "2020-03-31": "$154,576", "2019-12-31": "$74,668", "2019-09-30": "$69,802", "2019-06-30": "$68,902", "2019-03-31": "$60,711", "2018-12-31": "$81,791", "2018-09-30": "$72,959", "2018-06-30": "$84,995", "2018-03-31": "$88,278", "2017-12-31": "$73,668", "2017-09-30": "$69,495", "2017-06-30": "$70,841", "2017-03-31": "$72,824", "2016-12-31": "$75,229", "2016-09-30": "$86,085", "2016-06-30": "$82,742", "2016-03-31": "$73,362", "2015-12-31": "$80,798", "2015-09-30": "$82,399", "2015-06-30": "$125,632", "2015-03-31": "$99,023", "2014-12-31": "$98,692", "2014-09-30": "$94,728", "2014-06-30": "$109,255", "2014-03-31": "$86,649", "2013-12-31": "$74,550", "2013-09-30": "$49,275", "2013-06-30": "$56,484", "2013-03-31": "$53,289", "2012-12-31": "$59,006", "2012-09-30": "$46,890", "2012-06-30": "$45,983", "2012-03-31": "$36,760", "2011-12-31": "$68,831", "2011-09-30": "$53,965", "2011-06-30": "$39,821", "2011-03-31": "$26,706", "2010-12-31": "$28,952", "2010-09-30": "$34,569", "2010-06-30": "$28,563", "2010-03-31": "$28,427", "2009-12-31": "$31,808", "2009-09-30": "$34,235", "2009-06-30": "$35,794", "2009-03-31": "$44,608", "2008-12-31": "$61,364", "2008-09-30": "$94,123", "2008-06-30": "$41,255", "2008-03-31": "$44,181", "2007-12-31": "$34,574", "2007-09-30": "$31,200", "2007-06-30": "$21,088", "2007-03-31": "$21,232", "2006-12-31": "$23,067", "2006-09-30": "$27,080", "2006-06-30": "$23,998", "2006-03-31": "$26,056", "2005-12-31": "$23,402", "2005-09-30": "$29,602", "2005-06-30": "$33,698", "2005-03-31": "$37,306"}}, "long-term-debt": {"State Street Annual Long Term Debt (Millions of US $)": {"2019": "$12,509", "2018": "$11,093", "2017": "$11,620", "2016": "$11,430", "2015": "$11,497", "2014": "$10,042", "2013": "$9,699", "2012": "$7,429", "2011": "$8,131", "2010": "$8,550", "2009": "$8,838", "2008": "$4,419", "2007": "$3,636", "2006": "$2,616", "2005": "$2,659"}, "State Street Quarterly Long Term Debt (Millions of US $)": {"2020-09-30": "$13,853", "2020-06-30": "$15,587", "2020-03-31": "$15,538", "2019-12-31": "$12,509", "2019-09-30": "$11,455", "2019-06-30": "$11,374", "2019-03-31": "$11,182", "2018-12-31": "$11,093", "2018-09-30": "$10,335", "2018-06-30": "$10,387", "2018-03-31": "$10,944", "2017-12-31": "$11,620", "2017-09-30": "$11,716", "2017-06-30": "$11,737", "2017-03-31": "$11,394", "2016-12-31": "$11,430", "2016-09-30": "$11,834", "2016-06-30": "$11,924", "2016-03-31": "$10,323", "2015-12-31": "$11,497", "2015-09-30": "$12,025", "2015-06-30": "$9,085", "2015-03-31": "$9,174", "2014-12-31": "$10,042", "2014-09-30": "$9,016", "2014-06-30": "$9,037", "2014-03-31": "$9,503", "2013-12-31": "$9,699", "2013-09-30": "$8,748", "2013-06-30": "$8,841", "2013-03-31": "$7,440", "2012-12-31": "$7,429", "2012-09-30": "$6,418", "2012-06-30": "$6,392", "2012-03-31": "$8,117", "2011-12-31": "$8,131", "2011-09-30": "$8,112", "2011-06-30": "$9,544", "2011-03-31": "$9,531", "2010-12-31": "$8,550", "2010-09-30": "$8,573", "2010-06-30": "$8,546", "2010-03-31": "$8,815", "2009-12-31": "$8,838", "2009-09-30": "$8,845", "2009-06-30": "$8,980", "2009-03-31": "$8,405", "2008-12-31": "$4,419", "2008-09-30": "$4,106", "2008-06-30": "$4,127", "2008-03-31": "$4,162", "2007-12-31": "$3,636", "2007-09-30": "$3,616", "2007-06-30": "$4,090", "2007-03-31": "$2,613", "2006-12-31": "$2,616", "2006-09-30": "$2,620", "2006-06-30": "$2,599", "2006-03-31": "$2,617", "2005-12-31": "$2,659", "2005-09-30": "$2,439", "2005-06-30": "$2,463", "2005-03-31": "$2,436"}}, "total-liabilities": {"State Street Annual Total Liabilities (Millions of US $)": {"2019": "$221,179", "2018": "$219,859", "2017": "$216,108", "2016": "$221,479", "2015": "$224,020", "2014": "$252,791", "2013": "$222,913", "2012": "$201,713", "2011": "$197,429", "2010": "$142,718", "2009": "$143,455", "2008": "$160,857", "2007": "$131,244", "2006": "$100,101", "2005": "$91,601"}, "State Street Quarterly Total Liabilities (Millions of US $)": {"2020-09-30": "$246,517", "2020-06-30": "$255,369", "2020-03-31": "$338,666", "2019-12-31": "$221,179", "2019-09-30": "$219,397", "2019-06-30": "$216,086", "2019-03-31": "$203,294", "2018-12-31": "$219,859", "2018-09-30": "$209,454", "2018-06-30": "$225,737", "2018-03-31": "$227,887", "2017-12-31": "$216,108", "2017-09-30": "$213,489", "2017-06-30": "$216,206", "2017-03-31": "$215,508", "2016-12-31": "$221,479", "2016-09-30": "$233,959", "2016-06-30": "$233,282", "2016-03-31": "$222,157", "2015-12-31": "$224,020", "2015-09-30": "$225,742", "2015-06-30": "$273,071", "2015-03-31": "$258,657", "2014-12-31": "$252,791", "2014-09-30": "$253,649", "2014-06-30": "$260,624", "2014-03-31": "$235,390", "2013-12-31": "$222,913", "2013-09-30": "$196,750", "2013-06-30": "$207,219", "2013-03-31": "$197,320", "2012-12-31": "$201,713", "2012-09-30": "$183,773", "2012-06-30": "$180,880", "2012-03-31": "$167,797", "2011-12-31": "$197,429", "2011-09-30": "$189,144", "2011-06-30": "$170,621", "2011-03-31": "$152,616", "2010-12-31": "$142,718", "2010-09-30": "$155,395", "2010-06-30": "$146,016", "2010-03-31": "$138,561", "2009-12-31": "$143,455", "2009-09-30": "$149,837", "2009-06-30": "$141,318", "2009-03-31": "$128,286", "2008-12-31": "$160,857", "2008-09-30": "$272,500", "2008-06-30": "$132,182", "2008-03-31": "$143,543", "2007-12-31": "$131,244", "2007-09-30": "$128,638", "2007-06-30": "$104,520", "2007-03-31": "$102,536", "2006-12-31": "$100,101", "2006-09-30": "$105,295", "2006-06-30": "$96,067", "2006-03-31": "$97,743", "2005-12-31": "$91,601", "2005-09-30": "$97,899", "2005-06-30": "$98,006", "2005-03-31": "$94,069"}}, "total-share-holder-equity": {"State Street Annual Share Holder Equity (Millions of US $)": {"2019": "$24,431", "2018": "$24,737", "2017": "$22,317", "2016": "$21,219", "2015": "$21,135", "2014": "$21,328", "2013": "$20,378", "2012": "$20,869", "2011": "$19,398", "2010": "$17,787", "2009": "$14,491", "2008": "$12,774", "2007": "$11,299", "2006": "$7,252", "2005": "$6,367"}, "State Street Quarterly Share Holder Equity (Millions of US $)": {"2020-09-30": "$25,558", "2020-06-30": "$24,873", "2020-03-31": "$23,861", "2019-12-31": "$24,431", "2019-09-30": "$25,209", "2019-06-30": "$25,454", "2019-03-31": "$25,038", "2018-12-31": "$24,737", "2018-09-30": "$24,553", "2018-06-30": "$22,571", "2018-03-31": "$22,399", "2017-12-31": "$22,317", "2017-09-30": "$22,497", "2017-06-30": "$22,068", "2017-03-31": "$21,294", "2016-12-31": "$21,219", "2016-09-30": "$22,181", "2016-06-30": "$22,104", "2016-03-31": "$21,528", "2015-12-31": "$21,135", "2015-09-30": "$21,532", "2015-06-30": "$21,500", "2015-03-31": "$20,819", "2014-12-31": "$21,328", "2014-09-30": "$21,156", "2014-06-30": "$21,700", "2014-03-31": "$21,273", "2013-12-31": "$20,378", "2013-09-30": "$20,430", "2013-06-30": "$20,081", "2013-03-31": "$20,869", "2012-12-31": "$20,869", "2012-09-30": "$20,749", "2012-06-30": "$19,897", "2012-03-31": "$20,159", "2011-12-31": "$19,398", "2011-09-30": "$19,651", "2011-06-30": "$19,834", "2011-03-31": "$19,180", "2010-12-31": "$17,787", "2010-09-30": "$17,569", "2010-06-30": "$16,059", "2010-03-31": "$15,410", "2009-12-31": "$14,491", "2009-09-30": "$13,440", "2009-06-30": "$12,103", "2009-03-31": "$13,858", "2008-12-31": "$12,774", "2008-09-30": "$13,064", "2008-06-30": "$14,039", "2008-03-31": "$10,806", "2007-12-31": "$11,299", "2007-09-30": "$11,250", "2007-06-30": "$7,748", "2007-03-31": "$7,467", "2006-12-31": "$7,252", "2006-09-30": "$7,015", "2006-06-30": "$6,469", "2006-03-31": "$6,413", "2005-12-31": "$6,367", "2005-09-30": "$6,104", "2005-06-30": "$6,248", "2005-03-31": "$6,025"}}, "profit-margins": {"current": "20.04%"}, "gross margin": {"2020-12-31": "96.90%", "2020-09-30": "94.94%", "2020-06-30": "92.67%", "2020-03-31": "90.66%", "2019-12-31": "89.53%", "2019-09-30": "89.41%", "2019-06-30": "90.25%", "2019-03-31": "91.39%", "2018-12-31": "92.45%", "2018-09-30": "93.14%", "2018-06-30": "93.70%", "2018-03-31": "94.50%", "2017-12-31": "94.91%", "2017-09-30": "95.39%", "2017-06-30": "95.70%", "2017-03-31": "95.84%", "2016-12-31": "95.98%", "2016-09-30": "95.92%", "2016-06-30": "95.99%", "2016-03-31": "96.05%", "2015-12-31": "96.28%", "2015-09-30": "96.37%", "2015-06-30": "96.36%", "2015-03-31": "96.40%", "2014-12-31": "96.32%", "2014-09-30": "96.29%", "2014-06-30": "96.28%", "2014-03-31": "96.12%", "2013-12-31": "96.00%", "2013-09-30": "95.89%", "2013-06-30": "95.73%", "2013-03-31": "95.58%", "2012-12-31": "95.30%", "2012-09-30": "94.78%", "2012-06-30": "94.45%", "2012-03-31": "94.19%", "2011-12-31": "93.99%", "2011-09-30": "93.65%", "2011-06-30": "93.29%", "2011-03-31": "92.77%", "2010-12-31": "92.15%", "2010-09-30": "92.32%", "2010-06-30": "92.30%", "2010-03-31": "92.11%", "2009-12-31": "92.29%", "2009-09-30": "88.92%", "2009-06-30": "86.82%", "2009-03-31": "85.33%", "2008-12-31": "82.75%", "2008-09-30": "80.50%", "2008-06-30": "77.10%", "2008-03-31": "73.65%", "2007-12-31": "70.54%", "2007-09-30": "68.16%", "2007-06-30": "66.44%", "2007-03-31": "65.83%", "2006-12-31": "66.26%", "2006-09-30": "67.62%", "2006-06-30": "69.50%", "2006-03-31": "70.97%", "2005-12-31": "73.01%"}, "operating margin": {"2020-12-31": "24.42%", "2020-09-30": "23.77%", "2020-06-30": "23.37%", "2020-03-31": "22.34%", "2019-12-31": "21.24%", "2019-09-30": "20.39%", "2019-06-30": "21.54%", "2019-03-31": "22.69%", "2018-12-31": "23.81%", "2018-09-30": "27.19%", "2018-06-30": "27.38%", "2018-03-31": "27.86%", "2017-12-31": "27.47%", "2017-09-30": "23.75%", "2017-06-30": "22.75%", "2017-03-31": "22.21%", "2016-12-31": "21.90%", "2016-09-30": "24.67%", "2016-06-30": "24.50%", "2016-03-31": "22.05%", "2015-12-31": "21.59%", "2015-09-30": "20.67%", "2015-06-30": "21.20%", "2015-03-31": "24.00%", "2014-12-31": "24.10%", "2014-09-30": "24.75%", "2014-06-30": "25.37%", "2014-03-31": "25.61%", "2013-12-31": "27.02%", "2013-09-30": "27.92%", "2013-06-30": "30.38%", "2013-03-31": "29.74%", "2012-12-31": "29.54%", "2012-09-30": "29.34%", "2012-06-30": "26.51%", "2012-03-31": "26.66%", "2011-12-31": "27.48%", "2011-09-30": "25.64%", "2011-06-30": "26.79%", "2011-03-31": "23.68%", "2010-12-31": "24.06%", "2010-09-30": "26.12%", "2010-06-30": "25.75%", "2010-03-31": "29.98%", "2009-12-31": "30.16%", "2009-09-30": "27.86%", "2009-06-30": "26.84%", "2009-03-31": "25.85%", "2008-12-31": "25.25%", "2008-09-30": "27.07%", "2008-06-30": "25.89%", "2008-03-31": "24.35%", "2007-12-31": "22.85%", "2007-09-30": "20.28%", "2007-06-30": "19.26%", "2007-03-31": "18.98%", "2006-12-31": "19.04%", "2006-09-30": "18.87%", "2006-06-30": "19.29%", "2006-03-31": "18.93%", "2005-12-31": "19.10%"}, "ebitda margin": {"2020-09-30": "0.00%", "2020-06-30": "0.00%", "2020-03-31": "0.00%", "2019-12-31": "0.00%", "2019-09-30": "0.00%", "2019-06-30": "0.00%", "2019-03-31": "0.00%", "2018-12-31": "0.00%", "2018-09-30": "0.00%", "2018-06-30": "0.00%", "2018-03-31": "0.00%", "2017-12-31": "0.00%", "2017-09-30": "0.00%", "2017-06-30": "0.00%", "2017-03-31": "0.00%", "2016-12-31": "0.00%", "2016-09-30": "0.00%", "2016-06-30": "0.00%", "2016-03-31": "0.00%", "2015-12-31": "0.00%", "2015-09-30": "0.00%", "2015-06-30": "0.00%", "2015-03-31": "0.00%", "2014-12-31": "0.00%", "2014-09-30": "0.00%", "2014-06-30": "0.00%", "2014-03-31": "0.00%", "2013-12-31": "0.00%", "2013-09-30": "0.00%", "2013-06-30": "0.00%", "2013-03-31": "0.00%", "2012-12-31": "0.00%", "2012-09-30": "0.00%", "2012-06-30": "0.00%", "2012-03-31": "0.00%", "2011-12-31": "0.00%", "2011-09-30": "0.00%", "2011-06-30": "0.00%", "2011-03-31": "0.00%", "2010-12-31": "0.00%", "2010-09-30": "0.00%", "2010-06-30": "0.00%", "2010-03-31": "0.00%", "2009-12-31": "0.00%", "2009-09-30": "0.00%", "2009-06-30": "0.00%", "2009-03-31": "0.00%", "2008-12-31": "0.00%", "2008-09-30": "0.00%", "2008-06-30": "0.00%", "2008-03-31": "0.00%", "2007-12-31": "0.00%", "2007-09-30": "0.00%", "2007-06-30": "0.00%", "2007-03-31": "0.00%", "2006-12-31": "0.00%", "2006-09-30": "0.00%", "2006-06-30": "0.00%", "2006-03-31": "0.00%", "2005-12-31": "0.00%"}, "pre tax profit margin": {"2020-12-31": "24.00%", "2020-09-30": "23.23%", "2020-06-30": "22.76%", "2020-03-31": "21.74%", "2019-12-31": "20.65%", "2019-09-30": "19.84%", "2019-06-30": "21.19%", "2019-03-31": "22.44%", "2018-12-31": "23.63%", "2018-09-30": "26.17%", "2018-06-30": "26.08%", "2018-03-31": "25.94%", "2017-12-31": "25.23%", "2017-09-30": "22.21%", "2017-06-30": "21.08%", "2017-03-31": "20.97%", "2016-12-31": "19.93%", "2016-09-30": "23.05%", "2016-06-30": "23.19%", "2016-03-31": "20.90%", "2015-12-31": "21.36%", "2015-09-30": "20.01%", "2015-06-30": "20.45%", "2015-03-31": "23.02%", "2014-12-31": "22.85%", "2014-09-30": "23.63%", "2014-06-30": "24.15%", "2014-03-31": "24.36%", "2013-12-31": "25.95%", "2013-09-30": "25.86%", "2013-06-30": "28.32%", "2013-03-31": "27.59%", "2012-12-31": "27.32%", "2012-09-30": "27.00%", "2012-06-30": "23.64%", "2012-03-31": "24.02%", "2011-12-31": "24.85%", "2011-09-30": "22.66%", "2011-06-30": "24.41%", "2011-03-31": "21.03%", "2010-12-31": "21.47%", "2010-09-30": "25.25%", "2010-06-30": "22.47%", "2010-03-31": "26.94%", "2009-12-31": "26.97%", "2009-09-30": "21.72%", "2009-06-30": "23.28%", "2009-03-31": "22.37%", "2008-12-31": "21.99%", "2008-09-30": "21.36%", "2008-06-30": "19.27%", "2008-03-31": "17.76%", "2007-12-31": "16.10%", "2007-09-30": "18.60%", "2007-06-30": "18.84%", "2007-03-31": "18.55%", "2006-12-31": "18.59%", "2006-09-30": "18.87%", "2006-06-30": "19.29%", "2006-03-31": "18.93%", "2005-12-31": "19.10%"}, "net profit margin": {"2020-12-31": "18.69%", "2020-09-30": "18.06%", "2020-06-30": "17.54%", "2020-03-31": "16.30%", "2019-12-31": "15.30%", "2019-09-30": "14.58%", "2019-06-30": "15.98%", "2019-03-31": "17.15%", "2018-12-31": "18.32%", "2018-09-30": "17.94%", "2018-06-30": "17.64%", "2018-03-31": "17.26%", "2017-12-31": "16.61%", "2017-09-30": "19.47%", "2017-06-30": "18.86%", "2017-03-31": "19.32%", "2016-12-31": "18.50%", "2016-09-30": "18.38%", "2016-06-30": "18.71%", "2016-03-31": "16.82%", "2015-12-31": "17.17%", "2015-09-30": "16.25%", "2015-06-30": "16.33%", "2015-03-31": "18.33%", "2014-12-31": "18.36%", "2014-09-30": "18.66%", "2014-06-30": "18.84%", "2014-03-31": "18.59%", "2013-12-31": "19.62%", "2013-09-30": "19.68%", "2013-06-30": "20.98%", "2013-03-31": "20.35%", "2012-12-31": "19.94%", "2012-09-30": "19.15%", "2012-06-30": "17.84%", "2012-03-31": "17.88%", "2011-12-31": "18.44%", "2011-09-30": "15.99%", "2011-06-30": "16.10%", "2011-03-31": "15.57%", "2010-12-31": "15.85%", "2010-09-30": "19.66%", "2010-06-30": "17.66%", "2010-03-31": "-20.59%", "2009-12-31": "-21.83%", "2009-09-30": "-22.72%", "2009-06-30": "-19.58%", "2009-03-31": "14.37%", "2008-12-31": "13.84%", "2008-09-30": "13.63%", "2008-06-30": "12.83%", "2008-03-31": "11.80%", "2007-12-31": "10.67%", "2007-09-30": "12.28%", "2007-06-30": "12.46%", "2007-03-31": "11.45%", "2006-12-31": "11.61%", "2006-09-30": "11.59%", "2006-06-30": "10.59%", "2006-03-31": "11.28%", "2005-12-31": "11.18%"}, "pe ratio": {"current": "11.18", "2021-02-05": "15.17", "2020-12-31": "14.76", "2020-09-30": "8.85", "2020-06-30": "9.43", "2020-03-31": "8.40", "2019-12-31": "13.30", "2019-09-30": "11.24", "2019-06-30": "9.69", "2019-03-31": "10.41", "2018-12-31": "9.22", "2018-09-30": "12.55", "2018-06-30": "14.35", "2018-03-31": "16.24", "2017-12-31": "17.25", "2017-09-30": "15.24", "2017-06-30": "15.23", "2017-03-31": "13.60", "2016-12-31": "14.17", "2016-09-30": "12.87", "2016-06-30": "9.85", "2016-03-31": "11.90", "2015-12-31": "13.09", "2015-09-30": "13.49", "2015-06-30": "15.59", "2015-03-31": "13.46", "2014-12-31": "14.58", "2014-09-30": "13.68", "2014-06-30": "12.70", "2014-03-31": "13.48", "2013-12-31": "13.65", "2013-09-30": "12.80", "2013-06-30": "12.12", "2013-03-31": "11.59", "2012-12-31": "9.47", "2012-09-30": "8.92", "2012-06-30": "10.10", "2012-03-31": "10.18", "2011-12-31": "8.78", "2011-09-30": "8.29", "2011-06-30": "11.63", "2011-03-31": "12.04", "2010-12-31": "12.13", "2010-09-30": "7.75", "2010-06-30": "7.79", "2010-03-31": "0.00", "2009-12-31": "0.00", "2009-09-30": "0.00", "2009-06-30": "0.00", "2009-03-31": "6.91", "2008-12-31": "8.08", "2008-09-30": "10.49", "2008-06-30": "12.25", "2008-03-31": "16.15", "2007-12-31": "18.54", "2007-09-30": "14.33", "2007-06-30": "14.64", "2007-03-31": "15.45", "2006-12-31": "16.34"}, "price sales": {"2021-02-05": "2.21", "2020-12-31": "2.15", "2020-09-30": "1.71", "2020-06-30": "1.77", "2020-03-31": "1.47", "2019-12-31": "2.19", "2019-09-30": "1.63", "2019-06-30": "1.54", "2019-03-31": "1.78", "2018-12-31": "1.69", "2018-09-30": "2.28", "2018-06-30": "2.56", "2018-03-31": "2.84", "2017-12-31": "2.90", "2017-09-30": "2.98", "2017-06-30": "2.88", "2017-03-31": "2.64", "2016-12-31": "2.64", "2016-09-30": "2.38", "2016-06-30": "1.85", "2016-03-31": "2.02", "2015-12-31": "2.27", "2015-09-30": "2.30", "2015-06-30": "2.66", "2015-03-31": "2.56", "2014-12-31": "2.78", "2014-09-30": "2.67", "2014-06-30": "2.50", "2014-03-31": "2.62", "2013-12-31": "2.80", "2013-09-30": "2.53", "2013-06-30": "2.55", "2013-03-31": "2.37", "2012-12-31": "1.90", "2012-09-30": "1.71", "2012-06-30": "1.81", "2012-03-31": "1.83", "2011-12-31": "1.62", "2011-09-30": "1.32", "2011-06-30": "1.87", "2011-03-31": "1.88", "2010-12-31": "1.93", "2010-09-30": "1.51", "2010-06-30": "1.37", "2010-03-31": "1.83", "2009-12-31": "1.76", "2009-09-30": "1.88", "2009-06-30": "1.51", "2009-03-31": "0.89", "2008-12-31": "1.02", "2008-09-30": "1.40", "2008-06-30": "1.54", "2008-03-31": "1.88", "2007-12-31": "1.97", "2007-09-30": "1.73", "2007-06-30": "1.80", "2007-03-31": "1.74", "2006-12-31": "1.87"}, "price book": {"current": "1.11", "2021-02-05": "1.03", "2020-09-30": "0.81", "2020-06-30": "0.89", "2020-03-31": "0.77", "2019-12-31": "1.12", "2019-09-30": "0.82", "2019-06-30": "0.78", "2019-03-31": "0.93", "2018-12-31": "0.91", "2018-09-30": "1.21", "2018-06-30": "1.41", "2018-03-31": "1.51", "2017-12-31": "1.49", "2017-09-30": "1.45", "2017-06-30": "1.39", "2017-03-31": "1.28", "2016-12-31": "1.27", "2016-09-30": "1.09", "2016-06-30": "0.85", "2016-03-31": "0.96", "2015-12-31": "1.11", "2015-09-30": "1.11", "2015-06-30": "1.28", "2015-03-31": "1.27", "2014-12-31": "1.33", "2014-09-30": "1.27", "2014-06-30": "1.14", "2014-03-31": "1.21", "2013-12-31": "1.34", "2013-09-30": "1.21", "2013-06-30": "1.24", "2013-03-31": "1.09", "2012-12-31": "0.87", "2012-09-30": "0.80", "2012-06-30": "0.90", "2012-03-31": "0.92", "2011-12-31": "0.84", "2011-09-30": "0.66", "2011-06-30": "0.93", "2011-03-31": "0.96", "2010-12-31": "1.06", "2010-09-30": "0.87", "2010-06-30": "0.86", "2010-03-31": "1.19", "2009-12-31": "1.21", "2009-09-30": "1.57", "2009-06-30": "1.56", "2009-03-31": "0.78", "2008-12-31": "1.08", "2008-09-30": "1.51", "2008-06-30": "1.57", "2008-03-31": "2.27", "2007-12-31": "2.21", "2007-09-30": "1.85", "2007-06-30": "2.35", "2007-03-31": "2.29", "2006-12-31": "2.43", "2006-09-30": "2.30", "2006-06-30": "2.32", "2006-03-31": "2.44"}, "price fcf": {"2021-02-05": "", "2020-09-30": "$1.55", "2020-06-30": "$29.37", "2020-03-31": "$26.20", "2019-12-31": "$13.27", "2019-09-30": "$13.65", "2019-06-30": "$15.22", "2019-03-31": "$10.86", "2018-12-31": "$25.41", "2018-09-30": "$35.69", "2018-06-30": "$15.35", "2018-03-31": "$20.51", "2017-12-31": "$16.58", "2017-09-30": "$3.28", "2017-06-30": "$2.14", "2017-03-31": "$6.24", "2016-12-31": "$4.23", "2016-09-30": "$12.40", "2016-06-30": "$18.24", "2016-03-31": "$0.84", "2015-12-31": "$-5.09", "2015-09-30": "$-12.27", "2015-06-30": "$-14.25", "2015-03-31": "$-5.66", "2014-12-31": "$-2.29", "2014-09-30": "$-6.39", "2014-06-30": "$-0.60", "2014-03-31": "$-1.77", "2013-12-31": "$-5.30", "2013-09-30": "$-0.95", "2013-06-30": "$1.43", "2013-03-31": "$2.75", "2012-12-31": "$3.28", "2012-09-30": "$8.56", "2012-06-30": "$8.23", "2012-03-31": "$7.17", "2011-12-31": "$6.20", "2011-09-30": "$-0.52", "2011-06-30": "$-10.03", "2011-03-31": "$-2.32", "2010-12-31": "$1.13", "2010-09-30": "$1.67", "2010-06-30": "$8.55", "2010-03-31": "$0.56", "2009-12-31": "$-9.61", "2009-09-30": "$-6.92", "2009-06-30": "$-15.45", "2009-03-31": "$-7.59", "2008-12-31": "$-6.15", "2008-09-30": "$-3.20", "2008-06-30": "$4.93", "2008-03-31": "$2.55", "2007-12-31": "$6.74", "2007-09-30": "$3.38", "2007-06-30": "$1.45", "2007-03-31": "$0.63", "2006-12-31": "$2.00"}, "net worth": {"value": "$26.38B"}, "current ratio": {"2020-12-31": "0.57", "2020-09-30": "0.50", "2020-06-30": "0.54", "2020-03-31": "0.59", "2019-12-31": "0.50", "2019-09-30": "0.48", "2019-06-30": "0.48", "2019-03-31": "0.45", "2018-12-31": "0.53", "2018-09-30": "0.50", "2018-06-30": "0.52", "2018-03-31": "0.56", "2017-12-31": "0.49", "2017-09-30": "0.48", "2017-06-30": "0.48", "2017-03-31": "0.48", "2016-12-31": "0.47", "2016-09-30": "0.50", "2016-06-30": "0.47", "2016-03-31": "0.45", "2015-12-31": "0.48", "2015-09-30": "0.49", "2015-06-30": "0.56", "2015-03-31": "0.48", "2014-12-31": "0.49", "2014-09-30": "0.47", "2014-06-30": "0.51", "2014-03-31": "0.47", "2013-12-31": "0.42", "2013-09-30": "0.36", "2013-06-30": "0.38", "2013-03-31": "0.37", "2012-12-31": "0.38", "2012-09-30": "0.35", "2012-06-30": "0.35", "2012-03-31": "0.32", "2011-12-31": "0.43", "2011-09-30": "0.37", "2011-06-30": "0.34", "2011-03-31": "0.29", "2010-12-31": "0.32", "2010-09-30": "0.34", "2010-06-30": "0.31", "2010-03-31": "0.33", "2009-12-31": "0.33", "2009-09-30": "0.34", "2009-06-30": "0.38", "2009-03-31": "0.45", "2008-12-31": "0.46", "2008-09-30": "0.45", "2008-06-30": "0.48", "2008-03-31": "0.48", "2007-12-31": "0.43", "2007-09-30": "0.38", "2007-06-30": "0.36", "2007-03-31": "0.35", "2006-12-31": "0.36", "2006-09-30": "0.38", "2006-06-30": "0.39", "2006-03-31": "0.40", "2005-12-31": "0.37", "2005-09-30": "0.43", "2005-06-30": "0.46", "2005-03-31": "0.50"}, "quick ratio": {"2020-12-31": "0.00", "2020-09-30": "0.00", "2020-06-30": "0.00", "2020-03-31": "0.00", "2019-12-31": "0.00", "2019-09-30": "0.00", "2019-06-30": "0.00", "2019-03-31": "0.00", "2018-12-31": "0.00", "2018-09-30": "0.00", "2018-06-30": "0.00", "2018-03-31": "0.00", "2017-12-31": "0.00", "2017-09-30": "0.00", "2017-06-30": "0.00", "2017-03-31": "0.00", "2016-12-31": "0.00", "2016-09-30": "0.00", "2016-06-30": "0.00", "2016-03-31": "0.00", "2015-12-31": "0.00", "2015-09-30": "0.00", "2015-06-30": "0.00", "2015-03-31": "0.00", "2014-12-31": "0.00", "2014-09-30": "0.00", "2014-06-30": "0.00", "2014-03-31": "0.00", "2013-12-31": "0.00", "2013-09-30": "0.00", "2013-06-30": "0.00", "2013-03-31": "0.00", "2012-12-31": "0.00", "2012-09-30": "0.00", "2012-06-30": "0.00", "2012-03-31": "0.00", "2011-12-31": "0.00", "2011-09-30": "0.00", "2011-06-30": "0.00", "2011-03-31": "0.00", "2010-12-31": "0.00", "2010-09-30": "0.00", "2010-06-30": "0.00", "2010-03-31": "0.00", "2009-12-31": "0.00", "2009-09-30": "0.00", "2009-06-30": "0.00", "2009-03-31": "0.00", "2008-12-31": "0.00", "2008-09-30": "0.00", "2008-06-30": "0.00", "2008-03-31": "0.00", "2007-12-31": "0.00", "2007-09-30": "0.00", "2007-06-30": "0.00", "2007-03-31": "0.00", "2006-12-31": "0.00", "2006-09-30": "0.00", "2006-06-30": "0.00", "2006-03-31": "0.00", "2005-12-31": "0.00", "2005-09-30": "0.00", "2005-06-30": "0.00", "2005-03-31": "0.00"}, "debt equity ratio": {"current": "0.58", "2020-12-31": "11.01", "2020-09-30": "9.65", "2020-06-30": "10.27", "2020-03-31": "14.19", "2019-12-31": "9.05", "2019-09-30": "8.70", "2019-06-30": "8.49", "2019-03-31": "8.12", "2018-12-31": "8.89", "2018-09-30": "8.53", "2018-06-30": "10.00", "2018-03-31": "10.17", "2017-12-31": "9.68", "2017-09-30": "9.49", "2017-06-30": "9.80", "2017-03-31": "10.12", "2016-12-31": "10.44", "2016-09-30": "10.55", "2016-06-30": "10.55", "2016-03-31": "10.32", "2015-12-31": "10.60", "2015-09-30": "10.48", "2015-06-30": "12.70", "2015-03-31": "12.42", "2014-12-31": "11.85", "2014-09-30": "11.99", "2014-06-30": "12.01", "2014-03-31": "11.07", "2013-12-31": "10.94", "2013-09-30": "9.63", "2013-06-30": "10.32", "2013-03-31": "9.46", "2012-12-31": "9.67", "2012-09-30": "8.86", "2012-06-30": "9.09", "2012-03-31": "8.32", "2011-12-31": "10.18", "2011-09-30": "9.63", "2011-06-30": "8.60", "2011-03-31": "7.96", "2010-12-31": "8.02", "2010-09-30": "8.85", "2010-06-30": "9.09", "2010-03-31": "8.99", "2009-12-31": "9.90", "2009-09-30": "11.15", "2009-06-30": "11.68", "2009-03-31": "9.26", "2008-12-31": "12.59", "2008-09-30": "20.86", "2008-06-30": "9.42", "2008-03-31": "13.28", "2007-12-31": "11.62", "2007-09-30": "11.43", "2007-06-30": "13.49", "2007-03-31": "13.73", "2006-12-31": "13.80", "2006-09-30": "15.01", "2006-06-30": "14.85", "2006-03-31": "15.24", "2005-12-31": "14.39", "2005-09-30": "16.04", "2005-06-30": "15.69", "2005-03-31": "15.61"}, "return on equity": {"2020-12-31": "8.98%", "2020-09-30": "9.12%", "2020-06-30": "9.20%", "2020-03-31": "8.64%", "2019-12-31": "8.03%", "2019-09-30": "7.62%", "2019-06-30": "8.39%", "2019-03-31": "9.30%", "2018-12-31": "10.20%", "2018-09-30": "10.11%", "2018-06-30": "9.99%", "2018-03-31": "9.54%", "2017-12-31": "8.95%", "2017-09-30": "10.18%", "2017-06-30": "9.65%", "2017-03-31": "9.65%", "2016-12-31": "9.04%", "2016-09-30": "9.01%", "2016-06-30": "9.22%", "2016-03-31": "8.37%", "2015-12-31": "8.70%", "2015-09-30": "8.26%", "2015-06-30": "8.31%", "2015-03-31": "9.29%", "2014-12-31": "9.16%", "2014-09-30": "9.27%", "2014-06-30": "9.30%", "2014-03-31": "9.33%", "2013-12-31": "9.86%", "2013-09-30": "9.85%", "2013-06-30": "10.41%", "2013-03-31": "9.99%", "2012-12-31": "9.89%", "2012-09-30": "9.59%", "2012-06-30": "9.16%", "2012-03-31": "9.28%", "2011-12-31": "9.64%", "2011-09-30": "8.33%", "2011-06-30": "8.55%", "2011-03-31": "8.58%", "2010-12-31": "9.22%", "2010-09-30": "12.32%", "2010-06-30": "11.74%", "2010-03-31": "-14.41%", "2009-12-31": "-15.17%", "2009-09-30": "-17.69%", "2009-06-30": "-16.66%", "2009-03-31": "12.68%", "2008-12-31": "14.12%", "2008-09-30": "14.45%", "2008-06-30": "14.00%", "2008-03-31": "14.37%", "2007-12-31": "13.36%", "2007-09-30": "15.98%", "2007-06-30": "17.19%", "2007-03-31": "16.00%", "2006-12-31": "16.30%", "2006-09-30": "15.93%", "2006-06-30": "14.37%", "2006-03-31": "14.39%", "2005-12-31": "13.55%"}, "return on assets": {"2020-12-31": "0.73%", "2020-09-30": "0.78%", "2020-06-30": "0.80%", "2020-03-31": "0.78%", "2019-12-31": "0.84%", "2019-09-30": "0.80%", "2019-06-30": "0.88%", "2019-03-31": "0.94%", "2018-12-31": "0.98%", "2018-09-30": "0.96%", "2018-06-30": "0.92%", "2018-03-31": "0.88%", "2017-12-31": "0.83%", "2017-09-30": "0.93%", "2017-06-30": "0.86%", "2017-03-31": "0.85%", "2016-12-31": "0.79%", "2016-09-30": "0.78%", "2016-06-30": "0.80%", "2016-03-31": "0.70%", "2015-12-31": "0.69%", "2015-09-30": "0.64%", "2015-06-30": "0.63%", "2015-03-31": "0.71%", "2014-12-31": "0.72%", "2014-09-30": "0.74%", "2014-06-30": "0.78%", "2014-03-31": "0.81%", "2013-12-31": "0.89%", "2013-09-30": "0.91%", "2013-06-30": "0.98%", "2013-03-31": "0.97%", "2012-12-31": "0.99%", "2012-09-30": "0.95%", "2012-06-30": "0.89%", "2012-03-31": "0.91%", "2011-12-31": "0.96%", "2011-09-30": "0.87%", "2011-06-30": "0.91%", "2011-03-31": "0.91%", "2010-12-31": "0.95%", "2010-09-30": "1.21%", "2010-06-30": "1.09%", "2010-03-31": "-1.27%", "2009-12-31": "-1.33%", "2009-09-30": "-1.46%", "2009-06-30": "-1.14%", "2009-03-31": "0.91%", "2008-12-31": "0.94%", "2008-09-30": "0.98%", "2008-06-30": "1.14%", "2008-03-31": "1.08%", "2007-12-31": "1.00%", "2007-09-30": "1.15%", "2007-06-30": "1.15%", "2007-03-31": "1.04%", "2006-12-31": "1.04%", "2006-09-30": "1.00%", "2006-06-30": "0.89%", "2006-03-31": "0.88%", "2005-12-31": "0.82%"}, "return on investments": {"2020-12-31": "7.41%", "2020-09-30": "7.59%", "2020-06-30": "7.86%", "2020-03-31": "7.82%", "2019-12-31": "7.61%", "2019-09-30": "7.35%", "2019-06-30": "7.85%", "2019-03-31": "8.52%", "2018-12-31": "9.12%", "2018-09-30": "10.41%", "2018-06-30": "10.35%", "2018-03-31": "10.16%", "2017-12-31": "9.69%", "2017-09-30": "8.11%", "2017-06-30": "7.59%", "2017-03-31": "7.22%", "2016-12-31": "7.03%", "2016-09-30": "7.93%", "2016-06-30": "7.89%", "2016-03-31": "7.31%", "2015-12-31": "7.33%", "2015-09-30": "7.13%", "2015-06-30": "7.49%", "2015-03-31": "8.46%", "2014-12-31": "8.35%", "2014-09-30": "8.53%", "2014-06-30": "8.69%", "2014-03-31": "8.88%", "2013-12-31": "9.53%", "2013-09-30": "10.02%", "2013-06-30": "11.04%", "2013-03-31": "10.93%", "2012-12-31": "10.87%", "2012-09-30": "10.78%", "2012-06-30": "9.79%", "2012-03-31": "9.68%", "2011-12-31": "9.90%", "2011-09-30": "9.10%", "2011-06-30": "9.56%", "2011-03-31": "8.70%", "2010-12-31": "9.23%", "2010-09-30": "10.58%", "2010-06-30": "10.77%", "2010-03-31": "12.79%", "2009-12-31": "12.70%", "2009-09-30": "13.67%", "2009-06-30": "15.23%", "2009-03-31": "16.39%", "2008-12-31": "19.34%", "2008-09-30": "21.65%", "2008-06-30": "21.27%", "2008-03-31": "21.53%", "2007-12-31": "20.89%", "2007-09-30": "19.08%", "2007-06-30": "18.91%", "2007-03-31": "19.35%", "2006-12-31": "19.30%", "2006-09-30": "18.54%", "2006-06-30": "18.61%", "2006-03-31": "17.18%", "2005-12-31": "16.49%"}, "return on tangible equity": {"2020-09-30": "14.82%", "2020-06-30": "15.01%", "2020-03-31": "14.10%", "2019-12-31": "13.07%", "2019-09-30": "12.43%", "2019-06-30": "13.29%", "2019-03-31": "14.45%", "2018-12-31": "15.55%", "2018-09-30": "15.07%", "2018-06-30": "15.10%", "2018-03-31": "14.51%", "2017-12-31": "13.67%", "2017-09-30": "15.65%", "2017-06-30": "14.89%", "2017-03-31": "14.82%", "2016-12-31": "13.84%", "2016-09-30": "13.76%", "2016-06-30": "14.09%", "2016-03-31": "12.90%", "2015-12-31": "13.48%", "2015-09-30": "12.88%", "2015-06-30": "13.11%", "2015-03-31": "14.82%", "2014-12-31": "14.79%", "2014-09-30": "15.23%", "2014-06-30": "15.47%", "2014-03-31": "15.75%", "2013-12-31": "16.71%", "2013-09-30": "16.65%", "2013-06-30": "17.39%", "2013-03-31": "16.59%", "2012-12-31": "16.45%", "2012-09-30": "16.00%", "2012-06-30": "15.48%", "2012-03-31": "15.83%", "2011-12-31": "16.69%", "2011-09-30": "14.67%", "2011-06-30": "15.46%", "2011-03-31": "16.11%", "2010-12-31": "17.15%", "2010-09-30": "22.73%", "2010-06-30": "21.63%", "2010-03-31": "-26.57%", "2009-12-31": "-28.69%", "2009-09-30": "-34.50%", "2009-06-30": "-32.73%", "2009-03-31": "24.21%", "2008-12-31": "28.71%", "2008-09-30": "30.56%", "2008-06-30": "31.20%", "2008-03-31": "31.06%", "2007-12-31": "25.53%", "2007-09-30": "26.35%", "2007-06-30": "24.16%", "2007-03-31": "22.20%", "2006-12-31": "22.24%", "2006-09-30": "21.99%", "2006-06-30": "20.08%", "2006-03-31": "20.33%", "2005-12-31": "19.45%"}, "dividend yield history": {"last payout": "$2.08", "last yield": "2.78%"}}