{"ticker": "STLD", "price": {"title": "Steel Dynamics Historical Annual Stock Price Data", "value": 37.63, "historical": {"2021": {"Average Stock Price": "38.1525", "Year Open": "36.6200", "Year High": "41.7800", "Year Low": "34.2700", "Year Close": "37.6300", "Annual % Change": "2.06%"}, "2020": {"Average Stock Price": "28.9775", "Year Open": "33.8000", "Year High": "39.6100", "Year Low": "15.5000", "Year Close": "36.8700", "Annual % Change": "8.31%"}, "2019": {"Average Stock Price": "31.8522", "Year Open": "30.4500", "Year High": "39.0600", "Year Low": "25.1500", "Year Close": "34.0400", "Annual % Change": "13.32%"}, "2018": {"Average Stock Price": "44.2956", "Year Open": "44.8600", "Year High": "51.3800", "Year Low": "29.0500", "Year Close": "30.0400", "Annual % Change": "-30.35%"}, "2017": {"Average Stock Price": "35.9597", "Year Open": "36.2100", "Year High": "43.8200", "Year Low": "32.6700", "Year Close": "43.1300", "Annual % Change": "21.22%"}, "2016": {"Average Stock Price": "25.1202", "Year Open": "17.7600", "Year High": "39.0300", "Year Low": "15.8600", "Year Close": "35.5800", "Annual % Change": "99.10%"}, "2015": {"Average Stock Price": "19.3519", "Year Open": "19.9000", "Year High": "22.4850", "Year Low": "16.5600", "Year Close": "17.8700", "Annual % Change": "-9.47%"}, "2014": {"Average Stock Price": "19.7630", "Year Open": "19.2000", "Year High": "24.9500", "Year Low": "15.8300", "Year Close": "19.7400", "Annual % Change": "1.02%"}, "2013": {"Average Stock Price": "16.1279", "Year Open": "14.2800", "Year High": "19.7000", "Year Low": "14.1900", "Year Close": "19.5400", "Annual % Change": "42.32%"}, "2012": {"Average Stock Price": "13.0591", "Year Open": "14.0300", "Year High": "16.4800", "Year Low": "10.4100", "Year Close": "13.7300", "Annual % Change": "4.41%"}, "2011": {"Average Stock Price": "15.3527", "Year Open": "18.5500", "Year High": "20.4600", "Year Low": "9.3400", "Year Close": "13.1500", "Annual % Change": "-28.14%"}, "2010": {"Average Stock Price": "15.6694", "Year Open": "18.2900", "Year High": "20.1900", "Year Low": "13.0300", "Year Close": "18.3000", "Annual % Change": "3.27%"}, "2009": {"Average Stock Price": "13.9974", "Year Open": "12.3500", "Year High": "18.3900", "Year Low": "6.9000", "Year Close": "17.7200", "Annual % Change": "58.50%"}, "2008": {"Average Stock Price": "25.3635", "Year Open": "28.9850", "Year High": "40.6700", "Year Low": "5.2300", "Year Close": "11.1800", "Annual % Change": "-62.46%"}, "2007": {"Average Stock Price": "22.1754", "Year Open": "15.7550", "Year High": "30.2300", "Year Low": "15.7550", "Year Close": "29.7850", "Annual % Change": "83.57%"}, "2006": {"Average Stock Price": "13.7875", "Year Open": "9.1375", "Year High": "17.7300", "Year Low": "9.0150", "Year Close": "16.2250", "Annual % Change": "82.77%"}, "2005": {"Average Stock Price": "8.1754", "Year Open": "9.0500", "Year High": "11.4125", "Year Low": "6.3775", "Year Close": "8.8775", "Annual % Change": "-6.26%"}, "2004": {"Average Stock Price": "7.4183", "Year Open": "5.9250", "Year High": "10.4800", "Year Low": "5.2125", "Year Close": "9.4700", "Annual % Change": "64.70%"}, "2003": {"Average Stock Price": "3.7302", "Year Open": "3.0600", "Year High": "6.0000", "Year Low": "2.6300", "Year Close": "5.7500", "Annual % Change": "91.19%"}, "2002": {"Average Stock Price": "3.7166", "Year Open": "2.9225", "Year High": "4.7325", "Year Low": "2.7550", "Year Close": "3.0075", "Annual % Change": "3.62%"}, "2001": {"Average Stock Price": "2.9992", "Year Open": "2.6575", "Year High": "3.7125", "Year Low": "2.3500", "Year Close": "2.9025", "Annual % Change": "5.55%"}, "2000": {"Average Stock Price": "2.9070", "Year Open": "3.9850", "Year High": "4.4850", "Year Low": "2.1563", "Year Close": "2.7500", "Annual % Change": "-30.99%"}, "1999": {"Average Stock Price": "3.9935", "Year Open": "3.1575", "Year High": "5.2025", "Year Low": "3.1575", "Year Close": "3.9850", "Annual % Change": "35.66%"}, "1998": {"Average Stock Price": "4.0398", "Year Open": "4.1100", "Year High": "5.8450", "Year Low": "2.5325", "Year Close": "2.9375", "Annual % Change": "-26.56%"}, "1997": {"Average Stock Price": "5.4851", "Year Open": "4.7500", "Year High": "7.1575", "Year Low": "3.9375", "Year Close": "4.0000", "Annual % Change": "-16.32%"}}}, "market cap": {"value": "$7.92B"}, "income statement": {"Revenue": {"2020-12-31": "9601.48200", "2019-12-31": "10464.99000", "2018-12-31": "11821.84000", "2017-12-31": "9538.79700", "2016-12-31": "7777.10900", "2015-12-31": "7594.41100", "2014-12-31": "8755.95200", "2013-12-31": "7372.92400", "2012-12-31": "7290.23400", "2011-12-31": "7997.50000", "2010-12-31": "6300.88700", "2009-12-31": "3958.80600", "2008-12-31": "8080.52100", "2007-12-31": "4384.54900", "2006-12-31": "3238.78700", "2005-12-31": "2184.86600"}, "Cost Of Goods Sold": {"2020-12-31": "8166.75400", "2019-12-31": "8934.00700", "2018-12-31": "9499.02500", "2017-12-31": "7956.78300", "2016-12-31": "6442.24500", "2015-12-31": "6862.69300", "2014-12-31": "7789.74100", "2013-12-31": "6653.78000", "2012-12-31": "6570.33600", "2011-12-31": "7065.98200", "2010-12-31": "5625.22100", "2009-12-31": "3559.73000", "2008-12-31": "6849.26200", "2007-12-31": "3468.85500", "2006-12-31": "2408.79500", "2005-12-31": "1699.71700"}, "Gross Profit": {"2020-12-31": "1434.72900", "2019-12-31": "1530.98400", "2018-12-31": "2322.81300", "2017-12-31": "1582.01400", "2016-12-31": "1334.86400", "2015-12-31": "731.71830", "2014-12-31": "966.21090", "2013-12-31": "719.14400", "2012-12-31": "719.89790", "2011-12-31": "931.51810", "2010-12-31": "675.66600", "2009-12-31": "399.07590", "2008-12-31": "1231.25900", "2007-12-31": "915.69380", "2006-12-31": "829.99220", "2005-12-31": "485.14890"}, "Research And Development Expenses": {"2020-12-31": "", "2019-12-31": "", "2018-12-31": "", "2017-12-31": "", "2016-12-31": "", "2015-12-31": "", "2014-12-31": "", "2013-12-31": "", "2012-12-31": "", "2011-12-31": "", "2010-12-31": "", "2009-12-31": "", "2008-12-31": "", "2007-12-31": "", "2006-12-31": "", "2005-12-31": ""}, "SG&A Expenses": {"2020-12-31": "477.45000", "2019-12-31": "436.49800", "2018-12-31": "416.64000", "2017-12-31": "394.63100", "2016-12-31": "374.00900", "2015-12-31": "328.75800", "2014-12-31": "317.27500", "2013-12-31": "272.77700", "2012-12-31": "257.94300", "2011-12-31": "263.59500", "2010-12-31": "227.04600", "2009-12-31": "223.01300", "2008-12-31": "276.56000", "2007-12-31": "151.27400", "2006-12-31": "110.80800", "2005-12-31": "91.97400"}, "Other Operating Income Or Expenses": {"2020-12-31": "-81.13700", "2019-12-31": "-78.02900", "2018-12-31": "-155.98500", "2017-12-31": "-91.30900", "2016-12-31": "-204.12400", "2015-12-31": "-451.56400", "2014-12-31": "-302.12600", "2013-12-31": "-28.07200", "2012-12-31": "-35.23700", "2011-12-31": "-43.14900", "2010-12-31": "-38.28100", "2009-12-31": "-2.98000", "2008-12-31": "-66.99700", "2007-12-31": "-61.70300", "2006-12-31": "-58.19600", "2005-12-31": ""}, "Operating Expenses": {"2020-12-31": "8754.34000", "2019-12-31": "9478.11100", "2018-12-31": "10099.43000", "2017-12-31": "8471.91600", "2016-12-31": "7049.14300", "2015-12-31": "7667.19500", "2014-12-31": "8435.63300", "2013-12-31": "6986.39800", "2012-12-31": "6899.06900", "2011-12-31": "7412.68000", "2010-12-31": "5936.13400", "2009-12-31": "3839.27500", "2008-12-31": "7234.15300", "2007-12-31": "3693.80400", "2006-12-31": "2579.67300", "2005-12-31": "1791.69100"}, "Operating Income": {"2020-12-31": "847.14260", "2019-12-31": "986.87990", "2018-12-31": "1722.40800", "2017-12-31": "1066.88100", "2016-12-31": "727.96580", "2015-12-31": "-72.78370", "2014-12-31": "320.31930", "2013-12-31": "386.52540", "2012-12-31": "391.16500", "2011-12-31": "584.81980", "2010-12-31": "364.75340", "2009-12-31": "119.53100", "2008-12-31": "846.36770", "2007-12-31": "690.74510", "2006-12-31": "659.11400", "2005-12-31": "393.17490"}, "Total Non-Operating Income/Expense": {"2020-12-31": "-141.66400", "2019-12-31": "-111.54300", "2018-12-31": "-102.63500", "2017-12-31": "-131.64600", "2016-12-31": "-163.83300", "2015-12-31": "-169.33300", "2014-12-31": "-155.51700", "2013-12-31": "-123.69500", "2012-12-31": "-187.09900", "2011-12-31": "-160.50100", "2010-12-31": "-151.29400", "2009-12-31": "-137.76800", "2008-12-31": "-111.42700", "2007-12-31": "-60.91600", "2006-12-31": "-27.55900", "2005-12-31": "-32.54900"}, "Pre-Tax Income": {"2020-12-31": "705.47800", "2019-12-31": "875.33700", "2018-12-31": "1619.77400", "2017-12-31": "935.23500", "2016-12-31": "564.13300", "2015-12-31": "-242.11700", "2014-12-31": "164.80300", "2013-12-31": "262.83000", "2012-12-31": "204.06600", "2011-12-31": "424.31900", "2010-12-31": "213.45900", "2009-12-31": "-18.23700", "2008-12-31": "734.94100", "2007-12-31": "629.82900", "2006-12-31": "631.55500", "2005-12-31": "360.62600"}, "Income Taxes": {"2020-12-31": "134.65000", "2019-12-31": "197.43700", "2018-12-31": "363.96900", "2017-12-31": "129.43900", "2016-12-31": "204.12700", "2015-12-31": "-96.94700", "2014-12-31": "73.15300", "2013-12-31": "99.31400", "2012-12-31": "61.78500", "2011-12-31": "158.62700", "2010-12-31": "83.86000", "2009-12-31": "-7.21800", "2008-12-31": "280.42700", "2007-12-31": "235.67200", "2006-12-31": "234.84800", "2005-12-31": "138.84100"}, "Income After Taxes": {"2020-12-31": "570.82800", "2019-12-31": "677.90000", "2018-12-31": "1255.80500", "2017-12-31": "805.79600", "2016-12-31": "360.00600", "2015-12-31": "-145.17000", "2014-12-31": "91.65000", "2013-12-31": "163.51600", "2012-12-31": "142.28100", "2011-12-31": "265.69200", "2010-12-31": "129.59900", "2009-12-31": "-11.01900", "2008-12-31": "454.51400", "2007-12-31": "394.15700", "2006-12-31": "396.70700", "2005-12-31": "221.78500"}, "Other Income": {"2020-12-31": "", "2019-12-31": "", "2018-12-31": "", "2017-12-31": "", "2016-12-31": "", "2015-12-31": "", "2014-12-31": "", "2013-12-31": "", "2012-12-31": "", "2011-12-31": "", "2010-12-31": "", "2009-12-31": "", "2008-12-31": "", "2007-12-31": "", "2006-12-31": "", "2005-12-31": ""}, "Income From Continuous Operations": {"2020-12-31": "570.82800", "2019-12-31": "677.90000", "2018-12-31": "1255.80500", "2017-12-31": "805.79600", "2016-12-31": "360.00600", "2015-12-31": "-145.17000", "2014-12-31": "91.65000", "2013-12-31": "163.51600", "2012-12-31": "142.28100", "2011-12-31": "265.69200", "2010-12-31": "129.59900", "2009-12-31": "-11.01900", "2008-12-31": "454.51400", "2007-12-31": "394.15700", "2006-12-31": "396.70700", "2005-12-31": "221.78500"}, "Income From Discontinued Operations": {"2020-12-31": "", "2019-12-31": "", "2018-12-31": "", "2017-12-31": "", "2016-12-31": "", "2015-12-31": "", "2014-12-31": "", "2013-12-31": "", "2012-12-31": "", "2011-12-31": "", "2010-12-31": "", "2009-12-31": "", "2008-12-31": "", "2007-12-31": "", "2006-12-31": "", "2005-12-31": ""}, "Net Income": {"2020-12-31": "550.82200", "2019-12-31": "671.10300", "2018-12-31": "1258.37900", "2017-12-31": "812.74100", "2016-12-31": "382.11500", "2015-12-31": "-130.31100", "2014-12-31": "157.02400", "2013-12-31": "189.31400", "2012-12-31": "163.55100", "2011-12-31": "278.12000", "2010-12-31": "140.70900", "2009-12-31": "-8.18400", "2008-12-31": "463.38600", "2007-12-31": "394.56600", "2006-12-31": "396.70700", "2005-12-31": "221.78500"}, "EBITDA": {"2020-12-31": "1172.93200", "2019-12-31": "1307.96200", "2018-12-31": "2039.60600", "2017-12-31": "1365.88000", "2016-12-31": "1024.07500", "2015-12-31": "221.81130", "2014-12-31": "583.64430", "2013-12-31": "617.45340", "2012-12-31": "616.38100", "2011-12-31": "807.42680", "2010-12-31": "589.45140", "2009-12-31": "340.95700", "2008-12-31": "1055.12000", "2007-12-31": "828.88110", "2006-12-31": "773.92600", "2005-12-31": "485.03990"}, "EBIT": {"2020-12-31": "847.14260", "2019-12-31": "986.87990", "2018-12-31": "1722.40800", "2017-12-31": "1066.88100", "2016-12-31": "727.96580", "2015-12-31": "-72.78370", "2014-12-31": "320.31930", "2013-12-31": "386.52540", "2012-12-31": "391.16500", "2011-12-31": "584.81980", "2010-12-31": "364.75340", "2009-12-31": "119.53100", "2008-12-31": "846.36770", "2007-12-31": "690.74510", "2006-12-31": "659.11400", "2005-12-31": "393.17490"}, "Basic Shares Outstanding": {"2020-12-31": "211.14000", "2019-12-31": "219.63900", "2018-12-31": "233.92300", "2017-12-31": "240.13200", "2016-12-31": "243.57600", "2015-12-31": "242.01700", "2014-12-31": "232.54700", "2013-12-31": "220.91600", "2012-12-31": "219.15900", "2011-12-31": "218.47100", "2010-12-31": "216.76000", "2009-12-31": "200.70400", "2008-12-31": "189.14000", "2007-12-31": "186.32100", "2006-12-31": "187.86300", "2005-12-31": "178.48400"}, "Shares Outstanding": {"2020-12-31": "212.34500", "2019-12-31": "220.74800", "2018-12-31": "235.19300", "2017-12-31": "241.78100", "2016-12-31": "245.29800", "2015-12-31": "242.01700", "2014-12-31": "242.07800", "2013-12-31": "238.99600", "2012-12-31": "236.62400", "2011-12-31": "235.99200", "2010-12-31": "234.71700", "2009-12-31": "200.70400", "2008-12-31": "194.58600", "2007-12-31": "196.80500", "2006-12-31": "211.54800", "2005-12-31": "206.56800"}, "Basic EPS": {"2020-12-31": "2.61000", "2019-12-31": "3.06000", "2018-12-31": "5.38000", "2017-12-31": "3.38000", "2016-12-31": "1.57000", "2015-12-31": "-0.54000", "2014-12-31": "0.68000", "2013-12-31": "0.86000", "2012-12-31": "0.75000", "2011-12-31": "1.27000", "2010-12-31": "0.65000", "2009-12-31": "-0.04000", "2008-12-31": "2.45000", "2007-12-31": "2.12000", "2006-12-31": "2.11000", "2005-12-31": "1.24500"}, "EPS - Earnings Per Share": {"2020-12-31": "2.59000", "2019-12-31": "3.04000", "2018-12-31": "5.35000", "2017-12-31": "3.36000", "2016-12-31": "1.56000", "2015-12-31": "-0.54000", "2014-12-31": "0.67000", "2013-12-31": "0.83000", "2012-12-31": "0.73000", "2011-12-31": "1.22000", "2010-12-31": "0.64000", "2009-12-31": "-0.04000", "2008-12-31": "2.38000", "2007-12-31": "2.01000", "2006-12-31": "1.89000", "2005-12-31": "1.08500"}}, "income statement, quarterly": {"Revenue": {"2020-12-31": "2601.24500", "2020-09-30": "2330.83200", "2020-06-30": "2094.30500", "2020-03-31": "2575.10000", "2019-12-31": "2350.19700", "2019-09-30": "2526.84500", "2019-06-30": "2770.51500", "2019-03-31": "2817.43500", "2018-12-31": "2903.89200", "2018-09-30": "3223.54700", "2018-06-30": "3090.52500", "2018-03-31": "2603.87500", "2017-12-31": "2336.47900", "2017-09-30": "2443.38200", "2017-06-30": "2390.72000", "2017-03-31": "2368.21600", "2016-12-31": "1910.59600", "2016-09-30": "2101.31000", "2016-06-30": "2023.90200", "2016-03-31": "1741.30100", "2015-12-31": "1591.04600", "2015-09-30": "1950.92300", "2015-06-30": "2005.00700", "2015-03-31": "2047.43500", "2014-12-31": "2517.09300", "2014-09-30": "2339.01600", "2014-06-30": "2069.76100", "2014-03-31": "1830.08200", "2013-12-31": "1864.15000", "2013-09-30": "1911.73800", "2013-06-30": "1801.34000", "2013-03-31": "1795.69600", "2012-12-31": "1705.00100", "2012-09-30": "1693.39000", "2012-06-30": "1909.80300", "2012-03-31": "1982.04000", "2011-12-31": "1858.34500", "2011-09-30": "2043.45500", "2011-06-30": "2079.73100", "2011-03-31": "2015.96900", "2010-12-31": "1528.13400", "2010-09-30": "1584.16400", "2010-06-30": "1632.79900", "2010-03-31": "1555.79000", "2009-12-31": "1179.80200", "2009-09-30": "1172.19600", "2009-06-30": "792.15800", "2009-03-31": "814.65000", "2008-12-31": "1210.43400", "2008-09-30": "2563.94300", "2008-06-30": "2403.93900", "2008-03-31": "1902.20500", "2007-12-31": "1451.03400", "2007-09-30": "1156.59300", "2007-06-30": "911.24800", "2007-03-31": "865.67400", "2006-12-31": "839.80000", "2006-09-30": "911.86200", "2006-06-30": "821.24700", "2006-03-31": "665.87800", "2005-12-31": "569.64510", "2005-09-30": "498.68900", "2005-06-30": "545.82600", "2005-03-31": "570.70600"}, "Cost Of Goods Sold": {"2020-12-31": "2158.99200", "2020-09-30": "2038.01700", "2020-06-30": "1809.87400", "2020-03-31": "2159.87100", "2019-12-31": "2033.78700", "2019-09-30": "2167.00600", "2019-06-30": "2349.34900", "2019-03-31": "2383.86500", "2018-12-31": "2382.65700", "2018-09-30": "2537.46600", "2018-06-30": "2438.44300", "2018-03-31": "2140.45900", "2017-12-31": "2015.65500", "2017-09-30": "2046.86400", "2017-06-30": "1998.20200", "2017-03-31": "1896.06200", "2016-12-31": "1600.65400", "2016-09-30": "1692.80700", "2016-06-30": "1643.51900", "2016-03-31": "1505.26500", "2015-12-31": "1446.83900", "2015-09-30": "1722.19700", "2015-06-30": "1833.26400", "2015-03-31": "1860.39300", "2014-12-31": "2225.46900", "2014-09-30": "2050.50400", "2014-06-30": "1846.99000", "2014-03-31": "1666.77800", "2013-12-31": "1666.15400", "2013-09-30": "1714.54600", "2013-06-30": "1653.64800", "2013-03-31": "1619.43200", "2012-12-31": "1524.90400", "2012-09-30": "1536.98900", "2012-06-30": "1727.66700", "2012-03-31": "1780.77600", "2011-12-31": "1698.21000", "2011-09-30": "1844.21200", "2011-06-30": "1803.34500", "2011-03-31": "1720.21500", "2010-12-31": "1394.46600", "2010-09-30": "1444.63200", "2010-06-30": "1440.81500", "2010-03-31": "1345.30800", "2009-12-31": "1025.62900", "2009-09-30": "955.50300", "2009-06-30": "723.32100", "2009-03-31": "855.27700", "2008-12-31": "1251.34500", "2008-09-30": "2118.73700", "2008-06-30": "1924.28400", "2008-03-31": "1554.89600", "2007-12-31": "1196.77600", "2007-09-30": "928.14200", "2007-06-30": "694.66600", "2007-03-31": "649.27100", "2006-12-31": "610.65390", "2006-09-30": "667.05800", "2006-06-30": "624.69200", "2006-03-31": "506.39100", "2005-12-31": "429.68910", "2005-09-30": "393.45700", "2005-06-30": "434.64200", "2005-03-31": "441.92900"}, "Gross Profit": {"2020-12-31": "442.25320", "2020-09-30": "292.81510", "2020-06-30": "284.43090", "2020-03-31": "415.22900", "2019-12-31": "316.40990", "2019-09-30": "359.83890", "2019-06-30": "421.16580", "2019-03-31": "433.57010", "2018-12-31": "521.23490", "2018-09-30": "686.08110", "2018-06-30": "652.08180", "2018-03-31": "463.41600", "2017-12-31": "320.82450", "2017-09-30": "396.51810", "2017-06-30": "392.51790", "2017-03-31": "472.15410", "2016-12-31": "309.94200", "2016-09-30": "408.50310", "2016-06-30": "380.38290", "2016-03-31": "236.03600", "2015-12-31": "144.20740", "2015-09-30": "228.72600", "2015-06-30": "171.74290", "2015-03-31": "187.04210", "2014-12-31": "291.62350", "2014-09-30": "288.51220", "2014-06-30": "222.77100", "2014-03-31": "163.30410", "2013-12-31": "197.99570", "2013-09-30": "197.19200", "2013-06-30": "147.69200", "2013-03-31": "176.26400", "2012-12-31": "180.09700", "2012-09-30": "156.40100", "2012-06-30": "182.13600", "2012-03-31": "201.26400", "2011-12-31": "160.13490", "2011-09-30": "199.24290", "2011-06-30": "276.38600", "2011-03-31": "295.75400", "2010-12-31": "133.66780", "2010-09-30": "139.53200", "2010-06-30": "191.98400", "2010-03-31": "210.48210", "2009-12-31": "154.17290", "2009-09-30": "216.69310", "2009-06-30": "68.83700", "2009-03-31": "-40.62700", "2008-12-31": "-40.91100", "2008-09-30": "445.20610", "2008-06-30": "479.65490", "2008-03-31": "347.30900", "2007-12-31": "254.25780", "2007-09-30": "228.45100", "2007-06-30": "216.58200", "2007-03-31": "216.40300", "2006-12-31": "229.14610", "2006-09-30": "244.80400", "2006-06-30": "196.55500", "2006-03-31": "159.48700", "2005-12-31": "139.95600", "2005-09-30": "105.23200", "2005-06-30": "111.18400", "2005-03-31": "128.77700"}, "Research And Development Expenses": {"2020-12-31": "", "2020-09-30": "", "2020-06-30": "", "2020-03-31": "", "2019-12-31": "", "2019-09-30": "", "2019-06-30": "", "2019-03-31": "", "2018-12-31": "", "2018-09-30": "", "2018-06-30": "", "2018-03-31": "", "2017-12-31": "", "2017-09-30": "", "2017-06-30": "", "2017-03-31": "", "2016-12-31": "", "2016-09-30": "", "2016-06-30": "", "2016-03-31": "", "2015-12-31": "", "2015-09-30": "", "2015-06-30": "", "2015-03-31": "", "2014-12-31": "", "2014-09-30": "", "2014-06-30": "", "2014-03-31": "", "2013-12-31": "", "2013-09-30": "", "2013-06-30": "", "2013-03-31": "", "2012-12-31": "", "2012-09-30": "", "2012-06-30": "", "2012-03-31": "", "2011-12-31": "", "2011-09-30": "", "2011-06-30": "", "2011-03-31": "", "2010-12-31": "", "2010-09-30": "", "2010-06-30": "", "2010-03-31": "", "2009-12-31": "", "2009-09-30": "", "2009-06-30": "", "2009-03-31": "", "2008-12-31": "", "2008-09-30": "", "2008-06-30": "", "2008-03-31": "", "2007-12-31": "", "2007-09-30": "", "2007-06-30": "", "2007-03-31": "", "2006-12-31": "", "2006-09-30": "", "2006-06-30": "", "2006-03-31": "", "2005-12-31": "", "2005-09-30": "", "2005-06-30": "", "2005-03-31": ""}, "SG&A Expenses": {"2020-12-31": "137.01800", "2020-09-30": "118.23500", "2020-06-30": "109.29900", "2020-03-31": "112.89800", "2019-12-31": "111.96800", "2019-09-30": "107.24200", "2019-06-30": "106.25000", "2019-03-31": "111.03800", "2018-12-31": "106.56400", "2018-09-30": "102.61400", "2018-06-30": "101.03100", "2018-03-31": "106.43100", "2017-12-31": "96.20900", "2017-09-30": "97.05600", "2017-06-30": "98.43300", "2017-03-31": "102.93300", "2016-12-31": "94.44100", "2016-09-30": "95.18500", "2016-06-30": "96.85300", "2016-03-31": "87.53000", "2015-12-31": "87.10000", "2015-09-30": "82.64800", "2015-06-30": "82.66000", "2015-03-31": "76.35000", "2014-12-31": "93.53000", "2014-09-30": "80.24000", "2014-06-30": "73.46300", "2014-03-31": "70.04200", "2013-12-31": "74.60600", "2013-09-30": "67.55300", "2013-06-30": "65.35600", "2013-03-31": "65.26200", "2012-12-31": "69.34000", "2012-09-30": "62.98400", "2012-06-30": "61.23500", "2012-03-31": "64.38400", "2011-12-31": "61.94700", "2011-09-30": "72.87600", "2011-06-30": "63.63100", "2011-03-31": "65.14100", "2010-12-31": "59.25000", "2010-09-30": "54.67900", "2010-06-30": "55.95700", "2010-03-31": "57.16000", "2009-12-31": "61.00100", "2009-09-30": "56.13300", "2009-06-30": "48.55900", "2009-03-31": "57.32000", "2008-12-31": "53.20600", "2008-09-30": "72.72300", "2008-06-30": "85.76600", "2008-03-31": "64.86500", "2007-12-31": "36.83100", "2007-09-30": "37.67000", "2007-06-30": "31.68100", "2007-03-31": "45.09200", "2006-12-31": "-6.19800", "2006-09-30": "46.22400", "2006-06-30": "42.40700", "2006-03-31": "28.37500", "2005-12-31": "26.05800", "2005-09-30": "23.38100", "2005-06-30": "20.08100", "2005-03-31": "22.45400"}, "Other Operating Income Or Expenses": {"2020-12-31": "-38.81300", "2020-09-30": "-11.77800", "2020-06-30": "-9.09200", "2020-03-31": "-21.45400", "2019-12-31": "-13.63300", "2019-09-30": "-17.84800", "2019-06-30": "-22.87100", "2019-03-31": "-23.67700", "2018-12-31": "-41.68400", "2018-09-30": "-45.30400", "2018-06-30": "-42.33500", "2018-03-31": "-26.66200", "2017-12-31": "-21.59500", "2017-09-30": "-21.17500", "2017-06-30": "-21.30800", "2017-03-31": "-27.23100", "2016-12-31": "-152.40200", "2016-09-30": "-22.25500", "2016-06-30": "-20.17600", "2016-03-31": "-9.29100", "2015-12-31": "-432.92700", "2015-09-30": "-9.00800", "2015-06-30": "-5.03100", "2015-03-31": "-4.59800", "2014-12-31": "-273.39700", "2014-09-30": "-12.86500", "2014-06-30": "-10.46900", "2014-03-31": "-5.39500", "2013-12-31": "-7.87300", "2013-09-30": "-8.46900", "2013-06-30": "-5.08700", "2013-03-31": "-6.64300", "2012-12-31": "-7.10600", "2012-09-30": "-11.84800", "2012-06-30": "-8.21100", "2012-03-31": "-8.07200", "2011-12-31": "-6.06400", "2011-09-30": "-7.42800", "2011-06-30": "-14.45400", "2011-03-31": "-15.20300", "2010-12-31": "-16.44800", "2010-09-30": "-4.56200", "2010-06-30": "-7.82700", "2010-03-31": "-9.44400", "2009-12-31": "-2.57100", "2009-09-30": "-0.45100", "2009-06-30": "", "2009-03-31": "0.04200", "2008-12-31": "9.20700", "2008-09-30": "-30.80000", "2008-06-30": "-26.89700", "2008-03-31": "-18.50700", "2007-12-31": "-33.19100", "2007-09-30": "-14.69900", "2007-06-30": "-13.81300", "2007-03-31": "", "2006-12-31": "", "2006-09-30": "", "2006-06-30": "", "2006-03-31": "", "2005-12-31": "", "2005-09-30": "", "2005-06-30": "", "2005-03-31": ""}, "Operating Expenses": {"2020-12-31": "2342.49500", "2020-09-30": "2174.97600", "2020-06-30": "1935.45500", "2020-03-31": "2301.41400", "2019-12-31": "2168.23500", "2019-09-30": "2298.80000", "2019-06-30": "2485.48300", "2019-03-31": "2525.59300", "2018-12-31": "2538.33900", "2018-09-30": "2691.97500", "2018-06-30": "2588.63800", "2018-03-31": "2280.47800", "2017-12-31": "2140.53200", "2017-09-30": "2172.36700", "2017-06-30": "2125.36700", "2017-03-31": "2033.65000", "2016-12-31": "1854.57200", "2016-09-30": "1817.45500", "2016-06-30": "1767.78000", "2016-03-31": "1609.33600", "2015-12-31": "1972.18900", "2015-09-30": "1819.89400", "2015-06-30": "1927.44800", "2015-03-31": "1947.66400", "2014-12-31": "2598.25400", "2014-09-30": "2150.37300", "2014-06-30": "1937.85600", "2014-03-31": "1749.15000", "2013-12-31": "1756.32800", "2013-09-30": "1798.46500", "2013-06-30": "1732.14200", "2013-03-31": "1699.46400", "2012-12-31": "1610.07200", "2012-09-30": "1620.66900", "2012-06-30": "1806.10400", "2012-03-31": "1862.22400", "2011-12-31": "1775.85500", "2011-09-30": "1934.67000", "2011-06-30": "1891.51200", "2011-03-31": "1810.64300", "2010-12-31": "1481.31300", "2010-09-30": "1515.16400", "2010-06-30": "1516.16400", "2010-03-31": "1423.49300", "2009-12-31": "1101.40000", "2009-09-30": "1023.74800", "2009-06-30": "785.87400", "2009-03-31": "928.25300", "2008-12-31": "1306.26400", "2008-09-30": "2233.02500", "2008-06-30": "2045.06700", "2008-03-31": "1649.79800", "2007-12-31": "1273.18700", "2007-09-30": "982.66600", "2007-06-30": "743.58800", "2007-03-31": "694.36300", "2006-12-31": "664.52610", "2006-09-30": "713.28200", "2006-06-30": "667.09900", "2006-03-31": "534.76600", "2005-12-31": "455.74700", "2005-09-30": "416.83800", "2005-06-30": "454.72300", "2005-03-31": "464.38300"}, "Operating Income": {"2020-12-31": "258.75000", "2020-09-30": "155.85600", "2020-06-30": "158.85000", "2020-03-31": "273.68600", "2019-12-31": "181.96170", "2019-09-30": "228.04490", "2019-06-30": "285.03170", "2019-03-31": "291.84200", "2018-12-31": "365.55270", "2018-09-30": "531.57200", "2018-06-30": "501.88670", "2018-03-31": "323.39700", "2017-12-31": "195.94750", "2017-09-30": "271.01510", "2017-06-30": "265.35280", "2017-03-31": "334.56620", "2016-12-31": "56.02430", "2016-09-30": "283.85510", "2016-06-30": "256.12180", "2016-03-31": "131.96500", "2015-12-31": "-381.14220", "2015-09-30": "131.02890", "2015-06-30": "77.55880", "2015-03-31": "99.77110", "2014-12-31": "-81.16110", "2014-09-30": "188.64330", "2014-06-30": "131.90500", "2014-03-31": "80.93200", "2013-12-31": "107.82200", "2013-09-30": "113.27310", "2013-06-30": "69.19800", "2013-03-31": "96.23220", "2012-12-31": "94.92880", "2012-09-30": "72.72100", "2012-06-30": "103.69900", "2012-03-31": "119.81600", "2011-12-31": "82.48960", "2011-09-30": "108.78490", "2011-06-30": "188.21900", "2011-03-31": "205.32600", "2010-12-31": "46.82170", "2010-09-30": "69.00000", "2010-06-30": "116.63500", "2010-03-31": "132.29700", "2009-12-31": "78.40200", "2009-09-30": "148.44810", "2009-06-30": "6.28400", "2009-03-31": "-113.60300", "2008-12-31": "-95.82940", "2008-09-30": "330.91820", "2008-06-30": "358.87190", "2008-03-31": "252.40700", "2007-12-31": "177.84690", "2007-09-30": "173.92700", "2007-06-30": "167.66000", "2007-03-31": "171.31100", "2006-12-31": "175.27390", "2006-09-30": "198.58000", "2006-06-30": "154.14800", "2006-03-31": "131.11200", "2005-12-31": "113.89810", "2005-09-30": "81.85100", "2005-06-30": "91.10300", "2005-03-31": "106.32300"}, "Total Non-Operating Income/Expense": {"2020-12-31": "-37.93300", "2020-09-30": "-22.49600", "2020-06-30": "-55.80500", "2020-03-31": "-25.43000", "2019-12-31": "-31.89800", "2019-09-30": "-26.79400", "2019-06-30": "-28.07200", "2019-03-31": "-24.77900", "2018-12-31": "-24.26800", "2018-09-30": "-24.45700", "2018-06-30": "-26.47700", "2018-03-31": "-27.43300", "2017-12-31": "-34.59500", "2017-09-30": "-36.70300", "2017-06-30": "-30.03400", "2017-03-31": "-30.31400", "2016-12-31": "-53.20400", "2016-09-30": "-40.55000", "2016-06-30": "-34.82800", "2016-03-31": "-35.25100", "2015-12-31": "-36.78000", "2015-09-30": "-37.32300", "2015-06-30": "-35.95100", "2015-03-31": "-59.27900", "2014-12-31": "-43.30700", "2014-09-30": "-53.97600", "2014-06-30": "-28.29600", "2014-03-31": "-29.93800", "2013-12-31": "-30.77500", "2013-09-30": "-29.11800", "2013-06-30": "-30.21900", "2013-03-31": "-33.58300", "2012-12-31": "-31.02500", "2012-09-30": "-65.50000", "2012-06-30": "-39.21400", "2012-03-31": "-51.36000", "2011-12-31": "-41.47600", "2011-09-30": "-41.17900", "2011-06-30": "-39.06700", "2011-03-31": "-38.77900", "2010-12-31": "-38.86200", "2010-09-30": "-38.07100", "2010-06-30": "-39.92700", "2010-03-31": "-34.43400", "2009-12-31": "-32.08300", "2009-09-30": "-32.35300", "2009-06-30": "-37.82900", "2009-03-31": "-35.50300", "2008-12-31": "-41.74800", "2008-09-30": "-29.10400", "2008-06-30": "-18.57400", "2008-03-31": "-22.00100", "2007-12-31": "-20.23400", "2007-09-30": "-14.00000", "2007-06-30": "-18.72100", "2007-03-31": "-7.96100", "2006-12-31": "-5.52100", "2006-09-30": "-6.47100", "2006-06-30": "-6.75000", "2006-03-31": "-8.81700", "2005-12-31": "-8.30900", "2005-09-30": "-8.01800", "2005-06-30": "-8.72300", "2005-03-31": "-7.49900"}, "Pre-Tax Income": {"2020-12-31": "220.81700", "2020-09-30": "133.36000", "2020-06-30": "103.04500", "2020-03-31": "248.25600", "2019-12-31": "150.06300", "2019-09-30": "201.25100", "2019-06-30": "256.96000", "2019-03-31": "267.06300", "2018-12-31": "341.28500", "2018-09-30": "507.11500", "2018-06-30": "475.41000", "2018-03-31": "295.96400", "2017-12-31": "161.35200", "2017-09-30": "234.31200", "2017-06-30": "235.31900", "2017-03-31": "304.25200", "2016-12-31": "2.82000", "2016-09-30": "243.30500", "2016-06-30": "221.29400", "2016-03-31": "96.71400", "2015-12-31": "-417.92300", "2015-09-30": "93.70600", "2015-06-30": "41.60800", "2015-03-31": "40.49200", "2014-12-31": "-124.46700", "2014-09-30": "134.66700", "2014-06-30": "103.60900", "2014-03-31": "50.99400", "2013-12-31": "77.04700", "2013-09-30": "84.15500", "2013-06-30": "38.97900", "2013-03-31": "62.64900", "2012-12-31": "63.90400", "2012-09-30": "7.22100", "2012-06-30": "64.48500", "2012-03-31": "68.45600", "2011-12-31": "41.01400", "2011-09-30": "67.60600", "2011-06-30": "149.15200", "2011-03-31": "166.54700", "2010-12-31": "7.95900", "2010-09-30": "30.92900", "2010-06-30": "76.70800", "2010-03-31": "97.86300", "2009-12-31": "46.31900", "2009-09-30": "116.09500", "2009-06-30": "-31.54500", "2009-03-31": "-149.10600", "2008-12-31": "-137.57700", "2008-09-30": "301.81400", "2008-06-30": "340.29800", "2008-03-31": "230.40600", "2007-12-31": "156.18300", "2007-09-30": "159.92700", "2007-06-30": "148.93900", "2007-03-31": "164.78000", "2006-12-31": "168.39100", "2006-09-30": "192.10900", "2006-06-30": "147.39800", "2006-03-31": "123.65700", "2005-12-31": "105.58900", "2005-09-30": "73.83300", "2005-06-30": "82.38000", "2005-03-31": "98.82400"}, "Income Taxes": {"2020-12-31": "23.86700", "2020-09-30": "29.08300", "2020-06-30": "24.28000", "2020-03-31": "57.42000", "2019-12-31": "26.34400", "2019-09-30": "48.64300", "2019-06-30": "60.21400", "2019-03-31": "62.23600", "2018-12-31": "71.43300", "2018-09-30": "109.20900", "2018-06-30": "112.83800", "2018-03-31": "70.48900", "2017-12-31": "-141.81900", "2017-09-30": "83.30000", "2017-06-30": "82.37200", "2017-03-31": "105.58600", "2016-12-31": "-1.01200", "2016-09-30": "88.89200", "2016-06-30": "80.85100", "2016-03-31": "35.39600", "2015-12-31": "-161.60700", "2015-09-30": "34.83900", "2015-06-30": "16.28300", "2015-03-31": "13.53800", "2014-12-31": "-28.42100", "2014-09-30": "47.01000", "2014-06-30": "37.26800", "2014-03-31": "17.29600", "2013-12-31": "29.14600", "2013-09-30": "33.06500", "2013-06-30": "15.70600", "2013-03-31": "21.39700", "2012-12-31": "8.81000", "2012-09-30": "1.11600", "2012-06-30": "25.18000", "2012-03-31": "26.67900", "2011-12-31": "15.23500", "2011-09-30": "27.74900", "2011-06-30": "53.32600", "2011-03-31": "62.31700", "2010-12-31": "3.90100", "2010-09-30": "15.57400", "2010-06-30": "29.91100", "2010-03-31": "34.47400", "2009-12-31": "19.77300", "2009-09-30": "47.36500", "2009-06-30": "-15.02400", "2009-03-31": "-59.33200", "2008-12-31": "-50.03000", "2008-09-30": "114.07000", "2008-06-30": "129.01300", "2008-03-31": "87.37400", "2007-12-31": "58.72300", "2007-09-30": "59.33600", "2007-06-30": "54.99700", "2007-03-31": "62.61600", "2006-12-31": "63.32500", "2006-09-30": "73.38600", "2006-06-30": "50.52900", "2006-03-31": "47.60800", "2005-12-31": "40.65200", "2005-09-30": "28.42500", "2005-06-30": "31.71700", "2005-03-31": "38.04700"}, "Income After Taxes": {"2020-12-31": "196.95000", "2020-09-30": "104.27700", "2020-06-30": "78.76500", "2020-03-31": "190.83600", "2019-12-31": "123.71900", "2019-09-30": "152.60800", "2019-06-30": "196.74600", "2019-03-31": "204.82700", "2018-12-31": "269.85210", "2018-09-30": "397.90600", "2018-06-30": "362.57200", "2018-03-31": "225.47500", "2017-12-31": "303.17110", "2017-09-30": "151.01200", "2017-06-30": "152.94700", "2017-03-31": "198.66600", "2016-12-31": "3.83200", "2016-09-30": "154.41300", "2016-06-30": "140.44300", "2016-03-31": "61.31800", "2015-12-31": "-256.31600", "2015-09-30": "58.86700", "2015-06-30": "25.32500", "2015-03-31": "26.95400", "2014-12-31": "-96.04600", "2014-09-30": "87.65700", "2014-06-30": "66.34100", "2014-03-31": "33.69800", "2013-12-31": "47.90100", "2013-09-30": "51.09000", "2013-06-30": "23.27300", "2013-03-31": "41.25200", "2012-12-31": "55.09400", "2012-09-30": "6.10500", "2012-06-30": "39.30500", "2012-03-31": "41.77700", "2011-12-31": "25.77900", "2011-09-30": "39.85700", "2011-06-30": "95.82600", "2011-03-31": "104.23000", "2010-12-31": "4.05800", "2010-09-30": "15.35500", "2010-06-30": "46.79700", "2010-03-31": "63.38900", "2009-12-31": "26.54600", "2009-09-30": "68.73000", "2009-06-30": "-16.52100", "2009-03-31": "-89.77400", "2008-12-31": "-87.54700", "2008-09-30": "187.74400", "2008-06-30": "211.28500", "2008-03-31": "143.03200", "2007-12-31": "97.46000", "2007-09-30": "100.59100", "2007-06-30": "93.94200", "2007-03-31": "102.16400", "2006-12-31": "105.06600", "2006-09-30": "118.72300", "2006-06-30": "96.86900", "2006-03-31": "76.04900", "2005-12-31": "64.93700", "2005-09-30": "45.40800", "2005-06-30": "50.66300", "2005-03-31": "60.77700"}, "Other Income": {"2020-12-31": "", "2020-09-30": "", "2020-06-30": "", "2020-03-31": "", "2019-12-31": "", "2019-09-30": "", "2019-06-30": "", "2019-03-31": "", "2018-12-31": "", "2018-09-30": "", "2018-06-30": "", "2018-03-31": "", "2017-12-31": "", "2017-09-30": "", "2017-06-30": "", "2017-03-31": "", "2016-12-31": "", "2016-09-30": "", "2016-06-30": "", "2016-03-31": "", "2015-12-31": "", "2015-09-30": "", "2015-06-30": "", "2015-03-31": "", "2014-12-31": "", "2014-09-30": "", "2014-06-30": "", "2014-03-31": "", "2013-12-31": "", "2013-09-30": "", "2013-06-30": "", "2013-03-31": "", "2012-12-31": "", "2012-09-30": "", "2012-06-30": "", "2012-03-31": "", "2011-12-31": "", "2011-09-30": "", "2011-06-30": "", "2011-03-31": "", "2010-12-31": "", "2010-09-30": "", "2010-06-30": "", "2010-03-31": "", "2009-12-31": "", "2009-09-30": "", "2009-06-30": "", "2009-03-31": "", "2008-12-31": "", "2008-09-30": "", "2008-06-30": "", "2008-03-31": "", "2007-12-31": "", "2007-09-30": "", "2007-06-30": "", "2007-03-31": "", "2006-12-31": "", "2006-09-30": "", "2006-06-30": "", "2006-03-31": "", "2005-12-31": "", "2005-09-30": "", "2005-06-30": "", "2005-03-31": ""}, "Income From Continuous Operations": {"2020-12-31": "196.95000", "2020-09-30": "104.27700", "2020-06-30": "78.76500", "2020-03-31": "190.83600", "2019-12-31": "123.71900", "2019-09-30": "152.60800", "2019-06-30": "196.74600", "2019-03-31": "204.82700", "2018-12-31": "269.85210", "2018-09-30": "397.90600", "2018-06-30": "362.57200", "2018-03-31": "225.47500", "2017-12-31": "303.17110", "2017-09-30": "151.01200", "2017-06-30": "152.94700", "2017-03-31": "198.66600", "2016-12-31": "3.83200", "2016-09-30": "154.41300", "2016-06-30": "140.44300", "2016-03-31": "61.31800", "2015-12-31": "-256.31600", "2015-09-30": "58.86700", "2015-06-30": "25.32500", "2015-03-31": "26.95400", "2014-12-31": "-96.04600", "2014-09-30": "87.65700", "2014-06-30": "66.34100", "2014-03-31": "33.69800", "2013-12-31": "47.90100", "2013-09-30": "51.09000", "2013-06-30": "23.27300", "2013-03-31": "41.25200", "2012-12-31": "55.09400", "2012-09-30": "6.10500", "2012-06-30": "39.30500", "2012-03-31": "41.77700", "2011-12-31": "25.77900", "2011-09-30": "39.85700", "2011-06-30": "95.82600", "2011-03-31": "104.23000", "2010-12-31": "4.05800", "2010-09-30": "15.35500", "2010-06-30": "46.79700", "2010-03-31": "63.38900", "2009-12-31": "26.54600", "2009-09-30": "68.73000", "2009-06-30": "-16.52100", "2009-03-31": "-89.77400", "2008-12-31": "-87.54700", "2008-09-30": "187.74400", "2008-06-30": "211.28500", "2008-03-31": "143.03200", "2007-12-31": "97.46000", "2007-09-30": "100.59100", "2007-06-30": "93.94200", "2007-03-31": "102.16400", "2006-12-31": "105.06600", "2006-09-30": "118.72300", "2006-06-30": "96.86900", "2006-03-31": "76.04900", "2005-12-31": "64.93700", "2005-09-30": "45.40800", "2005-06-30": "50.66300", "2005-03-31": "60.77700"}, "Income From Discontinued Operations": {"2020-12-31": "", "2020-09-30": "", "2020-06-30": "", "2020-03-31": "", "2019-12-31": "", "2019-09-30": "", "2019-06-30": "", "2019-03-31": "", "2018-12-31": "", "2018-09-30": "", "2018-06-30": "", "2018-03-31": "", "2017-12-31": "", "2017-09-30": "", "2017-06-30": "", "2017-03-31": "", "2016-12-31": "", "2016-09-30": "", "2016-06-30": "", "2016-03-31": "", "2015-12-31": "", "2015-09-30": "", "2015-06-30": "", "2015-03-31": "", "2014-12-31": "", "2014-09-30": "", "2014-06-30": "", "2014-03-31": "", "2013-12-31": "", "2013-09-30": "", "2013-06-30": "", "2013-03-31": "", "2012-12-31": "", "2012-09-30": "", "2012-06-30": "", "2012-03-31": "", "2011-12-31": "", "2011-09-30": "", "2011-06-30": "", "2011-03-31": "", "2010-12-31": "", "2010-09-30": "", "2010-06-30": "", "2010-03-31": "", "2009-12-31": "", "2009-09-30": "", "2009-06-30": "", "2009-03-31": "", "2008-12-31": "", "2008-09-30": "", "2008-06-30": "", "2008-03-31": "", "2007-12-31": "", "2007-09-30": "", "2007-06-30": "", "2007-03-31": "", "2006-12-31": "", "2006-09-30": "", "2006-06-30": "", "2006-03-31": "", "2005-12-31": "", "2005-09-30": "", "2005-06-30": "", "2005-03-31": ""}, "Net Income": {"2020-12-31": "187.84300", "2020-09-30": "100.14300", "2020-06-30": "75.49600", "2020-03-31": "187.34000", "2019-12-31": "121.42500", "2019-09-30": "151.04800", "2019-06-30": "194.30200", "2019-03-31": "204.32800", "2018-12-31": "270.00400", "2018-09-30": "398.37500", "2018-06-30": "362.44900", "2018-03-31": "227.55100", "2017-12-31": "304.73300", "2017-09-30": "153.25800", "2017-06-30": "153.93300", "2017-03-31": "200.81700", "2016-12-31": "20.01200", "2016-09-30": "157.39700", "2016-06-30": "141.96900", "2016-03-31": "62.73700", "2015-12-31": "-253.23900", "2015-09-30": "60.61700", "2015-06-30": "31.55000", "2015-03-31": "30.76100", "2014-12-31": "-45.03100", "2014-09-30": "91.17300", "2014-06-30": "72.30300", "2014-03-31": "38.57900", "2013-12-31": "54.65500", "2013-09-30": "57.48600", "2013-06-30": "28.95800", "2013-03-31": "48.21500", "2012-12-31": "60.57100", "2012-09-30": "12.83300", "2012-06-30": "44.47200", "2012-03-31": "45.67500", "2011-12-31": "30.20300", "2011-09-30": "43.30400", "2011-06-30": "98.71000", "2011-03-31": "105.90300", "2010-12-31": "7.79200", "2010-09-30": "18.74100", "2010-06-30": "49.20700", "2010-03-31": "64.96900", "2009-12-31": "26.65100", "2009-09-30": "69.01800", "2009-06-30": "-15.99100", "2009-03-31": "-87.86200", "2008-12-31": "-82.67300", "2008-09-30": "193.00800", "2008-06-30": "210.49400", "2008-03-31": "142.55700", "2007-12-31": "97.86900", "2007-09-30": "100.59100", "2007-06-30": "93.94200", "2007-03-31": "102.16400", "2006-12-31": "105.06600", "2006-09-30": "118.72300", "2006-06-30": "96.86900", "2006-03-31": "76.04900", "2005-12-31": "64.93700", "2005-09-30": "45.40800", "2005-06-30": "50.66300", "2005-03-31": "60.77700"}, "EBITDA": {"2020-12-31": "", "2020-09-30": "237.60800", "2020-06-30": "237.57100", "2020-03-31": "353.94500", "2019-12-31": "262.48870", "2019-09-30": "307.51490", "2019-06-30": "365.94270", "2019-03-31": "372.01610", "2018-12-31": "446.11270", "2018-09-30": "612.95500", "2018-06-30": "581.00670", "2018-03-31": "399.53200", "2017-12-31": "270.87850", "2017-09-30": "346.22510", "2017-06-30": "339.15380", "2017-03-31": "409.62320", "2016-12-31": "129.16330", "2016-09-30": "358.04510", "2016-06-30": "330.91680", "2016-03-31": "205.95000", "2015-12-31": "-307.85320", "2015-09-30": "205.23990", "2015-06-30": "151.83180", "2015-03-31": "172.59310", "2014-12-31": "0.19790", "2014-09-30": "254.60030", "2014-06-30": "190.34600", "2014-03-31": "138.50000", "2013-12-31": "166.66100", "2013-09-30": "171.47510", "2013-06-30": "126.02400", "2013-03-31": "153.29320", "2012-12-31": "150.11780", "2012-09-30": "131.67400", "2012-06-30": "159.20100", "2012-03-31": "175.38800", "2011-12-31": "138.13160", "2011-09-30": "164.74690", "2011-06-30": "244.47600", "2011-03-31": "260.07210", "2010-12-31": "102.57170", "2010-09-30": "126.27800", "2010-06-30": "172.03300", "2010-03-31": "188.56900", "2009-12-31": "133.18500", "2009-09-30": "200.36310", "2009-06-30": "64.04900", "2009-03-31": "-56.64000", "2008-12-31": "-43.23040", "2008-09-30": "386.27720", "2008-06-30": "406.45390", "2008-03-31": "305.61900", "2007-12-31": "219.88690", "2007-09-30": "207.77900", "2007-06-30": "200.63900", "2007-03-31": "200.57600", "2006-12-31": "202.79290", "2006-09-30": "229.19700", "2006-06-30": "185.90700", "2006-03-31": "156.02900", "2005-12-31": "137.29510", "2005-09-30": "106.91000", "2005-06-30": "112.68200", "2005-03-31": "128.15300"}, "EBIT": {"2020-12-31": "258.75000", "2020-09-30": "155.85600", "2020-06-30": "158.85000", "2020-03-31": "273.68600", "2019-12-31": "181.96120", "2019-09-30": "228.04490", "2019-06-30": "285.03170", "2019-03-31": "291.84200", "2018-12-31": "365.55250", "2018-09-30": "531.57200", "2018-06-30": "501.88670", "2018-03-31": "323.39700", "2017-12-31": "195.94680", "2017-09-30": "271.01510", "2017-06-30": "265.35280", "2017-03-31": "334.56620", "2016-12-31": "56.02390", "2016-09-30": "283.85510", "2016-06-30": "256.12180", "2016-03-31": "131.96500", "2015-12-31": "-381.14260", "2015-09-30": "131.02890", "2015-06-30": "77.55880", "2015-03-31": "99.77110", "2014-12-31": "-81.16100", "2014-09-30": "188.64330", "2014-06-30": "131.90500", "2014-03-31": "80.93200", "2013-12-31": "107.82210", "2013-09-30": "113.27310", "2013-06-30": "69.19800", "2013-03-31": "96.23220", "2012-12-31": "94.92910", "2012-09-30": "72.72100", "2012-06-30": "103.69900", "2012-03-31": "119.81600", "2011-12-31": "82.48990", "2011-09-30": "108.78490", "2011-06-30": "188.21900", "2011-03-31": "205.32600", "2010-12-31": "46.82140", "2010-09-30": "69.00000", "2010-06-30": "116.63500", "2010-03-31": "132.29700", "2009-12-31": "78.40190", "2009-09-30": "148.44810", "2009-06-30": "6.28400", "2009-03-31": "-113.60300", "2008-12-31": "-95.82950", "2008-09-30": "330.91820", "2008-06-30": "358.87190", "2008-03-31": "252.40700", "2007-12-31": "177.84710", "2007-09-30": "173.92700", "2007-06-30": "167.66000", "2007-03-31": "171.31100", "2006-12-31": "175.27400", "2006-09-30": "198.58000", "2006-06-30": "154.14800", "2006-03-31": "131.11200", "2005-12-31": "113.89790", "2005-09-30": "81.85100", "2005-06-30": "91.10300", "2005-03-31": "106.32300"}, "Basic Shares Outstanding": {"2020-12-31": "210.59900", "2020-09-30": "210.36600", "2020-06-30": "210.34300", "2020-03-31": "213.25400", "2019-12-31": "219.63900", "2019-09-30": "217.87300", "2019-06-30": "221.50500", "2019-03-31": "224.05800", "2018-12-31": "233.92300", "2018-09-30": "234.20800", "2018-06-30": "235.61700", "2018-03-31": "236.62300", "2017-12-31": "240.13200", "2017-09-30": "239.06600", "2017-06-30": "241.34300", "2017-03-31": "242.94300", "2016-12-31": "243.57600", "2016-09-30": "243.76100", "2016-06-30": "243.65500", "2016-03-31": "243.20200", "2015-12-31": "242.01700", "2015-09-30": "242.07400", "2015-06-30": "241.90000", "2015-03-31": "241.53500", "2014-12-31": "232.54700", "2014-09-30": "240.08700", "2014-06-30": "226.22000", "2014-03-31": "223.01100", "2013-12-31": "220.91600", "2013-09-30": "220.92600", "2013-06-30": "220.47100", "2013-03-31": "219.99500", "2012-12-31": "219.15900", "2012-09-30": "219.19100", "2012-06-30": "219.10400", "2012-03-31": "218.99600", "2011-12-31": "218.47100", "2011-09-30": "218.67400", "2011-06-30": "218.50000", "2011-03-31": "217.99200", "2010-12-31": "216.76000", "2010-09-30": "216.88100", "2010-06-30": "216.63500", "2010-03-31": "216.28400", "2009-12-31": "200.70400", "2009-09-30": "215.21800", "2009-06-30": "189.84800", "2009-03-31": "182.00000", "2008-12-31": "189.14000", "2008-09-30": "195.34700", "2008-06-30": "190.35100", "2008-03-31": "189.03900", "2007-12-31": "186.32100", "2007-09-30": "179.48100", "2007-06-30": "186.85900", "2007-03-31": "192.63200", "2006-12-31": "187.86300", "2006-09-30": "199.37000", "2006-06-30": "192.92200", "2006-03-31": "174.06800", "2005-12-31": "178.48400", "2005-09-30": "172.55200", "2005-06-30": "178.04000", "2005-03-31": "190.81200"}, "Shares Outstanding": {"2020-12-31": "212.05200", "2020-09-30": "211.92600", "2020-06-30": "211.37800", "2020-03-31": "214.02400", "2019-12-31": "220.74800", "2019-09-30": "219.10900", "2019-06-30": "222.51900", "2019-03-31": "224.96200", "2018-12-31": "235.19300", "2018-09-30": "235.64900", "2018-06-30": "236.94500", "2018-03-31": "237.72300", "2017-12-31": "241.78100", "2017-09-30": "240.88000", "2017-06-30": "241.34300", "2017-03-31": "244.54600", "2016-12-31": "245.29800", "2016-09-30": "245.68200", "2016-06-30": "245.39200", "2016-03-31": "244.60800", "2015-12-31": "242.01700", "2015-09-30": "243.82200", "2015-06-30": "243.49100", "2015-03-31": "242.86700", "2014-12-31": "242.07800", "2014-09-30": "242.24400", "2014-06-30": "242.04800", "2014-03-31": "241.39400", "2013-12-31": "238.99600", "2013-09-30": "239.00100", "2013-06-30": "221.73600", "2013-03-31": "238.08700", "2012-12-31": "236.62400", "2012-09-30": "220.04400", "2012-06-30": "236.20800", "2012-03-31": "236.52600", "2011-12-31": "235.99200", "2011-09-30": "235.75900", "2011-06-30": "236.26600", "2011-03-31": "236.22400", "2010-12-31": "234.71700", "2010-09-30": "234.54300", "2010-06-30": "234.60000", "2010-03-31": "234.65900", "2009-12-31": "200.70400", "2009-09-30": "234.08000", "2009-06-30": "189.84800", "2009-03-31": "182.00000", "2008-12-31": "194.58600", "2008-09-30": "196.85900", "2008-06-30": "200.34500", "2008-03-31": "199.31700", "2007-12-31": "196.80500", "2007-09-30": "189.85800", "2007-06-30": "197.56100", "2007-03-31": "203.27400", "2006-12-31": "211.54800", "2006-09-30": "219.57000", "2006-06-30": "220.07400", "2006-03-31": "201.95200", "2005-12-31": "206.56800", "2005-09-30": "200.55200", "2005-06-30": "205.88800", "2005-03-31": "219.31200"}, "Basic EPS": {"2020-12-31": "0.89000", "2020-09-30": "0.48000", "2020-06-30": "0.36000", "2020-03-31": "0.88000", "2019-12-31": "0.58000", "2019-09-30": "0.69000", "2019-06-30": "0.88000", "2019-03-31": "0.91000", "2018-12-31": "1.18000", "2018-09-30": "1.70000", "2018-06-30": "1.54000", "2018-03-31": "0.96000", "2017-12-31": "1.27000", "2017-09-30": "0.64000", "2017-06-30": "0.64000", "2017-03-31": "0.83000", "2016-12-31": "0.08000", "2016-09-30": "0.65000", "2016-06-30": "0.58000", "2016-03-31": "0.26000", "2015-12-31": "-1.05000", "2015-09-30": "0.25000", "2015-06-30": "0.13000", "2015-03-31": "0.13000", "2014-12-31": "-0.19000", "2014-09-30": "0.38000", "2014-06-30": "0.32000", "2014-03-31": "0.17000", "2013-12-31": "0.25000", "2013-09-30": "0.26000", "2013-06-30": "0.13000", "2013-03-31": "0.22000", "2012-12-31": "0.28000", "2012-09-30": "0.06000", "2012-06-30": "0.20000", "2012-03-31": "0.21000", "2011-12-31": "0.13000", "2011-09-30": "0.20000", "2011-06-30": "0.45000", "2011-03-31": "0.49000", "2010-12-31": "0.03000", "2010-09-30": "0.09000", "2010-06-30": "0.23000", "2010-03-31": "0.30000", "2009-12-31": "0.20000", "2009-09-30": "0.32000", "2009-06-30": "-0.08000", "2009-03-31": "-0.48000", "2008-12-31": "-0.40000", "2008-09-30": "0.99000", "2008-06-30": "1.11000", "2008-03-31": "0.75000", "2007-12-31": "0.53000", "2007-09-30": "0.56000", "2007-06-30": "0.50000", "2007-03-31": "0.53000", "2006-12-31": "0.58000", "2006-09-30": "0.59500", "2006-06-30": "0.50000", "2006-03-31": "0.43500", "2005-12-31": "0.38000", "2005-09-30": "0.26250", "2005-06-30": "0.28500", "2005-03-31": "0.31750"}, "EPS - Earnings Per Share": {"2020-12-31": "0.89000", "2020-09-30": "0.47000", "2020-06-30": "0.36000", "2020-03-31": "0.88000", "2019-12-31": "0.57000", "2019-09-30": "0.69000", "2019-06-30": "0.87000", "2019-03-31": "0.91000", "2018-12-31": "1.17000", "2018-09-30": "1.69000", "2018-06-30": "1.53000", "2018-03-31": "0.96000", "2017-12-31": "1.26000", "2017-09-30": "0.64000", "2017-06-30": "0.64000", "2017-03-31": "0.82000", "2016-12-31": "0.08000", "2016-09-30": "0.64000", "2016-06-30": "0.58000", "2016-03-31": "0.26000", "2015-12-31": "-1.05000", "2015-09-30": "0.25000", "2015-06-30": "0.13000", "2015-03-31": "0.13000", "2014-12-31": "-0.19000", "2014-09-30": "0.38000", "2014-06-30": "0.31000", "2014-03-31": "0.17000", "2013-12-31": "0.24000", "2013-09-30": "0.25000", "2013-06-30": "0.13000", "2013-03-31": "0.21000", "2012-12-31": "0.27000", "2012-09-30": "0.06000", "2012-06-30": "0.20000", "2012-03-31": "0.20000", "2011-12-31": "0.14000", "2011-09-30": "0.19000", "2011-06-30": "0.43000", "2011-03-31": "0.46000", "2010-12-31": "0.04000", "2010-09-30": "0.09000", "2010-06-30": "0.22000", "2010-03-31": "0.29000", "2009-12-31": "0.22000", "2009-09-30": "0.30000", "2009-06-30": "-0.08000", "2009-03-31": "-0.48000", "2008-12-31": "-0.37000", "2008-09-30": "0.98000", "2008-06-30": "1.05000", "2008-03-31": "0.72000", "2007-12-31": "0.50000", "2007-09-30": "0.53000", "2007-06-30": "0.48000", "2007-03-31": "0.50000", "2006-12-31": "0.52000", "2006-09-30": "0.54500", "2006-06-30": "0.44500", "2006-03-31": "0.38000", "2005-12-31": "0.32500", "2005-09-30": "0.23000", "2005-06-30": "0.25000", "2005-03-31": "0.28000"}}, "balance sheet": {"Cash On Hand": {"2020-12-31": "1368.61800", "2019-12-31": "1643.63400", "2018-12-31": "1057.00300", "2017-12-31": "1028.64900", "2016-12-31": "841.48300", "2015-12-31": "727.03200", "2014-12-31": "361.36300", "2013-12-31": "395.15600", "2012-12-31": "407.43700", "2011-12-31": "475.59100", "2010-12-31": "186.51300", "2009-12-31": "9.00800", "2008-12-31": "16.23300", "2007-12-31": "28.48600", "2006-12-31": "29.37300", "2005-12-31": "65.51800"}, "Receivables": {"2020-12-31": "971.91800", "2019-12-31": "844.33600", "2018-12-31": "1043.75600", "2017-12-31": "868.83700", "2016-12-31": "729.78400", "2015-12-31": "613.60500", "2014-12-31": "902.82500", "2013-12-31": "720.60000", "2012-12-31": "642.36300", "2011-12-31": "739.51300", "2010-12-31": "659.49990", "2009-12-31": "563.61600", "2008-12-31": "589.25300", "2007-12-31": "729.96310", "2006-12-31": "408.37600", "2005-12-31": "253.50000"}, "Inventory": {"2020-12-31": "1843.54800", "2019-12-31": "1689.04300", "2018-12-31": "1859.16800", "2017-12-31": "1519.34700", "2016-12-31": "1275.21100", "2015-12-31": "1149.39000", "2014-12-31": "1618.41900", "2013-12-31": "1314.74700", "2012-12-31": "1202.50700", "2011-12-31": "1199.58400", "2010-12-31": "1114.06300", "2009-12-31": "852.83100", "2008-12-31": "1023.23500", "2007-12-31": "904.39800", "2006-12-31": "569.31700", "2005-12-31": "386.89200"}, "Pre-Paid Expenses": {"2020-12-31": "", "2019-12-31": "", "2018-12-31": "", "2017-12-31": "", "2016-12-31": "", "2015-12-31": "", "2014-12-31": "", "2013-12-31": "", "2012-12-31": "", "2011-12-31": "", "2010-12-31": "", "2009-12-31": "", "2008-12-31": "", "2007-12-31": "", "2006-12-31": "", "2005-12-31": ""}, "Other Current Assets": {"2020-12-31": "74.36300", "2019-12-31": "76.01200", "2018-12-31": "72.73000", "2017-12-31": "91.50900", "2016-12-31": "83.19700", "2015-12-31": "47.91400", "2014-12-31": "55.65500", "2013-12-31": "25.16700", "2012-12-31": "20.46900", "2011-12-31": "15.22900", "2010-12-31": "19.24300", "2009-12-31": "9.85600", "2008-12-31": "57.63200", "2007-12-31": "22.95500", "2006-12-31": "15.16700", "2005-12-31": "13.30700"}, "Total Current Assets": {"2020-12-31": "4258.44700", "2019-12-31": "4253.02500", "2018-12-31": "4032.65700", "2017-12-31": "3508.34200", "2016-12-31": "2929.67500", "2015-12-31": "2537.94100", "2014-12-31": "2938.26200", "2013-12-31": "2473.63400", "2012-12-31": "2296.22500", "2011-12-31": "2455.25800", "2010-12-31": "2000.00300", "2009-12-31": "1456.80300", "2008-12-31": "1709.91500", "2007-12-31": "1696.22900", "2006-12-31": "1036.19700", "2005-12-31": "725.73300"}, "Property, Plant, And Equipment": {"2020-12-31": "4105.56900", "2019-12-31": "3135.88600", "2018-12-31": "2945.76700", "2017-12-31": "2675.90400", "2016-12-31": "2787.21500", "2015-12-31": "2951.21000", "2014-12-31": "3123.90600", "2013-12-31": "2226.13400", "2012-12-31": "2231.19800", "2011-12-31": "2193.74500", "2010-12-31": "2213.33300", "2009-12-31": "2254.05000", "2008-12-31": "2072.85700", "2007-12-31": "1652.09700", "2006-12-31": "1136.70300", "2005-12-31": "999.96900"}, "Long-Term Investments": {"2020-12-31": "", "2019-12-31": "", "2018-12-31": "", "2017-12-31": "", "2016-12-31": "", "2015-12-31": "", "2014-12-31": "", "2013-12-31": "", "2012-12-31": "", "2011-12-31": "", "2010-12-31": "", "2009-12-31": "", "2008-12-31": "", "2007-12-31": "", "2006-12-31": "", "2005-12-31": ""}, "Goodwill And Intangible Assets": {"2020-12-31": "781.80300", "2019-12-31": "780.81600", "2018-12-31": "699.97300", "2017-12-31": "643.80200", "2016-12-31": "677.32800", "2015-12-31": "676.43000", "2014-12-31": "1115.82700", "2013-12-31": "1118.15500", "2012-12-31": "1155.17700", "2011-12-31": "1195.95900", "2010-12-31": "1240.91500", "2009-12-31": "1291.76900", "2008-12-31": "1385.22400", "2007-12-31": "1025.53000", "2006-12-31": "43.19200", "2005-12-31": "1.92500"}, "Other Long-Term Assets": {"2020-12-31": "119.74300", "2019-12-31": "106.03800", "2018-12-31": "25.16600", "2017-12-31": "27.68400", "2016-12-31": "29.51400", "2015-12-31": "36.50100", "2014-12-31": "55.16400", "2013-12-31": "115.08300", "2012-12-31": "132.81600", "2011-12-31": "134.26400", "2010-12-31": "135.68300", "2009-12-31": "127.25000", "2008-12-31": "85.58100", "2007-12-31": "145.59700", "2006-12-31": "30.92500", "2005-12-31": "30.06000"}, "Total Long-Term Assets": {"2020-12-31": "5007.11500", "2019-12-31": "4022.74000", "2018-12-31": "3670.90600", "2017-12-31": "3347.39000", "2016-12-31": "3494.05700", "2015-12-31": "3664.14100", "2014-12-31": "4294.89700", "2013-12-31": "3459.37200", "2012-12-31": "3519.19100", "2011-12-31": "3523.96800", "2010-12-31": "3589.93100", "2009-12-31": "3673.06900", "2008-12-31": "3543.66200", "2007-12-31": "2823.22400", "2006-12-31": "1210.82000", "2005-12-31": "1031.95400"}, "Total Assets": {"2020-12-31": "9265.56200", "2019-12-31": "8275.76500", "2018-12-31": "7703.56300", "2017-12-31": "6855.73200", "2016-12-31": "6423.73200", "2015-12-31": "6202.08200", "2014-12-31": "7233.15900", "2013-12-31": "5933.00600", "2012-12-31": "5815.41600", "2011-12-31": "5979.22600", "2010-12-31": "5589.93400", "2009-12-31": "5129.87200", "2008-12-31": "5253.57700", "2007-12-31": "4519.45300", "2006-12-31": "2247.01700", "2005-12-31": "1757.68700"}, "Total Current Liabilities": {"2020-12-31": "1258.78700", "2019-12-31": "1006.69800", "2018-12-31": "1019.13700", "2017-12-31": "868.51900", "2016-12-31": "712.81500", "2015-12-31": "535.29000", "2014-12-31": "850.58200", "2013-12-31": "975.17800", "2012-12-31": "609.67700", "2011-12-31": "1100.41700", "2010-12-31": "561.31700", "2009-12-31": "595.56100", "2008-12-31": "970.98100", "2007-12-31": "904.52600", "2006-12-31": "396.99300", "2005-12-31": "207.17700"}, "Long Term Debt": {"2020-12-31": "3015.78200", "2019-12-31": "2644.98800", "2018-12-31": "2352.48900", "2017-12-31": "2353.14500", "2016-12-31": "2353.19400", "2015-12-31": "2577.97600", "2014-12-31": "2935.38900", "2013-12-31": "1766.04500", "2012-12-31": "2172.60600", "2011-12-31": "1936.02200", "2010-12-31": "2377.89700", "2009-12-31": "2054.57200", "2008-12-31": "2219.16100", "2007-12-31": "1734.68300", "2006-12-31": "358.19200", "2005-12-31": "438.41900"}, "Other Non-Current Liabilities": {"2020-12-31": "106.47900", "2019-12-31": "75.05500", "2018-12-31": "8.87000", "2017-12-31": "21.81100", "2016-12-31": "20.64900", "2015-12-31": "16.59500", "2014-12-31": "18.83900", "2013-12-31": "23.37600", "2012-12-31": "19.17300", "2011-12-31": "82.27800", "2010-12-31": "62.15900", "2009-12-31": "60.00600", "2008-12-31": "65.62600", "2007-12-31": "38.54000", "2006-12-31": "2.49700", "2005-12-31": ""}, "Total Long Term Liabilities": {"2020-12-31": "3817.16300", "2019-12-31": "3347.82600", "2018-12-31": "2908.43700", "2017-12-31": "2792.14500", "2016-12-31": "2933.45800", "2015-12-31": "3121.68100", "2014-12-31": "3587.05000", "2013-12-31": "2461.97300", "2012-12-31": "2827.89700", "2011-12-31": "2578.90900", "2010-12-31": "2951.78200", "2009-12-31": "2531.04600", "2008-12-31": "2650.28300", "2007-12-31": "2085.73100", "2006-12-31": "618.91600", "2005-12-31": "670.64200"}, "Total Liabilities": {"2020-12-31": "5075.95000", "2019-12-31": "4354.52400", "2018-12-31": "3927.57400", "2017-12-31": "3660.66400", "2016-12-31": "3646.27300", "2015-12-31": "3656.97100", "2014-12-31": "4437.63200", "2013-12-31": "3437.15100", "2012-12-31": "3437.57400", "2011-12-31": "3679.32600", "2010-12-31": "3513.09900", "2009-12-31": "3126.60700", "2008-12-31": "3621.26400", "2007-12-31": "2990.25700", "2006-12-31": "1015.90900", "2005-12-31": "877.81900"}, "Common Stock Net": {"2020-12-31": "0.64800", "2019-12-31": "0.64600", "2018-12-31": "0.64500", "2017-12-31": "0.64400", "2016-12-31": "0.64100", "2015-12-31": "0.63800", "2014-12-31": "0.63500", "2013-12-31": "0.64500", "2012-12-31": "0.63700", "2011-12-31": "0.63600", "2010-12-31": "0.63300", "2009-12-31": "0.62900", "2008-12-31": "0.54500", "2007-12-31": "0.54200", "2006-12-31": "0.53700", "2005-12-31": "0.52900"}, "Retained Earnings (Accumulated Deficit)": {"2020-12-31": "4758.96900", "2019-12-31": "4419.29600", "2018-12-31": "3958.32000", "2017-12-31": "2874.69300", "2016-12-31": "2210.45900", "2015-12-31": "1965.29100", "2014-12-31": "2227.84300", "2013-12-31": "2179.51300", "2012-12-31": "2087.62000", "2011-12-31": "2011.80100", "2010-12-31": "1821.13300", "2009-12-31": "1745.51100", "2008-12-31": "1820.38500", "2007-12-31": "1432.19600", "2006-12-31": "1093.27100", "2005-12-31": "744.34400"}, "Comprehensive Income": {"2020-12-31": "1.90200", "2019-12-31": "-0.00700", "2018-12-31": "0.30100", "2017-12-31": "", "2016-12-31": "", "2015-12-31": "", "2014-12-31": "", "2013-12-31": "", "2012-12-31": "", "2011-12-31": "", "2010-12-31": "", "2009-12-31": "", "2008-12-31": "-1.41100", "2007-12-31": "0.02100", "2006-12-31": "", "2005-12-31": ""}, "Other Share Holders Equity": {"2020-12-31": "", "2019-12-31": "", "2018-12-31": "", "2017-12-31": "", "2016-12-31": "", "2015-12-31": "", "2014-12-31": "", "2013-12-31": "", "2012-12-31": "", "2011-12-31": "", "2010-12-31": "", "2009-12-31": "", "2008-12-31": "", "2007-12-31": "", "2006-12-31": "", "2005-12-31": ""}, "Share Holder Equity": {"2020-12-31": "4189.61200", "2019-12-31": "3921.24100", "2018-12-31": "3775.98900", "2017-12-31": "3195.06800", "2016-12-31": "2777.45900", "2015-12-31": "2545.11100", "2014-12-31": "2795.52700", "2013-12-31": "2495.85500", "2012-12-31": "2377.84200", "2011-12-31": "2299.90000", "2010-12-31": "2076.83500", "2009-12-31": "2003.26500", "2008-12-31": "1632.31300", "2007-12-31": "1529.19600", "2006-12-31": "1231.10800", "2005-12-31": "879.86800"}, "Total Liabilities And Share Holders Equity": {"2020-12-31": "9265.56200", "2019-12-31": "8275.76500", "2018-12-31": "7703.56300", "2017-12-31": "6855.73200", "2016-12-31": "6423.73200", "2015-12-31": "6202.08200", "2014-12-31": "7233.15900", "2013-12-31": "5933.00600", "2012-12-31": "5815.41600", "2011-12-31": "5979.22600", "2010-12-31": "5589.93400", "2009-12-31": "5129.87200", "2008-12-31": "5253.57700", "2007-12-31": "4519.45300", "2006-12-31": "2247.01700", "2005-12-31": "1757.68700"}}, "balance sheet, quarterly": {"Cash On Hand": {"2020-12-31": "1368.61800", "2020-09-30": "1267.61800", "2020-06-30": "1566.00400", "2020-03-31": "1454.67100", "2019-12-31": "1643.63400", "2019-09-30": "1215.53600", "2019-06-30": "1086.71500", "2019-03-31": "965.16700", "2018-12-31": "1057.00300", "2018-09-30": "999.31500", "2018-06-30": "810.44500", "2018-03-31": "1025.82400", "2017-12-31": "1028.64900", "2017-09-30": "1101.96400", "2017-06-30": "908.84300", "2017-03-31": "966.82600", "2016-12-31": "841.48300", "2016-09-30": "1051.48900", "2016-06-30": "1052.66600", "2016-03-31": "976.95100", "2015-12-31": "727.03200", "2015-09-30": "473.79000", "2015-06-30": "419.40100", "2015-03-31": "160.98200", "2014-12-31": "361.36300", "2014-09-30": "159.59100", "2014-06-30": "357.49000", "2014-03-31": "342.91900", "2013-12-31": "395.15600", "2013-09-30": "370.05600", "2013-06-30": "243.75300", "2013-03-31": "477.86100", "2012-12-31": "407.43700", "2012-09-30": "287.12000", "2012-06-30": "430.93600", "2012-03-31": "422.79100", "2011-12-31": "475.59100", "2011-09-30": "456.69400", "2011-06-30": "277.69100", "2011-03-31": "160.81000", "2010-12-31": "186.51300", "2010-09-30": "270.11800", "2010-06-30": "191.59300", "2010-03-31": "225.50600", "2009-12-31": "9.00800", "2009-09-30": "8.09400", "2009-06-30": "18.21700", "2009-03-31": "16.06700", "2008-12-31": "16.23300", "2008-09-30": "22.13500", "2008-06-30": "115.40500", "2008-03-31": "58.88900", "2007-12-31": "28.48600", "2007-09-30": "10.81100", "2007-06-30": "12.21200", "2007-03-31": "28.33200", "2006-12-31": "29.37300", "2006-09-30": "20.84300", "2006-06-30": "53.94800", "2006-03-31": "195.70500", "2005-12-31": "65.51800", "2005-09-30": "30.60400", "2005-06-30": "1.64500", "2005-03-31": "3.74700"}, "Receivables": {"2020-12-31": "971.91800", "2020-09-30": "918.84200", "2020-06-30": "844.05600", "2020-03-31": "998.40800", "2019-12-31": "844.33600", "2019-09-30": "986.94600", "2019-06-30": "1072.87900", "2019-03-31": "1143.39500", "2018-12-31": "1043.75600", "2018-09-30": "1228.19000", "2018-06-30": "1180.18300", "2018-03-31": "987.65500", "2017-12-31": "868.83700", "2017-09-30": "923.01700", "2017-06-30": "886.89400", "2017-03-31": "883.14700", "2016-12-31": "729.78400", "2016-09-30": "779.45900", "2016-06-30": "794.00300", "2016-03-31": "689.20100", "2015-12-31": "613.60500", "2015-09-30": "799.02500", "2015-06-30": "816.52200", "2015-03-31": "769.74100", "2014-12-31": "902.82500", "2014-09-30": "1058.66800", "2014-06-30": "910.79600", "2014-03-31": "811.10000", "2013-12-31": "720.60000", "2013-09-30": "772.87300", "2013-06-30": "773.12700", "2013-03-31": "753.30100", "2012-12-31": "642.36300", "2012-09-30": "713.68900", "2012-06-30": "732.52200", "2012-03-31": "792.00700", "2011-12-31": "739.51300", "2011-09-30": "840.38700", "2011-06-30": "864.69600", "2011-03-31": "890.22190", "2010-12-31": "659.49990", "2010-09-30": "685.35800", "2010-06-30": "664.12700", "2010-03-31": "774.68200", "2009-12-31": "563.61600", "2009-09-30": "573.15200", "2009-06-30": "490.64800", "2009-03-31": "455.31400", "2008-12-31": "589.25300", "2008-09-30": "1122.64800", "2008-06-30": "1234.61000", "2008-03-31": "899.91600", "2007-12-31": "729.96310", "2007-09-30": "491.45700", "2007-06-30": "442.12400", "2007-03-31": "421.97800", "2006-12-31": "408.37600", "2006-09-30": "403.19900", "2006-06-30": "354.29100", "2006-03-31": "260.89500", "2005-12-31": "253.50000", "2005-09-30": "218.62500", "2005-06-30": "239.36700", "2005-03-31": "267.79300"}, "Inventory": {"2020-12-31": "1843.54800", "2020-09-30": "1609.21600", "2020-06-30": "1567.01700", "2020-03-31": "1644.53800", "2019-12-31": "1689.04300", "2019-09-30": "1767.02000", "2019-06-30": "1802.75900", "2019-03-31": "1867.70000", "2018-12-31": "1859.16800", "2018-09-30": "1853.86200", "2018-06-30": "1787.10900", "2018-03-31": "1600.05800", "2017-12-31": "1519.34700", "2017-09-30": "1487.51600", "2017-06-30": "1418.73200", "2017-03-31": "1361.55000", "2016-12-31": "1275.21100", "2016-09-30": "1275.57500", "2016-06-30": "1175.71600", "2016-03-31": "1066.82300", "2015-12-31": "1149.39000", "2015-09-30": "1321.39700", "2015-06-30": "1292.06900", "2015-03-31": "1453.24200", "2014-12-31": "1618.41900", "2014-09-30": "1664.21200", "2014-06-30": "1320.87100", "2014-03-31": "1332.10100", "2013-12-31": "1314.74700", "2013-09-30": "1192.03200", "2013-06-30": "1168.49900", "2013-03-31": "1170.15900", "2012-12-31": "1202.50700", "2012-09-30": "1209.07900", "2012-06-30": "1252.15300", "2012-03-31": "1270.94100", "2011-12-31": "1199.58400", "2011-09-30": "1158.84800", "2011-06-30": "1195.19400", "2011-03-31": "1186.16800", "2010-12-31": "1114.06300", "2010-09-30": "1008.30900", "2010-06-30": "1017.87400", "2010-03-31": "900.88900", "2009-12-31": "852.83100", "2009-09-30": "835.07900", "2009-06-30": "738.47000", "2009-03-31": "833.07400", "2008-12-31": "1023.23500", "2008-09-30": "1356.99200", "2008-06-30": "1201.64000", "2008-03-31": "894.75900", "2007-12-31": "904.39800", "2007-09-30": "744.53400", "2007-06-30": "726.23600", "2007-03-31": "626.21800", "2006-12-31": "569.31700", "2006-09-30": "557.72600", "2006-06-30": "528.68300", "2006-03-31": "381.50500", "2005-12-31": "386.89200", "2005-09-30": "379.48600", "2005-06-30": "421.89400", "2005-03-31": "395.63500"}, "Pre-Paid Expenses": {"2020-12-31": "", "2020-09-30": "", "2020-06-30": "", "2020-03-31": "", "2019-12-31": "", "2019-09-30": "", "2019-06-30": "", "2019-03-31": "", "2018-12-31": "", "2018-09-30": "", "2018-06-30": "", "2018-03-31": "", "2017-12-31": "", "2017-09-30": "", "2017-06-30": "", "2017-03-31": "", "2016-12-31": "", "2016-09-30": "", "2016-06-30": "", "2016-03-31": "", "2015-12-31": "", "2015-09-30": "", "2015-06-30": "", "2015-03-31": "", "2014-12-31": "", "2014-09-30": "", "2014-06-30": "", "2014-03-31": "", "2013-12-31": "", "2013-09-30": "", "2013-06-30": "", "2013-03-31": "", "2012-12-31": "", "2012-09-30": "", "2012-06-30": "", "2012-03-31": "", "2011-12-31": "", "2011-09-30": "", "2011-06-30": "", "2011-03-31": "", "2010-12-31": "", "2010-09-30": "", "2010-06-30": "", "2010-03-31": "", "2009-12-31": "", "2009-09-30": "", "2009-06-30": "", "2009-03-31": "", "2008-12-31": "", "2008-09-30": "", "2008-06-30": "", "2008-03-31": "", "2007-12-31": "", "2007-09-30": "", "2007-06-30": "", "2007-03-31": "", "2006-12-31": "", "2006-09-30": "", "2006-06-30": "", "2006-03-31": "", "2005-12-31": "", "2005-09-30": "", "2005-06-30": "", "2005-03-31": ""}, "Other Current Assets": {"2020-12-31": "74.36300", "2020-09-30": "59.21900", "2020-06-30": "39.04300", "2020-03-31": "45.35100", "2019-12-31": "76.01200", "2019-09-30": "50.81800", "2019-06-30": "61.24800", "2019-03-31": "52.62800", "2018-12-31": "72.73000", "2018-09-30": "50.11000", "2018-06-30": "39.92700", "2018-03-31": "38.70500", "2017-12-31": "91.50900", "2017-09-30": "59.64800", "2017-06-30": "37.18800", "2017-03-31": "33.44200", "2016-12-31": "83.19700", "2016-09-30": "30.12100", "2016-06-30": "28.07200", "2016-03-31": "41.25800", "2015-12-31": "47.91400", "2015-09-30": "28.74400", "2015-06-30": "32.00400", "2015-03-31": "34.84600", "2014-12-31": "55.65500", "2014-09-30": "29.26300", "2014-06-30": "23.21600", "2014-03-31": "24.36300", "2013-12-31": "25.16700", "2013-09-30": "25.12600", "2013-06-30": "33.02800", "2013-03-31": "24.05600", "2012-12-31": "20.46900", "2012-09-30": "24.10700", "2012-06-30": "15.81600", "2012-03-31": "15.02900", "2011-12-31": "15.22900", "2011-09-30": "18.64600", "2011-06-30": "15.16400", "2011-03-31": "18.91300", "2010-12-31": "19.24300", "2010-09-30": "21.45100", "2010-06-30": "14.84400", "2010-03-31": "12.09100", "2009-12-31": "9.85600", "2009-09-30": "14.82000", "2009-06-30": "22.01700", "2009-03-31": "35.72500", "2008-12-31": "57.63200", "2008-09-30": "61.97700", "2008-06-30": "67.56600", "2008-03-31": "62.52200", "2007-12-31": "22.95500", "2007-09-30": "27.26400", "2007-06-30": "31.49300", "2007-03-31": "10.59300", "2006-12-31": "15.16700", "2006-09-30": "14.70500", "2006-06-30": "21.85300", "2006-03-31": "13.30000", "2005-12-31": "13.30700", "2005-09-30": "22.78000", "2005-06-30": "13.43900", "2005-03-31": "7.72600"}, "Total Current Assets": {"2020-12-31": "4258.44700", "2020-09-30": "3854.89500", "2020-06-30": "4016.12000", "2020-03-31": "4142.96800", "2019-12-31": "4253.02500", "2019-09-30": "4020.32000", "2019-06-30": "4023.60100", "2019-03-31": "4028.89000", "2018-12-31": "4032.65700", "2018-09-30": "4131.47700", "2018-06-30": "3817.66400", "2018-03-31": "3652.24200", "2017-12-31": "3508.34200", "2017-09-30": "3572.14500", "2017-06-30": "3251.65700", "2017-03-31": "3244.96500", "2016-12-31": "2929.67500", "2016-09-30": "3136.64400", "2016-06-30": "3050.45700", "2016-03-31": "2774.23300", "2015-12-31": "2537.94100", "2015-09-30": "2651.79500", "2015-06-30": "2591.39200", "2015-03-31": "2452.22500", "2014-12-31": "2938.26200", "2014-09-30": "2930.13600", "2014-06-30": "2630.18600", "2014-03-31": "2528.35400", "2013-12-31": "2473.63400", "2013-09-30": "2385.31500", "2013-06-30": "2242.08900", "2013-03-31": "2448.94100", "2012-12-31": "2296.22500", "2012-09-30": "2262.22400", "2012-06-30": "2458.34400", "2012-03-31": "2526.85700", "2011-12-31": "2455.25800", "2011-09-30": "2496.22700", "2011-06-30": "2373.85900", "2011-03-31": "2277.12000", "2010-12-31": "2000.00300", "2010-09-30": "2010.02200", "2010-06-30": "1910.11600", "2010-03-31": "1934.75300", "2009-12-31": "1456.80300", "2009-09-30": "1468.77600", "2009-06-30": "1301.53100", "2009-03-31": "1366.81100", "2008-12-31": "1709.91500", "2008-09-30": "2575.77500", "2008-06-30": "2627.53800", "2008-03-31": "1927.54200", "2007-12-31": "1696.22900", "2007-09-30": "1290.14600", "2007-06-30": "1226.55300", "2007-03-31": "1100.73200", "2006-12-31": "1036.19700", "2006-09-30": "1014.73900", "2006-06-30": "976.12100", "2006-03-31": "858.35500", "2005-12-31": "725.73300", "2005-09-30": "660.72400", "2005-06-30": "684.27800", "2005-03-31": "682.30100"}, "Property, Plant, And Equipment": {"2020-12-31": "4105.56900", "2020-09-30": "3862.37500", "2020-06-30": "3587.45000", "2020-03-31": "3327.60500", "2019-12-31": "3135.88600", "2019-09-30": "3031.73100", "2019-06-30": "2947.24300", "2019-03-31": "2936.89300", "2018-12-31": "2945.76700", "2018-09-30": "2901.65800", "2018-06-30": "2909.03300", "2018-03-31": "2657.93700", "2017-12-31": "2675.90400", "2017-09-30": "2708.77700", "2017-06-30": "2729.72100", "2017-03-31": "2760.54400", "2016-12-31": "2787.21500", "2016-09-30": "2928.22600", "2016-06-30": "2885.84400", "2016-03-31": "2914.18600", "2015-12-31": "2951.21000", "2015-09-30": "3013.65900", "2015-06-30": "3047.40100", "2015-03-31": "3085.58700", "2014-12-31": "3123.90600", "2014-09-30": "3420.65400", "2014-06-30": "2177.00700", "2014-03-31": "2197.50300", "2013-12-31": "2226.13400", "2013-09-30": "2241.06700", "2013-06-30": "2232.85200", "2013-03-31": "2232.41300", "2012-12-31": "2231.19800", "2012-09-30": "2213.70300", "2012-06-30": "2208.66000", "2012-03-31": "2199.50900", "2011-12-31": "2193.74500", "2011-09-30": "2168.44400", "2011-06-30": "2176.31400", "2011-03-31": "2187.69800", "2010-12-31": "2213.33300", "2010-09-30": "2214.10500", "2010-06-30": "2237.92700", "2010-03-31": "2240.37500", "2009-12-31": "2254.05000", "2009-09-30": "2214.99800", "2009-06-30": "2144.36000", "2009-03-31": "2108.65700", "2008-12-31": "2072.85700", "2008-09-30": "1997.49500", "2008-06-30": "1916.40300", "2008-03-31": "1720.27600", "2007-12-31": "1652.09700", "2007-09-30": "1358.20400", "2007-06-30": "1249.17800", "2007-03-31": "1161.91400", "2006-12-31": "1136.70300", "2006-09-30": "1118.53300", "2006-06-30": "1113.70900", "2006-03-31": "990.50600", "2005-12-31": "999.96900", "2005-09-30": "1004.55100", "2005-06-30": "1018.11200", "2005-03-31": "1022.19800"}, "Long-Term Investments": {"2020-12-31": "", "2020-09-30": "", "2020-06-30": "", "2020-03-31": "", "2019-12-31": "", "2019-09-30": "", "2019-06-30": "", "2019-03-31": "", "2018-12-31": "", "2018-09-30": "", "2018-06-30": "", "2018-03-31": "", "2017-12-31": "", "2017-09-30": "", "2017-06-30": "", "2017-03-31": "", "2016-12-31": "", "2016-09-30": "", "2016-06-30": "", "2016-03-31": "", "2015-12-31": "", "2015-09-30": "", "2015-06-30": "", "2015-03-31": "", "2014-12-31": "", "2014-09-30": "", "2014-06-30": "", "2014-03-31": "", "2013-12-31": "", "2013-09-30": "", "2013-06-30": "", "2013-03-31": "", "2012-12-31": "", "2012-09-30": "", "2012-06-30": "", "2012-03-31": "", "2011-12-31": "", "2011-09-30": "", "2011-06-30": "", "2011-03-31": "", "2010-12-31": "", "2010-09-30": "", "2010-06-30": "", "2010-03-31": "", "2009-12-31": "", "2009-09-30": "", "2009-06-30": "", "2009-03-31": "", "2008-12-31": "", "2008-09-30": "", "2008-06-30": "", "2008-03-31": "", "2007-12-31": "", "2007-09-30": "", "2007-06-30": "", "2007-03-31": "", "2006-12-31": "", "2006-09-30": "", "2006-06-30": "", "2006-03-31": "", "2005-12-31": "", "2005-09-30": "", "2005-06-30": "", "2005-03-31": ""}, "Goodwill And Intangible Assets": {"2020-12-31": "781.80300", "2020-09-30": "781.09400", "2020-06-30": "764.74000", "2020-03-31": "772.77900", "2019-12-31": "780.81600", "2019-09-30": "790.51100", "2019-06-30": "782.76400", "2019-03-31": "794.03100", "2018-12-31": "699.97300", "2018-09-30": "739.46300", "2018-06-30": "751.42900", "2018-03-31": "636.02800", "2017-12-31": "643.80200", "2017-09-30": "651.87500", "2017-06-30": "659.25800", "2017-03-31": "668.29300", "2016-12-31": "677.32800", "2016-09-30": "691.68100", "2016-06-30": "659.75100", "2016-03-31": "668.40000", "2015-12-31": "676.43000", "2015-09-30": "1093.80400", "2015-06-30": "1100.30000", "2015-03-31": "1108.14800", "2014-12-31": "1115.82700", "2014-09-30": "1133.44600", "2014-06-30": "1101.57000", "2014-03-31": "1109.84800", "2013-12-31": "1118.15500", "2013-09-30": "1127.18100", "2013-06-30": "1136.38500", "2013-03-31": "1145.74400", "2012-12-31": "1155.17700", "2012-09-30": "1165.22600", "2012-06-30": "1175.37600", "2012-03-31": "1185.71800", "2011-12-31": "1195.95900", "2011-09-30": "1206.94300", "2011-06-30": "1218.10200", "2011-03-31": "1229.50900", "2010-12-31": "1240.91500", "2010-09-30": "1253.37600", "2010-06-30": "1264.35700", "2010-03-31": "1278.86900", "2009-12-31": "1291.76900", "2009-09-30": "1305.31000", "2009-06-30": "1337.51500", "2009-03-31": "1363.65000", "2008-12-31": "1385.22400", "2008-09-30": "1407.09200", "2008-06-30": "1426.22900", "2008-03-31": "1007.19500", "2007-12-31": "1025.53000", "2007-09-30": "399.31500", "2007-06-30": "62.60000", "2007-03-31": "42.93900", "2006-12-31": "43.19200", "2006-09-30": "43.44400", "2006-06-30": "43.05500", "2006-03-31": "", "2005-12-31": "1.92500", "2005-09-30": "", "2005-06-30": "", "2005-03-31": ""}, "Other Long-Term Assets": {"2020-12-31": "119.74300", "2020-09-30": "119.19200", "2020-06-30": "100.03100", "2020-03-31": "101.57100", "2019-12-31": "106.03800", "2019-09-30": "100.68500", "2019-06-30": "104.30600", "2019-03-31": "97.41900", "2018-12-31": "25.16600", "2018-09-30": "25.77000", "2018-06-30": "26.39500", "2018-03-31": "26.60600", "2017-12-31": "27.68400", "2017-09-30": "27.94000", "2017-06-30": "29.49400", "2017-03-31": "30.23300", "2016-12-31": "29.51400", "2016-09-30": "31.01100", "2016-06-30": "33.62400", "2016-03-31": "34.82300", "2015-12-31": "36.50100", "2015-09-30": "83.28300", "2015-06-30": "87.67000", "2015-03-31": "89.87800", "2014-12-31": "55.16400", "2014-09-30": "94.04700", "2014-06-30": "76.43900", "2014-03-31": "78.15200", "2013-12-31": "115.08300", "2013-09-30": "120.74200", "2013-06-30": "124.58400", "2013-03-31": "129.47600", "2012-12-31": "132.81600", "2012-09-30": "134.36300", "2012-06-30": "129.00000", "2012-03-31": "131.54300", "2011-12-31": "134.26400", "2011-09-30": "131.86700", "2011-06-30": "132.17800", "2011-03-31": "133.27800", "2010-12-31": "135.68300", "2010-09-30": "132.95600", "2010-06-30": "133.40500", "2010-03-31": "128.12500", "2009-12-31": "127.25000", "2009-09-30": "119.88000", "2009-06-30": "98.40600", "2009-03-31": "86.96100", "2008-12-31": "85.58100", "2008-09-30": "74.51700", "2008-06-30": "73.41900", "2008-03-31": "166.59900", "2007-12-31": "145.59700", "2007-09-30": "47.63600", "2007-06-30": "37.55500", "2007-03-31": "35.80700", "2006-12-31": "30.92500", "2006-09-30": "32.08700", "2006-06-30": "31.58800", "2006-03-31": "32.75800", "2005-12-31": "30.06000", "2005-09-30": "32.83300", "2005-06-30": "33.57100", "2005-03-31": "31.94800"}, "Total Long-Term Assets": {"2020-12-31": "5007.11500", "2020-09-30": "4762.66100", "2020-06-30": "4452.22100", "2020-03-31": "4201.95500", "2019-12-31": "4022.74000", "2019-09-30": "3922.92700", "2019-06-30": "3834.31300", "2019-03-31": "3828.34300", "2018-12-31": "3670.90600", "2018-09-30": "3666.89100", "2018-06-30": "3686.85700", "2018-03-31": "3320.57100", "2017-12-31": "3347.39000", "2017-09-30": "3388.59200", "2017-06-30": "3418.47300", "2017-03-31": "3459.07000", "2016-12-31": "3494.05700", "2016-09-30": "3650.91800", "2016-06-30": "3579.21900", "2016-03-31": "3617.40900", "2015-12-31": "3664.14100", "2015-09-30": "4190.74600", "2015-06-30": "4235.37100", "2015-03-31": "4283.61300", "2014-12-31": "4294.89700", "2014-09-30": "4648.14700", "2014-06-30": "3355.01600", "2014-03-31": "3385.50300", "2013-12-31": "3459.37200", "2013-09-30": "3488.99000", "2013-06-30": "3493.82100", "2013-03-31": "3507.63300", "2012-12-31": "3519.19100", "2012-09-30": "3513.29200", "2012-06-30": "3513.03600", "2012-03-31": "3516.77000", "2011-12-31": "3523.96800", "2011-09-30": "3507.25400", "2011-06-30": "3526.59400", "2011-03-31": "3550.48500", "2010-12-31": "3589.93100", "2010-09-30": "3600.43700", "2010-06-30": "3635.68900", "2010-03-31": "3647.36900", "2009-12-31": "3673.06900", "2009-09-30": "3640.18800", "2009-06-30": "3580.28100", "2009-03-31": "3559.26800", "2008-12-31": "3543.66200", "2008-09-30": "3479.10400", "2008-06-30": "3416.05100", "2008-03-31": "2894.07000", "2007-12-31": "2823.22400", "2007-09-30": "1805.15500", "2007-06-30": "1349.33300", "2007-03-31": "1240.66000", "2006-12-31": "1210.82000", "2006-09-30": "1194.06400", "2006-06-30": "1188.35200", "2006-03-31": "1023.26400", "2005-12-31": "1031.95400", "2005-09-30": "1037.38400", "2005-06-30": "1051.68300", "2005-03-31": "1054.14600"}, "Total Assets": {"2020-12-31": "9265.56200", "2020-09-30": "8617.55600", "2020-06-30": "8468.34100", "2020-03-31": "8344.92300", "2019-12-31": "8275.76500", "2019-09-30": "7943.24700", "2019-06-30": "7857.91400", "2019-03-31": "7857.23300", "2018-12-31": "7703.56300", "2018-09-30": "7798.36800", "2018-06-30": "7504.52100", "2018-03-31": "6972.81300", "2017-12-31": "6855.73200", "2017-09-30": "6960.73700", "2017-06-30": "6670.13000", "2017-03-31": "6704.03500", "2016-12-31": "6423.73200", "2016-09-30": "6787.56200", "2016-06-30": "6629.67600", "2016-03-31": "6391.64200", "2015-12-31": "6202.08200", "2015-09-30": "6842.54100", "2015-06-30": "6826.76300", "2015-03-31": "6735.83800", "2014-12-31": "7233.15900", "2014-09-30": "7578.28300", "2014-06-30": "5985.20200", "2014-03-31": "5913.85700", "2013-12-31": "5933.00600", "2013-09-30": "5874.30500", "2013-06-30": "5735.91000", "2013-03-31": "5956.57400", "2012-12-31": "5815.41600", "2012-09-30": "5775.51600", "2012-06-30": "5971.38000", "2012-03-31": "6043.62700", "2011-12-31": "5979.22600", "2011-09-30": "6003.48100", "2011-06-30": "5900.45300", "2011-03-31": "5827.60500", "2010-12-31": "5589.93400", "2010-09-30": "5610.45900", "2010-06-30": "5545.80500", "2010-03-31": "5582.12200", "2009-12-31": "5129.87200", "2009-09-30": "5108.96400", "2009-06-30": "4881.81200", "2009-03-31": "4926.07900", "2008-12-31": "5253.57700", "2008-09-30": "6054.87900", "2008-06-30": "6043.58900", "2008-03-31": "4821.61200", "2007-12-31": "4519.45300", "2007-09-30": "3095.30100", "2007-06-30": "2575.88600", "2007-03-31": "2341.39200", "2006-12-31": "2247.01700", "2006-09-30": "2208.80300", "2006-06-30": "2164.47300", "2006-03-31": "1881.61900", "2005-12-31": "1757.68700", "2005-09-30": "1698.10800", "2005-06-30": "1735.96100", "2005-03-31": "1736.44700"}, "Total Current Liabilities": {"2020-12-31": "1258.78700", "2020-09-30": "1175.62800", "2020-06-30": "1115.42600", "2020-03-31": "1031.72000", "2019-12-31": "1006.69800", "2019-09-30": "1005.27500", "2019-06-30": "925.73600", "2019-03-31": "1003.09000", "2018-12-31": "1019.13700", "2018-09-30": "1049.66500", "2018-06-30": "1058.58600", "2018-03-31": "860.74000", "2017-12-31": "868.51900", "2017-09-30": "1066.52900", "2017-06-30": "795.89200", "2017-03-31": "881.44700", "2016-12-31": "712.81500", "2016-09-30": "794.11300", "2016-06-30": "779.22400", "2016-03-31": "673.04600", "2015-12-31": "535.29000", "2015-09-30": "677.85800", "2015-06-30": "698.58800", "2015-03-31": "618.33400", "2014-12-31": "850.58200", "2014-09-30": "1041.54000", "2014-06-30": "713.22300", "2014-03-31": "951.43100", "2013-12-31": "975.17800", "2013-09-30": "954.20200", "2013-06-30": "869.84900", "2013-03-31": "814.68700", "2012-12-31": "609.67700", "2012-09-30": "605.39900", "2012-06-30": "1019.44900", "2012-03-31": "1121.86800", "2011-12-31": "1100.41700", "2011-09-30": "717.46700", "2011-06-30": "670.84600", "2011-03-31": "689.64400", "2010-12-31": "561.31700", "2010-09-30": "595.45200", "2010-06-30": "554.29800", "2010-03-31": "640.01100", "2009-12-31": "595.56100", "2009-09-30": "638.88700", "2009-06-30": "488.38900", "2009-03-31": "729.65000", "2008-12-31": "970.98100", "2008-09-30": "1674.71000", "2008-06-30": "1395.50900", "2008-03-31": "1009.98000", "2007-12-31": "904.52600", "2007-09-30": "672.77800", "2007-06-30": "580.40200", "2007-03-31": "501.42900", "2006-12-31": "396.99300", "2006-09-30": "372.88900", "2006-06-30": "273.24600", "2006-03-31": "244.22800", "2005-12-31": "207.17700", "2005-09-30": "184.80200", "2005-06-30": "163.39800", "2005-03-31": "211.85500"}, "Long Term Debt": {"2020-12-31": "3015.78200", "2020-09-30": "2636.61500", "2020-06-30": "2636.72200", "2020-03-31": "2646.01200", "2019-12-31": "2644.98800", "2019-09-30": "2355.24300", "2019-06-30": "2355.91700", "2019-03-31": "2354.42700", "2018-12-31": "2352.48900", "2018-09-30": "2351.97900", "2018-06-30": "2352.12700", "2018-03-31": "2353.70300", "2017-12-31": "2353.14500", "2017-09-30": "2351.48300", "2017-06-30": "2354.33700", "2017-03-31": "2353.74400", "2016-12-31": "2353.19400", "2016-09-30": "2570.83700", "2016-06-30": "2573.18600", "2016-03-31": "2575.52800", "2015-12-31": "2577.97600", "2015-09-30": "2615.81900", "2015-06-30": "2619.57400", "2015-03-31": "2623.44400", "2014-12-31": "2935.38900", "2014-09-30": "2929.99400", "2014-06-30": "1742.12800", "2014-03-31": "1755.02800", "2013-12-31": "1766.04500", "2013-09-30": "1773.61900", "2013-06-30": "1774.24300", "2013-03-31": "2069.21400", "2012-12-31": "2172.60600", "2012-09-30": "2173.92500", "2012-06-30": "1928.09700", "2012-03-31": "1932.01900", "2011-12-31": "1936.02200", "2011-09-30": "2379.05000", "2011-06-30": "2377.79300", "2011-03-31": "2378.28000", "2010-12-31": "2377.89700", "2010-09-30": "2409.43800", "2010-06-30": "2401.67900", "2010-03-31": "2399.86400", "2009-12-31": "2054.57200", "2009-09-30": "2051.06300", "2009-06-30": "2029.89200", "2009-03-31": "2218.01400", "2008-12-31": "2219.16100", "2008-09-30": "2235.78400", "2008-06-30": "2269.78500", "2008-03-31": "1805.43500", "2007-12-31": "1734.68300", "2007-09-30": "1048.78600", "2007-06-30": "554.25000", "2007-03-31": "357.68600", "2006-12-31": "358.19200", "2006-09-30": "401.55700", "2006-06-30": "402.49700", "2006-03-31": "432.84400", "2005-12-31": "438.41900", "2005-09-30": "469.25200", "2005-06-30": "564.84000", "2005-03-31": "460.33000"}, "Other Non-Current Liabilities": {"2020-12-31": "106.47900", "2020-09-30": "94.01100", "2020-06-30": "73.23700", "2020-03-31": "72.00400", "2019-12-31": "75.05500", "2019-09-30": "70.12600", "2019-06-30": "70.19600", "2019-03-31": "63.17100", "2018-12-31": "8.87000", "2018-09-30": "11.83300", "2018-06-30": "18.33000", "2018-03-31": "20.25700", "2017-12-31": "21.81100", "2017-09-30": "20.30500", "2017-06-30": "20.78100", "2017-03-31": "19.71100", "2016-12-31": "20.64900", "2016-09-30": "20.75100", "2016-06-30": "19.54400", "2016-03-31": "19.30200", "2015-12-31": "16.59500", "2015-09-30": "16.40500", "2015-06-30": "16.14700", "2015-03-31": "15.93600", "2014-12-31": "18.83900", "2014-09-30": "24.92200", "2014-06-30": "22.35600", "2014-03-31": "22.84300", "2013-12-31": "23.37600", "2013-09-30": "22.89800", "2013-06-30": "20.32400", "2013-03-31": "19.94700", "2012-12-31": "19.17300", "2012-09-30": "18.56400", "2012-06-30": "81.79500", "2012-03-31": "82.61300", "2011-12-31": "82.27800", "2011-09-30": "77.39100", "2011-06-30": "63.79400", "2011-03-31": "62.94400", "2010-12-31": "62.15900", "2010-09-30": "62.14500", "2010-06-30": "61.59400", "2010-03-31": "60.95700", "2009-12-31": "60.00600", "2009-09-30": "68.41100", "2009-06-30": "67.09500", "2009-03-31": "65.75900", "2008-12-31": "65.62600", "2008-09-30": "63.02700", "2008-06-30": "44.00300", "2008-03-31": "39.70500", "2007-12-31": "38.54000", "2007-09-30": "", "2007-06-30": "", "2007-03-31": "", "2006-12-31": "2.49700", "2006-09-30": "", "2006-06-30": "", "2006-03-31": "", "2005-12-31": "", "2005-09-30": "", "2005-06-30": "", "2005-03-31": ""}, "Total Long Term Liabilities": {"2020-12-31": "3817.16300", "2020-09-30": "3398.54300", "2020-06-30": "3365.40700", "2020-03-31": "3358.27800", "2019-12-31": "3347.82600", "2019-09-30": "3037.23100", "2019-06-30": "3023.82700", "2019-03-31": "3004.61500", "2018-12-31": "2908.43700", "2018-09-30": "2873.86600", "2018-06-30": "2857.41600", "2018-03-31": "2799.93600", "2017-12-31": "2792.14500", "2017-09-30": "2944.42700", "2017-06-30": "2945.99700", "2017-03-31": "2939.12100", "2016-12-31": "2933.45800", "2016-09-30": "3168.08700", "2016-06-30": "3152.18600", "2016-03-31": "3137.43000", "2015-12-31": "3121.68100", "2015-09-30": "3335.23800", "2015-06-30": "3329.44700", "2015-03-31": "3320.75100", "2014-12-31": "3587.05000", "2014-09-30": "3625.09400", "2014-06-30": "2436.94900", "2014-03-31": "2449.93000", "2013-12-31": "2461.97300", "2013-09-30": "2472.36900", "2013-06-30": "2455.32400", "2013-03-31": "2735.29700", "2012-12-31": "2827.89700", "2012-09-30": "2831.06300", "2012-06-30": "2597.79500", "2012-03-31": "2589.19800", "2011-12-31": "2578.90900", "2011-09-30": "3003.34800", "2011-06-30": "2972.41300", "2011-03-31": "2964.56100", "2010-12-31": "2951.78200", "2010-09-30": "2911.33100", "2010-06-30": "2893.90800", "2010-03-31": "2884.21600", "2009-12-31": "2531.04600", "2009-09-30": "2481.99400", "2009-06-30": "2468.94000", "2009-03-31": "2657.48500", "2008-12-31": "2650.28300", "2008-09-30": "2640.77500", "2008-06-30": "2660.52800", "2008-03-31": "2195.57500", "2007-12-31": "2085.73100", "2007-09-30": "1342.56400", "2007-06-30": "811.32900", "2007-03-31": "614.85700", "2006-12-31": "618.91600", "2006-09-30": "663.34100", "2006-06-30": "666.29100", "2006-03-31": "665.86900", "2005-12-31": "670.64200", "2005-09-30": "695.65000", "2005-06-30": "790.63500", "2005-03-31": "685.71000"}, "Total Liabilities": {"2020-12-31": "5075.95000", "2020-09-30": "4574.17100", "2020-06-30": "4480.83300", "2020-03-31": "4389.99800", "2019-12-31": "4354.52400", "2019-09-30": "4042.50600", "2019-06-30": "3949.56300", "2019-03-31": "4007.70500", "2018-12-31": "3927.57400", "2018-09-30": "3923.53100", "2018-06-30": "3916.00200", "2018-03-31": "3660.67600", "2017-12-31": "3660.66400", "2017-09-30": "4010.95600", "2017-06-30": "3741.88900", "2017-03-31": "3820.56800", "2016-12-31": "3646.27300", "2016-09-30": "3962.20000", "2016-06-30": "3931.41000", "2016-03-31": "3810.47600", "2015-12-31": "3656.97100", "2015-09-30": "4013.09600", "2015-06-30": "4028.03500", "2015-03-31": "3939.08500", "2014-12-31": "4437.63200", "2014-09-30": "4666.63400", "2014-06-30": "3150.17200", "2014-03-31": "3401.36100", "2013-12-31": "3437.15100", "2013-09-30": "3426.57100", "2013-06-30": "3325.17300", "2013-03-31": "3549.98400", "2012-12-31": "3437.57400", "2012-09-30": "3436.46200", "2012-06-30": "3617.24400", "2012-03-31": "3711.06600", "2011-12-31": "3679.32600", "2011-09-30": "3720.81500", "2011-06-30": "3643.25900", "2011-03-31": "3654.20500", "2010-12-31": "3513.09900", "2010-09-30": "3506.78300", "2010-06-30": "3448.20600", "2010-03-31": "3524.22700", "2009-12-31": "3126.60700", "2009-09-30": "3120.88100", "2009-06-30": "2957.32900", "2009-03-31": "3387.13500", "2008-12-31": "3621.26400", "2008-09-30": "4315.48500", "2008-06-30": "4056.03700", "2008-03-31": "3205.55500", "2007-12-31": "2990.25700", "2007-09-30": "2015.34200", "2007-06-30": "1391.73100", "2007-03-31": "1116.28600", "2006-12-31": "1015.90900", "2006-09-30": "1036.23000", "2006-06-30": "939.53700", "2006-03-31": "910.09700", "2005-12-31": "877.81900", "2005-09-30": "880.45200", "2005-06-30": "954.03300", "2005-03-31": "897.56500"}, "Common Stock Net": {"2020-12-31": "0.64800", "2020-09-30": "0.64600", "2020-06-30": "0.64600", "2020-03-31": "0.64600", "2019-12-31": "0.64600", "2019-09-30": "0.64500", "2019-06-30": "0.64500", "2019-03-31": "0.64500", "2018-12-31": "0.64500", "2018-09-30": "0.64400", "2018-06-30": "0.64400", "2018-03-31": "0.64400", "2017-12-31": "0.64400", "2017-09-30": "0.64100", "2017-06-30": "0.64100", "2017-03-31": "0.64100", "2016-12-31": "0.64100", "2016-09-30": "0.64000", "2016-06-30": "0.63900", "2016-03-31": "0.63900", "2015-12-31": "0.63800", "2015-09-30": "0.63600", "2015-06-30": "0.63600", "2015-03-31": "0.63500", "2014-12-31": "0.63500", "2014-09-30": "0.64900", "2014-06-30": "0.64700", "2014-03-31": "0.64600", "2013-12-31": "0.64500", "2013-09-30": "0.64100", "2013-06-30": "0.64000", "2013-03-31": "0.63900", "2012-12-31": "0.63700", "2012-09-30": "0.63600", "2012-06-30": "0.63600", "2012-03-31": "0.63600", "2011-12-31": "0.63600", "2011-09-30": "0.63600", "2011-06-30": "0.63600", "2011-03-31": "0.63500", "2010-12-31": "0.63300", "2010-09-30": "0.63200", "2010-06-30": "0.63100", "2010-03-31": "0.63000", "2009-12-31": "0.62900", "2009-09-30": "0.62800", "2009-06-30": "0.62600", "2009-03-31": "0.54500", "2008-12-31": "0.54500", "2008-09-30": "0.54400", "2008-06-30": "0.54400", "2008-03-31": "0.54300", "2007-12-31": "0.54200", "2007-09-30": "0.54100", "2007-06-30": "0.54000", "2007-03-31": "0.53800", "2006-12-31": "0.53700", "2006-09-30": "0.53700", "2006-06-30": "0.53600", "2006-03-31": "0.53400", "2005-12-31": "0.52900", "2005-09-30": "0.52800", "2005-06-30": "0.52700", "2005-03-31": "0.52700"}, "Retained Earnings (Accumulated Deficit)": {"2020-12-31": "4758.96900", "2020-09-30": "4624.01900", "2020-06-30": "4576.62900", "2020-03-31": "4553.88200", "2019-12-31": "4419.29600", "2019-09-30": "4349.52300", "2019-06-30": "4250.41900", "2019-03-31": "4109.03400", "2018-12-31": "3958.32000", "2018-09-30": "3730.66200", "2018-06-30": "3376.16300", "2018-03-31": "3057.90400", "2017-12-31": "2874.69300", "2017-09-30": "2606.83100", "2017-06-30": "2490.37300", "2017-03-31": "2373.71800", "2016-12-31": "2210.45900", "2016-09-30": "2224.96300", "2016-06-30": "2101.72900", "2016-03-31": "1993.91000", "2015-12-31": "1965.29100", "2015-09-30": "2250.90100", "2015-06-30": "2223.59900", "2015-03-31": "2225.35400", "2014-12-31": "2227.84300", "2014-09-30": "2300.66000", "2014-06-30": "2237.14700", "2014-03-31": "2192.41300", "2013-12-31": "2179.51300", "2013-09-30": "2149.38900", "2013-06-30": "2116.26200", "2013-03-31": "2111.59700", "2012-12-31": "2087.62000", "2012-09-30": "2049.01100", "2012-06-30": "2058.10800", "2012-03-31": "2035.56900", "2011-12-31": "2011.80100", "2011-09-30": "2003.48600", "2011-06-30": "1982.05100", "2011-03-31": "1905.20700", "2010-12-31": "1821.13300", "2010-09-30": "1829.65900", "2010-06-30": "1827.19400", "2010-03-31": "1794.24700", "2009-12-31": "1745.51100", "2009-09-30": "1735.06000", "2009-06-30": "1682.20800", "2009-03-31": "1714.31000", "2008-12-31": "1820.38500", "2008-09-30": "1921.24000", "2008-06-30": "1746.54400", "2008-03-31": "1555.86000", "2007-12-31": "1432.19600", "2007-09-30": "1348.57600", "2007-06-30": "1261.08500", "2007-03-31": "1180.70000", "2006-12-31": "1093.27100", "2006-09-30": "1002.66800", "2006-06-30": "898.52200", "2006-03-31": "811.58100", "2005-12-31": "744.34400", "2005-09-30": "683.68800", "2005-06-30": "642.62900", "2005-03-31": "596.33100"}, "Comprehensive Income": {"2020-12-31": "1.90200", "2020-09-30": "0.09500", "2020-06-30": "0.21600", "2020-03-31": "0.03000", "2019-12-31": "-0.00700", "2019-09-30": "0.03900", "2019-06-30": "0.07800", "2019-03-31": "0.13000", "2018-12-31": "0.30100", "2018-09-30": "-0.04200", "2018-06-30": "-0.10500", "2018-03-31": "", "2017-12-31": "", "2017-09-30": "", "2017-06-30": "", "2017-03-31": "", "2016-12-31": "", "2016-09-30": "", "2016-06-30": "", "2016-03-31": "", "2015-12-31": "", "2015-09-30": "", "2015-06-30": "", "2015-03-31": "", "2014-12-31": "", "2014-09-30": "", "2014-06-30": "", "2014-03-31": "", "2013-12-31": "", "2013-09-30": "", "2013-06-30": "", "2013-03-31": "", "2012-12-31": "", "2012-09-30": "", "2012-06-30": "", "2012-03-31": "", "2011-12-31": "", "2011-09-30": "", "2011-06-30": "", "2011-03-31": "", "2010-12-31": "", "2010-09-30": "", "2010-06-30": "", "2010-03-31": "", "2009-12-31": "", "2009-09-30": "", "2009-06-30": "", "2009-03-31": "-1.07300", "2008-12-31": "-1.41100", "2008-09-30": "", "2008-06-30": "5.01100", "2008-03-31": "-1.76100", "2007-12-31": "0.02100", "2007-09-30": "", "2007-06-30": "", "2007-03-31": "", "2006-12-31": "", "2006-09-30": "", "2006-06-30": "", "2006-03-31": "", "2005-12-31": "", "2005-09-30": "", "2005-06-30": "", "2005-03-31": ""}, "Other Share Holders Equity": {"2020-12-31": "", "2020-09-30": "", "2020-06-30": "", "2020-03-31": "", "2019-12-31": "", "2019-09-30": "", "2019-06-30": "", "2019-03-31": "", "2018-12-31": "", "2018-09-30": "", "2018-06-30": "", "2018-03-31": "", "2017-12-31": "", "2017-09-30": "", "2017-06-30": "", "2017-03-31": "", "2016-12-31": "", "2016-09-30": "", "2016-06-30": "", "2016-03-31": "", "2015-12-31": "", "2015-09-30": "", "2015-06-30": "", "2015-03-31": "", "2014-12-31": "", "2014-09-30": "", "2014-06-30": "", "2014-03-31": "", "2013-12-31": "", "2013-09-30": "", "2013-06-30": "", "2013-03-31": "", "2012-12-31": "", "2012-09-30": "", "2012-06-30": "", "2012-03-31": "", "2011-12-31": "", "2011-09-30": "", "2011-06-30": "", "2011-03-31": "", "2010-12-31": "", "2010-09-30": "", "2010-06-30": "", "2010-03-31": "", "2009-12-31": "", "2009-09-30": "", "2009-06-30": "", "2009-03-31": "", "2008-12-31": "", "2008-09-30": "", "2008-06-30": "", "2008-03-31": "", "2007-12-31": "", "2007-09-30": "", "2007-06-30": "", "2007-03-31": "", "2006-12-31": "", "2006-09-30": "", "2006-06-30": "", "2006-03-31": "", "2005-12-31": "", "2005-09-30": "", "2005-06-30": "", "2005-03-31": ""}, "Share Holder Equity": {"2020-12-31": "4189.61200", "2020-09-30": "4043.38500", "2020-06-30": "3987.50800", "2020-03-31": "3954.92500", "2019-12-31": "3921.24100", "2019-09-30": "3900.74100", "2019-06-30": "3908.35100", "2019-03-31": "3849.52800", "2018-12-31": "3775.98900", "2018-09-30": "3874.83700", "2018-06-30": "3588.51900", "2018-03-31": "3312.13700", "2017-12-31": "3195.06800", "2017-09-30": "2949.78100", "2017-06-30": "2928.24100", "2017-03-31": "2883.46700", "2016-12-31": "2777.45900", "2016-09-30": "2825.36200", "2016-06-30": "2698.26600", "2016-03-31": "2581.16600", "2015-12-31": "2545.11100", "2015-09-30": "2829.44500", "2015-06-30": "2798.72800", "2015-03-31": "2796.75300", "2014-12-31": "2795.52700", "2014-09-30": "2911.64900", "2014-06-30": "2835.03000", "2014-03-31": "2512.49600", "2013-12-31": "2495.85500", "2013-09-30": "2447.73400", "2013-06-30": "2410.73700", "2013-03-31": "2406.59000", "2012-12-31": "2377.84200", "2012-09-30": "2339.05400", "2012-06-30": "2354.13600", "2012-03-31": "2332.56100", "2011-12-31": "2299.90000", "2011-09-30": "2282.66600", "2011-06-30": "2257.19400", "2011-03-31": "2173.40000", "2010-12-31": "2076.83500", "2010-09-30": "2103.67600", "2010-06-30": "2097.59900", "2010-03-31": "2057.89500", "2009-12-31": "2003.26500", "2009-09-30": "1988.08300", "2009-06-30": "1924.48300", "2009-03-31": "1538.94400", "2008-12-31": "1632.31300", "2008-09-30": "1739.39400", "2008-06-30": "1987.55200", "2008-03-31": "1616.05700", "2007-12-31": "1529.19600", "2007-09-30": "1079.95900", "2007-06-30": "1184.15500", "2007-03-31": "1225.10600", "2006-12-31": "1231.10800", "2006-09-30": "1172.57300", "2006-06-30": "1224.93600", "2006-03-31": "971.52200", "2005-12-31": "879.86800", "2005-09-30": "817.65600", "2005-06-30": "781.92800", "2005-03-31": "838.88200"}, "Total Liabilities And Share Holders Equity": {"2020-12-31": "9265.56200", "2020-09-30": "8617.55600", "2020-06-30": "8468.34100", "2020-03-31": "8344.92300", "2019-12-31": "8275.76500", "2019-09-30": "7943.24700", "2019-06-30": "7857.91400", "2019-03-31": "7857.23300", "2018-12-31": "7703.56300", "2018-09-30": "7798.36800", "2018-06-30": "7504.52100", "2018-03-31": "6972.81300", "2017-12-31": "6855.73200", "2017-09-30": "6960.73700", "2017-06-30": "6670.13000", "2017-03-31": "6704.03500", "2016-12-31": "6423.73200", "2016-09-30": "6787.56200", "2016-06-30": "6629.67600", "2016-03-31": "6391.64200", "2015-12-31": "6202.08200", "2015-09-30": "6842.54100", "2015-06-30": "6826.76300", "2015-03-31": "6735.83800", "2014-12-31": "7233.15900", "2014-09-30": "7578.28300", "2014-06-30": "5985.20200", "2014-03-31": "5913.85700", "2013-12-31": "5933.00600", "2013-09-30": "5874.30500", "2013-06-30": "5735.91000", "2013-03-31": "5956.57400", "2012-12-31": "5815.41600", "2012-09-30": "5775.51600", "2012-06-30": "5971.38000", "2012-03-31": "6043.62700", "2011-12-31": "5979.22600", "2011-09-30": "6003.48100", "2011-06-30": "5900.45300", "2011-03-31": "5827.60500", "2010-12-31": "5589.93400", "2010-09-30": "5610.45900", "2010-06-30": "5545.80500", "2010-03-31": "5582.12200", "2009-12-31": "5129.87200", "2009-09-30": "5108.96400", "2009-06-30": "4881.81200", "2009-03-31": "4926.07900", "2008-12-31": "5253.57700", "2008-09-30": "6054.87900", "2008-06-30": "6043.58900", "2008-03-31": "4821.61200", "2007-12-31": "4519.45300", "2007-09-30": "3095.30100", "2007-06-30": "2575.88600", "2007-03-31": "2341.39200", "2006-12-31": "2247.01700", "2006-09-30": "2208.80300", "2006-06-30": "2164.47300", "2006-03-31": "1881.61900", "2005-12-31": "1757.68700", "2005-09-30": "1698.10800", "2005-06-30": "1735.96100", "2005-03-31": "1736.44700"}}, "cash flow statement": {"Net Income/Loss": {"2020-12-31": "570.82800", "2019-12-31": "677.90000", "2018-12-31": "1255.80500", "2017-12-31": "805.79600", "2016-12-31": "360.00600", "2015-12-31": "-145.17000", "2014-12-31": "91.65000", "2013-12-31": "163.51600", "2012-12-31": "142.28100", "2011-12-31": "265.69200", "2010-12-31": "129.59900", "2009-12-31": "-11.01900", "2008-12-31": "454.51400", "2007-12-31": "394.56600", "2006-12-31": "396.70700", "2005-12-31": "221.78500"}, "Total Depreciation And Amortization - Cash Flow": {"2020-12-31": "325.78900", "2019-12-31": "321.08200", "2018-12-31": "317.19800", "2017-12-31": "298.99900", "2016-12-31": "296.10900", "2015-12-31": "294.59500", "2014-12-31": "263.32500", "2013-12-31": "230.92800", "2012-12-31": "225.21600", "2011-12-31": "222.60700", "2010-12-31": "224.69800", "2009-12-31": "221.42600", "2008-12-31": "208.75200", "2007-12-31": "138.13600", "2006-12-31": "114.81200", "2005-12-31": "91.86500"}, "Other Non-Cash Items": {"2020-12-31": "153.78900", "2019-12-31": "100.76500", "2018-12-31": "103.89900", "2017-12-31": "-85.63400", "2016-12-31": "239.01700", "2015-12-31": "379.24400", "2014-12-31": "265.21100", "2013-12-31": "47.63100", "2012-12-31": "75.76800", "2011-12-31": "47.79400", "2010-12-31": "74.80500", "2009-12-31": "111.02400", "2008-12-31": "46.14100", "2007-12-31": "17.53000", "2006-12-31": "8.70100", "2005-12-31": "21.41100"}, "Total Non-Cash Items": {"2020-12-31": "479.57800", "2019-12-31": "421.84700", "2018-12-31": "421.09700", "2017-12-31": "213.36500", "2016-12-31": "535.12600", "2015-12-31": "673.83900", "2014-12-31": "528.53600", "2013-12-31": "278.55900", "2012-12-31": "300.98400", "2011-12-31": "270.40100", "2010-12-31": "299.50300", "2009-12-31": "332.45000", "2008-12-31": "254.89300", "2007-12-31": "155.66600", "2006-12-31": "123.51300", "2005-12-31": "113.27600"}, "Change In Accounts Receivable": {"2020-12-31": "-111.92000", "2019-12-31": "237.80500", "2018-12-31": "-145.87300", "2017-12-31": "-139.05400", "2016-12-31": "-106.61700", "2015-12-31": "311.30200", "2014-12-31": "-2.19100", "2013-12-31": "-78.23700", "2012-12-31": "85.97700", "2011-12-31": "-100.60200", "2010-12-31": "-196.55600", "2009-12-31": "72.15900", "2008-12-31": "310.98500", "2007-12-31": "57.65300", "2006-12-31": "-72.27700", "2005-12-31": "12.15300"}, "Change In Inventories": {"2020-12-31": "-150.59600", "2019-12-31": "217.86600", "2018-12-31": "-246.21300", "2017-12-31": "-242.88300", "2016-12-31": "-115.57500", "2015-12-31": "488.00300", "2014-12-31": "68.73000", "2013-12-31": "-108.02500", "2012-12-31": "13.84500", "2011-12-31": "-85.52300", "2010-12-31": "-261.11000", "2009-12-31": "175.18300", "2008-12-31": "-18.66700", "2007-12-31": "-119.57700", "2006-12-31": "-66.24000", "2005-12-31": "-17.19600"}, "Change In Accounts Payable": {"2020-12-31": "182.50900", "2019-12-31": "-86.44500", "2018-12-31": "37.90400", "2017-12-31": "96.06200", "2016-12-31": "106.52100", "2015-12-31": "-227.09200", "2014-12-31": "-76.14100", "2013-12-31": "40.14100", "2012-12-31": "-32.59300", "2011-12-31": "56.55100", "2010-12-31": "71.16900", "2009-12-31": "-8.86000", "2008-12-31": "-88.45100", "2007-12-31": "-48.83500", "2006-12-31": "-9.78700", "2005-12-31": "-32.29900"}, "Change In Assets/Liabilities": {"2020-12-31": "-1.54700", "2019-12-31": "13.73500", "2018-12-31": "-3.47500", "2017-12-31": "4.00200", "2016-12-31": "12.04400", "2015-12-31": "-0.45000", "2014-12-31": "2.40700", "2013-12-31": "13.70500", "2012-12-31": "-1.33700", "2011-12-31": "5.68300", "2010-12-31": "-15.33500", "2009-12-31": "4.07600", "2008-12-31": "-155.81000", "2007-12-31": "-14.39300", "2006-12-31": "-3.37200", "2005-12-31": "1.55100"}, "Total Change In Assets/Liabilities": {"2020-12-31": "-63.37400", "2019-12-31": "296.54300", "2018-12-31": "-261.43300", "2017-12-31": "-279.74100", "2016-12-31": "-42.37200", "2015-12-31": "524.95600", "2014-12-31": "8.03800", "2013-12-31": "-129.90000", "2012-12-31": "2.42900", "2011-12-31": "-49.73800", "2010-12-31": "-259.79500", "2009-12-31": "124.12500", "2008-12-31": "60.89400", "2007-12-31": "-132.02900", "2006-12-31": "-115.26800", "2005-12-31": "-24.30500"}, "Cash Flow From Operating Activities": {"2020-12-31": "987.03200", "2019-12-31": "1396.29000", "2018-12-31": "1415.46900", "2017-12-31": "739.42000", "2016-12-31": "852.76000", "2015-12-31": "1053.62500", "2014-12-31": "628.22400", "2013-12-31": "312.17500", "2012-12-31": "445.69400", "2011-12-31": "486.35500", "2010-12-31": "169.30700", "2009-12-31": "445.55600", "2008-12-31": "770.30100", "2007-12-31": "418.20300", "2006-12-31": "404.95200", "2005-12-31": "310.75600"}, "Net Change In Property, Plant, And Equipment": {"2020-12-31": "-1198.05500", "2019-12-31": "-451.94500", "2018-12-31": "-239.39000", "2017-12-31": "-164.93500", "2016-12-31": "-198.16000", "2015-12-31": "-114.50100", "2014-12-31": "-111.78500", "2013-12-31": "-186.84300", "2012-12-31": "-223.52500", "2011-12-31": "-167.00700", "2010-12-31": "-133.39400", "2009-12-31": "-330.05200", "2008-12-31": "-412.49700", "2007-12-31": "-395.19800", "2006-12-31": "-128.61800", "2005-12-31": "-63.38600"}, "Net Change In Intangible Assets": {"2020-12-31": "", "2019-12-31": "", "2018-12-31": "", "2017-12-31": "", "2016-12-31": "", "2015-12-31": "", "2014-12-31": "", "2013-12-31": "", "2012-12-31": "", "2011-12-31": "", "2010-12-31": "", "2009-12-31": "", "2008-12-31": "", "2007-12-31": "", "2006-12-31": "", "2005-12-31": ""}, "Net Acquisitions/Divestitures": {"2020-12-31": "-60.01200", "2019-12-31": "-97.10600", "2018-12-31": "-433.99800", "2017-12-31": "-6.19200", "2016-12-31": "-123.35100", "2015-12-31": "-45.00000", "2014-12-31": "-1669.44900", "2013-12-31": "", "2012-12-31": "", "2011-12-31": "", "2010-12-31": "", "2009-12-31": "", "2008-12-31": "-271.15900", "2007-12-31": "-848.07100", "2006-12-31": "-89.10600", "2005-12-31": ""}, "Net Change In Short-term Investments": {"2020-12-31": "262.17400", "2019-12-31": "-33.39100", "2018-12-31": "-228.78300", "2017-12-31": "", "2016-12-31": "", "2015-12-31": "", "2014-12-31": "", "2013-12-31": "31.52000", "2012-12-31": "53.31000", "2011-12-31": "-84.83000", "2010-12-31": "0.00000", "2009-12-31": "", "2008-12-31": "12.38500", "2007-12-31": "-3.58400", "2006-12-31": "0.00000", "2005-12-31": ""}, "Net Change In Long-Term Investments": {"2020-12-31": "", "2019-12-31": "", "2018-12-31": "", "2017-12-31": "", "2016-12-31": "", "2015-12-31": "", "2014-12-31": "", "2013-12-31": "", "2012-12-31": "", "2011-12-31": "", "2010-12-31": "", "2009-12-31": "-27.96700", "2008-12-31": "", "2007-12-31": "", "2006-12-31": "", "2005-12-31": ""}, "Net Change In Investments - Total": {"2020-12-31": "262.17400", "2019-12-31": "-33.39100", "2018-12-31": "-228.78300", "2017-12-31": "", "2016-12-31": "", "2015-12-31": "", "2014-12-31": "", "2013-12-31": "31.52000", "2012-12-31": "53.31000", "2011-12-31": "-84.83000", "2010-12-31": "", "2009-12-31": "-27.96700", "2008-12-31": "12.38500", "2007-12-31": "-3.58400", "2006-12-31": "0.00000", "2005-12-31": ""}, "Investing Activities - Other": {"2020-12-31": "2.63400", "2019-12-31": "5.75600", "2018-12-31": "6.90700", "2017-12-31": "32.02200", "2016-12-31": "8.61800", "2015-12-31": "16.87400", "2014-12-31": "33.96700", "2013-12-31": "2.47800", "2012-12-31": "-21.38600", "2011-12-31": "16.00000", "2010-12-31": "-15.68400", "2009-12-31": "-15.92600", "2008-12-31": "2.03700", "2007-12-31": "0.22400", "2006-12-31": "0.31100", "2005-12-31": "1.34500"}, "Cash Flow From Investing Activities": {"2020-12-31": "-993.25900", "2019-12-31": "-576.68600", "2018-12-31": "-895.26400", "2017-12-31": "-139.10500", "2016-12-31": "-312.89300", "2015-12-31": "-142.62700", "2014-12-31": "-1747.26700", "2013-12-31": "-152.84500", "2012-12-31": "-191.60100", "2011-12-31": "-235.83700", "2010-12-31": "-149.07800", "2009-12-31": "-373.94500", "2008-12-31": "-669.23400", "2007-12-31": "-1246.62900", "2006-12-31": "-217.41300", "2005-12-31": "-62.04100"}, "Net Long-Term Debt": {"2020-12-31": "345.82890", "2019-12-31": "309.81010", "2018-12-31": "-9.88400", "2017-12-31": "10.12700", "2016-12-31": "-255.09000", "2015-12-31": "-417.99400", "2014-12-31": "1186.51800", "2013-12-31": "-94.01300", "2012-12-31": "-208.87300", "2011-12-31": "2.36300", "2010-12-31": "209.59000", "2009-12-31": "-422.12190", "2008-12-31": "443.86690", "2007-12-31": "1395.24600", "2006-12-31": "32.76900", "2005-12-31": "-7.80400"}, "Net Current Debt": {"2020-12-31": "", "2019-12-31": "", "2018-12-31": "", "2017-12-31": "", "2016-12-31": "", "2015-12-31": "", "2014-12-31": "", "2013-12-31": "", "2012-12-31": "", "2011-12-31": "", "2010-12-31": "", "2009-12-31": "", "2008-12-31": "", "2007-12-31": "", "2006-12-31": "", "2005-12-31": ""}, "Debt Issuance/Retirement Net - Total": {"2020-12-31": "345.82890", "2019-12-31": "309.81010", "2018-12-31": "-9.88400", "2017-12-31": "10.12700", "2016-12-31": "-255.09000", "2015-12-31": "-417.99400", "2014-12-31": "1186.51800", "2013-12-31": "-94.01300", "2012-12-31": "-208.87300", "2011-12-31": "2.36300", "2010-12-31": "209.59000", "2009-12-31": "-422.12190", "2008-12-31": "443.86690", "2007-12-31": "1395.24600", "2006-12-31": "32.76900", "2005-12-31": "-7.80400"}, "Net Common Equity Issued/Repurchased": {"2020-12-31": "-106.52900", "2019-12-31": "-348.60800", "2018-12-31": "-523.56900", "2017-12-31": "-252.24200", "2016-12-31": "-25.03400", "2015-12-31": "10.78100", "2014-12-31": "32.30700", "2013-12-31": "37.50800", "2012-12-31": "3.66200", "2011-12-31": "13.39600", "2010-12-31": "14.01400", "2009-12-31": "420.93000", "2008-12-31": "-483.35500", "2007-12-31": "-504.20800", "2006-12-31": "-218.90800", "2005-12-31": "-171.36300"}, "Net Total Equity Issued/Repurchased": {"2020-12-31": "-106.52900", "2019-12-31": "-348.60800", "2018-12-31": "-523.56900", "2017-12-31": "-252.24200", "2016-12-31": "-25.03400", "2015-12-31": "10.78100", "2014-12-31": "32.30700", "2013-12-31": "37.50800", "2012-12-31": "3.66200", "2011-12-31": "13.39600", "2010-12-31": "14.01400", "2009-12-31": "420.93000", "2008-12-31": "-483.35500", "2007-12-31": "-504.20800", "2006-12-31": "-218.90800", "2005-12-31": "-171.36300"}, "Total Common And Preferred Stock Dividends Paid": {"2020-12-31": "-209.24800", "2019-12-31": "-200.27100", "2018-12-31": "-168.91300", "2017-12-31": "-145.56500", "2016-12-31": "-135.76700", "2015-12-31": "-127.56900", "2014-12-31": "-105.37900", "2013-12-31": "-94.81200", "2012-12-31": "-87.63300", "2011-12-31": "-81.88200", "2010-12-31": "-64.96900", "2009-12-31": "-68.67200", "2008-12-31": "-71.28800", "2007-12-31": "-55.64200", "2006-12-31": "-37.54500", "2005-12-31": "-18.27600"}, "Financial Activities - Other": {"2020-12-31": "-37.10000", "2019-12-31": "-27.56100", "2018-12-31": "-18.50100", "2017-12-31": "-25.65500", "2016-12-31": "-9.53400", "2015-12-31": "-10.54700", "2014-12-31": "-28.19600", "2013-12-31": "11.22600", "2012-12-31": "23.90700", "2011-12-31": "19.85300", "2010-12-31": "-1.35900", "2009-12-31": "-8.97200", "2008-12-31": "-2.54400", "2007-12-31": "-7.85700", "2006-12-31": "", "2005-12-31": "-2.08800"}, "Cash Flow From Financial Activities": {"2020-12-31": "-7.04800", "2019-12-31": "-266.63000", "2018-12-31": "-720.86700", "2017-12-31": "-413.33500", "2016-12-31": "-425.42500", "2015-12-31": "-545.32900", "2014-12-31": "1085.25000", "2013-12-31": "-140.09100", "2012-12-31": "-268.93700", "2011-12-31": "-46.27000", "2010-12-31": "157.27600", "2009-12-31": "-78.83600", "2008-12-31": "-113.32000", "2007-12-31": "827.53900", "2006-12-31": "-223.68400", "2005-12-31": "-199.53100"}, "Net Cash Flow": {"2020-12-31": "-13.27500", "2019-12-31": "552.97400", "2018-12-31": "-200.66200", "2017-12-31": "186.98000", "2016-12-31": "114.44200", "2015-12-31": "365.66900", "2014-12-31": "-33.79300", "2013-12-31": "19.23900", "2012-12-31": "-14.84400", "2011-12-31": "204.24800", "2010-12-31": "177.50500", "2009-12-31": "-7.22500", "2008-12-31": "-12.25300", "2007-12-31": "-0.88700", "2006-12-31": "-36.14500", "2005-12-31": "49.18400"}, "Stock-Based Compensation": {"2020-12-31": "55.59800", "2019-12-31": "47.63100", "2018-12-31": "43.31700", "2017-12-31": "36.19700", "2016-12-31": "31.65600", "2015-12-31": "30.18100", "2014-12-31": "24.03500", "2013-12-31": "15.50400", "2012-12-31": "12.48100", "2011-12-31": "17.28300", "2010-12-31": "14.68800", "2009-12-31": "17.58900", "2008-12-31": "14.27800", "2007-12-31": "8.07300", "2006-12-31": "8.86200", "2005-12-31": ""}, "Common Stock Dividends Paid": {"2020-12-31": "-209.24800", "2019-12-31": "-200.27100", "2018-12-31": "-168.91300", "2017-12-31": "-145.56500", "2016-12-31": "-135.76700", "2015-12-31": "-127.56900", "2014-12-31": "-105.37900", "2013-12-31": "-94.81200", "2012-12-31": "-87.63300", "2011-12-31": "-81.88200", "2010-12-31": "-64.96900", "2009-12-31": "-68.67200", "2008-12-31": "-71.28800", "2007-12-31": "-55.64200", "2006-12-31": "-37.54500", "2005-12-31": "-18.27600"}}, "cash flow statement, quarterly": {"Net Income/Loss": {"2020-12-31": 196.95, "2020-09-30": 104.277, "2020-06-30": 78.765, "2020-03-31": "190.83600", "2019-12-31": 123.719, "2019-09-30": 152.608, "2019-06-30": 196.746, "2019-03-31": "204.82700", "2018-12-31": 269.852, "2018-09-30": 397.906, "2018-06-30": 362.572, "2018-03-31": "225.47500", "2017-12-31": 303.171, "2017-09-30": 151.012, "2017-06-30": 152.947, "2017-03-31": "198.66600", "2016-12-31": 3.832, "2016-09-30": 154.413, "2016-06-30": 140.443, "2016-03-31": "61.31800", "2015-12-31": -256.316, "2015-09-30": 58.867, "2015-06-30": 25.325, "2015-03-31": "26.95400", "2014-12-31": -96.046, "2014-09-30": 87.657, "2014-06-30": 66.341, "2014-03-31": "33.69800", "2013-12-31": 47.901, "2013-09-30": 51.09, "2013-06-30": 23.273, "2013-03-31": "41.25200", "2012-12-31": 55.094, "2012-09-30": 6.105, "2012-06-30": 39.305, "2012-03-31": "41.77700", "2011-12-31": 25.779, "2011-09-30": 39.857, "2011-06-30": 95.826, "2011-03-31": "104.23000", "2010-12-31": 4.058, "2010-09-30": 15.355, "2010-06-30": 46.797, "2010-03-31": "63.38900", "2009-12-31": 26.546, "2009-09-30": 68.73, "2009-06-30": -18.433, "2009-03-31": "-87.86200", "2008-12-31": -91.545, "2008-09-30": 193.008, "2008-06-30": 210.494, "2008-03-31": "142.55700", "2007-12-31": 97.87, "2007-09-30": 100.59, "2007-06-30": 93.942, "2007-03-31": "102.16400", "2006-12-31": 105.066, "2006-09-30": 118.723, "2006-06-30": 96.869, "2006-03-31": "76.04900", "2005-12-31": 64.937, "2005-09-30": 45.408, "2005-06-30": 50.663, "2005-03-31": "60.77700"}, "Total Depreciation And Amortization - Cash Flow": {"2020-12-31": 85.057, "2020-09-30": 81.752, "2020-06-30": 78.721, "2020-03-31": "80.25900", "2019-12-31": 80.527, "2019-09-30": 79.47, "2019-06-30": 80.911, "2019-03-31": "80.17400", "2018-12-31": 80.56, "2018-09-30": 81.383, "2018-06-30": 79.12, "2018-03-31": "76.13500", "2017-12-31": 74.931, "2017-09-30": 75.21, "2017-06-30": 73.801, "2017-03-31": "75.05700", "2016-12-31": 73.139, "2016-09-30": 74.19, "2016-06-30": 74.795, "2016-03-31": "73.98500", "2015-12-31": 73.289, "2015-09-30": 74.211, "2015-06-30": 74.273, "2015-03-31": "72.82200", "2014-12-31": 81.359, "2014-09-30": 65.957, "2014-06-30": 58.441, "2014-03-31": "57.56800", "2013-12-31": 58.839, "2013-09-30": 58.202, "2013-06-30": 56.826, "2013-03-31": "57.06100", "2012-12-31": 55.189, "2012-09-30": 58.953, "2012-06-30": 55.502, "2012-03-31": "55.57200", "2011-12-31": 55.642, "2011-09-30": 55.962, "2011-06-30": 56.257, "2011-03-31": "54.74600", "2010-12-31": 55.75, "2010-09-30": 57.278, "2010-06-30": 55.398, "2010-03-31": "56.27200", "2009-12-31": 54.783, "2009-09-30": 51.915, "2009-06-30": 57.765, "2009-03-31": "56.96300", "2008-12-31": 52.599, "2008-09-30": 55.359, "2008-06-30": 47.582, "2008-03-31": "53.21200", "2007-12-31": 42.04, "2007-09-30": 33.852, "2007-06-30": 32.979, "2007-03-31": "29.26500", "2006-12-31": 27.519, "2006-09-30": 30.617, "2006-06-30": 31.759, "2006-03-31": "24.91700", "2005-12-31": 23.397, "2005-09-30": 25.059, "2005-06-30": 21.579, "2005-03-31": "21.83000"}, "Other Non-Cash Items": {"2020-12-31": 64.289, "2020-09-30": 37.111, "2020-06-30": 28.882, "2020-03-31": "23.50700", "2019-12-31": 33.536, "2019-09-30": 19.036, "2019-06-30": 20.066, "2019-03-31": "28.12700", "2018-12-31": 29.405, "2018-09-30": 32.189, "2018-06-30": 19.889, "2018-03-31": "22.41600", "2017-12-31": -136.096, "2017-09-30": 18.361, "2017-06-30": 13.186, "2017-03-31": "18.91500", "2016-12-31": 160.046, "2016-09-30": 24.585, "2016-06-30": 26.585, "2016-03-31": "27.80100", "2015-12-31": 306.16, "2015-09-30": 19.117, "2015-06-30": 23.722, "2015-03-31": "30.24500", "2014-12-31": 251.992, "2014-09-30": 1.025, "2014-06-30": 7.876, "2014-03-31": "4.31800", "2013-12-31": 5.159, "2013-09-30": 14.115, "2013-06-30": 14.052, "2013-03-31": "14.30500", "2012-12-31": 4.512, "2012-09-30": 43.113, "2012-06-30": 13.562, "2012-03-31": "14.58100", "2011-12-31": 3.561, "2011-09-30": 14.652, "2011-06-30": 12.979, "2011-03-31": "16.60200", "2010-12-31": 42.131, "2010-09-30": 6.185, "2010-06-30": 14.296, "2010-03-31": "12.19300", "2009-12-31": 75.435, "2009-09-30": 10.952, "2009-06-30": 10.547, "2009-03-31": "14.09000", "2008-12-31": 48.365, "2008-09-30": -2.09, "2008-06-30": -3.579, "2008-03-31": "3.44500", "2007-12-31": 16.61, "2007-09-30": 1.462, "2007-06-30": -2.103, "2007-03-31": "1.56100", "2006-12-31": 11.501, "2006-09-30": -1.684, "2006-06-30": -2.942, "2006-03-31": "1.82600", "2005-12-31": 8.544, "2005-09-30": -0.689, "2005-06-30": 0.404, "2005-03-31": "13.15200"}, "Total Non-Cash Items": {"2020-12-31": 149.346, "2020-09-30": 118.863, "2020-06-30": 107.603, "2020-03-31": "103.76600", "2019-12-31": 114.063, "2019-09-30": 98.506, "2019-06-30": 100.977, "2019-03-31": "108.30100", "2018-12-31": 109.965, "2018-09-30": 113.572, "2018-06-30": 99.009, "2018-03-31": "98.55100", "2017-12-31": -61.165, "2017-09-30": 93.571, "2017-06-30": 86.987, "2017-03-31": "93.97200", "2016-12-31": 233.185, "2016-09-30": 98.775, "2016-06-30": 101.38, "2016-03-31": "101.78600", "2015-12-31": 379.449, "2015-09-30": 93.328, "2015-06-30": 97.995, "2015-03-31": "103.06700", "2014-12-31": 333.351, "2014-09-30": 66.982, "2014-06-30": 66.317, "2014-03-31": "61.88600", "2013-12-31": 63.998, "2013-09-30": 72.317, "2013-06-30": 70.878, "2013-03-31": "71.36600", "2012-12-31": 59.701, "2012-09-30": 102.066, "2012-06-30": 69.064, "2012-03-31": "70.15300", "2011-12-31": 59.203, "2011-09-30": 70.614, "2011-06-30": 69.236, "2011-03-31": "71.34800", "2010-12-31": 97.881, "2010-09-30": 63.463, "2010-06-30": 69.694, "2010-03-31": "68.46500", "2009-12-31": 130.218, "2009-09-30": 62.867, "2009-06-30": 68.312, "2009-03-31": "71.05300", "2008-12-31": 100.964, "2008-09-30": 53.269, "2008-06-30": 44.003, "2008-03-31": "56.65700", "2007-12-31": 58.65, "2007-09-30": 35.314, "2007-06-30": 30.876, "2007-03-31": "30.82600", "2006-12-31": 39.02, "2006-09-30": 28.933, "2006-06-30": 28.817, "2006-03-31": "26.74300", "2005-12-31": 31.941, "2005-09-30": 24.37, "2005-06-30": 21.983, "2005-03-31": "34.98200"}, "Change In Accounts Receivable": {"2020-12-31": -53.929, "2020-09-30": -58.271, "2020-06-30": 154.352, "2020-03-31": "-154.07200", "2019-12-31": 142.61, "2019-09-30": 85.633, "2019-06-30": 70.624, "2019-03-31": "-61.06200", "2018-12-31": 184.434, "2018-09-30": -48.024, "2018-06-30": -163.465, "2018-03-31": "-118.81800", "2017-12-31": 54.179, "2017-09-30": -36.123, "2017-06-30": -3.746, "2017-03-31": "-153.36400", "2016-12-31": 43.193, "2016-09-30": 29.384, "2016-06-30": -103.598, "2016-03-31": "-75.59600", "2015-12-31": 189.006, "2015-09-30": 36.361, "2015-06-30": -47.149, "2015-03-31": "133.08400", "2014-12-31": 155.5, "2014-09-30": 30.955, "2014-06-30": -99.696, "2014-03-31": "-88.95000", "2013-12-31": 52.273, "2013-09-30": 0.254, "2013-06-30": -19.826, "2013-03-31": "-110.93800", "2012-12-31": 70.373, "2012-09-30": 2.69, "2012-06-30": 73.734, "2012-03-31": "-60.82000", "2011-12-31": 93.077, "2011-09-30": 33.533, "2011-06-30": 34.536, "2011-03-31": "-261.74800", "2010-12-31": 31.981, "2010-09-30": -26.82, "2010-06-30": 21.423, "2010-03-31": "-223.14000", "2009-12-31": 53.805, "2009-09-30": -117.442, "2009-06-30": -5.297, "2009-03-31": "141.09300", "2008-12-31": 618.525, "2008-09-30": 89.664, "2008-06-30": -211.411, "2008-03-31": "-185.79300", "2007-12-31": 78.857, "2007-09-30": 12.544, "2007-06-30": -20.146, "2007-03-31": "-13.60200", "2006-12-31": 6.614, "2006-09-30": -48.907, "2006-06-30": -10.797, "2006-03-31": "-19.18700", "2005-12-31": -23.083, "2005-09-30": 20.742, "2005-06-30": 28.426, "2005-03-31": "-13.93200"}, "Change In Inventories": {"2020-12-31": -234.386, "2020-09-30": -38.236, "2020-06-30": 77.521, "2020-03-31": "44.50500", "2019-12-31": 77.977, "2019-09-30": 35.479, "2019-06-30": 64.941, "2019-03-31": "39.46900", "2018-12-31": -5.305, "2018-09-30": -69.885, "2018-06-30": -90.312, "2018-03-31": "-80.71100", "2017-12-31": -31.157, "2017-09-30": -67.285, "2017-06-30": -57.622, "2017-03-31": "-86.81900", "2016-12-31": -13.236, "2016-09-30": -76.013, "2016-06-30": -108.893, "2016-03-31": "82.56700", "2015-12-31": 170.593, "2015-09-30": -8.763, "2015-06-30": 161.174, "2015-03-31": "164.99900", "2014-12-31": 47.642, "2014-09-30": 27.212, "2014-06-30": 11.23, "2014-03-31": "-17.35400", "2013-12-31": -118.385, "2013-09-30": -23.648, "2013-06-30": 1.66, "2013-03-31": "32.34800", "2012-12-31": 7.143, "2012-09-30": 43.005, "2012-06-30": 18.787, "2012-03-31": "-55.09000", "2011-12-31": -40.736, "2011-09-30": 36.346, "2011-06-30": -9.026, "2011-03-31": "-72.10700", "2010-12-31": -105.754, "2010-09-30": 9.715, "2010-06-30": -117.013, "2010-03-31": "-48.05800", "2009-12-31": -17.148, "2009-09-30": -96.062, "2009-06-30": 95.296, "2009-03-31": "193.09700", "2008-12-31": 334.458, "2008-09-30": -135.43, "2008-06-30": -227.27, "2008-03-31": "9.57500", "2007-12-31": -1.063, "2007-09-30": 35.212, "2007-06-30": -96.825, "2007-03-31": "-56.90100", "2006-12-31": -23.383, "2006-09-30": -29.043, "2006-06-30": -30.993, "2006-03-31": "17.17900", "2005-12-31": -19.198, "2005-09-30": 42.407, "2005-06-30": -26.258, "2005-03-31": "-14.14700"}, "Change In Accounts Payable": {"2020-12-31": 60.745, "2020-09-30": 0.645, "2020-06-30": 69.523, "2020-03-31": "51.59600", "2019-12-31": -32.278, "2019-09-30": 1.111, "2019-06-30": -58.484, "2019-03-31": "3.20600", "2018-12-31": -62.464, "2018-09-30": -14.883, "2018-06-30": 48.919, "2018-03-31": "66.33200", "2017-12-31": -37.189, "2017-09-30": 44.887, "2017-06-30": -45.445, "2017-03-31": "133.80900", "2016-12-31": -10.699, "2016-09-30": -49.171, "2016-06-30": 53.732, "2016-03-31": "112.65900", "2015-12-31": -100.017, "2015-09-30": -62.757, "2015-06-30": 62.735, "2015-03-31": "-127.05300", "2014-12-31": -104.257, "2014-09-30": 9.69, "2014-06-30": 13.385, "2014-03-31": "5.04100", "2013-12-31": -12.278, "2013-09-30": 59.801, "2013-06-30": -46.37, "2013-03-31": "38.98800", "2012-12-31": -13.578, "2012-09-30": 6.92, "2012-06-30": -60.837, "2012-03-31": "34.90200", "2011-12-31": -35.999, "2011-09-30": -4.375, "2011-06-30": 2.75, "2011-03-31": "94.17500", "2010-12-31": -11.895, "2010-09-30": -12.446, "2010-06-30": -22.707, "2010-03-31": "118.21700", "2009-12-31": -91.623, "2009-09-30": 130.61, "2009-06-30": -13.793, "2009-03-31": "-34.05400", "2008-12-31": -318.72, "2008-09-30": -133.911, "2008-06-30": 249.665, "2008-03-31": "114.51500", "2007-12-31": -149.429, "2007-09-30": 29.784, "2007-06-30": -6.531, "2007-03-31": "77.34100", "2006-12-31": -46.634, "2006-09-30": 44.23, "2006-06-30": -29.446, "2006-03-31": "22.06300", "2005-12-31": 0.618, "2005-09-30": 15.269, "2005-06-30": -59.029, "2005-03-31": "10.84300"}, "Change In Assets/Liabilities": {"2020-12-31": -7.249, "2020-09-30": -3.894, "2020-06-30": 11.137, "2020-03-31": "-1.54100", "2019-12-31": 6.103, "2019-09-30": 0.039, "2019-06-30": 7.292, "2019-03-31": "0.30100", "2018-12-31": 3.689, "2018-09-30": -6.429, "2018-06-30": -0.63, "2018-03-31": "-0.10500", "2017-12-31": 6.016, "2017-09-30": -9.528, "2017-06-30": 5.42, "2017-03-31": "2.09400", "2016-12-31": 0.189, "2016-09-30": 0.694, "2016-06-30": 10.613, "2016-03-31": "0.54800", "2015-12-31": -9.244, "2015-09-30": -3.1, "2015-06-30": 7.386, "2015-03-31": "4.50800", "2014-12-31": -0.369, "2014-09-30": -4.928, "2014-06-30": 0.345, "2014-03-31": "7.35900", "2013-12-31": 5.291, "2013-09-30": -1.727, "2013-06-30": 6.783, "2013-03-31": "3.35800", "2012-12-31": 3.58, "2012-09-30": -7.484, "2012-06-30": -0.396, "2012-03-31": "2.96300", "2011-12-31": -1.646, "2011-09-30": 1.632, "2011-06-30": 2.315, "2011-03-31": "3.38200", "2010-12-31": -4.337, "2010-09-30": -2.409, "2010-06-30": -9.529, "2010-03-31": "0.94000", "2009-12-31": -39.22, "2009-09-30": 0.461, "2009-06-30": 17.856, "2009-03-31": "24.97900", "2008-12-31": -109.091, "2008-09-30": -33.672, "2008-06-30": -15.68, "2008-03-31": "2.63300", "2007-12-31": 7.128, "2007-09-30": -3.022, "2007-06-30": -17.703, "2007-03-31": "-0.79600", "2006-12-31": -1.266, "2006-09-30": 6.042, "2006-06-30": -11.168, "2006-03-31": "3.02000", "2005-12-31": 9.531, "2005-09-30": -10.64, "2005-06-30": -7.859, "2005-03-31": "10.51900"}, "Total Change In Assets/Liabilities": {"2020-12-31": -208.345, "2020-09-30": -71.35, "2020-06-30": 299.642, "2020-03-31": "-83.32100", "2019-12-31": 171.28, "2019-09-30": 193.088, "2019-06-30": 63.75, "2019-03-31": "-131.57500", "2018-12-31": 111.2441, "2018-09-30": -91.0382, "2018-06-30": -135.5479, "2018-03-31": "-146.09100", "2017-12-31": -49.88, "2017-09-30": -18.729, "2017-06-30": -158.924, "2017-03-31": "-52.20800", "2016-12-31": -29.619, "2016-09-30": -56.826, "2016-06-30": -83.851, "2016-03-31": "127.92400", "2015-12-31": 222.195, "2015-09-30": 12.183, "2015-06-30": 185.892, "2015-03-31": "104.68600", "2014-12-31": 92.928, "2014-09-30": 94.585, "2014-06-30": -56.644, "2014-03-31": "-122.83100", "2013-12-31": -45.415, "2013-09-30": 59.859, "2013-06-30": -61.436, "2013-03-31": "-82.90800", "2012-12-31": 91.513, "2012-09-30": 9.195, "2012-06-30": -7.77, "2012-03-31": "-90.50900", "2011-12-31": 8.976, "2011-09-30": 111.992, "2011-06-30": 0.935, "2011-03-31": "-171.64100", "2010-12-31": -114.145, "2010-09-30": 10.602, "2010-06-30": -97.14, "2010-03-31": "-59.11200", "2009-12-31": -134.251, "2009-09-30": 5.085, "2009-06-30": 21.787, "2009-03-31": "231.50400", "2008-12-31": 414.759, "2008-09-30": -169.0409, "2008-06-30": -199.2061, "2008-03-31": "14.38200", "2007-12-31": -86.684, "2007-09-30": 114.295, "2007-06-30": -175.085, "2007-03-31": "15.44500", "2006-12-31": -41.228, "2006-09-30": -6.855, "2006-06-30": -101.838, "2006-03-31": "34.65300", "2005-12-31": -4.881, "2005-09-30": 74.88, "2005-06-30": -53.52, "2005-03-31": "-40.78400"}, "Cash Flow From Operating Activities": {"2020-12-31": 137.951, "2020-09-30": 151.79, "2020-06-30": 486.01, "2020-03-31": "211.28100", "2019-12-31": 409.062, "2019-09-30": 444.202, "2019-06-30": 361.473, "2019-03-31": "181.55300", "2018-12-31": 491.061, "2018-09-30": 420.44, "2018-06-30": 326.033, "2018-03-31": "177.93500", "2017-12-31": 192.126, "2017-09-30": 225.854, "2017-06-30": 81.01, "2017-03-31": "240.43000", "2016-12-31": 207.398, "2016-09-30": 196.362, "2016-06-30": 157.972, "2016-03-31": "291.02800", "2015-12-31": 345.328, "2015-09-30": 164.378, "2015-06-30": 309.212, "2015-03-31": "234.70700", "2014-12-31": 330.233, "2014-09-30": 249.224, "2014-06-30": 76.014, "2014-03-31": "-27.24700", "2013-12-31": 66.484, "2013-09-30": 183.266, "2013-06-30": 32.715, "2013-03-31": "29.71000", "2012-12-31": 206.308, "2012-09-30": 117.366, "2012-06-30": 100.599, "2012-03-31": "21.42100", "2011-12-31": 93.958, "2011-09-30": 222.463, "2011-06-30": 165.997, "2011-03-31": "3.93700", "2010-12-31": -12.206, "2010-09-30": 89.42, "2010-06-30": 19.351, "2010-03-31": "72.74200", "2009-12-31": 22.513, "2009-09-30": 136.682, "2009-06-30": 71.666, "2009-03-31": "214.69500", "2008-12-31": 424.178, "2008-09-30": 77.236, "2008-06-30": 55.291, "2008-03-31": "213.59600", "2007-12-31": 69.836, "2007-09-30": 250.199, "2007-06-30": -50.267, "2007-03-31": "148.43500", "2006-12-31": 102.858, "2006-09-30": 140.801, "2006-06-30": 23.848, "2006-03-31": "137.44500", "2005-12-31": 91.997, "2005-09-30": 144.658, "2005-06-30": 19.126, "2005-03-31": "54.97500"}, "Net Change In Property, Plant, And Equipment": {"2020-12-31": -343.157, "2020-09-30": -327.647, "2020-06-30": -309.716, "2020-03-31": "-217.53500", "2019-12-31": -158.258, "2019-09-30": -154.131, "2019-06-30": -85.12, "2019-03-31": "-54.43600", "2018-12-31": -62.913, "2018-09-30": -70.668, "2018-06-30": -55.203, "2018-03-31": "-50.60600", "2017-12-31": -37.189, "2017-09-30": -42.795, "2017-06-30": -43.274, "2017-03-31": "-41.67700", "2016-12-31": -74.992, "2016-09-30": -59.774, "2016-06-30": -35.686, "2016-03-31": "-27.70800", "2015-12-31": -28.043, "2015-09-30": -30.286, "2015-06-30": -22.821, "2015-03-31": "-33.35100", "2014-12-31": -28.879, "2014-09-30": -24.531, "2014-06-30": -33.534, "2014-03-31": "-24.84100", "2013-12-31": -40.099, "2013-09-30": -52.162, "2013-06-30": -49.236, "2013-03-31": "-45.34600", "2012-12-31": -64.839, "2012-09-30": -58.342, "2012-06-30": -54.789, "2012-03-31": "-45.55500", "2011-12-31": -75.212, "2011-09-30": -38.126, "2011-06-30": -34.976, "2011-03-31": "-18.69300", "2010-12-31": -37.526, "2010-09-30": -24.224, "2010-06-30": -40.96, "2010-03-31": "-30.68400", "2009-12-31": -86.886, "2009-09-30": -95.662, "2009-06-30": -73.166, "2009-03-31": "-74.33800", "2008-12-31": -101.872, "2008-09-30": -115.636, "2008-06-30": -101.225, "2008-03-31": "-93.76400", "2007-12-31": -139.353, "2007-09-30": -99.935, "2007-06-30": -101.981, "2007-03-31": "-53.92900", "2006-12-31": -44.264, "2006-09-30": -35.646, "2006-06-30": -34.123, "2006-03-31": "-14.58500", "2005-12-31": -18.031, "2005-09-30": -9.068, "2005-06-30": -17.146, "2005-03-31": "-19.14100"}, "Net Change In Intangible Assets": {"2020-12-31": 0, "2020-09-30": 0, "2020-06-30": 0, "2020-03-31": "", "2019-12-31": 0, "2019-09-30": 0, "2019-06-30": 0, "2019-03-31": "", "2018-12-31": 0, "2018-09-30": 0, "2018-06-30": 0, "2018-03-31": "", "2017-12-31": 0, "2017-09-30": 0, "2017-06-30": 0, "2017-03-31": "", "2016-12-31": 0, "2016-09-30": 0, "2016-06-30": 0, "2016-03-31": "", "2015-12-31": 0, "2015-09-30": 0, "2015-06-30": 0, "2015-03-31": "", "2014-12-31": 0, "2014-09-30": 0, "2014-06-30": 0, "2014-03-31": "", "2013-12-31": 0, "2013-09-30": 0, "2013-06-30": 0, "2013-03-31": "", "2012-12-31": 0, "2012-09-30": 0, "2012-06-30": 0, "2012-03-31": "", "2011-12-31": 0, "2011-09-30": 0, "2011-06-30": 0, "2011-03-31": "", "2010-12-31": 0, "2010-09-30": 0, "2010-06-30": 0, "2010-03-31": "", "2009-12-31": 0, "2009-09-30": 0, "2009-06-30": 0, "2009-03-31": "", "2008-12-31": 0, "2008-09-30": 0, "2008-06-30": 0, "2008-03-31": "", "2007-12-31": 0, "2007-09-30": 0, "2007-06-30": 0, "2007-03-31": "", "2006-12-31": 0, "2006-09-30": 0, "2006-06-30": 0, "2006-03-31": "", "2005-12-31": 0, "2005-09-30": 0, "2005-06-30": 0, "2005-03-31": ""}, "Net Acquisitions/Divestitures": {"2020-12-31": -1, "2020-09-30": -59.012, "2020-06-30": 0, "2020-03-31": "", "2019-12-31": 0, "2019-09-30": -3.694, "2019-06-30": 0, "2019-03-31": "-93.41200", "2018-12-31": 0, "2018-09-30": -37.589, "2018-06-30": -396.409, "2018-03-31": "", "2017-12-31": -0.674, "2017-09-30": -5.518, "2017-06-30": 0, "2017-03-31": "", "2016-12-31": -14.286, "2016-09-30": -109.065, "2016-06-30": 0, "2016-03-31": "", "2015-12-31": 0, "2015-09-30": -45, "2015-06-30": 0, "2015-03-31": "", "2014-12-31": -21.986, "2014-09-30": -1647.463, "2014-06-30": 0, "2014-03-31": "", "2013-12-31": 0, "2013-09-30": 0, "2013-06-30": 0, "2013-03-31": "", "2012-12-31": 0, "2012-09-30": 0, "2012-06-30": 0, "2012-03-31": "", "2011-12-31": 0, "2011-09-30": 0, "2011-06-30": 0, "2011-03-31": "", "2010-12-31": 0, "2010-09-30": 0, "2010-06-30": 0, "2010-03-31": "", "2009-12-31": 0, "2009-09-30": 0, "2009-06-30": 0, "2009-03-31": "", "2008-12-31": 0, "2008-09-30": -0.001, "2008-06-30": -271.158, "2008-03-31": "", "2007-12-31": -436.445, "2007-09-30": -373.407, "2007-06-30": -38.219, "2007-03-31": "", "2006-12-31": 0, "2006-09-30": 0, "2006-06-30": -89.106, "2006-03-31": "", "2005-12-31": 0, "2005-09-30": 0, "2005-06-30": 0, "2005-03-31": ""}, "Net Change In Short-term Investments": {"2020-12-31": 0, "2020-09-30": 69.545, "2020-06-30": 149.648, "2020-03-31": "42.98100", "2019-12-31": -192.644, "2019-09-30": 44.624, "2019-06-30": 59.569, "2019-03-31": "55.06000", "2018-12-31": -113.783, "2018-09-30": -25, "2018-06-30": -50, "2018-03-31": "-40.00000", "2017-12-31": 0, "2017-09-30": 0, "2017-06-30": 0, "2017-03-31": "", "2016-12-31": 0, "2016-09-30": 0, "2016-06-30": 0, "2016-03-31": "", "2015-12-31": 0, "2015-09-30": 0, "2015-06-30": 0, "2015-03-31": "", "2014-12-31": 0, "2014-09-30": 0, "2014-06-30": 0, "2014-03-31": "", "2013-12-31": 0, "2013-09-30": 0, "2013-06-30": 31.52, "2013-03-31": "", "2012-12-31": -31.52, "2012-09-30": 9.998, "2012-06-30": 74.832, "2012-03-31": "", "2011-12-31": -84.83, "2011-09-30": 0, "2011-06-30": 0, "2011-03-31": "", "2010-12-31": 0, "2010-09-30": 0, "2010-06-30": 0, "2010-03-31": "", "2009-12-31": 0, "2009-09-30": 0, "2009-06-30": 0, "2009-03-31": "", "2008-12-31": 0, "2008-09-30": 32.758, "2008-06-30": 0, "2008-03-31": "-20.37300", "2007-12-31": -3.584, "2007-09-30": 0, "2007-06-30": 0, "2007-03-31": "", "2006-12-31": 0, "2006-09-30": 0, "2006-06-30": 0, "2006-03-31": "", "2005-12-31": -1.345, "2005-09-30": 1.345, "2005-06-30": 0, "2005-03-31": ""}, "Net Change In Long-Term Investments": {"2020-12-31": 0, "2020-09-30": 0, "2020-06-30": 0, "2020-03-31": "", "2019-12-31": 0, "2019-09-30": 0, "2019-06-30": 0, "2019-03-31": "", "2018-12-31": 0, "2018-09-30": 0, "2018-06-30": 0, "2018-03-31": "", "2017-12-31": 0, "2017-09-30": 0, "2017-06-30": 0, "2017-03-31": "", "2016-12-31": 0, "2016-09-30": 0, "2016-06-30": 0, "2016-03-31": "", "2015-12-31": 0, "2015-09-30": 0, "2015-06-30": 0, "2015-03-31": "", "2014-12-31": 0, "2014-09-30": 0, "2014-06-30": 0, "2014-03-31": "", "2013-12-31": 0, "2013-09-30": 0, "2013-06-30": 0, "2013-03-31": "", "2012-12-31": 0, "2012-09-30": 0, "2012-06-30": 0, "2012-03-31": "", "2011-12-31": 0, "2011-09-30": 0, "2011-06-30": 0, "2011-03-31": "", "2010-12-31": 0, "2010-09-30": 0, "2010-06-30": 0, "2010-03-31": "", "2009-12-31": 0, "2009-09-30": -27.967, "2009-06-30": 0, "2009-03-31": "", "2008-12-31": 0, "2008-09-30": 0, "2008-06-30": 0, "2008-03-31": "", "2007-12-31": 0, "2007-09-30": 0, "2007-06-30": 0, "2007-03-31": "", "2006-12-31": 0, "2006-09-30": 0, "2006-06-30": 0, "2006-03-31": "", "2005-12-31": 0, "2005-09-30": 0, "2005-06-30": 0, "2005-03-31": ""}, "Net Change In Investments - Total": {"2020-12-31": 0, "2020-09-30": 69.545, "2020-06-30": 149.648, "2020-03-31": "42.98100", "2019-12-31": -192.644, "2019-09-30": 44.624, "2019-06-30": 59.569, "2019-03-31": "55.06000", "2018-12-31": -113.783, "2018-09-30": -25, "2018-06-30": -50, "2018-03-31": "-40.00000", "2017-12-31": 0, "2017-09-30": 0, "2017-06-30": 0, "2017-03-31": "", "2016-12-31": 0, "2016-09-30": 0, "2016-06-30": 0, "2016-03-31": "", "2015-12-31": 0, "2015-09-30": 0, "2015-06-30": 0, "2015-03-31": "", "2014-12-31": 0, "2014-09-30": 0, "2014-06-30": 0, "2014-03-31": "", "2013-12-31": 0, "2013-09-30": 0, "2013-06-30": 31.52, "2013-03-31": "", "2012-12-31": -31.52, "2012-09-30": 9.998, "2012-06-30": 74.832, "2012-03-31": "", "2011-12-31": -84.83, "2011-09-30": 0, "2011-06-30": 0, "2011-03-31": "", "2010-12-31": 0, "2010-09-30": 0, "2010-06-30": 0, "2010-03-31": "", "2009-12-31": 0, "2009-09-30": -27.967, "2009-06-30": 0, "2009-03-31": "", "2008-12-31": 0, "2008-09-30": 32.758, "2008-06-30": 0, "2008-03-31": "-20.37300", "2007-12-31": -3.584, "2007-09-30": 0, "2007-06-30": 0, "2007-03-31": "", "2006-12-31": 0, "2006-09-30": 0, "2006-06-30": 0, "2006-03-31": "", "2005-12-31": -1.345, "2005-09-30": 1.345, "2005-06-30": 0, "2005-03-31": ""}, "Investing Activities - Other": {"2020-12-31": 0.933, "2020-09-30": 0.38, "2020-06-30": 0.803, "2020-03-31": "0.51800", "2019-12-31": 1.733, "2019-09-30": 2.746, "2019-06-30": 0.913, "2019-03-31": "0.36400", "2018-12-31": 5.445, "2018-09-30": 0.576, "2018-06-30": 0.657, "2018-03-31": "0.22900", "2017-12-31": 1.636, "2017-09-30": 1.081, "2017-06-30": 2.387, "2017-03-31": "26.91800", "2016-12-31": 2.851, "2016-09-30": 1.507, "2016-06-30": 1.206, "2016-03-31": "3.05400", "2015-12-31": 10.69, "2015-09-30": 3.715, "2015-06-30": 0.806, "2015-03-31": "1.66300", "2014-12-31": -0.19, "2014-09-30": 2.959, "2014-06-30": 2.314, "2014-03-31": "28.88400", "2013-12-31": -1.643, "2013-09-30": 0.844, "2013-06-30": -30.657, "2013-03-31": "33.93400", "2012-12-31": -1.007, "2012-09-30": 0.655, "2012-06-30": -19.17, "2012-03-31": "-1.86400", "2011-12-31": 14.054, "2011-09-30": 0.947, "2011-06-30": 2.142, "2011-03-31": "-1.14300", "2010-12-31": -18.101, "2010-09-30": 0.936, "2010-06-30": 0.977, "2010-03-31": "0.50400", "2009-12-31": -2.556, "2009-09-30": -2.857, "2009-06-30": -7.29, "2009-03-31": "-3.22300", "2008-12-31": -0.139, "2008-09-30": -1.977, "2008-06-30": 2.824, "2008-03-31": "1.32900", "2007-12-31": 0.217, "2007-09-30": 0.169, "2007-06-30": 0.061, "2007-03-31": "-0.22300", "2006-12-31": 0.069, "2006-09-30": 0.001, "2006-06-30": 4.941, "2006-03-31": "-4.70000", "2005-12-31": 1.345, "2005-09-30": 0, "2005-06-30": 0, "2005-03-31": ""}, "Cash Flow From Investing Activities": {"2020-12-31": -343.224, "2020-09-30": -316.734, "2020-06-30": -159.265, "2020-03-31": "-174.03600", "2019-12-31": -349.169, "2019-09-30": -110.455, "2019-06-30": -24.638, "2019-03-31": "-92.42400", "2018-12-31": -171.251, "2018-09-30": -132.681, "2018-06-30": -500.955, "2018-03-31": "-90.37700", "2017-12-31": -36.227, "2017-09-30": -47.232, "2017-06-30": -40.887, "2017-03-31": "-14.75900", "2016-12-31": -86.427, "2016-09-30": -167.332, "2016-06-30": -34.48, "2016-03-31": "-24.65400", "2015-12-31": -17.353, "2015-09-30": -71.571, "2015-06-30": -22.015, "2015-03-31": "-31.68800", "2014-12-31": -51.055, "2014-09-30": -1669.035, "2014-06-30": -31.22, "2014-03-31": "4.04300", "2013-12-31": -41.742, "2013-09-30": -51.318, "2013-06-30": -48.373, "2013-03-31": "-11.41200", "2012-12-31": -97.366, "2012-09-30": -47.689, "2012-06-30": 0.873, "2012-03-31": "-47.41900", "2011-12-31": -145.988, "2011-09-30": -37.179, "2011-06-30": -32.834, "2011-03-31": "-19.83600", "2010-12-31": -55.627, "2010-09-30": -23.288, "2010-06-30": -39.983, "2010-03-31": "-30.18000", "2009-12-31": -89.442, "2009-09-30": -126.486, "2009-06-30": -80.456, "2009-03-31": "-77.56100", "2008-12-31": -102.011, "2008-09-30": -84.856, "2008-06-30": -369.559, "2008-03-31": "-112.80800", "2007-12-31": -579.165, "2007-09-30": -473.173, "2007-06-30": -140.139, "2007-03-31": "-54.15200", "2006-12-31": -44.195, "2006-09-30": -35.645, "2006-06-30": -118.288, "2006-03-31": "-19.28500", "2005-12-31": -18.031, "2005-09-30": -7.723, "2005-06-30": -17.146, "2005-03-31": "-19.14100"}, "Net Long-Term Debt": {"2020-12-31": 379.462, "2020-09-30": -10.0971, "2020-06-30": -4.04, "2020-03-31": "-19.49600", "2019-12-31": 304.2581, "2019-09-30": 8.242, "2019-06-30": -8.653, "2019-03-31": "5.96300", "2018-12-31": 8.608, "2018-09-30": -4.998, "2018-06-30": 6.482, "2018-03-31": "-19.97600", "2017-12-31": -159.982, "2017-09-30": 155.302, "2017-06-30": 16.236, "2017-03-31": "-1.42900", "2016-12-31": -256.855, "2016-09-30": 2.912, "2016-06-30": -17.367, "2016-03-31": "16.22000", "2015-12-31": -35.599, "2015-09-30": -5.421, "2015-06-30": 0.384, "2015-03-31": "-377.35800", "2014-12-31": -44.186, "2014-09-30": 1255.964, "2014-06-30": -12.467, "2014-03-31": "-12.79300", "2013-12-31": -0.732, "2013-09-30": 5.429, "2013-06-30": -202.28, "2013-03-31": "103.57000", "2012-12-31": -6.64, "2012-09-30": -186.858, "2012-06-30": -21.896, "2012-03-31": "6.52100", "2011-12-31": -5.693, "2011-09-30": 10.746, "2011-06-30": -0.491, "2011-03-31": "-2.19900", "2010-12-31": -6.438, "2010-09-30": 25.282, "2010-06-30": -2.474, "2010-03-31": "193.22000", "2009-12-31": 80.2141, "2009-09-30": -10.633, "2009-06-30": -370.096, "2009-03-31": "-121.60700", "2008-12-31": -297.2131, "2008-09-30": 371.335, "2008-06-30": 384.959, "2008-03-31": "-15.21400", "2007-12-31": 628.633, "2007-09-30": 431.77, "2007-06-30": 319.921, "2007-03-31": "14.92200", "2006-12-31": 49.467, "2006-09-30": 30.448, "2006-06-30": -40.488, "2006-03-31": "-6.65800", "2005-12-31": -36.298, "2005-09-30": -96.54, "2005-06-30": 104.237, "2005-03-31": "20.79700"}, "Net Current Debt": {"2020-12-31": 0, "2020-09-30": 0, "2020-06-30": 0, "2020-03-31": "", "2019-12-31": 0, "2019-09-30": 0, "2019-06-30": 0, "2019-03-31": "", "2018-12-31": 0, "2018-09-30": 0, "2018-06-30": 0, "2018-03-31": "", "2017-12-31": 0, "2017-09-30": 0, "2017-06-30": 0, "2017-03-31": "", "2016-12-31": 0, "2016-09-30": 0, "2016-06-30": 0, "2016-03-31": "", "2015-12-31": 0, "2015-09-30": 0, "2015-06-30": 0, "2015-03-31": "", "2014-12-31": 0, "2014-09-30": 0, "2014-06-30": 0, "2014-03-31": "", "2013-12-31": 0, "2013-09-30": 0, "2013-06-30": 0, "2013-03-31": "", "2012-12-31": 0, "2012-09-30": 0, "2012-06-30": 0, "2012-03-31": "", "2011-12-31": 0, "2011-09-30": 0, "2011-06-30": 0, "2011-03-31": "", "2010-12-31": 0, "2010-09-30": 0, "2010-06-30": 0, "2010-03-31": "", "2009-12-31": 0, "2009-09-30": 0, "2009-06-30": 0, "2009-03-31": "", "2008-12-31": 0, "2008-09-30": 0, "2008-06-30": 0, "2008-03-31": "", "2007-12-31": 0, "2007-09-30": 0, "2007-06-30": 0, "2007-03-31": "", "2006-12-31": 0, "2006-09-30": 0, "2006-06-30": 0, "2006-03-31": "", "2005-12-31": 0, "2005-09-30": 0, "2005-06-30": 0, "2005-03-31": ""}, "Debt Issuance/Retirement Net - Total": {"2020-12-31": 379.462, "2020-09-30": -10.0971, "2020-06-30": -4.04, "2020-03-31": "-19.49600", "2019-12-31": 304.2581, "2019-09-30": 8.242, "2019-06-30": -8.653, "2019-03-31": "5.96300", "2018-12-31": 8.608, "2018-09-30": -4.998, "2018-06-30": 6.482, "2018-03-31": "-19.97600", "2017-12-31": -159.982, "2017-09-30": 155.302, "2017-06-30": 16.236, "2017-03-31": "-1.42900", "2016-12-31": -256.855, "2016-09-30": 2.912, "2016-06-30": -17.367, "2016-03-31": "16.22000", "2015-12-31": -35.599, "2015-09-30": -5.421, "2015-06-30": 0.384, "2015-03-31": "-377.35800", "2014-12-31": -44.186, "2014-09-30": 1255.964, "2014-06-30": -12.467, "2014-03-31": "-12.79300", "2013-12-31": -0.732, "2013-09-30": 5.429, "2013-06-30": -202.28, "2013-03-31": "103.57000", "2012-12-31": -6.64, "2012-09-30": -186.858, "2012-06-30": -21.896, "2012-03-31": "6.52100", "2011-12-31": -5.693, "2011-09-30": 10.746, "2011-06-30": -0.491, "2011-03-31": "-2.19900", "2010-12-31": -6.438, "2010-09-30": 25.282, "2010-06-30": -2.474, "2010-03-31": "193.22000", "2009-12-31": 80.2141, "2009-09-30": -10.633, "2009-06-30": -370.096, "2009-03-31": "-121.60700", "2008-12-31": -297.2131, "2008-09-30": 371.335, "2008-06-30": 384.959, "2008-03-31": "-15.21400", "2007-12-31": 628.633, "2007-09-30": 431.77, "2007-06-30": 319.921, "2007-03-31": "14.92200", "2006-12-31": 49.467, "2006-09-30": 30.448, "2006-06-30": -40.488, "2006-03-31": "-6.65800", "2005-12-31": -36.298, "2005-09-30": -96.54, "2005-06-30": 104.237, "2005-03-31": "20.79700"}, "Net Common Equity Issued/Repurchased": {"2020-12-31": 0, "2020-09-30": 0, "2020-06-30": 0, "2020-03-31": "-106.52900", "2019-12-31": -56.214, "2019-09-30": -114.95, "2019-06-30": -93.136, "2019-03-31": "-84.30800", "2018-12-31": -330.19, "2018-09-30": -74.965, "2018-06-30": -49.145, "2018-03-31": "-69.26900", "2017-12-31": -15.088, "2017-09-30": -99.085, "2017-06-30": -76.813, "2017-03-31": "-61.25600", "2016-12-31": -25.034, "2016-09-30": 0, "2016-06-30": 0, "2016-03-31": "", "2015-12-31": 3.52, "2015-09-30": 0.302, "2015-06-30": 5.206, "2015-03-31": "1.75300", "2014-12-31": 9.31, "2014-09-30": 11.576, "2014-06-30": 8.516, "2014-03-31": "2.90500", "2013-12-31": 18.992, "2013-09-30": 7.925, "2013-06-30": 2.977, "2013-03-31": "7.61400", "2012-12-31": 1.641, "2012-09-30": 0.583, "2012-06-30": 0.341, "2012-03-31": "1.09700", "2011-12-31": 0.129, "2011-09-30": 0.402, "2011-06-30": 4.569, "2011-03-31": "8.29600", "2010-12-31": 6.01, "2010-09-30": 1.566, "2010-06-30": 2.984, "2010-03-31": "3.45400", "2009-12-31": 3.796, "2009-09-30": 6.645, "2009-06-30": 412.547, "2009-03-31": "-2.05800", "2008-12-31": -17.545, "2008-09-30": -437.136, "2008-06-30": 10.277, "2008-03-31": "-38.95100", "2007-12-31": -91.285, "2007-09-30": -193.755, "2007-06-30": -123.469, "2007-03-31": "-95.69900", "2006-12-31": -85.297, "2006-09-30": -158.598, "2006-06-30": 1.983, "2006-03-31": "23.00400", "2005-12-31": 1.556, "2005-09-30": -5.331, "2005-06-30": -103.252, "2005-03-31": "-64.33600"}, "Net Total Equity Issued/Repurchased": {"2020-12-31": 0, "2020-09-30": 0, "2020-06-30": 0, "2020-03-31": "-106.52900", "2019-12-31": -56.214, "2019-09-30": -114.95, "2019-06-30": -93.136, "2019-03-31": "-84.30800", "2018-12-31": -330.19, "2018-09-30": -74.965, "2018-06-30": -49.145, "2018-03-31": "-69.26900", "2017-12-31": -15.088, "2017-09-30": -99.085, "2017-06-30": -76.813, "2017-03-31": "-61.25600", "2016-12-31": -25.034, "2016-09-30": 0, "2016-06-30": 0, "2016-03-31": "", "2015-12-31": 3.52, "2015-09-30": 0.302, "2015-06-30": 5.206, "2015-03-31": "1.75300", "2014-12-31": 9.31, "2014-09-30": 11.576, "2014-06-30": 8.516, "2014-03-31": "2.90500", "2013-12-31": 18.992, "2013-09-30": 7.925, "2013-06-30": 2.977, "2013-03-31": "7.61400", "2012-12-31": 1.641, "2012-09-30": 0.583, "2012-06-30": 0.341, "2012-03-31": "1.09700", "2011-12-31": 0.129, "2011-09-30": 0.402, "2011-06-30": 4.569, "2011-03-31": "8.29600", "2010-12-31": 6.01, "2010-09-30": 1.566, "2010-06-30": 2.984, "2010-03-31": "3.45400", "2009-12-31": 3.796, "2009-09-30": 6.645, "2009-06-30": 412.547, "2009-03-31": "-2.05800", "2008-12-31": -17.545, "2008-09-30": -437.136, "2008-06-30": 10.277, "2008-03-31": "-38.95100", "2007-12-31": -91.285, "2007-09-30": -193.755, "2007-06-30": -123.469, "2007-03-31": "-95.69900", "2006-12-31": -85.297, "2006-09-30": -158.598, "2006-06-30": 1.983, "2006-03-31": "23.00400", "2005-12-31": 1.556, "2005-09-30": -5.331, "2005-06-30": -103.252, "2005-03-31": "-64.33600"}, "Total Common And Preferred Stock Dividends Paid": {"2020-12-31": -52.591, "2020-09-30": -52.592, "2020-06-30": -52.584, "2020-03-31": "-51.48100", "2019-12-31": -51.778, "2019-09-30": -52.751, "2019-06-30": -53.503, "2019-03-31": "-42.23900", "2018-12-31": -43.767, "2018-09-30": -44.081, "2018-06-30": -44.268, "2018-03-31": "-36.79700", "2017-12-31": -36.728, "2017-09-30": -37.18, "2017-06-30": -37.527, "2017-03-31": "-34.13000", "2016-12-31": -34.128, "2016-09-30": -34.124, "2016-06-30": -34.09, "2016-03-31": "-33.42500", "2015-12-31": -33.288, "2015-09-30": -33.282, "2015-06-30": -33.233, "2015-03-31": "-27.76600", "2014-12-31": -27.642, "2014-09-30": -27.556, "2014-06-30": -25.666, "2014-03-31": "-24.51500", "2013-12-31": -24.348, "2013-09-30": -24.274, "2013-06-30": -24.238, "2013-03-31": "-21.95200", "2012-12-31": -21.923, "2012-09-30": -21.915, "2012-06-30": -21.908, "2012-03-31": "-21.88700", "2011-12-31": -21.869, "2011-09-30": -21.865, "2011-06-30": -21.83, "2011-03-31": "-16.31800", "2010-12-31": -16.276, "2010-09-30": -16.26, "2010-06-30": -16.233, "2010-03-31": "-16.20000", "2009-12-31": -16.167, "2009-09-30": -16.11, "2009-06-30": -18.213, "2009-03-31": "-18.18200", "2008-12-31": -18.311, "2008-09-30": -19.819, "2008-06-30": -18.884, "2008-03-31": "-14.27400", "2007-12-31": -13.078, "2007-09-30": -13.839, "2007-06-30": -14.178, "2007-03-31": "-14.54700", "2006-12-31": -14.303, "2006-09-30": -10.111, "2006-06-30": -8.812, "2006-03-31": "-4.31900", "2005-12-31": -4.31, "2005-09-30": -4.363, "2005-06-30": -4.721, "2005-03-31": "-4.88200"}, "Financial Activities - Other": {"2020-12-31": -20.598, "2020-09-30": -1.587, "2020-06-30": -8.763, "2020-03-31": "-6.15200", "2019-12-31": -20.302, "2019-09-30": -1.527, "2019-06-30": -0.012, "2019-03-31": "-5.72000", "2018-12-31": -10.177, "2018-09-30": 0, "2018-06-30": -3.144, "2018-03-31": "-5.18000", "2017-12-31": -17.291, "2017-09-30": -4.832, "2017-06-30": 0, "2017-03-31": "-3.53200", "2016-12-31": -14.969, "2016-09-30": 1.005, "2016-06-30": 3.68, "2016-03-31": "0.75000", "2015-12-31": -9.366, "2015-09-30": -0.017, "2015-06-30": -1.135, "2015-03-31": "-0.02900", "2014-12-31": -14.888, "2014-09-30": -18.072, "2014-06-30": -0.606, "2014-03-31": "5.37000", "2013-12-31": 6.446, "2013-09-30": 5.275, "2013-06-30": 5.091, "2013-03-31": "-5.58600", "2012-12-31": 6.777, "2012-09-30": 4.695, "2012-06-30": 5.12, "2012-03-31": "7.31500", "2011-12-31": 13.53, "2011-09-30": 4.436, "2011-06-30": 1.47, "2011-03-31": "0.41700", "2010-12-31": 0.932, "2010-09-30": 1.805, "2010-06-30": 2.442, "2010-03-31": "-6.53800", "2009-12-31": 0, "2009-09-30": -0.221, "2009-06-30": -13.298, "2009-03-31": "4.54700", "2008-12-31": 5, "2008-09-30": -0.03, "2008-06-30": -5.568, "2008-03-31": "-1.94600", "2007-12-31": 2.734, "2007-09-30": -2.603, "2007-06-30": -7.988, "2007-03-31": "", "2006-12-31": 0, "2006-09-30": 0, "2006-06-30": 0, "2006-03-31": "", "2005-12-31": 0, "2005-09-30": -1.742, "2005-06-30": -0.346, "2005-03-31": ""}, "Cash Flow From Financial Activities": {"2020-12-31": 306.273, "2020-09-30": -64.276, "2020-06-30": -65.387, "2020-03-31": "-183.65800", "2019-12-31": 175.964, "2019-09-30": -160.986, "2019-06-30": -155.304, "2019-03-31": "-126.30400", "2018-12-31": -375.526, "2018-09-30": -124.044, "2018-06-30": -90.075, "2018-03-31": "-131.22200", "2017-12-31": -229.089, "2017-09-30": 14.205, "2017-06-30": -98.104, "2017-03-31": "-100.34700", "2016-12-31": -330.986, "2016-09-30": -30.207, "2016-06-30": -47.777, "2016-03-31": "-16.45500", "2015-12-31": -74.733, "2015-09-30": -38.418, "2015-06-30": -28.778, "2015-03-31": "-403.40000", "2014-12-31": -77.406, "2014-09-30": 1221.912, "2014-06-30": -30.223, "2014-03-31": "-29.03300", "2013-12-31": 0.358, "2013-09-30": -5.645, "2013-06-30": -218.45, "2013-03-31": "83.64600", "2012-12-31": -20.145, "2012-09-30": -203.495, "2012-06-30": -38.343, "2012-03-31": "-6.95400", "2011-12-31": -13.903, "2011-09-30": -6.281, "2011-06-30": -16.282, "2011-03-31": "-9.80400", "2010-12-31": -15.772, "2010-09-30": 12.393, "2010-06-30": -13.281, "2010-03-31": "173.93600", "2009-12-31": 67.843, "2009-09-30": -20.319, "2009-06-30": 10.94, "2009-03-31": "-137.30000", "2008-12-31": -328.069, "2008-09-30": -85.65, "2008-06-30": 370.784, "2008-03-31": "-70.38500", "2007-12-31": 527.004, "2007-09-30": 221.573, "2007-06-30": 174.286, "2007-03-31": "-95.32400", "2006-12-31": -50.133, "2006-09-30": -138.261, "2006-06-30": -47.317, "2006-03-31": "12.02700", "2005-12-31": -39.052, "2005-09-30": -107.976, "2005-06-30": -4.082, "2005-03-31": "-48.42100"}, "Net Cash Flow": {"2020-12-31": 101, "2020-09-30": -229.22, "2020-06-30": 261.358, "2020-03-31": "-146.41300", "2019-12-31": 235.857, "2019-09-30": 172.761, "2019-06-30": 181.531, "2019-03-31": "-37.17500", "2018-12-31": -55.716, "2018-09-30": 163.715, "2018-06-30": -264.997, "2018-03-31": "-43.66400", "2017-12-31": -73.19, "2017-09-30": 192.827, "2017-06-30": -57.981, "2017-03-31": "125.32400", "2016-12-31": -210.015, "2016-09-30": -1.177, "2016-06-30": 75.715, "2016-03-31": "249.91900", "2015-12-31": 253.242, "2015-09-30": 54.389, "2015-06-30": 258.419, "2015-03-31": "-200.38100", "2014-12-31": 201.772, "2014-09-30": -197.899, "2014-06-30": 14.571, "2014-03-31": "-52.23700", "2013-12-31": 25.1, "2013-09-30": 126.303, "2013-06-30": -234.108, "2013-03-31": "101.94400", "2012-12-31": 88.797, "2012-09-30": -133.818, "2012-06-30": 63.129, "2012-03-31": "-32.95200", "2011-12-31": -65.933, "2011-09-30": 179.003, "2011-06-30": 116.881, "2011-03-31": "-25.70300", "2010-12-31": -83.605, "2010-09-30": 78.525, "2010-06-30": -33.913, "2010-03-31": "216.49800", "2009-12-31": 0.914, "2009-09-30": -10.123, "2009-06-30": 2.15, "2009-03-31": "-0.16600", "2008-12-31": -5.902, "2008-09-30": -93.27, "2008-06-30": 56.516, "2008-03-31": "30.40300", "2007-12-31": 17.675, "2007-09-30": -1.401, "2007-06-30": -16.12, "2007-03-31": "-1.04100", "2006-12-31": 8.53, "2006-09-30": -33.105, "2006-06-30": -141.757, "2006-03-31": "130.18700", "2005-12-31": 34.914, "2005-09-30": 28.959, "2005-06-30": -2.102, "2005-03-31": "-12.58700"}, "Stock-Based Compensation": {"2020-12-31": 18.748, "2020-09-30": 9.486, "2020-06-30": 9.52, "2020-03-31": "17.84400", "2019-12-31": 14.402, "2019-09-30": 8.841, "2019-06-30": 9.08, "2019-03-31": "15.30800", "2018-12-31": 14.457, "2018-09-30": 7.978, "2018-06-30": 8.041, "2018-03-31": "12.84100", "2017-12-31": 11.639, "2017-09-30": 6.875, "2017-06-30": 6.38, "2017-03-31": "11.30300", "2016-12-31": 7.94, "2016-09-30": 5.946, "2016-06-30": 7.236, "2016-03-31": "10.53400", "2015-12-31": 9.949, "2015-09-30": 5.332, "2015-06-30": 6.357, "2015-03-31": "8.54300", "2014-12-31": 8.463, "2014-09-30": 5.104, "2014-06-30": 4.7, "2014-03-31": "5.76800", "2013-12-31": 5.892, "2013-09-30": 2.515, "2013-06-30": 2.344, "2013-03-31": "4.75300", "2012-12-31": 3.018, "2012-09-30": 0.738, "2012-06-30": 2.602, "2012-03-31": "6.12300", "2011-12-31": 5.928, "2011-09-30": 3.833, "2011-06-30": 3.812, "2011-03-31": "3.71000", "2010-12-31": 4.964, "2010-09-30": 3.626, "2010-06-30": 3.329, "2010-03-31": "2.76900", "2009-12-31": 2.81, "2009-09-30": 2.887, "2009-06-30": 3.313, "2009-03-31": "8.57900", "2008-12-31": 4.302, "2008-09-30": 3.293, "2008-06-30": 2.754, "2008-03-31": "3.92900", "2007-12-31": 1.855, "2007-09-30": 1.817, "2007-06-30": 2.132, "2007-03-31": "2.26900", "2006-12-31": 3.616, "2006-09-30": 2.089, "2006-06-30": 1.744, "2006-03-31": "1.41300", "2005-12-31": 0, "2005-09-30": 0, "2005-06-30": 0, "2005-03-31": ""}, "Common Stock Dividends Paid": {"2020-12-31": -52.591, "2020-09-30": -52.592, "2020-06-30": -52.584, "2020-03-31": "-51.48100", "2019-12-31": -51.778, "2019-09-30": -52.751, "2019-06-30": -53.503, "2019-03-31": "-42.23900", "2018-12-31": -43.767, "2018-09-30": -44.081, "2018-06-30": -44.268, "2018-03-31": "-36.79700", "2017-12-31": -36.728, "2017-09-30": -37.18, "2017-06-30": -37.527, "2017-03-31": "-34.13000", "2016-12-31": -34.128, "2016-09-30": -34.124, "2016-06-30": -34.09, "2016-03-31": "-33.42500", "2015-12-31": -33.288, "2015-09-30": -33.282, "2015-06-30": -33.233, "2015-03-31": "-27.76600", "2014-12-31": -27.642, "2014-09-30": -27.556, "2014-06-30": -25.666, "2014-03-31": "-24.51500", "2013-12-31": -24.348, "2013-09-30": -24.274, "2013-06-30": -24.238, "2013-03-31": "-21.95200", "2012-12-31": -21.923, "2012-09-30": -21.915, "2012-06-30": -21.908, "2012-03-31": "-21.88700", "2011-12-31": -21.869, "2011-09-30": -21.865, "2011-06-30": -21.83, "2011-03-31": "-16.31800", "2010-12-31": -16.276, "2010-09-30": -16.26, "2010-06-30": -16.233, "2010-03-31": "-16.20000", "2009-12-31": -16.167, "2009-09-30": -16.11, "2009-06-30": -18.213, "2009-03-31": "-18.18200", "2008-12-31": -18.311, "2008-09-30": -19.819, "2008-06-30": -18.884, "2008-03-31": "-14.27400", "2007-12-31": -13.078, "2007-09-30": -13.839, "2007-06-30": -14.178, "2007-03-31": "-14.54700", "2006-12-31": -14.303, "2006-09-30": -10.111, "2006-06-30": -8.812, "2006-03-31": "-4.31900", "2005-12-31": -4.31, "2005-09-30": -4.363, "2005-06-30": -4.721, "2005-03-31": "-4.88200"}}, "financial ratios": {"Current Ratio": {"2019-12-31": "4.22470", "2018-12-31": "3.95690", "2017-12-31": "4.03950", "2016-12-31": "4.11000", "2015-12-31": "4.74120", "2014-12-31": "3.45440", "2013-12-31": "2.53660", "2012-12-31": "3.76630", "2011-12-31": "2.23120", "2010-12-31": "3.56310", "2009-12-31": "2.44610", "2008-12-31": "1.76100", "2007-12-31": "1.87530", "2006-12-31": "2.61010", "2005-12-31": "3.50300"}, "Long-term Debt / Capital": {"2019-12-31": "0.40280", "2018-12-31": "0.38390", "2017-12-31": "0.42410", "2016-12-31": "0.45870", "2015-12-31": "0.50320", "2014-12-31": "0.51220", "2013-12-31": "0.41440", "2012-12-31": "0.47740", "2011-12-31": "0.45700", "2010-12-31": "0.53380", "2009-12-31": "0.50630", "2008-12-31": "0.57620", "2007-12-31": "0.53150", "2006-12-31": "0.22540", "2005-12-31": "0.33260"}, "Debt/Equity Ratio": {"2019-12-31": "0.69730", "2018-12-31": "0.62940", "2017-12-31": "0.74550", "2016-12-31": "0.84860", "2015-12-31": "1.01950", "2014-12-31": "1.06670", "2013-12-31": "0.84440", "2012-12-31": "0.92610", "2011-12-31": "1.03490", "2010-12-31": "1.14930", "2009-12-31": "1.10960", "2008-12-31": "1.62370", "2007-12-31": "1.32740", "2006-12-31": "0.35650", "2005-12-31": "0.50070"}, "Gross Margin": {"2019-12-31": "14.62960", "2018-12-31": "19.64850", "2017-12-31": "16.58510", "2016-12-31": "17.16400", "2015-12-31": "9.63500", "2014-12-31": "11.03490", "2013-12-31": "9.75390", "2012-12-31": "9.87480", "2011-12-31": "11.64760", "2010-12-31": "10.72340", "2009-12-31": "10.08070", "2008-12-31": "15.23740", "2007-12-31": "20.88460", "2006-12-31": "25.62660", "2005-12-31": "22.20500"}, "Operating Margin": {"2019-12-31": "9.43030", "2018-12-31": "14.56970", "2017-12-31": "11.18470", "2016-12-31": "9.36040", "2015-12-31": "-0.95840", "2014-12-31": "3.65830", "2013-12-31": "5.24250", "2012-12-31": "5.36560", "2011-12-31": "7.31250", "2010-12-31": "5.78890", "2009-12-31": "3.01940", "2008-12-31": "10.47420", "2007-12-31": "15.75410", "2006-12-31": "20.35060", "2005-12-31": "17.99540"}, "EBIT Margin": {"2019-12-31": "9.43030", "2018-12-31": "14.56970", "2017-12-31": "11.18470", "2016-12-31": "9.36040", "2015-12-31": "-0.95840", "2014-12-31": "3.65830", "2013-12-31": "5.24250", "2012-12-31": "5.36560", "2011-12-31": "7.31250", "2010-12-31": "5.78890", "2009-12-31": "3.01940", "2008-12-31": "10.47420", "2007-12-31": "15.75410", "2006-12-31": "20.35060", "2005-12-31": "17.99540"}, "EBITDA Margin": {"2019-12-31": "12.49850", "2018-12-31": "17.25290", "2017-12-31": "14.31920", "2016-12-31": "13.16780", "2015-12-31": "2.92070", "2014-12-31": "6.66570", "2013-12-31": "8.37460", "2012-12-31": "8.45490", "2011-12-31": "10.09600", "2010-12-31": "9.35510", "2009-12-31": "8.61260", "2008-12-31": "13.05760", "2007-12-31": "18.90460", "2006-12-31": "23.89560", "2005-12-31": "22.20000"}, "Pre-Tax Profit Margin": {"2019-12-31": "8.36440", "2018-12-31": "13.70150", "2017-12-31": "9.80450", "2016-12-31": "7.25380", "2015-12-31": "-3.18810", "2014-12-31": "1.88220", "2013-12-31": "3.56480", "2012-12-31": "2.79920", "2011-12-31": "5.30560", "2010-12-31": "3.38780", "2009-12-31": "-0.46070", "2008-12-31": "9.09520", "2007-12-31": "14.36470", "2006-12-31": "19.49970", "2005-12-31": "16.50560"}, "Net Profit Margin": {"2019-12-31": "6.41280", "2018-12-31": "10.64450", "2017-12-31": "8.52040", "2016-12-31": "4.91330", "2015-12-31": "-1.71590", "2014-12-31": "1.79330", "2013-12-31": "2.56770", "2012-12-31": "2.24340", "2011-12-31": "3.47760", "2010-12-31": "2.23320", "2009-12-31": "-0.20670", "2008-12-31": "5.73460", "2007-12-31": "8.99900", "2006-12-31": "12.24860", "2005-12-31": "10.15100"}, "Asset Turnover": {"2019-12-31": "1.26450", "2018-12-31": "1.53460", "2017-12-31": "1.39140", "2016-12-31": "1.21070", "2015-12-31": "1.22450", "2014-12-31": "1.21050", "2013-12-31": "1.24270", "2012-12-31": "1.25360", "2011-12-31": "1.33750", "2010-12-31": "1.12720", "2009-12-31": "0.77170", "2008-12-31": "1.53810", "2007-12-31": "0.97020", "2006-12-31": "1.44140", "2005-12-31": "1.24300"}, "Inventory Turnover Ratio": {"2019-12-31": "5.28940", "2018-12-31": "5.10930", "2017-12-31": "5.23700", "2016-12-31": "5.05190", "2015-12-31": "5.97070", "2014-12-31": "4.81320", "2013-12-31": "5.06090", "2012-12-31": "5.46390", "2011-12-31": "5.89040", "2010-12-31": "5.04930", "2009-12-31": "4.17400", "2008-12-31": "6.69370", "2007-12-31": "3.83550", "2006-12-31": "4.23100", "2005-12-31": "4.39330"}, "Receiveable Turnover": {"2019-12-31": "12.39430", "2018-12-31": "11.32630", "2017-12-31": "10.97880", "2016-12-31": "10.65670", "2015-12-31": "12.37670", "2014-12-31": "9.69840", "2013-12-31": "10.23160", "2012-12-31": "11.34910", "2011-12-31": "10.81460", "2010-12-31": "9.55400", "2009-12-31": "7.02390", "2008-12-31": "13.71320", "2007-12-31": "6.00650", "2006-12-31": "7.93090", "2005-12-31": "8.61880"}, "Days Sales In Receivables": {"2019-12-31": "29.44890", "2018-12-31": "32.22600", "2017-12-31": "33.24590", "2016-12-31": "34.25070", "2015-12-31": "29.49090", "2014-12-31": "37.63510", "2013-12-31": "35.67360", "2012-12-31": "32.16120", "2011-12-31": "33.75080", "2010-12-31": "38.20370", "2009-12-31": "51.96510", "2008-12-31": "26.61680", "2007-12-31": "60.76720", "2006-12-31": "46.02250", "2005-12-31": "42.34930"}, "ROE - Return On Equity": {"2019-12-31": "17.28790", "2018-12-31": "33.25760", "2017-12-31": "25.22000", "2016-12-31": "12.96170", "2015-12-31": "-5.70390", "2014-12-31": "3.27850", "2013-12-31": "6.55150", "2012-12-31": "5.98360", "2011-12-31": "11.55230", "2010-12-31": "6.24020", "2009-12-31": "-0.55010", "2008-12-31": "27.84480", "2007-12-31": "25.77540", "2006-12-31": "32.22360", "2005-12-31": "25.20660"}, "Return On Tangible Equity": {"2019-12-31": "21.58630", "2018-12-31": "40.82570", "2017-12-31": "31.58420", "2016-12-31": "17.14210", "2015-12-31": "-7.76860", "2014-12-31": "5.45630", "2013-12-31": "11.86880", "2012-12-31": "11.63700", "2011-12-31": "24.06760", "2010-12-31": "15.50380", "2009-12-31": "-1.54870", "2008-12-31": "183.94730", "2007-12-31": "78.25760", "2006-12-31": "33.39520", "2005-12-31": "25.26190"}, "ROA - Return On Assets": {"2019-12-31": "8.19140", "2018-12-31": "16.30160", "2017-12-31": "11.75360", "2016-12-31": "5.60430", "2015-12-31": "-2.34070", "2014-12-31": "1.26710", "2013-12-31": "2.75600", "2012-12-31": "2.44660", "2011-12-31": "4.44360", "2010-12-31": "2.31840", "2009-12-31": "-0.21480", "2008-12-31": "8.65150", "2007-12-31": "8.72130", "2006-12-31": "17.65480", "2005-12-31": "12.61800"}, "ROI - Return On Investment": {"2019-12-31": "10.32400", "2018-12-31": "20.49130", "2017-12-31": "14.52350", "2016-12-31": "7.01680", "2015-12-31": "-2.83360", "2014-12-31": "1.59920", "2013-12-31": "3.83670", "2012-12-31": "3.12670", "2011-12-31": "6.27240", "2010-12-31": "2.90920", "2009-12-31": "-0.27150", "2008-12-31": "11.80100", "2007-12-31": "12.07630", "2006-12-31": "24.96110", "2005-12-31": "16.82370"}, "Book Value Per Share": {"2019-12-31": "18.28060", "2018-12-31": "16.76190", "2017-12-31": "13.45880", "2016-12-31": "11.39310", "2015-12-31": "10.46980", "2014-12-31": "11.57810", "2013-12-31": "11.19890", "2012-12-31": "10.83190", "2011-12-31": "10.50790", "2010-12-31": "9.54540", "2009-12-31": "9.27440", "2008-12-31": "8.97760", "2007-12-31": "8.03470", "2006-12-31": "6.34700", "2005-12-31": "5.09370"}, "Operating Cash Flow Per Share": {"2019-12-31": 0.307, "2018-12-31": 2.9601, "2017-12-31": -0.4182, "2016-12-31": -0.8771, "2015-12-31": 1.7584, "2014-12-31": 1.2889, "2013-12-31": -0.5774, "2012-12-31": -0.1773, "2011-12-31": 1.3396, "2010-12-31": -1.4987, "2009-12-31": -1.7387, "2008-12-31": 1.8337, "2007-12-31": 0.2108, "2006-12-31": 0.4098, "2005-12-31": 1.5044}, "Free Cash Flow Per Share": {"2019-12-31": -0.7226, "2018-12-31": 2.6244, "2017-12-31": -0.2925, "2016-12-31": -1.2118, "2015-12-31": 1.747, "2014-12-31": 1.609, "2013-12-31": -0.4145, "2012-12-31": -0.4143, "2011-12-31": 1.2002, "2010-12-31": -0.4225, "2009-12-31": -1.2633, "2008-12-31": 1.7219, "2007-12-31": -1.1893, "2006-12-31": 0.1087, "2005-12-31": 1.1975}}, "financial ratios, quarterly": {"Current Ratio": {"2020-09-30": "3.27900", "2020-06-30": "3.60050", "2020-03-31": "4.01560", "2019-12-31": "4.22470", "2019-09-30": "3.99920", "2019-06-30": "4.34640", "2019-03-31": "4.01650", "2018-12-31": "3.95690", "2018-09-30": "3.93600", "2018-06-30": "3.60640", "2018-03-31": "4.24310", "2017-12-31": "4.03950", "2017-09-30": "3.34930", "2017-06-30": "4.08560", "2017-03-31": "3.68140", "2016-12-31": "4.11000", "2016-09-30": "3.94990", "2016-06-30": "3.91470", "2016-03-31": "4.12190", "2015-12-31": "4.74120", "2015-09-30": "3.91200", "2015-06-30": "3.70950", "2015-03-31": "3.96590", "2014-12-31": "3.45440", "2014-09-30": "2.81330", "2014-06-30": "3.68770", "2014-03-31": "2.65740", "2013-12-31": "2.53660", "2013-09-30": "2.49980", "2013-06-30": "2.57760", "2013-03-31": "3.00600", "2012-12-31": "3.76630", "2012-09-30": "3.73670", "2012-06-30": "2.41140", "2012-03-31": "2.25240", "2011-12-31": "2.23120", "2011-09-30": "3.47920", "2011-06-30": "3.53860", "2011-03-31": "3.30190", "2010-12-31": "3.56310", "2010-09-30": "3.37560", "2010-06-30": "3.44600", "2010-03-31": "3.02300", "2009-12-31": "2.44610", "2009-09-30": "2.29900", "2009-06-30": "2.66490", "2009-03-31": "1.87320", "2008-12-31": "1.76100", "2008-09-30": "1.53800", "2008-06-30": "1.88290", "2008-03-31": "1.90850", "2007-12-31": "1.87530", "2007-09-30": "1.91760", "2007-06-30": "2.11330", "2007-03-31": "2.19520", "2006-12-31": "2.61010", "2006-09-30": "2.72130", "2006-06-30": "3.57230", "2006-03-31": "3.51460", "2005-12-31": "3.50300", "2005-09-30": "3.57530", "2005-06-30": "4.18780", "2005-03-31": "3.22060"}, "Long-term Debt / Capital": {"2020-09-30": "0.39470", "2020-06-30": "0.39800", "2020-03-31": "0.40090", "2019-12-31": "0.40280", "2019-09-30": "0.37650", "2019-06-30": "0.37610", "2019-03-31": "0.37950", "2018-12-31": "0.38390", "2018-09-30": "0.37770", "2018-06-30": "0.39590", "2018-03-31": "0.41540", "2017-12-31": "0.42410", "2017-09-30": "0.44360", "2017-06-30": "0.44570", "2017-03-31": "0.44940", "2016-12-31": "0.45870", "2016-09-30": "0.47640", "2016-06-30": "0.48810", "2016-03-31": "0.49950", "2015-12-31": "0.50320", "2015-09-30": "0.48040", "2015-06-30": "0.48350", "2015-03-31": "0.48400", "2014-12-31": "0.51220", "2014-09-30": "0.50160", "2014-06-30": "0.38060", "2014-03-31": "0.41130", "2013-12-31": "0.41440", "2013-09-30": "0.42020", "2013-06-30": "0.42400", "2013-03-31": "0.46230", "2012-12-31": "0.47740", "2012-09-30": "0.48170", "2012-06-30": "0.45030", "2012-03-31": "0.45300", "2011-12-31": "0.45700", "2011-09-30": "0.51030", "2011-06-30": "0.51300", "2011-03-31": "0.52250", "2010-12-31": "0.53380", "2010-09-30": "0.53390", "2010-06-30": "0.53380", "2010-03-31": "0.53840", "2009-12-31": "0.50630", "2009-09-30": "0.50780", "2009-06-30": "0.51330", "2009-03-31": "0.59040", "2008-12-31": "0.57620", "2008-09-30": "0.56240", "2008-06-30": "0.53310", "2008-03-31": "0.52770", "2007-12-31": "0.53150", "2007-09-30": "0.49270", "2007-06-30": "0.31880", "2007-03-31": "0.22600", "2006-12-31": "0.22540", "2006-09-30": "0.25510", "2006-06-30": "0.24730", "2006-03-31": "0.30820", "2005-12-31": "0.33260", "2005-09-30": "0.36460", "2005-06-30": "0.41940", "2005-03-31": "0.35430"}, "Debt/Equity Ratio": {"2020-09-30": "0.67240", "2020-06-30": "0.67980", "2020-03-31": "0.68680", "2019-12-31": "0.69730", "2019-09-30": "0.62490", "2019-06-30": "0.62120", "2019-03-31": "0.63260", "2018-12-31": "0.62940", "2018-09-30": "0.61080", "2018-06-30": "0.66050", "2018-03-31": "0.71350", "2017-12-31": "0.74550", "2017-09-30": "0.85910", "2017-06-30": "0.81080", "2017-03-31": "0.81730", "2016-12-31": "0.84860", "2016-09-30": "0.91560", "2016-06-30": "0.96030", "2016-03-31": "1.00660", "2015-12-31": "1.01950", "2015-09-30": "0.93570", "2015-06-30": "0.94850", "2015-03-31": "0.94900", "2014-12-31": "1.06670", "2014-09-30": "1.05160", "2014-06-30": "0.63630", "2014-03-31": "0.83530", "2013-12-31": "0.84440", "2013-09-30": "0.86160", "2013-06-30": "0.87050", "2013-03-31": "0.95600", "2012-12-31": "0.92610", "2012-09-30": "0.94230", "2012-06-30": "1.00590", "2012-03-31": "1.01680", "2011-12-31": "1.03490", "2011-09-30": "1.04280", "2011-06-30": "1.05410", "2011-03-31": "1.09480", "2010-12-31": "1.14930", "2010-09-30": "1.14940", "2010-06-30": "1.14800", "2010-03-31": "1.16930", "2009-12-31": "1.10960", "2009-09-30": "1.07500", "2009-06-30": "1.11460", "2009-03-31": "1.63390", "2008-12-31": "1.62370", "2008-09-30": "1.65340", "2008-06-30": "1.27620", "2008-03-31": "1.24870", "2007-12-31": "1.32740", "2007-09-30": "1.11250", "2007-06-30": "0.65020", "2007-03-31": "0.37010", "2006-12-31": "0.35650", "2006-09-30": "0.36870", "2006-06-30": "0.32910", "2006-03-31": "0.44660", "2005-12-31": "0.50070", "2005-09-30": "0.58320", "2005-06-30": "0.73330", "2005-03-31": "0.55930"}, "Gross Margin": {"2020-09-30": "12.56270", "2020-06-30": "13.58120", "2020-03-31": "16.12480", "2019-12-31": "13.46310", "2019-09-30": "14.24060", "2019-06-30": "15.20170", "2019-03-31": "15.38880", "2018-12-31": "17.94950", "2018-09-30": "21.28340", "2018-06-30": "21.09940", "2018-03-31": "17.79720", "2017-12-31": "13.73110", "2017-09-30": "16.22820", "2017-06-30": "16.41840", "2017-03-31": "19.93710", "2016-12-31": "16.22230", "2016-09-30": "19.44040", "2016-06-30": "18.79450", "2016-03-31": "13.55520", "2015-12-31": "9.06370", "2015-09-30": "11.72400", "2015-06-30": "8.56570", "2015-03-31": "9.13540", "2014-12-31": "11.58570", "2014-09-30": "12.33480", "2014-06-30": "10.76310", "2014-03-31": "8.92330", "2013-12-31": "10.62130", "2013-09-30": "10.31480", "2013-06-30": "8.19900", "2013-03-31": "9.81590", "2012-12-31": "10.56290", "2012-09-30": "9.23600", "2012-06-30": "9.53690", "2012-03-31": "10.15440", "2011-12-31": "8.61710", "2011-09-30": "9.75030", "2011-06-30": "13.28950", "2011-03-31": "14.67060", "2010-12-31": "8.74710", "2010-09-30": "8.80790", "2010-06-30": "11.75800", "2010-03-31": "13.52900", "2009-12-31": "13.06770", "2009-09-30": "18.48610", "2009-06-30": "8.68980", "2009-03-31": "-4.98700", "2008-12-31": "-3.37990", "2008-09-30": "17.36410", "2008-06-30": "19.95290", "2008-03-31": "18.25820", "2007-12-31": "17.52250", "2007-09-30": "19.75210", "2007-06-30": "23.76760", "2007-03-31": "24.99820", "2006-12-31": "27.28580", "2006-09-30": "26.84660", "2006-06-30": "23.93370", "2006-03-31": "23.95140", "2005-12-31": "24.56900", "2005-09-30": "21.10170", "2005-06-30": "20.36990", "2005-03-31": "22.56450"}, "Operating Margin": {"2020-09-30": "6.68670", "2020-06-30": "7.58490", "2020-03-31": "10.62820", "2019-12-31": "7.74240", "2019-09-30": "9.02490", "2019-06-30": "10.28800", "2019-03-31": "10.35840", "2018-12-31": "12.58840", "2018-09-30": "16.49030", "2018-06-30": "16.23950", "2018-03-31": "12.41980", "2017-12-31": "8.38640", "2017-09-30": "11.09180", "2017-06-30": "11.09930", "2017-03-31": "14.12740", "2016-12-31": "2.93230", "2016-09-30": "13.50850", "2016-06-30": "12.65490", "2016-03-31": "7.57850", "2015-12-31": "-23.95540", "2015-09-30": "6.71630", "2015-06-30": "3.86830", "2015-03-31": "4.87300", "2014-12-31": "-3.22440", "2014-09-30": "8.06510", "2014-06-30": "6.37300", "2014-03-31": "4.42230", "2013-12-31": "5.78400", "2013-09-30": "5.92510", "2013-06-30": "3.84150", "2013-03-31": "5.35900", "2012-12-31": "5.56770", "2012-09-30": "4.29440", "2012-06-30": "5.42980", "2012-03-31": "6.04510", "2011-12-31": "4.43890", "2011-09-30": "5.32360", "2011-06-30": "9.05020", "2011-03-31": "10.18500", "2010-12-31": "3.06400", "2010-09-30": "4.35560", "2010-06-30": "7.14330", "2010-03-31": "8.50350", "2009-12-31": "6.64540", "2009-09-30": "12.66410", "2009-06-30": "0.79330", "2009-03-31": "-13.94500", "2008-12-31": "-7.91690", "2008-09-30": "12.90660", "2008-06-30": "14.92850", "2008-03-31": "13.26920", "2007-12-31": "12.25660", "2007-09-30": "15.03790", "2007-06-30": "18.39890", "2007-03-31": "19.78930", "2006-12-31": "20.87090", "2006-09-30": "21.77740", "2006-06-30": "18.77000", "2006-03-31": "19.69010", "2005-12-31": "19.99460", "2005-09-30": "16.41320", "2005-06-30": "16.69090", "2005-03-31": "18.63010"}, "EBIT Margin": {"2020-09-30": "6.68670", "2020-06-30": "7.58490", "2020-03-31": "10.62820", "2019-12-31": "7.74240", "2019-09-30": "9.02490", "2019-06-30": "10.28800", "2019-03-31": "10.35840", "2018-12-31": "12.58840", "2018-09-30": "16.49030", "2018-06-30": "16.23950", "2018-03-31": "12.41980", "2017-12-31": "8.38640", "2017-09-30": "11.09180", "2017-06-30": "11.09930", "2017-03-31": "14.12740", "2016-12-31": "2.93230", "2016-09-30": "13.50850", "2016-06-30": "12.65490", "2016-03-31": "7.57850", "2015-12-31": "-23.95550", "2015-09-30": "6.71630", "2015-06-30": "3.86830", "2015-03-31": "4.87300", "2014-12-31": "-3.22440", "2014-09-30": "8.06510", "2014-06-30": "6.37300", "2014-03-31": "4.42230", "2013-12-31": "5.78400", "2013-09-30": "5.92510", "2013-06-30": "3.84150", "2013-03-31": "5.35900", "2012-12-31": "5.56770", "2012-09-30": "4.29440", "2012-06-30": "5.42980", "2012-03-31": "6.04510", "2011-12-31": "4.43890", "2011-09-30": "5.32360", "2011-06-30": "9.05020", "2011-03-31": "10.18500", "2010-12-31": "3.06400", "2010-09-30": "4.35560", "2010-06-30": "7.14330", "2010-03-31": "8.50350", "2009-12-31": "6.64530", "2009-09-30": "12.66410", "2009-06-30": "0.79330", "2009-03-31": "-13.94500", "2008-12-31": "-7.91700", "2008-09-30": "12.90660", "2008-06-30": "14.92850", "2008-03-31": "13.26920", "2007-12-31": "12.25660", "2007-09-30": "15.03790", "2007-06-30": "18.39890", "2007-03-31": "19.78930", "2006-12-31": "20.87090", "2006-09-30": "21.77740", "2006-06-30": "18.77000", "2006-03-31": "19.69010", "2005-12-31": "19.99460", "2005-09-30": "16.41320", "2005-06-30": "16.69090", "2005-03-31": "18.63010"}, "EBITDA Margin": {"2020-09-30": "", "2020-06-30": "", "2020-03-31": "", "2019-12-31": "", "2019-09-30": "", "2019-06-30": "", "2019-03-31": "", "2018-12-31": "", "2018-09-30": "", "2018-06-30": "", "2018-03-31": "", "2017-12-31": "", "2017-09-30": "", "2017-06-30": "", "2017-03-31": "", "2016-12-31": "", "2016-09-30": "", "2016-06-30": "", "2016-03-31": "", "2015-12-31": "", "2015-09-30": "", "2015-06-30": "", "2015-03-31": "", "2014-12-31": "", "2014-09-30": "", "2014-06-30": "", "2014-03-31": "", "2013-12-31": "", "2013-09-30": "", "2013-06-30": "", "2013-03-31": "", "2012-12-31": "", "2012-09-30": "", "2012-06-30": "", "2012-03-31": "", "2011-12-31": "", "2011-09-30": "", "2011-06-30": "", "2011-03-31": "", "2010-12-31": "", "2010-09-30": "", "2010-06-30": "", "2010-03-31": "", "2009-12-31": "", "2009-09-30": "", "2009-06-30": "", "2009-03-31": "", "2008-12-31": "", "2008-09-30": "", "2008-06-30": "", "2008-03-31": "", "2007-12-31": "", "2007-09-30": "", "2007-06-30": "", "2007-03-31": "", "2006-12-31": "", "2006-09-30": "", "2006-06-30": "", "2006-03-31": "", "2005-12-31": "", "2005-09-30": "", "2005-06-30": "", "2005-03-31": ""}, "Pre-Tax Profit Margin": {"2020-09-30": "5.72160", "2020-06-30": "4.92020", "2020-03-31": "9.64060", "2019-12-31": "6.38510", "2019-09-30": "7.96450", "2019-06-30": "9.27480", "2019-03-31": "9.47890", "2018-12-31": "11.75270", "2018-09-30": "15.73160", "2018-06-30": "15.38280", "2018-03-31": "11.36630", "2017-12-31": "6.90580", "2017-09-30": "9.58970", "2017-06-30": "9.84300", "2017-03-31": "12.84730", "2016-12-31": "0.14760", "2016-09-30": "11.57870", "2016-06-30": "10.93400", "2016-03-31": "5.55410", "2015-12-31": "-26.26720", "2015-09-30": "4.80320", "2015-06-30": "2.07520", "2015-03-31": "1.97770", "2014-12-31": "-4.94490", "2014-09-30": "5.75740", "2014-06-30": "5.00580", "2014-03-31": "2.78640", "2013-12-31": "4.13310", "2013-09-30": "4.40200", "2013-06-30": "2.16390", "2013-03-31": "3.48880", "2012-12-31": "3.74800", "2012-09-30": "0.42640", "2012-06-30": "3.37650", "2012-03-31": "3.45380", "2011-12-31": "2.20700", "2011-09-30": "3.30840", "2011-06-30": "7.17170", "2011-03-31": "8.26140", "2010-12-31": "0.52080", "2010-09-30": "1.95240", "2010-06-30": "4.69790", "2010-03-31": "6.29020", "2009-12-31": "3.92600", "2009-09-30": "9.90410", "2009-06-30": "-3.98220", "2009-03-31": "-18.30310", "2008-12-31": "-11.36590", "2008-09-30": "11.77150", "2008-06-30": "14.15590", "2008-03-31": "12.11260", "2007-12-31": "10.76360", "2007-09-30": "13.82740", "2007-06-30": "16.34450", "2007-03-31": "19.03490", "2006-12-31": "20.05130", "2006-09-30": "21.06780", "2006-06-30": "17.94810", "2006-03-31": "18.57050", "2005-12-31": "18.53590", "2005-09-30": "14.80540", "2005-06-30": "15.09270", "2005-03-31": "17.31610"}, "Net Profit Margin": {"2020-09-30": "4.29640", "2020-06-30": "3.60480", "2020-03-31": "7.27510", "2019-12-31": "5.16660", "2019-09-30": "5.97770", "2019-06-30": "7.01320", "2019-03-31": "7.25230", "2018-12-31": "9.29800", "2018-09-30": "12.35830", "2018-06-30": "11.72780", "2018-03-31": "8.73890", "2017-12-31": "13.04240", "2017-09-30": "6.27240", "2017-06-30": "6.43880", "2017-03-31": "8.47970", "2016-12-31": "1.04740", "2016-09-30": "7.49040", "2016-06-30": "7.01460", "2016-03-31": "3.60290", "2015-12-31": "-15.91650", "2015-09-30": "3.10710", "2015-06-30": "1.57360", "2015-03-31": "1.50240", "2014-12-31": "-1.78900", "2014-09-30": "3.89790", "2014-06-30": "3.49330", "2014-03-31": "2.10800", "2013-12-31": "2.93190", "2013-09-30": "3.00700", "2013-06-30": "1.60760", "2013-03-31": "2.68500", "2012-12-31": "3.55250", "2012-09-30": "0.75780", "2012-06-30": "2.32860", "2012-03-31": "2.30440", "2011-12-31": "1.62530", "2011-09-30": "2.11920", "2011-06-30": "4.74630", "2011-03-31": "5.25320", "2010-12-31": "0.50990", "2010-09-30": "1.18300", "2010-06-30": "3.01370", "2010-03-31": "4.17590", "2009-12-31": "2.25890", "2009-09-30": "5.88790", "2009-06-30": "-2.01870", "2009-03-31": "-10.78520", "2008-12-31": "-6.83000", "2008-09-30": "7.52780", "2008-06-30": "8.75620", "2008-03-31": "7.49430", "2007-12-31": "6.74480", "2007-09-30": "8.69720", "2007-06-30": "10.30920", "2007-03-31": "11.80170", "2006-12-31": "12.51080", "2006-09-30": "13.01980", "2006-06-30": "11.79540", "2006-03-31": "11.42090", "2005-12-31": "11.39960", "2005-09-30": "9.10550", "2005-06-30": "9.28190", "2005-03-31": "10.64940"}, "Asset Turnover": {"2020-09-30": "0.27050", "2020-06-30": "0.24730", "2020-03-31": "0.30860", "2019-12-31": "0.28400", "2019-09-30": "0.31810", "2019-06-30": "0.35260", "2019-03-31": "0.35860", "2018-12-31": "0.37700", "2018-09-30": "0.41340", "2018-06-30": "0.41180", "2018-03-31": "0.37340", "2017-12-31": "0.34080", "2017-09-30": "0.35100", "2017-06-30": "0.35840", "2017-03-31": "0.35330", "2016-12-31": "0.29740", "2016-09-30": "0.30960", "2016-06-30": "0.30530", "2016-03-31": "0.27240", "2015-12-31": "0.25650", "2015-09-30": "0.28510", "2015-06-30": "0.29370", "2015-03-31": "0.30400", "2014-12-31": "0.34800", "2014-09-30": "0.30860", "2014-06-30": "0.34580", "2014-03-31": "0.30950", "2013-12-31": "0.31420", "2013-09-30": "0.32540", "2013-06-30": "0.31400", "2013-03-31": "0.30150", "2012-12-31": "0.29320", "2012-09-30": "0.29320", "2012-06-30": "0.31980", "2012-03-31": "0.32800", "2011-12-31": "0.31080", "2011-09-30": "0.34040", "2011-06-30": "0.35250", "2011-03-31": "0.34590", "2010-12-31": "0.27340", "2010-09-30": "0.28240", "2010-06-30": "0.29440", "2010-03-31": "0.27870", "2009-12-31": "0.23000", "2009-09-30": "0.22940", "2009-06-30": "0.16230", "2009-03-31": "0.16540", "2008-12-31": "0.23040", "2008-09-30": "0.42350", "2008-06-30": "0.39780", "2008-03-31": "0.39450", "2007-12-31": "0.32110", "2007-09-30": "0.37370", "2007-06-30": "0.35380", "2007-03-31": "0.36970", "2006-12-31": "0.37370", "2006-09-30": "0.41280", "2006-06-30": "0.37940", "2006-03-31": "0.35390", "2005-12-31": "0.32410", "2005-09-30": "0.29370", "2005-06-30": "0.31440", "2005-03-31": "0.32870"}, "Inventory Turnover Ratio": {"2020-09-30": "1.26650", "2020-06-30": "1.15500", "2020-03-31": "1.31340", "2019-12-31": "1.20410", "2019-09-30": "1.22640", "2019-06-30": "1.30320", "2019-03-31": "1.27640", "2018-12-31": "1.28160", "2018-09-30": "1.36870", "2018-06-30": "1.36450", "2018-03-31": "1.33770", "2017-12-31": "1.32670", "2017-09-30": "1.37600", "2017-06-30": "1.40840", "2017-03-31": "1.39260", "2016-12-31": "1.25520", "2016-09-30": "1.32710", "2016-06-30": "1.39790", "2016-03-31": "1.41100", "2015-12-31": "1.25880", "2015-09-30": "1.30330", "2015-06-30": "1.41890", "2015-03-31": "1.28020", "2014-12-31": "1.37510", "2014-09-30": "1.23210", "2014-06-30": "1.39830", "2014-03-31": "1.25120", "2013-12-31": "1.26730", "2013-09-30": "1.43830", "2013-06-30": "1.41520", "2013-03-31": "1.38390", "2012-12-31": "1.26810", "2012-09-30": "1.27120", "2012-06-30": "1.37980", "2012-03-31": "1.40110", "2011-12-31": "1.41570", "2011-09-30": "1.59140", "2011-06-30": "1.50880", "2011-03-31": "1.45020", "2010-12-31": "1.25170", "2010-09-30": "1.43270", "2010-06-30": "1.41550", "2010-03-31": "1.49330", "2009-12-31": "1.20260", "2009-09-30": "1.14420", "2009-06-30": "0.97950", "2009-03-31": "1.02670", "2008-12-31": "1.22290", "2008-09-30": "1.56130", "2008-06-30": "1.60140", "2008-03-31": "1.73780", "2007-12-31": "1.32330", "2007-09-30": "1.24660", "2007-06-30": "0.95650", "2007-03-31": "1.03680", "2006-12-31": "1.07260", "2006-09-30": "1.19600", "2006-06-30": "1.18160", "2006-03-31": "1.32740", "2005-12-31": "1.11060", "2005-09-30": "1.03680", "2005-06-30": "1.03020", "2005-03-31": "1.11700"}, "Receiveable Turnover": {"2020-09-30": "2.53670", "2020-06-30": "2.48120", "2020-03-31": "2.57920", "2019-12-31": "2.78350", "2019-09-30": "2.56030", "2019-06-30": "2.58230", "2019-03-31": "2.46410", "2018-12-31": "2.78220", "2018-09-30": "2.62460", "2018-06-30": "2.61870", "2018-03-31": "2.63640", "2017-12-31": "2.68920", "2017-09-30": "2.64720", "2017-06-30": "2.69560", "2017-03-31": "2.68160", "2016-12-31": "2.61800", "2016-09-30": "2.69590", "2016-06-30": "2.54900", "2016-03-31": "2.52660", "2015-12-31": "2.59290", "2015-09-30": "2.44160", "2015-06-30": "2.45550", "2015-03-31": "2.65990", "2014-12-31": "2.78800", "2014-09-30": "2.20940", "2014-06-30": "2.27250", "2014-03-31": "2.25630", "2013-12-31": "2.58690", "2013-09-30": "2.47350", "2013-06-30": "2.32990", "2013-03-31": "2.38380", "2012-12-31": "2.65430", "2012-09-30": "2.37270", "2012-06-30": "2.60720", "2012-03-31": "2.50260", "2011-12-31": "2.51290", "2011-09-30": "2.43160", "2011-06-30": "2.40520", "2011-03-31": "2.26460", "2010-12-31": "2.31710", "2010-09-30": "2.31140", "2010-06-30": "2.45860", "2010-03-31": "2.00830", "2009-12-31": "2.09330", "2009-09-30": "2.04520", "2009-06-30": "1.61450", "2009-03-31": "1.78920", "2008-12-31": "2.05420", "2008-09-30": "2.28380", "2008-06-30": "1.94710", "2008-03-31": "2.11380", "2007-12-31": "1.98780", "2007-09-30": "2.35340", "2007-06-30": "2.06110", "2007-03-31": "2.05150", "2006-12-31": "2.05640", "2006-09-30": "2.26160", "2006-06-30": "2.31800", "2006-03-31": "2.55230", "2005-12-31": "2.24710", "2005-09-30": "2.28100", "2005-06-30": "2.28030", "2005-03-31": "2.13110"}, "Days Sales In Receivables": {"2020-09-30": "35.47910", "2020-06-30": "36.27220", "2020-03-31": "34.89450", "2019-12-31": "32.33360", "2019-09-30": "35.15260", "2019-06-30": "34.85240", "2019-03-31": "36.52460", "2018-12-31": "32.34900", "2018-09-30": "34.29050", "2018-06-30": "34.36840", "2018-03-31": "34.13720", "2017-12-31": "33.46720", "2017-09-30": "33.99860", "2017-06-30": "33.38760", "2017-03-31": "33.56250", "2016-12-31": "34.37700", "2016-09-30": "33.38460", "2016-06-30": "35.30820", "2016-03-31": "35.62170", "2015-12-31": "34.70950", "2015-09-30": "36.86060", "2015-06-30": "36.65170", "2015-03-31": "33.83580", "2014-12-31": "32.28100", "2014-09-30": "40.73510", "2014-06-30": "39.60440", "2014-03-31": "39.88840", "2013-12-31": "34.79010", "2013-09-30": "36.38500", "2013-06-30": "38.62760", "2013-03-31": "37.75530", "2012-12-31": "33.90770", "2012-09-30": "37.93100", "2012-06-30": "34.52030", "2012-03-31": "35.96330", "2011-12-31": "35.81480", "2011-09-30": "37.01320", "2011-06-30": "37.41960", "2011-03-31": "39.74270", "2010-12-31": "38.84150", "2010-09-30": "38.93680", "2010-06-30": "36.60670", "2010-03-31": "44.81410", "2009-12-31": "42.99490", "2009-09-30": "44.00600", "2009-06-30": "55.74430", "2009-03-31": "50.30170", "2008-12-31": "43.81300", "2008-09-30": "39.40740", "2008-06-30": "46.22200", "2008-03-31": "42.57820", "2007-12-31": "45.27580", "2007-09-30": "38.24260", "2007-06-30": "43.66670", "2007-03-31": "43.87100", "2006-12-31": "43.76500", "2006-09-30": "39.79540", "2006-06-30": "38.82660", "2006-03-31": "35.26250", "2005-12-31": "40.05130", "2005-09-30": "39.45600", "2005-06-30": "39.46870", "2005-03-31": "42.23080"}, "ROE - Return On Equity": {"2020-09-30": "2.57900", "2020-06-30": "1.97530", "2020-03-31": "4.82530", "2019-12-31": "3.15510", "2019-09-30": "3.91230", "2019-06-30": "5.03400", "2019-03-31": "5.32080", "2018-12-31": "7.14650", "2018-09-30": "10.26900", "2018-06-30": "10.10370", "2018-03-31": "6.80750", "2017-12-31": "9.48870", "2017-09-30": "5.11940", "2017-06-30": "5.22320", "2017-03-31": "6.88980", "2016-12-31": "0.13800", "2016-09-30": "5.46520", "2016-06-30": "5.20490", "2016-03-31": "2.37560", "2015-12-31": "-10.07090", "2015-09-30": "2.08050", "2015-06-30": "0.90490", "2015-03-31": "0.96380", "2014-12-31": "-3.43570", "2014-09-30": "3.01060", "2014-06-30": "2.34000", "2014-03-31": "1.34120", "2013-12-31": "1.91920", "2013-09-30": "2.08720", "2013-06-30": "0.96540", "2013-03-31": "1.71410", "2012-12-31": "2.31700", "2012-09-30": "0.26100", "2012-06-30": "1.66960", "2012-03-31": "1.79100", "2011-12-31": "1.12090", "2011-09-30": "1.74610", "2011-06-30": "4.24540", "2011-03-31": "4.79570", "2010-12-31": "0.19540", "2010-09-30": "0.72990", "2010-06-30": "2.23100", "2010-03-31": "3.08030", "2009-12-31": "1.32510", "2009-09-30": "3.45710", "2009-06-30": "-0.85850", "2009-03-31": "-5.83350", "2008-12-31": "-5.36340", "2008-09-30": "10.79360", "2008-06-30": "10.63040", "2008-03-31": "8.85070", "2007-12-31": "6.37330", "2007-09-30": "9.31430", "2007-06-30": "7.93330", "2007-03-31": "8.33920", "2006-12-31": "8.53430", "2006-09-30": "10.12500", "2006-06-30": "7.90810", "2006-03-31": "7.82780", "2005-12-31": "7.38030", "2005-09-30": "5.55340", "2005-06-30": "6.47920", "2005-03-31": "7.24500"}, "Return On Tangible Equity": {"2020-09-30": "3.19640", "2020-06-30": "2.44400", "2020-03-31": "5.99710", "2019-12-31": "3.93960", "2019-09-30": "4.90660", "2019-06-30": "6.29470", "2019-03-31": "6.70360", "2018-12-31": "8.77280", "2018-09-30": "12.69090", "2018-06-30": "12.77970", "2018-03-31": "8.42550", "2017-12-31": "11.88320", "2017-09-30": "6.57170", "2017-06-30": "6.74080", "2017-03-31": "8.96840", "2016-12-31": "0.18250", "2016-09-30": "7.23690", "2016-06-30": "6.88950", "2016-03-31": "3.20570", "2015-12-31": "-13.71640", "2015-09-30": "3.39170", "2015-06-30": "1.49110", "2015-03-31": "1.59620", "2014-12-31": "-5.71800", "2014-09-30": "4.92950", "2014-06-30": "3.82710", "2014-03-31": "2.40250", "2013-12-31": "3.47690", "2013-09-30": "3.86880", "2013-06-30": "1.82630", "2013-03-31": "3.27180", "2012-12-31": "4.50610", "2012-09-30": "0.52010", "2012-06-30": "3.33440", "2012-03-31": "3.64280", "2011-12-31": "2.33520", "2011-09-30": "3.70510", "2011-06-30": "9.22210", "2011-03-31": "11.04260", "2010-12-31": "0.48550", "2010-09-30": "1.80580", "2010-06-30": "5.61630", "2010-03-31": "8.13700", "2009-12-31": "3.73100", "2009-09-30": "10.06630", "2009-06-30": "-2.81460", "2009-03-31": "-51.21340", "2008-12-31": "-35.43130", "2008-09-30": "56.49800", "2008-06-30": "37.64060", "2008-03-31": "23.49170", "2007-12-31": "19.35010", "2007-09-30": "14.77880", "2007-06-30": "8.37600", "2007-03-31": "8.64210", "2006-12-31": "8.84460", "2006-09-30": "10.51460", "2006-06-30": "8.19620", "2006-03-31": "7.82780", "2005-12-31": "7.39650", "2005-09-30": "5.55340", "2005-06-30": "6.47920", "2005-03-31": "7.24500"}, "ROA - Return On Assets": {"2020-09-30": "1.21010", "2020-06-30": "0.93010", "2020-03-31": "2.28690", "2019-12-31": "1.49500", "2019-09-30": "1.92120", "2019-06-30": "2.50380", "2019-03-31": "2.60690", "2018-12-31": "3.50300", "2018-09-30": "5.10240", "2018-06-30": "4.83140", "2018-03-31": "3.23360", "2017-12-31": "4.42220", "2017-09-30": "2.16950", "2017-06-30": "2.29300", "2017-03-31": "2.96340", "2016-12-31": "0.05970", "2016-09-30": "2.27490", "2016-06-30": "2.11840", "2016-03-31": "0.95930", "2015-12-31": "-4.13270", "2015-09-30": "0.86030", "2015-06-30": "0.37100", "2015-03-31": "0.40020", "2014-12-31": "-1.32790", "2014-09-30": "1.15670", "2014-06-30": "1.10840", "2014-03-31": "0.56980", "2013-12-31": "0.80740", "2013-09-30": "0.86970", "2013-06-30": "0.40570", "2013-03-31": "0.69250", "2012-12-31": "0.94740", "2012-09-30": "0.10570", "2012-06-30": "0.65820", "2012-03-31": "0.69130", "2011-12-31": "0.43110", "2011-09-30": "0.66390", "2011-06-30": "1.62400", "2011-03-31": "1.78860", "2010-12-31": "0.07260", "2010-09-30": "0.27370", "2010-06-30": "0.84380", "2010-03-31": "1.13560", "2009-12-31": "0.51750", "2009-09-30": "1.34530", "2009-06-30": "-0.33840", "2009-03-31": "-1.82240", "2008-12-31": "-1.66640", "2008-09-30": "3.10070", "2008-06-30": "3.49600", "2008-03-31": "2.96650", "2007-12-31": "2.15650", "2007-09-30": "3.24980", "2007-06-30": "3.64700", "2007-03-31": "4.36340", "2006-12-31": "4.67580", "2006-09-30": "5.37500", "2006-06-30": "4.47540", "2006-03-31": "4.04170", "2005-12-31": "3.69450", "2005-09-30": "2.67400", "2005-06-30": "2.91840", "2005-03-31": "3.50010"}, "ROI - Return On Investment": {"2020-09-30": "1.56100", "2020-06-30": "1.18900", "2020-03-31": "2.89100", "2019-12-31": "1.88420", "2019-09-30": "2.43940", "2019-06-30": "3.14080", "2019-03-31": "3.30160", "2018-12-31": "4.40320", "2018-09-30": "6.39020", "2018-06-30": "6.10320", "2018-03-31": "3.97960", "2017-12-31": "5.46430", "2017-09-30": "2.84860", "2017-06-30": "2.89530", "2017-03-31": "3.79340", "2016-12-31": "0.07470", "2016-09-30": "2.86150", "2016-06-30": "2.66420", "2016-03-31": "1.18910", "2015-12-31": "-5.00320", "2015-09-30": "1.08110", "2015-06-30": "0.46740", "2015-03-31": "0.49730", "2014-12-31": "-1.67590", "2014-09-30": "1.50060", "2014-06-30": "1.44940", "2014-03-31": "0.78960", "2013-12-31": "1.12390", "2013-09-30": "1.21030", "2013-06-30": "0.55610", "2013-03-31": "0.92170", "2012-12-31": "1.21070", "2012-09-30": "0.13530", "2012-06-30": "0.91790", "2012-03-31": "0.97960", "2011-12-31": "0.60860", "2011-09-30": "0.85500", "2011-06-30": "2.06740", "2011-03-31": "2.28990", "2010-12-31": "0.09110", "2010-09-30": "0.34020", "2010-06-30": "1.04010", "2010-03-31": "1.42200", "2009-12-31": "0.65420", "2009-09-30": "1.70160", "2009-06-30": "-0.41780", "2009-03-31": "-2.38950", "2008-12-31": "-2.27310", "2008-09-30": "4.72290", "2008-06-30": "4.96280", "2008-03-31": "4.18040", "2007-12-31": "2.98600", "2007-09-30": "4.72540", "2007-06-30": "5.40390", "2007-03-31": "6.45470", "2006-12-31": "6.61080", "2006-09-30": "7.54210", "2006-06-30": "5.95230", "2006-03-31": "5.41520", "2005-12-31": "4.92590", "2005-09-30": "3.52850", "2005-06-30": "3.76180", "2005-03-31": "4.67800"}, "Book Value Per Share": {"2020-09-30": "19.22070", "2020-06-30": "18.95520", "2020-03-31": "18.80260", "2019-12-31": "18.28060", "2019-09-30": "18.08070", "2019-06-30": "17.78160", "2019-03-31": "17.26780", "2018-12-31": "16.76190", "2018-09-30": "16.60010", "2018-06-30": "15.26410", "2018-03-31": "14.02880", "2017-12-31": "13.45880", "2017-09-30": "12.44890", "2017-06-30": "12.20750", "2017-03-31": "11.90970", "2016-12-31": "11.39310", "2016-09-30": "11.59020", "2016-06-30": "11.07000", "2016-03-31": "10.60020", "2015-12-31": "10.46980", "2015-09-30": "11.68760", "2015-06-30": "11.56240", "2015-03-31": "11.57180", "2014-12-31": "11.57810", "2014-09-30": "12.11350", "2014-06-30": "11.83130", "2014-03-31": "11.25810", "2013-12-31": "11.19890", "2013-09-30": "11.05820", "2013-06-30": "10.92480", "2013-03-31": "10.92250", "2012-12-31": "10.83190", "2012-09-30": "10.66950", "2012-06-30": "10.74190", "2012-03-31": "10.64740", "2011-12-31": "10.50790", "2011-09-30": "10.43790", "2011-06-30": "10.32340", "2011-03-31": "9.95580", "2010-12-31": "9.54540", "2010-09-30": "9.69460", "2010-06-30": "9.67500", "2010-03-31": "9.50810", "2009-12-31": "9.27440", "2009-09-30": "9.22290", "2009-06-30": "8.95900", "2009-03-31": "8.44970", "2008-12-31": "8.97760", "2008-09-30": "9.49890", "2008-06-30": "10.02850", "2008-03-31": "8.55740", "2007-12-31": "8.03470", "2007-09-30": "6.18940", "2007-06-30": "6.44100", "2007-03-31": "6.48140", "2006-12-31": "6.34700", "2006-09-30": "6.16770", "2006-06-30": "6.05730", "2006-03-31": "5.51240", "2005-12-31": "5.09370", "2005-09-30": "4.74260", "2005-06-30": "4.51870", "2005-03-31": "4.48050"}, "Operating Cash Flow Per Share": {"2020-09-30": 0.7077, "2020-06-30": 2.3116, "2020-03-31": "0.98720", "2019-12-31": 1.8197, "2019-09-30": 2.0652, "2019-06-30": 1.6334, "2019-03-31": "0.80700", "2018-12-31": 2.0955, "2018-09-30": 1.7959, "2018-06-30": 1.3784, "2018-03-31": "0.74850", "2017-12-31": 0.7861, "2017-09-30": 0.9402, "2017-06-30": 0.3487, "2017-03-31": "0.98320", "2016-12-31": 0.8496, "2016-09-30": 0.7971, "2016-06-30": 0.6399, "2016-03-31": "1.18980", "2015-12-31": 1.4485, "2015-09-30": 0.6712, "2015-06-30": 1.2674, "2015-03-31": "0.96640", "2014-12-31": 1.365, "2014-09-30": 1.0286, "2014-06-30": 0.3144, "2014-03-31": "-0.11290", "2013-12-31": 0.2782, "2013-09-30": 0.7465, "2013-06-30": 0.1567, "2013-03-31": "0.12480", "2012-12-31": 0.7957, "2012-09-30": 0.5713, "2012-06-30": 0.426, "2012-03-31": "0.09060", "2011-12-31": 0.3965, "2011-09-30": 0.9452, "2011-06-30": 0.7025, "2011-03-31": "0.01670", "2010-12-31": -0.0526, "2010-09-30": 0.3813, "2010-06-30": 0.0826, "2010-03-31": "0.31000", "2009-12-31": 0.4127, "2009-09-30": 0.2989, "2009-06-30": 0.3288, "2009-03-31": "1.17960", "2008-12-31": 2.2005, "2008-09-30": 0.4161, "2008-06-30": 0.2705, "2008-03-31": "1.07160", "2007-12-31": 0.2901, "2007-09-30": 1.338, "2007-06-30": -0.2333, "2007-03-31": "0.73020", "2006-12-31": 0.5384, "2006-09-30": 0.6429, "2006-06-30": 0.0523, "2006-03-31": "0.68060", "2005-12-31": 0.4136, "2005-09-30": 0.7309, "2005-06-30": 0.1092, "2005-03-31": "0.25070"}, "Free Cash Flow Per Share": {"2020-09-30": -0.8318, "2020-06-30": 0.8336, "2020-03-31": "-0.02920", "2019-12-31": 1.1126, "2019-09-30": 1.3521, "2019-06-30": 1.2481, "2019-03-31": "0.56510", "2018-12-31": 1.8266, "2018-09-30": 1.4935, "2018-06-30": 1.1448, "2018-03-31": "0.53560", "2017-12-31": 0.6344, "2017-09-30": 0.7618, "2017-06-30": 0.1672, "2017-03-31": "0.81270", "2016-12-31": 0.5431, "2016-09-30": 0.5541, "2016-06-30": 0.4949, "2016-03-31": "1.07650", "2015-12-31": 1.33, "2015-09-30": 0.5473, "2015-06-30": 1.174, "2015-03-31": "0.82910", "2014-12-31": 1.2455, "2014-09-30": 0.9276, "2014-06-30": 0.1761, "2014-03-31": "-0.21580", "2013-12-31": 0.1104, "2013-09-30": 0.559, "2013-06-30": -0.0793, "2013-03-31": "-0.06570", "2012-12-31": 0.5722, "2012-09-30": 0.2749, "2012-06-30": 0.1938, "2012-03-31": "-0.10200", "2011-12-31": 0.0782, "2011-09-30": 0.7829, "2011-06-30": 0.5546, "2011-03-31": "-0.06250", "2010-12-31": -0.2122, "2010-09-30": 0.278, "2010-06-30": -0.092, "2010-03-31": "0.17920", "2009-12-31": -0.1929, "2009-09-30": 0.037, "2009-06-30": -0.0398, "2009-03-31": "0.77120", "2008-12-31": 1.6585, "2008-09-30": -0.1886, "2008-06-30": -0.2323, "2008-03-31": "0.60120", "2007-12-31": -0.3704, "2007-09-30": 0.7796, "2007-06-30": -0.7572, "2007-03-31": "0.46490", "2006-12-31": 0.3145, "2006-09-30": 0.4801, "2006-06-30": -0.0968, "2006-03-31": "0.60840", "2005-12-31": 0.3329, "2005-09-30": 0.6809, "2005-06-30": 0.0203, "2005-03-31": "0.16340"}}, "revenue": {"Steel Dynamics Annual Revenue (Millions of US $)": {"2020": "$9,601", "2019": "$10,465", "2018": "$11,822", "2017": "$9,539", "2016": "$7,777", "2015": "$7,594", "2014": "$8,756", "2013": "$7,373", "2012": "$7,290", "2011": "$7,998", "2010": "$6,301", "2009": "$3,959", "2008": "$8,081", "2007": "$4,385", "2006": "$3,239", "2005": "$2,185"}, "Steel Dynamics Quarterly Revenue (Millions of US $)": {"2020-12-31": "$2,601", "2020-09-30": "$2,331", "2020-06-30": "$2,094", "2020-03-31": "$2,575", "2019-12-31": "$2,350", "2019-09-30": "$2,527", "2019-06-30": "$2,771", "2019-03-31": "$2,817", "2018-12-31": "$2,904", "2018-09-30": "$3,224", "2018-06-30": "$3,091", "2018-03-31": "$2,604", "2017-12-31": "$2,336", "2017-09-30": "$2,443", "2017-06-30": "$2,391", "2017-03-31": "$2,368", "2016-12-31": "$1,911", "2016-09-30": "$2,101", "2016-06-30": "$2,024", "2016-03-31": "$1,741", "2015-12-31": "$1,591", "2015-09-30": "$1,951", "2015-06-30": "$2,005", "2015-03-31": "$2,047", "2014-12-31": "$2,517", "2014-09-30": "$2,339", "2014-06-30": "$2,070", "2014-03-31": "$1,830", "2013-12-31": "$1,864", "2013-09-30": "$1,912", "2013-06-30": "$1,801", "2013-03-31": "$1,796", "2012-12-31": "$1,705", "2012-09-30": "$1,693", "2012-06-30": "$1,910", "2012-03-31": "$1,982", "2011-12-31": "$1,858", "2011-09-30": "$2,043", "2011-06-30": "$2,080", "2011-03-31": "$2,016", "2010-12-31": "$1,528", "2010-09-30": "$1,584", "2010-06-30": "$1,633", "2010-03-31": "$1,556", "2009-12-31": "$1,180", "2009-09-30": "$1,172", "2009-06-30": "$792", "2009-03-31": "$815", "2008-12-31": "$1,210", "2008-09-30": "$2,564", "2008-06-30": "$2,404", "2008-03-31": "$1,902", "2007-12-31": "$1,451", "2007-09-30": "$1,157", "2007-06-30": "$911", "2007-03-31": "$866", "2006-12-31": "$840", "2006-09-30": "$912", "2006-06-30": "$821", "2006-03-31": "$666", "2005-12-31": "$570", "2005-09-30": "$499", "2005-06-30": "$546", "2005-03-31": "$571"}}, "gross-profit": {"Steel Dynamics Annual Gross Profit (Millions of US $)": {"2020": "$1,435", "2019": "$1,531", "2018": "$2,323", "2017": "$1,582", "2016": "$1,335", "2015": "$732", "2014": "$966", "2013": "$719", "2012": "$720", "2011": "$932", "2010": "$676", "2009": "$399", "2008": "$1,231", "2007": "$916", "2006": "$830", "2005": "$485"}, "Steel Dynamics Quarterly Gross Profit (Millions of US $)": {"2020-12-31": "$442", "2020-09-30": "$293", "2020-06-30": "$284", "2020-03-31": "$415", "2019-12-31": "$316", "2019-09-30": "$360", "2019-06-30": "$421", "2019-03-31": "$434", "2018-12-31": "$521", "2018-09-30": "$686", "2018-06-30": "$652", "2018-03-31": "$463", "2017-12-31": "$321", "2017-09-30": "$397", "2017-06-30": "$393", "2017-03-31": "$472", "2016-12-31": "$310", "2016-09-30": "$409", "2016-06-30": "$380", "2016-03-31": "$236", "2015-12-31": "$144", "2015-09-30": "$229", "2015-06-30": "$172", "2015-03-31": "$187", "2014-12-31": "$292", "2014-09-30": "$289", "2014-06-30": "$223", "2014-03-31": "$163", "2013-12-31": "$198", "2013-09-30": "$197", "2013-06-30": "$148", "2013-03-31": "$176", "2012-12-31": "$180", "2012-09-30": "$156", "2012-06-30": "$182", "2012-03-31": "$201", "2011-12-31": "$160", "2011-09-30": "$199", "2011-06-30": "$276", "2011-03-31": "$296", "2010-12-31": "$134", "2010-09-30": "$140", "2010-06-30": "$192", "2010-03-31": "$210", "2009-12-31": "$154", "2009-09-30": "$217", "2009-06-30": "$69", "2009-03-31": "$-41", "2008-12-31": "$-41", "2008-09-30": "$445", "2008-06-30": "$480", "2008-03-31": "$347", "2007-12-31": "$254", "2007-09-30": "$228", "2007-06-30": "$217", "2007-03-31": "$216", "2006-12-31": "$229", "2006-09-30": "$245", "2006-06-30": "$197", "2006-03-31": "$159", "2005-12-31": "$140", "2005-09-30": "$105", "2005-06-30": "$111", "2005-03-31": "$129"}}, "operating-income": {"Steel Dynamics Annual Operating Income (Millions of US $)": {"2020": "$847", "2019": "$987", "2018": "$1,722", "2017": "$1,067", "2016": "$728", "2015": "$-73", "2014": "$320", "2013": "$387", "2012": "$391", "2011": "$585", "2010": "$365", "2009": "$120", "2008": "$846", "2007": "$691", "2006": "$659", "2005": "$393"}, "Steel Dynamics Quarterly Operating Income (Millions of US $)": {"2020-12-31": "$259", "2020-09-30": "$156", "2020-06-30": "$159", "2020-03-31": "$274", "2019-12-31": "$182", "2019-09-30": "$228", "2019-06-30": "$285", "2019-03-31": "$292", "2018-12-31": "$366", "2018-09-30": "$532", "2018-06-30": "$502", "2018-03-31": "$323", "2017-12-31": "$196", "2017-09-30": "$271", "2017-06-30": "$265", "2017-03-31": "$335", "2016-12-31": "$56", "2016-09-30": "$284", "2016-06-30": "$256", "2016-03-31": "$132", "2015-12-31": "$-381", "2015-09-30": "$131", "2015-06-30": "$78", "2015-03-31": "$100", "2014-12-31": "$-81", "2014-09-30": "$189", "2014-06-30": "$132", "2014-03-31": "$81", "2013-12-31": "$108", "2013-09-30": "$113", "2013-06-30": "$69", "2013-03-31": "$96", "2012-12-31": "$95", "2012-09-30": "$73", "2012-06-30": "$104", "2012-03-31": "$120", "2011-12-31": "$82", "2011-09-30": "$109", "2011-06-30": "$188", "2011-03-31": "$205", "2010-12-31": "$47", "2010-09-30": "$69", "2010-06-30": "$117", "2010-03-31": "$132", "2009-12-31": "$78", "2009-09-30": "$148", "2009-06-30": "$6", "2009-03-31": "$-114", "2008-12-31": "$-96", "2008-09-30": "$331", "2008-06-30": "$359", "2008-03-31": "$252", "2007-12-31": "$178", "2007-09-30": "$174", "2007-06-30": "$168", "2007-03-31": "$171", "2006-12-31": "$175", "2006-09-30": "$199", "2006-06-30": "$154", "2006-03-31": "$131", "2005-12-31": "$114", "2005-09-30": "$82", "2005-06-30": "$91", "2005-03-31": "$106"}}, "ebitda": {"Steel Dynamics Annual EBITDA (Millions of US $)": {"2019": "$1,308", "2018": "$2,040", "2017": "$1,366", "2016": "$1,024", "2015": "$222", "2014": "$584", "2013": "$617", "2012": "$616", "2011": "$807", "2010": "$589", "2009": "$341", "2008": "$1,055", "2007": "$829", "2006": "$774", "2005": "$485"}, "Steel Dynamics Quarterly EBITDA (Millions of US $)": {"2020-09-30": "$238", "2020-06-30": "$238", "2020-03-31": "$354", "2019-12-31": "$262", "2019-09-30": "$308", "2019-06-30": "$366", "2019-03-31": "$372", "2018-12-31": "$446", "2018-09-30": "$613", "2018-06-30": "$581", "2018-03-31": "$400", "2017-12-31": "$271", "2017-09-30": "$346", "2017-06-30": "$339", "2017-03-31": "$410", "2016-12-31": "$129", "2016-09-30": "$358", "2016-06-30": "$331", "2016-03-31": "$206", "2015-12-31": "$-308", "2015-09-30": "$205", "2015-06-30": "$152", "2015-03-31": "$173", "2014-12-31": "$0", "2014-09-30": "$255", "2014-06-30": "$190", "2014-03-31": "$139", "2013-12-31": "$167", "2013-09-30": "$171", "2013-06-30": "$126", "2013-03-31": "$153", "2012-12-31": "$150", "2012-09-30": "$132", "2012-06-30": "$159", "2012-03-31": "$175", "2011-12-31": "$138", "2011-09-30": "$165", "2011-06-30": "$244", "2011-03-31": "$260", "2010-12-31": "$103", "2010-09-30": "$126", "2010-06-30": "$172", "2010-03-31": "$189", "2009-12-31": "$133", "2009-09-30": "$200", "2009-06-30": "$64", "2009-03-31": "$-57", "2008-12-31": "$-43", "2008-09-30": "$386", "2008-06-30": "$406", "2008-03-31": "$306", "2007-12-31": "$220", "2007-09-30": "$208", "2007-06-30": "$201", "2007-03-31": "$201", "2006-12-31": "$203", "2006-09-30": "$229", "2006-06-30": "$186", "2006-03-31": "$156", "2005-12-31": "$137", "2005-09-30": "$107", "2005-06-30": "$113", "2005-03-31": "$128"}}, "net-income": {"Steel Dynamics Annual Net Income (Millions of US $)": {"2020": "$551", "2019": "$671", "2018": "$1,258", "2017": "$813", "2016": "$382", "2015": "$-130", "2014": "$157", "2013": "$189", "2012": "$164", "2011": "$278", "2010": "$141", "2009": "$-8", "2008": "$463", "2007": "$395", "2006": "$397", "2005": "$222"}, "Steel Dynamics Quarterly Net Income (Millions of US $)": {"2020-12-31": "$188", "2020-09-30": "$100", "2020-06-30": "$75", "2020-03-31": "$187", "2019-12-31": "$121", "2019-09-30": "$151", "2019-06-30": "$194", "2019-03-31": "$204", "2018-12-31": "$270", "2018-09-30": "$398", "2018-06-30": "$362", "2018-03-31": "$228", "2017-12-31": "$305", "2017-09-30": "$153", "2017-06-30": "$154", "2017-03-31": "$201", "2016-12-31": "$20", "2016-09-30": "$157", "2016-06-30": "$142", "2016-03-31": "$63", "2015-12-31": "$-253", "2015-09-30": "$61", "2015-06-30": "$32", "2015-03-31": "$31", "2014-12-31": "$-45", "2014-09-30": "$91", "2014-06-30": "$72", "2014-03-31": "$39", "2013-12-31": "$55", "2013-09-30": "$57", "2013-06-30": "$29", "2013-03-31": "$48", "2012-12-31": "$61", "2012-09-30": "$13", "2012-06-30": "$44", "2012-03-31": "$46", "2011-12-31": "$30", "2011-09-30": "$43", "2011-06-30": "$99", "2011-03-31": "$106", "2010-12-31": "$8", "2010-09-30": "$19", "2010-06-30": "$49", "2010-03-31": "$65", "2009-12-31": "$27", "2009-09-30": "$69", "2009-06-30": "$-16", "2009-03-31": "$-88", "2008-12-31": "$-83", "2008-09-30": "$193", "2008-06-30": "$210", "2008-03-31": "$143", "2007-12-31": "$98", "2007-09-30": "$101", "2007-06-30": "$94", "2007-03-31": "$102", "2006-12-31": "$105", "2006-09-30": "$119", "2006-06-30": "$97", "2006-03-31": "$76", "2005-12-31": "$65", "2005-09-30": "$45", "2005-06-30": "$51", "2005-03-31": "$61"}}, "eps-earnings-per-share-diluted": {"Steel Dynamics Annual EPS": {"2020": "$2.59", "2019": "$3.04", "2018": "$5.35", "2017": "$3.36", "2016": "$1.56", "2015": "$-0.54", "2014": "$0.67", "2013": "$0.83", "2012": "$0.73", "2011": "$1.22", "2010": "$0.64", "2009": "$-0.04", "2008": "$2.38", "2007": "$2.01", "2006": "$1.89", "2005": "$1.09"}, "Steel Dynamics Quarterly EPS": {"2020-12-31": "$0.89", "2020-09-30": "$0.47", "2020-06-30": "$0.36", "2020-03-31": "$0.88", "2019-12-31": "$0.57", "2019-09-30": "$0.69", "2019-06-30": "$0.87", "2019-03-31": "$0.91", "2018-12-31": "$1.17", "2018-09-30": "$1.69", "2018-06-30": "$1.53", "2018-03-31": "$0.96", "2017-12-31": "$1.26", "2017-09-30": "$0.64", "2017-06-30": "$0.64", "2017-03-31": "$0.82", "2016-12-31": "$0.08", "2016-09-30": "$0.64", "2016-06-30": "$0.58", "2016-03-31": "$0.26", "2015-12-31": "$-1.05", "2015-09-30": "$0.25", "2015-06-30": "$0.13", "2015-03-31": "$0.13", "2014-12-31": "$-0.19", "2014-09-30": "$0.38", "2014-06-30": "$0.31", "2014-03-31": "$0.17", "2013-12-31": "$0.24", "2013-09-30": "$0.25", "2013-06-30": "$0.13", "2013-03-31": "$0.21", "2012-12-31": "$0.27", "2012-09-30": "$0.06", "2012-06-30": "$0.20", "2012-03-31": "$0.20", "2011-12-31": "$0.14", "2011-09-30": "$0.19", "2011-06-30": "$0.43", "2011-03-31": "$0.46", "2010-12-31": "$0.04", "2010-09-30": "$0.09", "2010-06-30": "$0.22", "2010-03-31": "$0.29", "2009-12-31": "$0.22", "2009-09-30": "$0.30", "2009-06-30": "$-0.08", "2009-03-31": "$-0.48", "2008-12-31": "$-0.37", "2008-09-30": "$0.98", "2008-06-30": "$1.05", "2008-03-31": "$0.72", "2007-12-31": "$0.50", "2007-09-30": "$0.53", "2007-06-30": "$0.48", "2007-03-31": "$0.50", "2006-12-31": "$0.52", "2006-09-30": "$0.55", "2006-06-30": "$0.45", "2006-03-31": "$0.38", "2005-12-31": "$0.33", "2005-09-30": "$0.23", "2005-06-30": "$0.25", "2005-03-31": "$0.28"}}, "shares-outstanding": {"Steel Dynamics Annual Shares Outstanding (Millions of Shares)": {"2020": "212", "2019": "221", "2018": "235", "2017": "242", "2016": "245", "2015": "242", "2014": "242", "2013": "239", "2012": "237", "2011": "236", "2010": "235", "2009": "201", "2008": "195", "2007": "197", "2006": "212", "2005": "207"}, "Steel Dynamics Quarterly Shares Outstanding (Millions of Shares)": {"2020-12-31": "212", "2020-09-30": "212", "2020-06-30": "211", "2020-03-31": "214", "2019-12-31": "221", "2019-09-30": "219", "2019-06-30": "223", "2019-03-31": "225", "2018-12-31": "235", "2018-09-30": "236", "2018-06-30": "237", "2018-03-31": "238", "2017-12-31": "242", "2017-09-30": "241", "2017-06-30": "241", "2017-03-31": "245", "2016-12-31": "245", "2016-09-30": "246", "2016-06-30": "245", "2016-03-31": "245", "2015-12-31": "242", "2015-09-30": "244", "2015-06-30": "243", "2015-03-31": "243", "2014-12-31": "242", "2014-09-30": "242", "2014-06-30": "242", "2014-03-31": "241", "2013-12-31": "239", "2013-09-30": "239", "2013-06-30": "222", "2013-03-31": "238", "2012-12-31": "237", "2012-09-30": "220", "2012-06-30": "236", "2012-03-31": "237", "2011-12-31": "236", "2011-09-30": "236", "2011-06-30": "236", "2011-03-31": "236", "2010-12-31": "235", "2010-09-30": "235", "2010-06-30": "235", "2010-03-31": "235", "2009-12-31": "201", "2009-09-30": "234", "2009-06-30": "190", "2009-03-31": "182", "2008-12-31": "195", "2008-09-30": "197", "2008-06-30": "200", "2008-03-31": "199", "2007-12-31": "197", "2007-09-30": "190", "2007-06-30": "198", "2007-03-31": "203", "2006-12-31": "212", "2006-09-30": "220", "2006-06-30": "220", "2006-03-31": "202", "2005-12-31": "207", "2005-09-30": "201", "2005-06-30": "206", "2005-03-31": "219"}}, "total-assets": {"Steel Dynamics Annual Total Assets (Millions of US $)": {"2019": "$8,276", "2018": "$7,704", "2017": "$6,856", "2016": "$6,424", "2015": "$6,202", "2014": "$7,233", "2013": "$5,933", "2012": "$5,815", "2011": "$5,979", "2010": "$5,590", "2009": "$5,130", "2008": "$5,254", "2007": "$4,519", "2006": "$2,247", "2005": "$1,758"}, "Steel Dynamics Quarterly Total Assets (Millions of US $)": {"2020-09-30": "$8,618", "2020-06-30": "$8,468", "2020-03-31": "$8,345", "2019-12-31": "$8,276", "2019-09-30": "$7,943", "2019-06-30": "$7,858", "2019-03-31": "$7,857", "2018-12-31": "$7,704", "2018-09-30": "$7,798", "2018-06-30": "$7,505", "2018-03-31": "$6,973", "2017-12-31": "$6,856", "2017-09-30": "$6,961", "2017-06-30": "$6,670", "2017-03-31": "$6,704", "2016-12-31": "$6,424", "2016-09-30": "$6,788", "2016-06-30": "$6,630", "2016-03-31": "$6,392", "2015-12-31": "$6,202", "2015-09-30": "$6,843", "2015-06-30": "$6,827", "2015-03-31": "$6,736", "2014-12-31": "$7,233", "2014-09-30": "$7,578", "2014-06-30": "$5,985", "2014-03-31": "$5,914", "2013-12-31": "$5,933", "2013-09-30": "$5,874", "2013-06-30": "$5,736", "2013-03-31": "$5,957", "2012-12-31": "$5,815", "2012-09-30": "$5,776", "2012-06-30": "$5,971", "2012-03-31": "$6,044", "2011-12-31": "$5,979", "2011-09-30": "$6,003", "2011-06-30": "$5,900", "2011-03-31": "$5,828", "2010-12-31": "$5,590", "2010-09-30": "$5,610", "2010-06-30": "$5,546", "2010-03-31": "$5,582", "2009-12-31": "$5,130", "2009-09-30": "$5,109", "2009-06-30": "$4,882", "2009-03-31": "$4,926", "2008-12-31": "$5,254", "2008-09-30": "$6,055", "2008-06-30": "$6,044", "2008-03-31": "$4,822", "2007-12-31": "$4,519", "2007-09-30": "$3,095", "2007-06-30": "$2,576", "2007-03-31": "$2,341", "2006-12-31": "$2,247", "2006-09-30": "$2,209", "2006-06-30": "$2,164", "2006-03-31": "$1,882", "2005-12-31": "$1,758", "2005-09-30": "$1,698", "2005-06-30": "$1,736", "2005-03-31": "$1,736"}}, "cash-on-hand": {"Steel Dynamics Annual Cash on Hand (Millions of US $)": {"2019": "$1,644", "2018": "$1,057", "2017": "$1,029", "2016": "$841", "2015": "$727", "2014": "$361", "2013": "$395", "2012": "$407", "2011": "$476", "2010": "$187", "2009": "$9", "2008": "$16", "2007": "$28", "2006": "$29", "2005": "$66"}, "Steel Dynamics Quarterly Cash on Hand (Millions of US $)": {"2020-09-30": "$1,268", "2020-06-30": "$1,566", "2020-03-31": "$1,455", "2019-12-31": "$1,644", "2019-09-30": "$1,216", "2019-06-30": "$1,087", "2019-03-31": "$965", "2018-12-31": "$1,057", "2018-09-30": "$999", "2018-06-30": "$810", "2018-03-31": "$1,026", "2017-12-31": "$1,029", "2017-09-30": "$1,102", "2017-06-30": "$909", "2017-03-31": "$967", "2016-12-31": "$841", "2016-09-30": "$1,051", "2016-06-30": "$1,053", "2016-03-31": "$977", "2015-12-31": "$727", "2015-09-30": "$474", "2015-06-30": "$419", "2015-03-31": "$161", "2014-12-31": "$361", "2014-09-30": "$160", "2014-06-30": "$357", "2014-03-31": "$343", "2013-12-31": "$395", "2013-09-30": "$370", "2013-06-30": "$244", "2013-03-31": "$478", "2012-12-31": "$407", "2012-09-30": "$287", "2012-06-30": "$431", "2012-03-31": "$423", "2011-12-31": "$476", "2011-09-30": "$457", "2011-06-30": "$278", "2011-03-31": "$161", "2010-12-31": "$187", "2010-09-30": "$270", "2010-06-30": "$192", "2010-03-31": "$226", "2009-12-31": "$9", "2009-09-30": "$8", "2009-06-30": "$18", "2009-03-31": "$16", "2008-12-31": "$16", "2008-09-30": "$22", "2008-06-30": "$115", "2008-03-31": "$59", "2007-12-31": "$28", "2007-09-30": "$11", "2007-06-30": "$12", "2007-03-31": "$28", "2006-12-31": "$29", "2006-09-30": "$21", "2006-06-30": "$54", "2006-03-31": "$196", "2005-12-31": "$66", "2005-09-30": "$31", "2005-06-30": "$2", "2005-03-31": "$4"}}, "long-term-debt": {"Steel Dynamics Annual Long Term Debt (Millions of US $)": {"2019": "$2,645", "2018": "$2,352", "2017": "$2,353", "2016": "$2,353", "2015": "$2,578", "2014": "$2,935", "2013": "$1,766", "2012": "$2,173", "2011": "$1,936", "2010": "$2,378", "2009": "$2,055", "2008": "$2,219", "2007": "$1,735", "2006": "$358", "2005": "$438"}, "Steel Dynamics Quarterly Long Term Debt (Millions of US $)": {"2020-09-30": "$2,637", "2020-06-30": "$2,637", "2020-03-31": "$2,646", "2019-12-31": "$2,645", "2019-09-30": "$2,355", "2019-06-30": "$2,356", "2019-03-31": "$2,354", "2018-12-31": "$2,352", "2018-09-30": "$2,352", "2018-06-30": "$2,352", "2018-03-31": "$2,354", "2017-12-31": "$2,353", "2017-09-30": "$2,351", "2017-06-30": "$2,354", "2017-03-31": "$2,354", "2016-12-31": "$2,353", "2016-09-30": "$2,571", "2016-06-30": "$2,573", "2016-03-31": "$2,576", "2015-12-31": "$2,578", "2015-09-30": "$2,616", "2015-06-30": "$2,620", "2015-03-31": "$2,623", "2014-12-31": "$2,935", "2014-09-30": "$2,930", "2014-06-30": "$1,742", "2014-03-31": "$1,755", "2013-12-31": "$1,766", "2013-09-30": "$1,774", "2013-06-30": "$1,774", "2013-03-31": "$2,069", "2012-12-31": "$2,173", "2012-09-30": "$2,174", "2012-06-30": "$1,928", "2012-03-31": "$1,932", "2011-12-31": "$1,936", "2011-09-30": "$2,379", "2011-06-30": "$2,378", "2011-03-31": "$2,378", "2010-12-31": "$2,378", "2010-09-30": "$2,409", "2010-06-30": "$2,402", "2010-03-31": "$2,400", "2009-12-31": "$2,055", "2009-09-30": "$2,051", "2009-06-30": "$2,030", "2009-03-31": "$2,218", "2008-12-31": "$2,219", "2008-09-30": "$2,236", "2008-06-30": "$2,270", "2008-03-31": "$1,805", "2007-12-31": "$1,735", "2007-09-30": "$1,049", "2007-06-30": "$554", "2007-03-31": "$358", "2006-12-31": "$358", "2006-09-30": "$402", "2006-06-30": "$402", "2006-03-31": "$433", "2005-12-31": "$438", "2005-09-30": "$469", "2005-06-30": "$565", "2005-03-31": "$460"}}, "total-liabilities": {"Steel Dynamics Annual Total Liabilities (Millions of US $)": {"2019": "$4,355", "2018": "$3,928", "2017": "$3,661", "2016": "$3,646", "2015": "$3,657", "2014": "$4,438", "2013": "$3,437", "2012": "$3,438", "2011": "$3,679", "2010": "$3,513", "2009": "$3,127", "2008": "$3,621", "2007": "$2,990", "2006": "$1,016", "2005": "$878"}, "Steel Dynamics Quarterly Total Liabilities (Millions of US $)": {"2020-09-30": "$4,574", "2020-06-30": "$4,481", "2020-03-31": "$4,390", "2019-12-31": "$4,355", "2019-09-30": "$4,043", "2019-06-30": "$3,950", "2019-03-31": "$4,008", "2018-12-31": "$3,928", "2018-09-30": "$3,924", "2018-06-30": "$3,916", "2018-03-31": "$3,661", "2017-12-31": "$3,661", "2017-09-30": "$4,011", "2017-06-30": "$3,742", "2017-03-31": "$3,821", "2016-12-31": "$3,646", "2016-09-30": "$3,962", "2016-06-30": "$3,931", "2016-03-31": "$3,810", "2015-12-31": "$3,657", "2015-09-30": "$4,013", "2015-06-30": "$4,028", "2015-03-31": "$3,939", "2014-12-31": "$4,438", "2014-09-30": "$4,667", "2014-06-30": "$3,150", "2014-03-31": "$3,401", "2013-12-31": "$3,437", "2013-09-30": "$3,427", "2013-06-30": "$3,325", "2013-03-31": "$3,550", "2012-12-31": "$3,438", "2012-09-30": "$3,436", "2012-06-30": "$3,617", "2012-03-31": "$3,711", "2011-12-31": "$3,679", "2011-09-30": "$3,721", "2011-06-30": "$3,643", "2011-03-31": "$3,654", "2010-12-31": "$3,513", "2010-09-30": "$3,507", "2010-06-30": "$3,448", "2010-03-31": "$3,524", "2009-12-31": "$3,127", "2009-09-30": "$3,121", "2009-06-30": "$2,957", "2009-03-31": "$3,387", "2008-12-31": "$3,621", "2008-09-30": "$4,315", "2008-06-30": "$4,056", "2008-03-31": "$3,206", "2007-12-31": "$2,990", "2007-09-30": "$2,015", "2007-06-30": "$1,392", "2007-03-31": "$1,116", "2006-12-31": "$1,016", "2006-09-30": "$1,036", "2006-06-30": "$940", "2006-03-31": "$910", "2005-12-31": "$878", "2005-09-30": "$880", "2005-06-30": "$954", "2005-03-31": "$898"}}, "total-share-holder-equity": {"Steel Dynamics Annual Share Holder Equity (Millions of US $)": {"2019": "$3,921", "2018": "$3,776", "2017": "$3,195", "2016": "$2,777", "2015": "$2,545", "2014": "$2,796", "2013": "$2,496", "2012": "$2,378", "2011": "$2,300", "2010": "$2,077", "2009": "$2,003", "2008": "$1,632", "2007": "$1,529", "2006": "$1,231", "2005": "$880"}, "Steel Dynamics Quarterly Share Holder Equity (Millions of US $)": {"2020-09-30": "$4,043", "2020-06-30": "$3,988", "2020-03-31": "$3,955", "2019-12-31": "$3,921", "2019-09-30": "$3,901", "2019-06-30": "$3,908", "2019-03-31": "$3,850", "2018-12-31": "$3,776", "2018-09-30": "$3,875", "2018-06-30": "$3,589", "2018-03-31": "$3,312", "2017-12-31": "$3,195", "2017-09-30": "$2,950", "2017-06-30": "$2,928", "2017-03-31": "$2,883", "2016-12-31": "$2,777", "2016-09-30": "$2,825", "2016-06-30": "$2,698", "2016-03-31": "$2,581", "2015-12-31": "$2,545", "2015-09-30": "$2,829", "2015-06-30": "$2,799", "2015-03-31": "$2,797", "2014-12-31": "$2,796", "2014-09-30": "$2,912", "2014-06-30": "$2,835", "2014-03-31": "$2,512", "2013-12-31": "$2,496", "2013-09-30": "$2,448", "2013-06-30": "$2,411", "2013-03-31": "$2,407", "2012-12-31": "$2,378", "2012-09-30": "$2,339", "2012-06-30": "$2,354", "2012-03-31": "$2,333", "2011-12-31": "$2,300", "2011-09-30": "$2,283", "2011-06-30": "$2,257", "2011-03-31": "$2,173", "2010-12-31": "$2,077", "2010-09-30": "$2,104", "2010-06-30": "$2,098", "2010-03-31": "$2,058", "2009-12-31": "$2,003", "2009-09-30": "$1,988", "2009-06-30": "$1,924", "2009-03-31": "$1,539", "2008-12-31": "$1,632", "2008-09-30": "$1,739", "2008-06-30": "$1,988", "2008-03-31": "$1,616", "2007-12-31": "$1,529", "2007-09-30": "$1,080", "2007-06-30": "$1,184", "2007-03-31": "$1,225", "2006-12-31": "$1,231", "2006-09-30": "$1,173", "2006-06-30": "$1,225", "2006-03-31": "$972", "2005-12-31": "$880", "2005-09-30": "$818", "2005-06-30": "$782", "2005-03-31": "$839"}}, "profit-margins": {"current": "5.74%"}, "gross margin": {"2020-12-31": "14.94%", "2020-09-30": "13.99%", "2020-06-30": "14.40%", "2020-03-31": "14.79%", "2019-12-31": "14.63%", "2019-09-30": "15.75%", "2019-06-30": "17.60%", "2019-03-31": "19.05%", "2018-12-31": "19.64%", "2018-09-30": "18.85%", "2018-06-30": "17.50%", "2018-03-31": "16.10%", "2017-12-31": "16.60%", "2017-09-30": "17.25%", "2017-06-30": "18.06%", "2017-03-31": "18.69%", "2016-12-31": "17.17%", "2016-09-30": "15.68%", "2016-06-30": "13.53%", "2016-03-31": "10.72%", "2015-12-31": "9.64%", "2015-09-30": "10.33%", "2015-06-30": "10.55%", "2015-03-31": "11.04%", "2014-12-31": "11.04%", "2014-09-30": "10.77%", "2014-06-30": "10.17%", "2014-03-31": "9.53%", "2013-12-31": "9.75%", "2013-09-30": "9.72%", "2013-06-30": "9.44%", "2013-03-31": "9.77%", "2012-12-31": "9.86%", "2012-09-30": "9.39%", "2012-06-30": "9.52%", "2012-03-31": "10.50%", "2011-12-31": "11.64%", "2011-09-30": "11.80%", "2011-06-30": "11.74%", "2011-03-31": "11.27%", "2010-12-31": "10.73%", "2010-09-30": "11.69%", "2010-06-30": "13.95%", "2010-03-31": "13.83%", "2009-12-31": "10.08%", "2009-09-30": "5.11%", "2009-06-30": "8.03%", "2009-03-31": "12.05%", "2008-12-31": "15.24%", "2008-09-30": "18.34%", "2008-06-30": "18.93%", "2008-03-31": "19.30%", "2007-12-31": "20.87%", "2007-09-30": "23.58%", "2007-06-30": "25.70%", "2007-03-31": "25.79%", "2006-12-31": "25.63%", "2006-09-30": "24.96%", "2006-06-30": "23.51%", "2006-03-31": "22.58%", "2005-12-31": "22.19%"}, "operating margin": {"2020-12-31": "8.83%", "2020-09-30": "8.25%", "2020-06-30": "8.83%", "2020-03-31": "9.48%", "2019-12-31": "9.43%", "2019-09-30": "10.63%", "2019-06-30": "12.59%", "2019-03-31": "14.06%", "2018-12-31": "14.57%", "2018-09-30": "13.80%", "2018-06-30": "12.34%", "2018-03-31": "10.79%", "2017-12-31": "11.19%", "2017-09-30": "10.17%", "2017-06-30": "10.72%", "2017-03-31": "11.08%", "2016-12-31": "9.36%", "2016-09-30": "3.90%", "2016-06-30": "1.89%", "2016-03-31": "-0.55%", "2015-12-31": "-0.95%", "2015-09-30": "2.68%", "2015-06-30": "3.21%", "2015-03-31": "3.79%", "2014-12-31": "3.67%", "2014-09-30": "6.29%", "2014-06-30": "5.65%", "2014-03-31": "5.01%", "2013-12-31": "5.24%", "2013-09-30": "5.17%", "2013-06-30": "4.76%", "2013-03-31": "5.18%", "2012-12-31": "5.38%", "2012-09-30": "5.09%", "2012-06-30": "5.33%", "2012-03-31": "6.27%", "2011-12-31": "7.30%", "2011-09-30": "7.16%", "2011-06-30": "7.06%", "2011-03-31": "6.48%", "2010-12-31": "5.79%", "2010-09-30": "6.65%", "2010-06-30": "8.57%", "2010-03-31": "7.74%", "2009-12-31": "2.98%", "2009-09-30": "-1.40%", "2009-06-30": "2.36%", "2009-03-31": "6.86%", "2008-12-31": "10.47%", "2008-09-30": "13.46%", "2008-06-30": "13.93%", "2008-03-31": "14.24%", "2007-12-31": "15.76%", "2007-09-30": "18.23%", "2007-06-30": "20.20%", "2007-03-31": "20.33%", "2006-12-31": "20.35%", "2006-09-30": "20.14%", "2006-06-30": "18.82%", "2006-03-31": "18.33%", "2005-12-31": "17.98%"}, "ebitda margin": {"2020-09-30": "11.68%", "2020-06-30": "12.17%", "2020-03-31": "12.62%", "2019-12-31": "12.50%", "2019-09-30": "13.54%", "2019-06-30": "15.34%", "2019-03-31": "16.72%", "2018-12-31": "17.25%", "2018-09-30": "16.57%", "2018-06-30": "15.26%", "2018-03-31": "13.87%", "2017-12-31": "14.32%", "2017-09-30": "13.43%", "2017-06-30": "14.09%", "2017-03-31": "14.61%", "2016-12-31": "13.17%", "2016-09-30": "7.87%", "2016-06-30": "5.94%", "2016-03-31": "3.50%", "2015-12-31": "2.92%", "2015-09-30": "6.22%", "2015-06-30": "6.51%", "2015-03-31": "6.89%", "2014-12-31": "6.67%", "2014-09-30": "9.27%", "2014-06-30": "8.69%", "2014-03-31": "8.14%", "2013-12-31": "8.37%", "2013-09-30": "8.32%", "2013-06-30": "8.02%", "2013-03-31": "8.36%", "2012-12-31": "8.45%", "2012-09-30": "8.12%", "2012-06-30": "8.17%", "2012-03-31": "9.07%", "2011-12-31": "10.09%", "2011-09-30": "10.07%", "2011-06-30": "10.17%", "2011-03-31": "9.78%", "2010-12-31": "9.36%", "2010-09-30": "10.41%", "2010-06-30": "12.52%", "2010-03-31": "12.47%", "2009-12-31": "8.59%", "2009-09-30": "4.11%", "2009-06-30": "6.50%", "2009-03-31": "9.90%", "2008-12-31": "13.06%", "2008-09-30": "15.84%", "2008-06-30": "16.49%", "2008-03-31": "17.25%", "2007-12-31": "18.93%", "2007-09-30": "21.54%", "2007-06-30": "23.63%", "2007-03-31": "23.82%", "2006-12-31": "23.90%", "2006-09-30": "23.85%", "2006-06-30": "22.93%", "2006-03-31": "22.49%", "2005-12-31": "22.19%"}, "pre tax profit margin": {"2020-12-31": "7.34%", "2020-09-30": "6.78%", "2020-06-30": "7.35%", "2020-03-31": "8.37%", "2019-12-31": "8.36%", "2019-09-30": "9.67%", "2019-06-30": "11.71%", "2019-03-31": "13.21%", "2018-12-31": "13.69%", "2018-09-30": "12.79%", "2018-06-30": "11.13%", "2018-03-31": "9.47%", "2017-12-31": "9.79%", "2017-09-30": "8.52%", "2017-06-30": "8.95%", "2017-03-31": "9.17%", "2016-12-31": "7.25%", "2016-09-30": "1.92%", "2016-06-30": "-0.08%", "2016-03-31": "-2.54%", "2015-12-31": "-3.19%", "2015-09-30": "0.61%", "2015-06-30": "1.04%", "2015-03-31": "1.73%", "2014-12-31": "1.90%", "2014-09-30": "4.53%", "2014-06-30": "4.12%", "2014-03-31": "3.39%", "2013-12-31": "3.57%", "2013-09-30": "3.47%", "2013-06-30": "2.47%", "2013-03-31": "2.79%", "2012-12-31": "2.78%", "2012-09-30": "2.42%", "2012-06-30": "3.09%", "2012-03-31": "4.09%", "2011-12-31": "5.31%", "2011-09-30": "5.11%", "2011-06-30": "4.93%", "2011-03-31": "4.19%", "2010-12-31": "3.40%", "2010-09-30": "4.23%", "2010-06-30": "6.08%", "2010-03-31": "4.85%", "2009-12-31": "-0.48%", "2009-09-30": "-5.09%", "2009-06-30": "-0.32%", "2009-03-31": "5.08%", "2008-12-31": "9.08%", "2008-09-30": "12.35%", "2008-06-30": "12.81%", "2008-03-31": "12.82%", "2007-12-31": "14.37%", "2007-09-30": "17.01%", "2007-06-30": "19.10%", "2007-03-31": "19.54%", "2006-12-31": "19.48%", "2006-09-30": "19.16%", "2006-06-30": "17.64%", "2006-03-31": "16.92%", "2005-12-31": "16.51%"}, "net profit margin": {"2020-12-31": "5.73%", "2020-09-30": "5.17%", "2020-06-30": "5.59%", "2020-03-31": "6.39%", "2019-12-31": "6.40%", "2019-09-30": "7.43%", "2019-06-30": "9.10%", "2019-03-31": "10.25%", "2018-12-31": "10.64%", "2018-09-30": "11.49%", "2018-06-30": "10.01%", "2018-03-31": "8.59%", "2017-12-31": "8.52%", "2017-09-30": "5.79%", "2017-06-30": "6.07%", "2017-03-31": "6.19%", "2016-12-31": "4.91%", "2016-09-30": "1.46%", "2016-06-30": "0.18%", "2016-03-31": "-1.33%", "2015-12-31": "-1.70%", "2015-09-30": "0.93%", "2015-06-30": "1.22%", "2015-03-31": "1.66%", "2014-12-31": "1.79%", "2014-09-30": "3.17%", "2014-06-30": "2.91%", "2014-03-31": "2.43%", "2013-12-31": "2.56%", "2013-09-30": "2.70%", "2013-06-30": "2.16%", "2013-03-31": "2.34%", "2012-12-31": "2.25%", "2012-09-30": "1.79%", "2012-06-30": "2.09%", "2012-03-31": "2.74%", "2011-12-31": "3.48%", "2011-09-30": "3.34%", "2011-06-30": "3.22%", "2011-03-31": "2.69%", "2010-12-31": "2.24%", "2010-09-30": "2.69%", "2010-06-30": "3.79%", "2010-03-31": "3.09%", "2009-12-31": "-0.20%", "2009-09-30": "-2.96%", "2009-06-30": "0.11%", "2009-03-31": "3.32%", "2008-12-31": "5.73%", "2008-09-30": "7.74%", "2008-06-30": "7.98%", "2008-03-31": "8.04%", "2007-12-31": "9.01%", "2007-09-30": "10.65%", "2007-06-30": "11.90%", "2007-03-31": "12.30%", "2006-12-31": "12.26%", "2006-09-30": "12.02%", "2006-06-30": "11.07%", "2006-03-31": "10.39%", "2005-12-31": "10.16%"}, "pe ratio": {"current": "13.30", "2021-02-05": "22.01", "2020-12-31": "21.56", "2020-09-30": "12.53", "2020-06-30": "10.32", "2020-03-31": "7.33", "2019-12-31": "10.83", "2019-09-30": "7.84", "2019-06-30": "6.18", "2019-03-31": "6.27", "2018-12-31": "5.25", "2018-09-30": "7.70", "2018-06-30": "9.65", "2018-03-31": "11.62", "2017-12-31": "11.75", "2017-09-30": "14.53", "2017-06-30": "15.03", "2017-03-31": "14.87", "2016-12-31": "20.59", "2016-09-30": "51.08", "2016-06-30": "438.29", "2016-03-31": "0.00", "2015-12-31": "0.00", "2015-09-30": "47.08", "2015-06-30": "40.04", "2015-03-31": "27.58", "2014-12-31": "25.29", "2014-09-30": "17.54", "2014-06-30": "15.71", "2014-03-31": "19.00", "2013-12-31": "19.73", "2013-09-30": "16.21", "2013-06-30": "18.43", "2013-03-31": "17.63", "2012-12-31": "15.35", "2012-09-30": "15.18", "2012-06-30": "12.89", "2012-03-31": "12.06", "2011-12-31": "8.52", "2011-09-30": "6.95", "2011-06-30": "12.38", "2011-03-31": "17.89", "2010-12-31": "21.96", "2010-09-30": "14.99", "2010-06-30": "10.79", "2010-03-31": "20.99", "2009-12-31": "0.00", "2009-09-30": "0.00", "2009-06-30": "0.00", "2009-03-31": "5.95", "2008-12-31": "3.58", "2008-09-30": "3.83", "2008-06-30": "10.11", "2008-03-31": "10.73", "2007-12-31": "10.68", "2007-09-30": "8.29", "2007-06-30": "7.37", "2007-03-31": "7.68", "2006-12-31": "6.13"}, "price sales": {"2021-02-05": "0.83", "2020-12-31": "0.82", "2020-09-30": "0.65", "2020-06-30": "0.58", "2020-03-31": "0.47", "2019-12-31": "0.70", "2019-09-30": "0.58", "2019-06-30": "0.56", "2019-03-31": "0.64", "2018-12-31": "0.56", "2018-09-30": "0.89", "2018-06-30": "0.97", "2018-03-31": "1.00", "2017-12-31": "1.01", "2017-09-30": "0.84", "2017-06-30": "0.91", "2017-03-31": "0.92", "2016-12-31": "1.01", "2016-09-30": "0.74", "2016-06-30": "0.73", "2016-03-31": "0.67", "2015-12-31": "0.51", "2015-09-30": "0.43", "2015-06-30": "0.49", "2015-03-31": "0.47", "2014-12-31": "0.47", "2014-09-30": "0.57", "2014-06-30": "0.48", "2014-03-31": "0.48", "2013-12-31": "0.52", "2013-09-30": "0.45", "2013-06-30": "0.40", "2013-03-31": "0.43", "2012-12-31": "0.36", "2012-09-30": "0.28", "2012-06-30": "0.29", "2012-03-31": "0.34", "2011-12-31": "0.31", "2011-09-30": "0.24", "2011-06-30": "0.41", "2011-03-31": "0.50", "2010-12-31": "0.52", "2010-09-30": "0.41", "2010-06-30": "0.41", "2010-03-31": "0.61", "2009-12-31": "0.68", "2009-09-30": "0.58", "2009-06-30": "0.40", "2009-03-31": "0.18", "2008-12-31": "0.20", "2008-09-30": "0.30", "2008-06-30": "0.81", "2008-03-31": "0.86", "2007-12-31": "0.96", "2007-09-30": "0.89", "2007-06-30": "0.88", "2007-03-31": "0.96", "2006-12-31": "0.76"}, "price book": {"current": "1.89", "2021-02-05": "1.96", "2020-09-30": "1.48", "2020-06-30": "1.36", "2020-03-31": "1.17", "2019-12-31": "1.80", "2019-09-30": "1.58", "2019-06-30": "1.61", "2019-03-31": "1.92", "2018-12-31": "1.68", "2018-09-30": "2.53", "2018-06-30": "2.79", "2018-03-31": "2.91", "2017-12-31": "2.94", "2017-09-30": "2.53", "2017-06-30": "2.67", "2017-03-31": "2.65", "2016-12-31": "2.82", "2016-09-30": "1.94", "2016-06-30": "1.98", "2016-03-31": "1.89", "2015-12-31": "1.51", "2015-09-30": "1.29", "2015-06-30": "1.56", "2015-03-31": "1.50", "2014-12-31": "1.46", "2014-09-30": "1.59", "2014-06-30": "1.29", "2014-03-31": "1.33", "2013-12-31": "1.46", "2013-09-30": "1.26", "2013-06-30": "1.13", "2013-03-31": "1.19", "2012-12-31": "1.03", "2012-09-30": "0.85", "2012-06-30": "0.88", "2012-03-31": "1.09", "2011-12-31": "0.99", "2011-09-30": "0.75", "2011-06-30": "1.22", "2011-03-31": "1.46", "2010-12-31": "1.47", "2010-09-30": "1.11", "2010-06-30": "1.04", "2010-03-31": "1.39", "2009-12-31": "1.44", "2009-09-30": "1.25", "2009-06-30": "1.23", "2009-03-31": "0.78", "2008-12-31": "0.92", "2008-09-30": "1.31", "2008-06-30": "2.82", "2008-03-31": "2.79", "2007-12-31": "2.67", "2007-09-30": "2.71", "2007-06-30": "2.33", "2007-03-31": "2.38", "2006-12-31": "1.82", "2006-09-30": "1.45", "2006-06-30": "1.91", "2006-03-31": "1.80"}, "price fcf": {"2021-02-05": "", "2020-09-30": "$1.09", "2020-06-30": "$3.27", "2020-03-31": "$3.68", "2019-12-31": "$4.28", "2019-09-30": "$4.99", "2019-06-30": "$5.13", "2019-03-31": "$5.03", "2018-12-31": "$5.00", "2018-09-30": "$3.81", "2018-06-30": "$3.08", "2018-03-31": "$2.10", "2017-12-31": "$2.38", "2017-09-30": "$2.28", "2017-06-30": "$2.08", "2017-03-31": "$2.40", "2016-12-31": "$2.67", "2016-09-30": "$3.46", "2016-06-30": "$3.45", "2016-03-31": "$4.13", "2015-12-31": "$3.88", "2015-09-30": "$3.80", "2015-06-30": "$4.18", "2015-03-31": "$3.18", "2014-12-31": "$2.13", "2014-09-30": "$1.00", "2014-06-30": "$0.63", "2014-03-31": "$0.37", "2013-12-31": "$0.52", "2013-09-30": "$0.99", "2013-06-30": "$0.70", "2013-03-31": "$0.98", "2012-12-31": "$0.94", "2012-09-30": "$0.44", "2012-06-30": "$0.95", "2012-03-31": "$1.31", "2011-12-31": "$1.35", "2011-09-30": "$1.06", "2011-06-30": "$0.56", "2011-03-31": "$-0.09", "2010-12-31": "$0.15", "2010-09-30": "$0.17", "2010-06-30": "$-0.07", "2010-03-31": "$-0.02", "2009-12-31": "$0.58", "2009-09-30": "$2.43", "2009-06-30": "$2.20", "2009-03-31": "$2.01", "2008-12-31": "$1.84", "2008-09-30": "$-0.19", "2008-06-30": "$0.78", "2008-03-31": "$0.25", "2007-12-31": "$0.12", "2007-09-30": "$0.80", "2007-06-30": "$0.50", "2007-03-31": "$1.16", "2006-12-31": "$1.31"}, "net worth": {"value": "$7.92B"}, "current ratio": {"2020-12-31": "3.38", "2020-09-30": "3.28", "2020-06-30": "3.60", "2020-03-31": "4.02", "2019-12-31": "4.23", "2019-09-30": "4.00", "2019-06-30": "4.35", "2019-03-31": "4.02", "2018-12-31": "3.96", "2018-09-30": "3.94", "2018-06-30": "3.61", "2018-03-31": "4.24", "2017-12-31": "4.04", "2017-09-30": "3.35", "2017-06-30": "4.09", "2017-03-31": "3.68", "2016-12-31": "4.11", "2016-09-30": "3.95", "2016-06-30": "3.92", "2016-03-31": "4.12", "2015-12-31": "4.74", "2015-09-30": "3.91", "2015-06-30": "3.71", "2015-03-31": "3.97", "2014-12-31": "3.45", "2014-09-30": "2.81", "2014-06-30": "3.69", "2014-03-31": "2.66", "2013-12-31": "2.54", "2013-09-30": "2.50", "2013-06-30": "2.58", "2013-03-31": "3.01", "2012-12-31": "3.77", "2012-09-30": "3.74", "2012-06-30": "2.41", "2012-03-31": "2.25", "2011-12-31": "2.23", "2011-09-30": "3.48", "2011-06-30": "3.54", "2011-03-31": "3.30", "2010-12-31": "3.56", "2010-09-30": "3.38", "2010-06-30": "3.45", "2010-03-31": "3.02", "2009-12-31": "2.45", "2009-09-30": "2.30", "2009-06-30": "2.67", "2009-03-31": "1.87", "2008-12-31": "1.76", "2008-09-30": "1.54", "2008-06-30": "1.88", "2008-03-31": "1.91", "2007-12-31": "1.88", "2007-09-30": "1.92", "2007-06-30": "2.11", "2007-03-31": "2.20", "2006-12-31": "2.61", "2006-09-30": "2.72", "2006-06-30": "3.57", "2006-03-31": "3.52", "2005-12-31": "3.50", "2005-09-30": "3.58", "2005-06-30": "4.19", "2005-03-31": "3.22"}, "quick ratio": {"2020-12-31": "1.92", "2020-09-30": "1.91", "2020-06-30": "2.20", "2020-03-31": "2.42", "2019-12-31": "2.55", "2019-09-30": "2.24", "2019-06-30": "2.40", "2019-03-31": "2.16", "2018-12-31": "2.13", "2018-09-30": "2.17", "2018-06-30": "1.92", "2018-03-31": "2.38", "2017-12-31": "2.29", "2017-09-30": "1.96", "2017-06-30": "2.30", "2017-03-31": "2.14", "2016-12-31": "2.32", "2016-09-30": "2.34", "2016-06-30": "2.41", "2016-03-31": "2.54", "2015-12-31": "2.59", "2015-09-30": "1.96", "2015-06-30": "1.86", "2015-03-31": "1.62", "2014-12-31": "1.55", "2014-09-30": "1.22", "2014-06-30": "1.84", "2014-03-31": "1.26", "2013-12-31": "1.19", "2013-09-30": "1.25", "2013-06-30": "1.23", "2013-03-31": "1.57", "2012-12-31": "1.79", "2012-09-30": "1.74", "2012-06-30": "1.18", "2012-03-31": "1.12", "2011-12-31": "1.14", "2011-09-30": "1.86", "2011-06-30": "1.76", "2011-03-31": "1.58", "2010-12-31": "1.58", "2010-09-30": "1.68", "2010-06-30": "1.61", "2010-03-31": "1.62", "2009-12-31": "1.01", "2009-09-30": "0.99", "2009-06-30": "1.15", "2009-03-31": "0.73", "2008-12-31": "0.71", "2008-09-30": "0.73", "2008-06-30": "1.02", "2008-03-31": "1.02", "2007-12-31": "0.88", "2007-09-30": "0.81", "2007-06-30": "0.86", "2007-03-31": "0.95", "2006-12-31": "1.18", "2006-09-30": "1.23", "2006-06-30": "1.64", "2006-03-31": "1.95", "2005-12-31": "1.64", "2005-09-30": "1.52", "2005-06-30": "1.61", "2005-03-31": "1.35"}, "debt equity ratio": {"current": "0.72", "2020-12-31": "1.21", "2020-09-30": "1.13", "2020-06-30": "1.12", "2020-03-31": "1.11", "2019-12-31": "1.11", "2019-09-30": "1.04", "2019-06-30": "1.01", "2019-03-31": "1.04", "2018-12-31": "1.04", "2018-09-30": "1.01", "2018-06-30": "1.09", "2018-03-31": "1.11", "2017-12-31": "1.15", "2017-09-30": "1.36", "2017-06-30": "1.28", "2017-03-31": "1.33", "2016-12-31": "1.31", "2016-09-30": "1.40", "2016-06-30": "1.46", "2016-03-31": "1.48", "2015-12-31": "1.44", "2015-09-30": "1.42", "2015-06-30": "1.44", "2015-03-31": "1.41", "2014-12-31": "1.59", "2014-09-30": "1.60", "2014-06-30": "1.11", "2014-03-31": "1.35", "2013-12-31": "1.38", "2013-09-30": "1.40", "2013-06-30": "1.38", "2013-03-31": "1.48", "2012-12-31": "1.45", "2012-09-30": "1.47", "2012-06-30": "1.54", "2012-03-31": "1.59", "2011-12-31": "1.60", "2011-09-30": "1.63", "2011-06-30": "1.61", "2011-03-31": "1.68", "2010-12-31": "1.69", "2010-09-30": "1.67", "2010-06-30": "1.64", "2010-03-31": "1.71", "2009-12-31": "1.56", "2009-09-30": "1.57", "2009-06-30": "1.54", "2009-03-31": "2.20", "2008-12-31": "2.22", "2008-09-30": "2.48", "2008-06-30": "2.04", "2008-03-31": "1.98", "2007-12-31": "1.96", "2007-09-30": "1.87", "2007-06-30": "1.18", "2007-03-31": "0.91", "2006-12-31": "0.83", "2006-09-30": "0.88", "2006-06-30": "0.77", "2006-03-31": "0.94", "2005-12-31": "1.00", "2005-09-30": "1.08", "2005-06-30": "1.22", "2005-03-31": "1.07"}, "return on equity": {"2020-12-31": "13.60%", "2020-09-30": "12.15%", "2020-06-30": "13.55%", "2020-03-31": "16.65%", "2019-12-31": "17.20%", "2019-09-30": "21.22%", "2019-06-30": "27.67%", "2019-03-31": "32.71%", "2018-12-31": "34.58%", "2018-09-30": "37.02%", "2018-06-30": "32.13%", "2018-03-31": "27.13%", "2017-12-31": "27.20%", "2017-09-30": "18.30%", "2017-06-30": "18.65%", "2017-03-31": "18.60%", "2016-12-31": "14.04%", "2016-09-30": "4.09%", "2016-06-30": "0.49%", "2016-03-31": "-3.61%", "2015-12-31": "-4.70%", "2015-09-30": "2.82%", "2015-06-30": "3.86%", "2015-03-31": "5.26%", "2014-12-31": "5.68%", "2014-09-30": "9.56%", "2014-06-30": "8.67%", "2014-03-31": "7.30%", "2013-12-31": "7.74%", "2013-09-30": "8.09%", "2013-06-30": "6.33%", "2013-03-31": "7.01%", "2012-12-31": "6.98%", "2012-09-30": "5.70%", "2012-06-30": "7.03%", "2012-03-31": "9.51%", "2011-12-31": "12.34%", "2011-09-30": "11.65%", "2011-06-30": "10.78%", "2011-03-31": "8.61%", "2010-12-31": "6.77%", "2010-09-30": "7.75%", "2010-06-30": "10.31%", "2010-03-31": "7.27%", "2009-12-31": "-0.43%", "2009-09-30": "-6.66%", "2009-06-30": "0.35%", "2009-03-31": "13.45%", "2008-12-31": "26.55%", "2008-09-30": "37.49%", "2008-06-30": "35.54%", "2008-03-31": "32.24%", "2007-12-31": "31.49%", "2007-09-30": "34.07%", "2007-06-30": "34.91%", "2007-03-31": "34.86%", "2006-12-31": "34.51%", "2006-09-30": "33.60%", "2006-06-30": "29.06%", "2006-03-31": "27.46%", "2005-12-31": "26.76%"}, "return on assets": {"2020-12-31": "6.34%", "2020-09-30": "5.73%", "2020-06-30": "6.47%", "2020-03-31": "8.06%", "2019-12-31": "8.39%", "2019-09-30": "10.45%", "2019-06-30": "13.66%", "2019-03-31": "15.99%", "2018-12-31": "16.78%", "2018-09-30": "17.75%", "2018-06-30": "14.82%", "2018-03-31": "12.24%", "2017-12-31": "11.96%", "2017-09-30": "7.89%", "2017-06-30": "8.00%", "2017-03-31": "7.84%", "2016-12-31": "5.82%", "2016-09-30": "1.68%", "2016-06-30": "0.20%", "2016-03-31": "-1.48%", "2015-12-31": "-1.94%", "2015-09-30": "1.14%", "2015-06-30": "1.54%", "2015-03-31": "2.16%", "2014-12-31": "2.35%", "2014-09-30": "4.05%", "2014-06-30": "3.76%", "2014-03-31": "3.07%", "2013-12-31": "3.22%", "2013-09-30": "3.34%", "2013-06-30": "2.59%", "2013-03-31": "2.82%", "2012-12-31": "2.78%", "2012-09-30": "2.24%", "2012-06-30": "2.72%", "2012-03-31": "3.64%", "2011-12-31": "4.69%", "2011-09-30": "4.39%", "2011-06-30": "4.05%", "2011-03-31": "3.22%", "2010-12-31": "2.53%", "2010-09-30": "2.93%", "2010-06-30": "3.93%", "2010-03-31": "2.80%", "2009-12-31": "-0.16%", "2009-09-30": "-2.34%", "2009-06-30": "0.11%", "2009-03-31": "4.17%", "2008-12-31": "8.35%", "2008-09-30": "12.01%", "2008-06-30": "11.95%", "2008-03-31": "11.62%", "2007-12-31": "12.61%", "2007-09-30": "15.67%", "2007-06-30": "17.92%", "2007-03-31": "18.88%", "2006-12-31": "18.68%", "2006-09-30": "17.82%", "2006-06-30": "15.09%", "2006-03-31": "13.40%", "2005-12-31": "12.82%"}, "return on investments": {"2020-12-31": "12.51%", "2020-09-30": "11.65%", "2020-06-30": "12.95%", "2020-03-31": "15.09%", "2019-12-31": "15.61%", "2019-09-30": "18.85%", "2019-06-30": "23.77%", "2019-03-31": "27.62%", "2018-12-31": "28.76%", "2018-09-30": "26.57%", "2018-06-30": "23.01%", "2018-03-31": "19.36%", "2017-12-31": "19.97%", "2017-09-30": "17.70%", "2017-06-30": "17.86%", "2017-03-31": "17.70%", "2016-12-31": "13.90%", "2016-09-30": "5.56%", "2016-06-30": "2.63%", "2016-03-31": "-0.76%", "2015-12-31": "-1.35%", "2015-09-30": "4.14%", "2015-06-30": "5.10%", "2015-03-31": "6.31%", "2014-12-31": "6.29%", "2014-09-30": "10.77%", "2014-06-30": "10.02%", "2014-03-31": "8.76%", "2013-12-31": "9.01%", "2013-09-30": "8.56%", "2013-06-30": "7.52%", "2013-03-31": "8.26%", "2012-12-31": "8.90%", "2012-09-30": "8.77%", "2012-06-30": "9.52%", "2012-03-31": "11.21%", "2011-12-31": "12.92%", "2011-09-30": "12.00%", "2011-06-30": "11.21%", "2011-03-31": "9.72%", "2010-12-31": "8.15%", "2010-09-30": "9.04%", "2010-06-30": "11.14%", "2010-03-31": "8.82%", "2009-12-31": "2.99%", "2009-09-30": "-1.44%", "2009-06-30": "3.27%", "2009-03-31": "12.12%", "2008-12-31": "21.83%", "2008-09-30": "30.03%", "2008-06-30": "29.47%", "2008-03-31": "29.26%", "2007-12-31": "31.72%", "2007-09-30": "39.10%", "2007-06-30": "43.99%", "2007-03-31": "43.87%", "2006-12-31": "42.56%", "2006-09-30": "40.38%", "2006-06-30": "34.14%", "2006-03-31": "31.22%", "2005-12-31": "29.94%"}, "return on tangible equity": {"2020-09-30": "15.09%", "2020-06-30": "16.88%", "2020-03-31": "20.80%", "2019-12-31": "21.56%", "2019-09-30": "26.49%", "2019-06-30": "34.41%", "2019-03-31": "40.78%", "2018-12-31": "42.92%", "2018-09-30": "46.18%", "2018-06-30": "40.46%", "2018-03-31": "34.31%", "2017-12-31": "34.84%", "2017-09-30": "23.78%", "2017-06-30": "24.41%", "2017-03-31": "24.51%", "2016-12-31": "18.67%", "2016-09-30": "5.48%", "2016-06-30": "0.69%", "2016-03-31": "-5.38%", "2015-12-31": "-7.38%", "2015-09-30": "4.65%", "2015-06-30": "6.37%", "2015-03-31": "8.66%", "2014-12-31": "9.52%", "2014-09-30": "16.34%", "2014-06-30": "15.29%", "2014-03-31": "13.39%", "2013-12-31": "14.44%", "2013-09-30": "15.36%", "2013-06-30": "12.25%", "2013-03-31": "13.73%", "2012-12-31": "13.89%", "2012-09-30": "11.56%", "2012-06-30": "14.47%", "2012-03-31": "19.97%", "2011-12-31": "26.71%", "2011-09-30": "26.29%", "2011-06-30": "25.29%", "2011-03-31": "21.02%", "2010-12-31": "17.10%", "2010-09-30": "20.17%", "2010-06-30": "27.94%", "2010-03-31": "21.01%", "2009-12-31": "-1.48%", "2009-09-30": "-27.90%", "2009-06-30": "1.79%", "2009-03-31": "70.57%", "2008-12-31": "105.89%", "2008-09-30": "128.41%", "2008-06-30": "93.76%", "2008-03-31": "59.81%", "2007-12-31": "45.29%", "2007-09-30": "38.53%", "2007-06-30": "36.36%", "2007-03-31": "36.15%", "2006-12-31": "35.52%", "2006-09-30": "34.32%", "2006-06-30": "29.40%", "2006-03-31": "27.48%", "2005-12-31": "26.77%"}, "dividend yield history": {"last payout": "$1.00", "last yield": "2.66%"}}